4042 5950
1578 213 1998 293 -73-

155 392 186 434 a
227 370 568 455 Superiora
615 369 904 437 eiusdem
938 390 1085 437 cum
1118 371 1380 457 pluviali
1416 380 1481 438 et
1512 386 1725 457 asper-

154 458 310 524 sorio
355 456 421 525 in
470 477 684 544 manu,
721 468 970 525 etcum
1015 457 1488 545 genuflexorio,
1521 467 1725 526 stratu

156 557 212 611 et
255 544 721 632 pulvinaribus,
772 557 838 611 et
886 565 1033 613 cum
1079 557 1314 613 cantu:
1374 549 1450 612 Te
1495 549 1724 620 Deum,
1825 535 1835 554 ⁸

154 644 332 719 prout
392 632 478 699 ita
540 634 744 700 voluit
809 634 1062 719 excipi,
1125 633 1322 700 inscio
1382 634 1726 721 Episcopo,

152 722 487 789 modernus
530 727 746 808 Agens
791 723 1160 790 Leonardus
1204 719 1542 788 Guemez?

270 811 334 875 S.
385 814 464 877 R.
515 814 619 895 c.,
671 810 746 877 ad
793 808 1173 877 relationem
1215 808 1411 897 ipsius
1435 808 1582 876 Emi
1612 813 1728 874 Po·

154 896 374 981 nentis,
431 897 799 986 rescripsit:

266 985 360 1052 Ad
417 991 482 1053 1.
534 1007 574 1052 ι
608 984 1002 1052 Affirmative
1036 1008 1099 1051 ».

266 1073 359 1140 Ad
410 1078 480 1140 2.
532 1095 572 1140 ι
604 1073 998 1139 Affirmative
1033 1095 1101 1141 ι.

267 1163 360 1229 Ad
407 1165 482 1228 3.
532 1183 570 1226 ‹
605 1161 940 1247 Negative,
988 1161 1196 1247 quoad
1246 1181 1468 1228 omnes
1515 1162 1731 1230 Eccle-

150 1249 277 1332 sias,
325 1249 527 1316 etiam
573 1250 929 1334 Regulares
964 1272 1032 1317 ι.
1711 1324 1724 1332 ,

264 1341 341 1403 Et
387 1337 478 1404 ita
542 1336 891 1405 declaravit
952 1359 1022 1405 ac
1081 1337 1321 1404 servari
1378 1338 1722 1408 mandavit.

152 1424 252 1491 Die
291 1430 376 1494 29
423 1423 814 1494 Novembris
867 1428 1059 1493 1738.

155 1597 387 1668 2342.
661 1601 1213 1666 ALEXANEN.

729 1706 1134 1772 FUNERUM.

1501 1567 1726 1686 (cosa)

265 1870 436 1932 inter
484 1868 698 1932 Patres
746 1864 1019 1932 Minores
1063 1865 1532 1933 conventuales
1562 1868 1726 1932 con-

155 1964 360 2021 ventus
405 1951 697 2020 civitatis
742 1953 1008 2019 Alexani
1058 1973 1136 2020 ex
1185 1973 1334 2038 una,
1384 1964 1575 2038 atque
1618 1956 1723 2020 Ca-

155 2042 408 2128 pitulum
475 2052 540 2108 et
602 2040 946 2108 Canonicos
1005 2041 1330 2108 Ecclesiae
1384 2040 1725 2108 cathedra-

156 2133 218 2198 lis
255 2129 543 2216 partibus
591 2148 674 2195 ex
723 2131 946 2211 altera,
993 2128 1232 2195 exortis
1279 2128 1728 2196 controversiis

156 2217 388 2303 illisque
438 2217 518 2284 ad
568 2221 634 2285 S.
671 2222 746 2285 R.
784 2220 854 2284 c.
885 2215 1141 2300 delatis,
1193 2221 1386 2283 Effius
1430 2227 1495 2283 et
1527 2220 1723 2283 Rmus

155 2311 312 2373 Dom.
367 2305 721 2372 Cardinalis
780 2304 949 2372 cotti
1019 2309 1264 2371 Ponens
1329 2304 1726 2390 infrascripta

53 2435 54 2470 ἦ
153 2391 320 2461 dubia
377 2393 554 2493 inter
624 2404 839 2480 partes
904 2393 1280 2460 concordata
1350 2392 1723 2460 declaranda

53 2509 54 2512 ¹
156 2491 520 2570 proposuit:
1175 2511 1188 2524 ·

271 2573 330 2635 1.
379 2570 479 2635 An
511 2568 879 2657 Capitulum
910 2581 975 2635 et
1004 2569 1230 2636 clerus
1260 2568 1581 2635 Ecclesiae
1614 2572 1726 2636 Ca·

53 2697 54 2716 η
155 2657 445 2724 thedralis
488 2658 774 2724 Civitatis
820 2660 1113 2742 Alexani,
1162 2658 1546 2724 accedentes
1578 2676 1723 2724 cum

53 2753 56 2772 *
155 2745 449 2813 Canonico
496 2749 729 2813 curato
778 2747 1071 2813 eiusdem
1121 2743 1444 2812 Ecclesiae
1493 2746 1570 2810 ad
1632 2766 1724 2812 as·

53 2869 54 2892 η
152 2834 428 2902 socianda
496 2834 802 2900 cadavera
869 2833 1247 2920 sepelienda
1305 2833 1369 2898 in
1429 2833 1726 2900 Ecclesiis

153 2921 447 2989 itinerum
493 2921 1027 2989 conventualium
1091 2932 1155 2989 et
1216 2920 1721 3007 capuccinorum

53 3028 54 3051 *
151 3010 380 3077 Ordinis
427 3014 516 3078 S:
545 3009 858 3076 Francisci
906 3011 1199 3077 eiusdem
1229 3008 1539 3092 Civitatis,
1574 3028 1719 3096 pos-

151 3097 262 3164 sint
300 3097 556 3184 ingredi
589 3097 788 3164 dictas
822 3099 1136 3165 Ecclesiae
1170 3117 1317 3165 cum
1349 3100 1554 3164 Cruce
1588 3098 1719 3164 ele-

154 3197 299 3269 vata,
331 3196 398 3253 et
442 3186 584 3254 sine
629 3184 848 3253 Stola‘?
877 3196 943 3251 et
974 3197 1288 3273 quatenus
1321 3185 1720 3270 affirmative,

267 3279 331 3340 2.
379 3277 479 3340 An
524 3274 601 3342 ad
663 3274 1023 3362 praelatum
1079 3274 1468 3341 Canonicum
1532 3275 1723 3340 cura-

157 3372 274 3429 tum
313 3373 570 3449 spectet
626 3361 690 3430 in
749 3363 1034 3428 Ecclesia
1091 3366 1345 3428 Patrum
1409 3362 1722 3429 minorum

155 3450 667 3517 conventualium
700 3453 766 3516 S.
804 3450 1112 3517 Francisci
1146 3447 1432 3517 Officium
1479 3448 1723 3516 funeris

53 3562 54 3589 κ
155 3538 400 3623 explere
449 3547 515 3603 et
562 3538 810 3604 nissam
841 3538 923 3605 de
955 3535 1271 3625 Requiem
1302 3553 1572 3617 canere;
1614 3539 1719 3603 vel

156 3625 368 3710 potius,
421 3635 552 3692 tam
601 3628 664 3692 in
710 3626 875 3693 dicta
923 3623 1206 3693 Ecclesia
1253 3644 1443 3712 quam
1491 3624 1558 3693 in
1615 3625 1722 3691 illa

155 3716 386 3780 Patrum
431 3713 982 3803 capuccinorum,
1036 3715 1171 3802 ipse
1227 3724 1291 3778 et
1353 3713 1718 3801 Capitulum

156 3800 376 3885 possint
424 3802 634 3869 funeri
682 3812 931 3869 tantum
977 3798 1330 3869 assistere?

268 3892 328 3956 3.
377 3892 477 3957 An
511 3891 590 3958 ad
625 3891 974 3957 Parochum
1019 3900 1316 3979 spectent
1364 3908 1587 3957 omnes
1618 3909 1721 3956 ce-

159 3996 269 4060 rae,
315 3997 480 4064 quae
527 3978 914 4046 deferuntur
962 3979 1025 4045 in
1070 3977 1481 4045 associatione
1547 3978 1724 4045 cada-

161 4066 305 4130 veris
349 4079 412 4133 et
461 4066 626 4133 circa
673 4065 837 4133 illud
890 4070 1304 4153 exponuntur
1361 4066 1428 4132 in
1489 4066 1718 4133 funere

161 4152 211 4216 in
255 4153 412 4220 dicta
474 4154 759 4222 Ecclesia
815 4159 1069 4221 Patrum
1130 4152 1714 4239 Conventualium3

161 4241 246 4307 vel
275 4242 496 4417 ⁴5⁶}th
537 4243 671 4309 sola
717 4255 936 4328 quarta
982 4241 1286 4310 funeralis
1348 4241 1556 4308 dictae
1616 4261 1719 4309 ce·

166 4346 256 4394 rae
381 4332 438 4415 1)

277 4423 346 4484 Et
390 4421 456 4485 S.
493 4422 572 4485 R.
610 4422 711 4503 c.,
760 4417 908 4485 visis
956 4418 1201 4485 iuribus
1250 4418 1397 4486 hinc
1429 4418 1576 4487 inde
1609 4420 1724 4486 de-

165 4502 381 4590 ductis,
452 4519 520 4572 et
592 4518 717 4572 tam
786 4525 944 4572 voce
1011 4526 1201 4591 quam
1269 4505 1520 4594 scriptis
1665 4527 1724 4571 r-

170 4591 309 4659 tibus
340 4594 860 4695 ‘informantibus
920 4594 1192 4679 auditis,
1241 4596 1568 4663 rescriben
1614 4613 1724 4661 um

168 4695 423 4749 censuit:

272 4770 360 4838 ad
412 4775 469 4838 1.
522 4792 560 4835 ‹
597 4769 991 4836 Affirmative
1029 4792 1092 4835 ».

272 4858 358 4925 Ad
392 4864 432 4925 2
475 4871 542 4924 et
590 4863 655 4927 3.
706 4881 744 4924 α
779 4858 1109 4944 Negative,
1145 4860 1222 4926 ad
1270 4859 1543 4947 primam
1577 4879 1720 4947 par·

172 4952 309 5023 tenu
357 4945 773 5030 Affirmative,
822 4947 900 5013 ad
948 4948 1298 5015 secundam
1329 4969 1395 5016 ».

215 5118 222 5127 Ι
277 5036 349 5098 Ει
395 5036 476 5100 ita
532 5035 881 5102 declaravit
940 5053 1012 5100 ac
1071 5036 1311 5103 servari
1376 5036 1718 5104 mandavit.

171 5118 262 5186 Die
300 5125 376 5188 21
424 5124 628 5191 Martii
684 5127 880 5191 1739.

289 5316 361 5390 (i)
395 5321 455 5380 Β.
491 5320 635 5380 nub.
680 5319 732 5376 t.

2281 373 2560 440 MONTtS
2604 372 2974 438 POLlTIANl
2987 419 3003 438 .

1835 371 2091 441 2343.
3185 371 3408 458 (4084)

1832 633 1908 698 tis
1939 633 2225 700 Politiani
2256 633 2520 721 exponit
2552 634 2616 699 in
2649 633 2755 700 illa
2784 631 3145 701 cathedrali
3182 633 3404 720 vigere

1831 721 2401 805 consuetudinem,
2470 720 3009 806 quandocumque
3073 732 3414 790 cantentur

1832 811 2151 896 vesperae
2182 809 2434 877 feriales
2464 807 2694 877 diebus
2716 808 3267 894 Quadragesimae,
3296 809 3417 876 Ad-

1829 907 2065 962 ventus
2098 906 2162 963 et
2192 898 2606 980 leiuniorum,
2643 896 2914 965 canendi
2946 897 3135 963 etiam
3157 901 3413 981 Preces,

1833 1003 1995 1069 quae
2044 983 2225 1051 flexis
2270 985 2538 1071 genibus
2584 985 3066 1071 persolvuntur,
3101 984 3223 1051 alta
3254 1004 3415 1053 voce

1835 1090 1980 1138 cum
2028 1073 2383 1140 desinentia
2428 1073 2505 1139 ad
2554 1090 3082 1159 unumquemque
3127 1072 3413 1139 versicu-

1833 1162 1994 1243 lum,
2090 1172 2236 1228 rout
2286 1162 2349 1231 in
2394 1161 2559 1229 festo
2602 1159 2876 1247 simplici
2924 1161 2987 1227 in
3018 1177 3410 1228 commemo·

1835 1248 2062 1314 rationi
2109 1268 2183 1315 us
2250 1250 2691 1317 communibus
2759 1258 2824 1317 et
2889 1249 2967 1316 ad
3035 1248 3410 1336 antiphonas

1833 1339 1904 1402 B.
1938 1340 2020 1402 Μ.
2057 1338 2165 1420 V.,
2199 1335 2444 1404 scilicet
2489 1357 2523 1402 a
2570 1340 2663 1402 Fa
2696 1337 2771 1405 ad
2808 1340 2915 1419 Re,
2955 1348 3224 1424 excepta
3266 1339 3413 1403 Ora-

1834 1422 2006 1490 tione
2054 1425 2400 1508 Dominica,
2450 1444 2611 1510 quae
2658 1444 2787 1493 non
2830 1423 3075 1492 canitur
3120 1423 3234 1492 sed
3290 1424 3414 1490 alta

1833 1530 1993 1577 voce
2043 1511 2349 1580 recitatur
2395 1531 2599 1598 usque
2631 1514 2708 1580 ad
2737 1534 2907 1580 vers.
2942 1515 3028 1579 Et
3059 1532 3135 1578 ne
3167 1532 3280 1578 noa
3313 1514 3412 1577 in·

1831 1600 2032 1665 ducas
2079 1610 2226 1681 etc„
2279 1602 2387 1687 qui
2436 1599 2675 1688 pariter
2713 1602 2961 1668 canitur
3007 1619 3154 1666 cum
3195 1619 3414 1690 supra·

1830 1686 1997 1753 dicta
2033 1687 2424 1755 desinentia:
2461 1687 2615 1756 item
2648 1690 2926 1755 Psalmus
2957 1690 3255 1755 Miserere
3284 1705 3412 1754 non

1830 1786 2143 1859 cantatur,
2190 1777 2305 1844 sed
2352 1775 2660 1844 recitatur
2705 1778 2830 1844 alta
2874 1794 3030 1843 voce
3079 1785 3144 1844 et
3192 1776 3257 1844 in
3304 1795 3410 1842 eo·

1831 1864 1983 1931 dem
2049 1875 2235 1948 tono,
2297 1864 2459 1931 sicut
2523 1865 2721 1931 ceteri
2787 1863 3114 1934 versiculi.
3186 1864 3415 1942 Quam·

1831 1952 2056 2019 obrem
2106 1950 2463 2019 humillime
2556 1952 2794 2030 uaerit:
2846 1955 2943 2020 An
2989 1952 3103 2020 ista
3151 1969 3416 2020 consue·

1830 2040 1988 2110 tudo
2046 2040 2355 2108 servanda
2415 2040 2497 2107 sit
2608 2051 2675 2106 et
2718 2051 3030 2127 quatenus
3088 2038 3412 2128 negative,

1832 2147 1960 2213 quo
1983 2129 2203 2282 vado
2251 2139 2315 2196 et
2373 2128 2572 2196 forma
2638 2131 2862 2197 Preces
2910 2127 3057 2193 illae
3103 2126 3415 2196 dicendae

1831 2215 1956 2282 sint

1963 2308 2042 2370 Et
2073 2306 2234 2372 S.R.
2254 2306 2324 2371 C.
2361 2305 2760 2393 supradictae
2793 2304 3124 2372 instantiae
3157 2307 3413 2372 Promo·

1832 2393 1984 2458 toris
2030 2392 2285 2460 Fiscalis
2330 2394 2555 2461 curiae
2604 2391 2976 2482 episcopalis
3023 2392 3247 2460 Montis
3300 2396 3413 2460 Po-

1830 2479 2057 2564 litiani,
2084 2480 2300 2549 audito
2336 2482 2515 2570 prius
2543 2493 2692 2548 voto
2724 2481 3232 2568 Apostolicarum
3256 2483 3411 2548 cae-

1829 2569 2263 2636 remoniarum
2296 2569 2595 2659 Magistri,
2633 2570 2994 2657 respondit:
3034 2590 3072 2634 ‹
3104 2571 3243 2636 Non
3274 2587 3414 2635 esse

1828 2656 2287 2725 attendendam
2330 2670 2633 2726 assertam
2680 2656 3215 2725 consuetudinem
3263 2676 3412 2724 con-

1832 2744 2089 2812 cinendi
2146 2750 2396 2814 Preces
2431 2746 2687 2815 feriales
2730 2746 2806 2813 ad
2857 2749 3165 2834 vesperas
3209 2755 3275 2811 et
3336 2745 3416 2811 ad

1828 2832 2076 2899 Laudes
2120 2832 2185 2901 in
2233 2833 2459 2902 diebus
2524 2833 2915 2903 leiuniorum
2975 2852 3094 2921 per
3148 2832 3415 2919 depres-

1826 2920 2038 2989 siones
2083 2921 2257 2989 vocis
2301 2942 2334 2989 a
2381 2925 2475 2990 Fa
2505 2923 2583 2990 ad
2619 2925 2728 3006 Re,
2758 2923 2879 2991 sed
2909 2921 3225 2990 utendum
3257 2931 3410 2988 tono

1826 3029 1897 3075 ac
1945 3028 2103 3076 voce
2165 3010 2467 3078 uniformi
2513 3030 2633 3098 per
2677 3010 3040 3098 simplicem
3086 3013 3182 3077 Fa
3216 3032 3282 3075 ι.
3335 3013 3417 3076 Et

1826 3096 1909 3163 ita
1954 3098 2349 3166 declaravit.
2379 3100 2492 3167 Die
2537 3102 2579 3166 9
2627 3099 2763 3166 Maii
2817 3102 3008 3167 1739.

1831 3257 2092 3326 2344.
2473 3259 2782 3323 cunnus
3183 3258 3409 3341 (toas)

1983 3363 2499 3429 unanimanti
2545 3364 3256 3431 cAMALDULENsmu

2267 3468 2546 3534 neuris
2595 3469 2986 3534 concrum.

1952 3632 2029 3695 R.
2067 3632 2140 3695 D.
2174 3628 2353 3696 Oddo
2400 3633 2774 3696 Procurator
2804 3630 3130 3697 Generalis
3154 3626 3401 3696 Eremi-

1827 3726 2033 3782 tarum
2070 3717 2655 3785 camaldulensium
2685 3717 3207 3807 congregationis
3239 3721 3411 3785 Mon-

1827 3803 1905 3869 tis
1936 3805 2219 3871 coronae
2253 3825 2370 3893 pro
2404 3806 2830 3873 declaratione
2861 3806 3439 3893 infrascriptarum.

1827 3890 2173 3960 dubiorum
2219 3892 2578 3961 humillime
2625 3895 3032 3981 supplicavit,
3085 3913 3365 3994 nempe:

1959 3984 2121 4048 Cum
2177 3983 2240 4048 S.
2300 3984 2375 4047 R.
2425 3986 2494 4048 c.
2563 3982 2809 4069 pluries
2875 3982 3283 4069 responderit
3350 3982 3417 4048 in

1824 4067 2040 4135 Officio
2086 4068 2540 4136 defunctorum
2588 4088 2853 4158 semper
2896 4070 3242 4139 dicendum
3273 4088 3411 4135 esse

1823 4167 1968 4242 post
2000 4159 2310 4243 vesperas
2357 4158 2673 4227 Psalmum
2720 4159 2944 4225 Lauda
2986 4163 3211 4226 anima
3243 4176 3403 4239 mea,

1826 4254 1891 4309 et
1938 4255 2082 4332 post
2130 4244 2376 4310 Laudes
2420 4247 2731 4314 Psalmum
2764 4250 2851 4312 De
2887 4246 3263 4333 profundis,
3304 4264 3412 4310 ex-

1826 4333 2033 4417 ceptis
2064 4331 2291 4399 diebus
2323 4334 2954 4403 commemorationis
2986 4333 3270 4403 omnium
3317 4333 3411 4399 Fi-

1824 4419 2075 4487 delium
2148 4420 2604 4489 defunctorum
2679 4434 2741 4489 et
2805 4420 3226 4511 depositionis
3300 4422 3411 4488 de-

1827 4507 2055 4591 functi,
2108 4508 2280 4575 iuxta
2325 4510 2626 4577 Rubricas
2671 4511 2977 4577 Breviarii
3024 4522 3089 4577 et
3146 4507 3415 4577 Ritualis

1827 4595 2120 4679 Romani,

1964 4689 2023 4750 1.
2075 4684 2445 4763 Quaeriturz
2495 4688 2592 4753 An
2639 4686 2759 4753 hoc
2808 4686 3277 4754 observandum
3331 4684 3413 4750 sit

1826 4771 2015 4840 etiam
2063 4772 2129 4839 in
2177 4771 2301 4839 illis
2349 4773 2674 4857 Ecclesiis,
2712 4772 2817 4840 ubi
2853 4793 2935 4840 ex
2980 4775 3041 4840 vi
3091 4774 3402 4861 Regulae,

1822 4879 1936 4926 seu
1985 4859 2067 4926 ob
2112 4859 2552 4947 adimplendas
2600 4862 2729 4949 pias
2778 4862 3234 4929 defunctorum
3300 4880 3410 4927 vo·

1826 4948 2125 5030 luntates,
2179 4958 2384 5014 totum
2430 4948 2718 5016 Officium
2765 4950 3215 5017 defunctorum
3277 4950 3406 5016 ritu

1827 5035 2072 5122 duplici
2118 5035 2371 5102 recitari
2417 5035 2640 5121 debet,
2692 5049 2762 5104 ut
2809 5037 2880 5105 lit
2948 5037 3177 5105 diebus
3222 5056 3413 5126 supra

1829 5121 2201 5213 expressis?
2243 5135 2307 5192 et
2357 5126 2419 5192 in
2469 5145 2611 5192 casu
2657 5125 3057 5214 affirmativo,

1959 549 2286 613 Promotor
2305 545 2557 613 Fiscalis
2581 545 2805 613 curiae
2833 545 3209 634 episcopalis
3233 550 3404 614 Mon·
3516 567 3525 580 ·
