4042 5950
1607 184 2077 262 -119—

196 342 438 423 nentis,
486 339 974 407 rescribendum
1024 340 1315 405 censuit:
1366 362 1405 403 ‹
1438 338 1782 425 Negative3

194 440 257 493 et
305 430 387 496 ad
434 440 773 494 mentem:
823 439 889 493 et
932 447 1114 494 mens
1151 436 1274 509 est,
1310 427 1480 512 quod
1531 428 1783 512 quando

193 516 618 601 praepositus·
646 516 894 582 accedit
940 516 1014 583 ad
1064 515 1437 597 Ecclesiam,
1473 515 1538 582 in
1567 515 1783 581 babitu

189 603 461 691 proprio
510 614 576 669 et
626 603 883 690 praevio
929 602 1189 685 nuncio,
1226 602 1607 669 exhibeatur
1639 603 1781 690 pul-

189 691 378 756 vinar
421 691 638 757 eidem
683 692 1049 780 Praeposito
1081 714 1146 755 ».

325 783 408 844 Et
435 778 523 844 ita
569 779 860 846 decrevit
909 791 973 845 et
1019 778 1254 857 servari
1288 778 1632 845 mandavit.
1671 777 1785 844 Die

97 949 102 953 .
191 871 230 932 4
279 866 688 952 Septembris
739 870 929 934 1766.

325 960 600 1040 Verum,
671 971 818 1024 cum
882 958 1214 1021 Promotor
1266 952 1517 1022 Fiscalis
1576 953 1783 1019 dictae

190 1046 432 1108 Terrae
477 1062 675 1130 super
721 1043 951 1110 eodem
1015 1043 1344 1136 proposito
1393 1053 1456 1107 et
1505 1039 1785 1107 resoluto

189 1130 393 1197 dubio
442 1149 670 1196 novam
711 1130 1097 1196 audientiam
1146 1128 1560 1213 expetiverit,
1594 1139 1783 1214 atque

189 1218 575 1301 obtinuerit,
627 1221 686 1284 in
733 1221 798 1284 S.
833 1221 907 1284 R.
945 1222 1016 1285 C.
1069 1219 1470 1305 propositum
1517 1217 1636 1282 fuit
1682 1234 1780 1281 se-

188 1325 398 1390 quens
460 1306 776 1373 dubium:
829 1308 922 1370 An
969 1306 1047 1370 sit
1093 1305 1388 1372 standum
1438 1305 1540 1370 vel
1605 1323 1782 1369 rece-

189 1394 484 1460 dendum
534 1414 566 1457 a
615 1390 900 1462 decisis?

323 1485 402 1546 Et
437 1485 502 1549 S.
529 1485 606 1548 R.
628 1486 728 1565 C.,
757 1493 1027 1567 utraque
1059 1492 1240 1568 parte
1271 1481 1508 1567 scripto
1535 1490 1599 1546 et
1625 1500 1779 1545 voce

191 1569 582 1634 informante
615 1570 823 1635 audita
859 1568 1138 1654 visisque
1172 1569 1412 1636 iuribus
1445 1568 1593 1635 hinc
1627 1567 1777 1633 inde

188 1657 516 1741 deductiS,
543 1659 625 1726 ad
662 1656 1034 1723 relationem
1070 1656 1334 1744 praefati
1367 1657 1504 1722 Emi
1540 1659 1781 1721 Ponen-

191 1745 294 1827 tis,
333 1744 821 1811 rescribendum
862 1745 1157 1812 censuit:
1207 1768 1245 1808 ι
1285 1751 1348 1810 ln
1395 1743 1666 1822 decisis;
1716 1755 1780 1809 et

188 1832 468 1919 amplius
505 1856 572 1899 »-

321 1925 401 1985 Et
434 1922 518 1986 ita
550 1921 839 1987 decrevit
881 1941 950 1984 ac
996 1921 1236 1986 servari
1284 1919 1632 1987 mandavit.
1668 1919 1782 1984 Die

192 2009 228 2071 7
263 2008 404 2073 lulii
446 2012 641 2076 1769.

189 2183 448 2253 2453.

316 2361 481 2422 Cum
519 2356 800 2423 Ecclesia
839 2356 1211 2444 parochialis
1243 2356 1449 2424 Villae
1476 2354 1780 2422 Gabianae

187 2444 510 2511 Dioeoesis
557 2448 869 2528 Mantuae,
905 2445 1023 2511 iam
1059 2444 1176 2511 sub
1210 2445 1420 2510 Titulo
1453 2449 1519 2511 S.
1553 2443 1779 2510 Mariae

184 2542 597 2618 nuncupatae
643 2554 673 2596 a
720 2534 1022 2617 Nemore,
1065 2533 1219 2598 olim
1266 2543 1558 2599 extructa
1588 2542 1782 2616 atque

182 2643 212 2684 a
267 2619 579 2707 temporis
626 2620 1052 2687 diuturnitate
1088 2622 1343 2705 penitus
1382 2620 1778 2696 labefactata,

186 2709 379 2774 fuerit
411 2707 742 2786 demolita;
779 2729 849 2776 ac
880 2710 1144 2775 demum
1176 2726 1415 2774 novum
1440 2709 1778 2792 Templum

185 2819 214 2860 a
273 2796 716 2862 fundamentis
779 2798 1126 2863 excitatum
1189 2816 1257 2862 ac
1317 2795 1589 2862 solemni
1653 2794 1779 2859 ritu

186 2888 314 2949 Deo
352 2884 414 2949 in
450 2885 827 2950 memoriam
867 2886 976 2952 SS.
1013 2882 1302 2950 Nominis
1331 2888 1519 2949 Bfnae
1554 2881 1779 2948 Mariae

187 2970 470 3057 Virginis
491 2971 860 3039 dedicatum
895 2973 1124 3049 fuerit;
1150 2976 1389 3039 Rector
1413 2984 1477 3036 et
1503 2970 1782 3058 populus

185 3060 486 3126 eiusdem
519 3060 840 3126 Ecclesiae
882 3060 1255 3147 parochialis
1287 3079 1318 3123 a
1353 3061 1418 3125 S.
1449 3062 1524 3125 R.
1562 3062 1636 3124 C.
1667 3077 1781 3144 pe-

190 3148 438 3215 tierunt
481 3148 788 3216 declarari
822 3170 838 3214 :
1129 3156 1135 3171 '
1334 3220 1343 3230 ,

324 3240 419 3302 An
466 3236 532 3301 iu
579 3248 906 3335 posterum
955 3237 1421 3305 instituendum
1461 3244 1632 3302 esset
1663 3237 1779 3299 Fe-

187 3334 361 3389 stum
395 3333 633 3389 veteris
658 3323 851 3389 Tituli
886 3326 950 3392 S.
981 3325 1203 3391 Mariae
1232 3326 1313 3391 de
1339 3326 1649 3406 Nemore,
1678 3321 1781 3388 vel

189 3414 304 3479 SS.
342 3411 626 3563 Nopminis
674 3412 925 3496 Mariae,
976 3413 1075 3478 cui
1125 3433 1286 3478 nova
1334 3410 1616 3477 Ecclesia
1663 3410 1782 3476 fuit

188 3500 394 3566 dicata
1481 3522 1488 3527 ²

326 3591 406 3652 Et
451 3590 518 3653 S.
553 3592 629 3654 R.
664 3590 767 3670 C.,
810 3588 1020 3654 audita
1070 3589 1247 3676 prius
1292 3587 1430 3651 Rmi
1481 3584 1772 3671 Episcopi

188 3675 662 3756 informatione,
711 3678 786 3743 ad
841 3676 1218 3741 relationem
1260 3676 1397 3741 Emi
1430 3685 1497 3740 et
1527 3674 1667 3739 Rmi
1698 3677 1771 3738 D.

187 3764 378 3829 Gard.
417 3764 602 3828 Marci
650 3765 903 3830 Antonii
937 3765 1286 3831 Columnae
1320 3760 1642 3843 Ponentis,
1680 3778 1776 3825 re·

185 3852 481 3936 scripsit:
516 3872 554 3912 α
580 3853 1050 3919 celebrandum
1079 3871 1217 3917 esse
1241 3853 1498 3916 Festum
1524 3851 1638 3916 SS.
1658 3851 1778 3913 No-

190 3938 378 4005 minis
418 3947 488 4008 B.
529 3942 605 4004 M.
647 3943 726 4005 V.
761 3941 863 4007 die
911 3940 1231 4005 Dominica
1279 3939 1454 4005 infrat
1488 3948 1776 4002 octavam

189 4027 543 4092 Nativitatis
590 4029 880 4094 eiusdem
928 4033 1001 4094 B.
1038 4031 1119 4093 Μ.
1159 4030 1232 4093 V.
1272 4050 1331 4092 ν.

321 4120 400 4180 Et
448 4117 530 4180 ita
589 4116 934 4183 declaravit
994 4136 1064 4182 ac
1125 4114 1364 4180 servari
1431 4112 1773 4178 mandavit.

189 4204 301 4268 Die
350 4206 437 4269 29
485 4203 683 4268 Martii
737 4207 902 4271 1760
940 4225 1001 4268 ».

194 4382 457 4450 2454.

756 2161 1217 2284 uANruANA.
1547 2185 1776 2271 (4284)

822 4383 1150 4448 PACTEN.
1551 4380 1777 4465 (4285)

320 4554 614 4623 Canonici
666 4556 988 4622 Ecclesiae
1036 4555 1429 4624 cathedralis
1458 4559 1708 4622 Pacten.
1748 4578 1779 4620 a

195 4648 254 4708 S.
292 4647 367 4711 tt.
408 4647 481 4709 (1.
516 4644 915 4728 postularunt
960 4644 1263 4711 declarari
1298 4666 1315 4709 :
1368 4646 1459 4708 An
1508 4643 1583 4708 ab
1632 4643 1778 4731 ipsis

192 4730 504 4797 debeatur
571 4730 918 4797 assistentia
964 4734 1120 4797 ano
1172 4751 1396 4799 eorum
1459 4731 1778 4831 Episcopo

195 4822 445 4884 Pacten.
484 4837 718 4915 pueros
759 4820 1144 4970 plebemque
1194 4819 1453 4886 docenti
1484 4818 1778 4885 Christia-

192 4924 332 4971 nam
383 4909 745 4971 Doctrinam

317 4998 400 5059 Et
449 4996 518 5058 S.
557 4996 630 5058 R.
671 4997 774 5077 C.,
815 4993 1023 5061 audita
1075 4996 1251 5080 prius
1302 4994 1589 5064 eiusdem
1636 4996 1771 5060 Rmi

195 5081 486 5179 Episcopi
539 5081 1021 5164 informatione,
1071 5083 1145 5148 ad
1212 5082 1587 5149 relationem
1638 5083 1773 5149 Emi

194 5184 254 5234 et
307 5173 446 5236 Rau
509 5171 689 5235 Dom.
741 5170 927 5237 Card.
980 5171 1332 5237 Columnae
1388 5169 1473 5235 de
1534 5170 1776 5236 Sciarra

195 5257 514 5339 Ponentis,
561 5257 927 5343 rescripsit:
982 5279 1018 5321 ι
1052 5263 1119 5323 lu
1165 5277 1309 5324 casu
1355 5258 1439 5325 de
1488 5277 1614 5343 quo
1648 5259 1776 5343 agi-

1894 338 2487 494 turhaggistentiam
2518 358 2648 405 non
2679 337 2906 406 deberi
2941 362 3001 403 ι».
3053 339 3167 406 Die
3200 342 3284 406 29
3316 343 3470 406 Har-

1893 438 1960 492 tu
2182 475 2200 494 .

1891 567 2149 635 2455.
2493 569 2860 634 AoiAcEN.
3241 570 3464 653 (4287)

2018 692 2177 755 Rmo
2224 688 2536 776 Episcopo
2579 690 2883 756 Adiaceu.
2917 691 3328 775 postulante:
3377 694 3474 759 An

1888 777 2073 844 liceat
2134 775 2460 842 canonicis
2505 796 2657 845 suae
2704 777 3101 844 Cathedralis
3158 778 3472 846 circulum

1888 863 2051 930 circa
2095 865 2303 963 ipsum
2333 864 2711 931 solemniter
2741 865 3199 953 celebrantem,
3235 866 3475 953 pileolo

1888 952 1953 1017 in
2011 961 2217 1040 capite
2284 962 2572 1036 retento,
2629 952 2976 1038 conficere,
3038 955 3193 1022 dum
3248 954 3472 1020 Gloria

1886 1040 2133 1192 can-iti?
2182 1049 2246 1104 et
2298 1039 2516 1121 Credo,
2567 1042 3016 1109 consuetudini
3080 1042 3327 1110 cuidam
3383 1043 3472 1108 in·

1888 1146 2052 1193 nixis

2018 1217 2088 1281 S.
2121 1218 2194 1281 R.
2231 1220 2333 1297 (1.,
2366 1217 2441 1282 ad
2490 1217 2862 1284 relationem
2912 1217 3276 1301 Secretarii,
3325 1238 3474 1284 cen-

1884 1301 2011 1368 suit
2040 1325 2058 1368 z
2108 1325 2147 1366 ‹
2180 1307 2286 1368 lux
2300 1315 2355 1369 ta
2402 1322 2662 1370 sensum
2694 1304 3184 1373 Caeremonialis
3215 1306 3473 1391 Episco-

1886 1409 2120 1476 porum
2142 1391 2489 1457 Canonicos
2518 1394 2724 1459 teneri
2757 1394 2834 1460 ad
2867 1393 3472 1479 discooperiendum

1885 1491 2078 1564 caput
2142 1479 2204 1543 in
2262 1478 2516 1546 circulis
2564 1481 2935 1567 praedictis,
2994 1501 3121 1547 non
3184 1479 3470 1548 obstante

1877 1565 2296 1651 'quacumque
2341 1568 2811 1636 consuetudine
2843 1591 2905 1635 ι».

2015 1658 2097 1719 Et
2144 1654 2227 1718 ita
2284 1655 2630 1721 declaravit
2689 1676 2757 1722 ac
2827 1656 3063 1723 servari
3125 1658 3471 1724 mandavit.

1892 1741 2000 1807 Die
2055 1745 2129 1808 17
2178 1741 2315 1808 Maii
2377 1746 2569 1824 1760.

1889 1917 2153 1986 2456.
2567 1921 2793 1985 URBlS

2132 2026 2553 2090 BASlLtcAE
2588 2026 3209 2093 LATERANENSIS.

3242 1920 3469 2005 (issa)

2017 2183 2271 2249 Exortis
2295 2182 2613 2250 nonnullis
2638 2184 3088 2250 controversiis
3110 2205 3309 2270 super
3334 2185 3473 2253 iure

1885 2272 2235 2360 supplendi
2281 2271 2453 2337 vices
2498 2269 3037 2348 Beneficiatorum
3098 2273 3161 2337 in
3214 2274 3472 2340 Patriar-

1886 2359 2049 2425 cbali
2097 2360 2356 2426 Basilica
2413 2358 2853 2443 Lateranensi,
2906 2369 3031 2426 tam
3090 2361 3153 2426 in
3208 2361 3473 2426 servitio

1883 2447 2116 2513 Altaris
2174 2466 2360 2533 quam
2422 2450 2487 2513 in
2542 2448 2973 2514 functionibus
3026 2447 3253 2531 chori,
3304 2447 3473 2514 inter

1885 2536 2170 2602 Clericos
2202 2534 2617 2602 Beneficiatos
2665 2536 3029 2620 praedictae
3058 2534 3353 2603 Basilicas
3386 2556 3471 2603 ex

1889 2642 2035 2706 una,
2082 2634 2275 2708 atque
2330 2624 2748 2710 cappellanos
2809 2623 3096 2690 eiusdem
3143 2643 3224 2689 ex
3271 2624 3469 2690 altera

1882 2710 2188 2798 partibus,
2241 2710 2460 2796 eisque
2507 2710 2584 2776 ad
2634 2714 2696 2777 S.
2742 2716 2823 2778 R.
2871 2712 2942 2779 (1.
2992 2712 3245 2793 delatiS,
3281 2710 3470 2779 iufra-

1881 2799 2191 2886 scriptum
2253 2798 2521 2865 dubium
2583 2818 2794 2865 coram
2852 2803 3011 2866 Emo
3067 2812 3131 2864 et
3186 2804 3343 2866 Rfiio
3389 2804 3462 2866 D.

1884 2888 2072 2954 Gard.
2102 2886 2484 2952 Tamburino
2517 2886 2730 2953 eidem
2760 2888 3254 2974 congregationi
3286 2891 3471 2953 Prae-

1884 2976 2052 3040 fecto
2086 2987 2153 3039 et
2182 2978 2463 3061 Ponente
2502 2976 2983 3057 concordatum,
3035 2976 3469 3044 decidendum

1883 3062 2283 3149 propositum
2331 3061 2475 3145 fuit,
2526 3080 2803 3149 nempe:

2013 3154 2111 3215 An
2162 3161 2227 3214 et
2275 3148 2503 3234 quibus
2561 3161 2881 3236 competat
2943 3151 3248 3237 supplere
3297 3151 3470 3217 vices

1881 3237 2415 3304 Beneficiatorum
2464 3236 2525 3302 in
2573 3238 2827 3305 Basilica
2873 3239 3305 3322 Lateranensi,
3348 3250 3469 3302 tam

1884 3326 1947 3392 in
2011 3325 2276 3478 segvitio
2345 3324 2578 3390 Altaris
2643 3344 2834 3410 quam
2904 3324 2967 3390 in
3039 3323 3469 3390 functionibus

1883 3413 2073 3481 Cbori
2203 3470 2210 3477 .

2015 3507 2094 3568 Et
2134 3504 2197 3567 S.
2227 3504 2303 3567 R.
2331 3505 2434 3583 (1.,
2470 3502 2681 3568 audita
2714 3511 2983 3586 utraque
3018 3512 3195 3588 parte
3226 3498 3467 3586 scripto

1885 3602 1948 3656 et
2001 3608 2159 3654 voce
2229 3589 2609 3655 informante
2670 3588 2949 3674 visisque
3013 3587 3251 3654 iuribus
3323 3588 3465 3654 hinc

1886 3677 2036 3744 inde
2083 3678 2382 3745 deductis
2430 3687 2809 3762 matureque
2852 3675 3186 3764 perpensis
3218 3696 3286 3740 ac
3319 3696 3468 3742 con-

1831 3781 1835 3786 ·
1879 3764 2198 3847 sideratis,
2234 3766 2309 3831 ad
2362 3765 2740 3831 relationem
2789 3764 2927 3830 Emi
2976 3777 3042 3831 et
3084 3763 3226 3833 Rmi
3273 3763 3462 3830 Card.

1862 3855 2206 3935 ·l'onentis,
2256 3852 2744 3919 rescribendum
2792 3852 3080 3919 censuit:
3131 3856 3464 3937 ‹Compe-

1882 3952 2021 4005 tere
2068 3939 2331 4007 Clericus
2374 3940 2813 4017 Beneficiatis;
2864 3953 2929 4006 et
2975 3941 3334 4026 amplius».
3388 3944 3465 4003 Et

1882 4027 1966 4093 ita
2011 4028 2326 4095 decrevit.
2380 4029 2491 4095 Die
2540 4031 2576 4094 7
2626 4030 2764 4095 lulii
2819 4032 3013 4095 1763.
3072 4067 3077 4071 -

2015 4117 2334 4183 Adversus
2390 4116 2544 4182 vero
2593 4115 2773 4184 istam
2835 4116 3331 4197 resolutionem,
3384 4135 3463 4180 ex

1881 4216 2063 4292 parte
2128 4203 2510 4269 eorumdem
2577 4206 3112 4292 cappellanorum
3181 4204 3463 4302 expetita

1884 4304 1949 4357 et
1996 4291 2254 4358 obtenta
2299 4311 2461 4357 nova
2508 4290 2955 4375 audientia,-et
2994 4291 3181 4358 huius
3214 4306 3462 4375 vigore,

1884 4379 2281 4467 reproposita
2330 4399 2447 4465 per
2492 4380 2800 4447 eumdem
2850 4382 3077 4445 Emum
3128 4390 3193 4444 et
3235 4383 3466 4445 Rmum

1880 4471 1951 4533 D.
2004 4467 2192 4534 Cat-d.
2242 4466 2695 4534 Tamburinum
2753 4472 3102 4534 Ponentem
3150 4465 3463 4534 eiusmodi

1879 4554 2311 4620 controversia
2370 4574 2566 4643 super
2610 4575 2777 4622 novo
2825 4553 3057 4636 dubio,
3108 4554 3460 4621 videlicet:

1882 4645 1974 4707 Au
2022 4644 2104 4708 sit
2158 4644 2456 4711 standum
2504 4643 2608 4708 vel
2670 4642 3110 4710 recedendum
3157 4662 3191 4706 a
3236 4642 3466 4708 decisis

1881 4730 1987 4796 die
2038 4734 2073 4795 7
2125 4730 2262 4797 lulii
2318 4728 2538 4797 1753?

2012 4820 2076 4884 S.
2114 4822 2187 4885 R.
2224 4821 2325 4902 (1.,
2360 4819 2596 4905 scripto
2631 4818 2870 4904 pariter
2904 4828 2968 4883 et
2999 4835 3155 4882 voce
3192 4827 3464 4899 utraque

1882 4916 2061 4992 parte
2110 4906 2256 4972 hinc
2305 4907 2457 4973 inde
2505 4906 2881 4974 informante
2944 4904 3178 4971 iterum
3225 4905 3463 4986 audita,

1880 5005 1945 5058 et
1980 5012 2059 5058 ex
2092 4994 2342 5060 noviter
2389 4994 2704 5077 deductis,
2758 4993 3127 5080 rescripsit:
3178 5014 3217 5055 ‹
3252 4997 3319 5058 lu
3352 4993 3463 5058 de-

1880 5080 2055 5165 cisis,
2105 5081 2269 5145 salva
2322 5080 2867 5166 praeintouatione
2922 5081 3460 5168 antiphonarum3

1882 5180 1945 5233 et
2010 5170 2283 5256 amplius
2341 5191 2404 5235 ».
2485 5174 2564 5235 Et
2642 5170 2723 5236 ita
2797 5169 3116 5237 decrevit.
3197 5167 3309 5237 Dte
3386 5171 3461 5233 17

1882 5259 2018 5324 Maii
2075 5260 2267 5325 1760.
3436 5291 3447 5303 ·
