4042 5950
1539 237 2012 371 -413-

71 445 341 515 clerus
408 467 562 516 vero
635 449 953 517 Ecclesiae
1011 448 1405 518 Catbedralis
1475 449 1719 519 Nottin-

73 536 461 623 gbamen„
493 537 663 604 inter
709 538 937 605 eadem
967 537 1295 625 Suffragia,
1330 556 1722 605 commemo·

74 621 444 692 rationem
492 627 683 693 etiam
729 645 920 713 agere
966 626 1163 694 debet
1208 626 1295 693 de
1337 629 1404 693 S.
1449 627 1721 694 Bamaba

75 714 437 800 Apostolo
483 715 742 782 Titulari
791 714 1080 782 eiusdem
1113 714 1477 781 Ecclesiae:
1519 732 1718 800 quum

77 812 338 868 autem
416 802 478 870 in
546 803 863 870 Breviario
917 807 1196 870 Romano
1258 822 1374 891 pro
1445 813 1721 891 utroque

79 893 354 956 Sancto
390 891 614 958 eadem
645 890 853 957 Oratio
883 889 1144 976 (variato
1170 902 1412 958 tantum
1436 891 1722 978 nomine)

77 978 512 1065 assignetur,
549 980 753 1045 oritur
781 998 1059 1065 sequens
1107 978 1373 1046 dubium
1406 979 1587 1048 cuius
1625 999 1726 1045 so-

84 1067 448 1134 lutionem
497 1079 710 1134 orator
741 1066 1072 1135 humiliter
1102 1068 1508 1155 expostulat3
1544 1067 1726 1134 vide-

86 1155 265 1221 licet
302 1178 324 1221 z

237 1247 359 1311 An
408 1243 487 1313 ab
533 1244 608 1311 iis
652 1244 762 1330 qui
808 1255 957 1312 sunt
1003 1245 1089 1312 de
1120 1243 1371 1331 gremio
1399 1244 1723 1312 Ecclesiae

83 1333 568 1418 Catbedralis,
618 1333 683 1399 in
743 1333 1069 1421 suffragiis
1128 1336 1503 1402 Sanctorum
1562 1332 1727 1399 reci-

91 1421 329 1490 tandis
359 1471 380 1506 ,
429 1421 702 1490 dicenda
767 1422 848 1488 sit
907 1423 1131 1489 eadem
1189 1421 1399 1490 Oratio
1460 1421 1724 1508 (variato

91 1519 344 1576 tamen
397 1510 685 1597 nomine)
748 1523 872 1577 tam
942 1529 1058 1598 pro
1120 1510 1725 1580 commemoratione

91 1600 164 1663 S.
224 1600 606 1683 Barnabae,
672 1613 864 1684 quam
936 1617 1054 1687 pro
1120 1598 1727 1666 commemoratione

93 1687 550 1777 S.·Georgii;
600 1689 704 1754 vel
761 1687 979 1789 potius
1038 1687 1332 1754 varianda
1392 1685 1476 1752 sit
1517 1686 1727 1754 Oratio

91 1791 228 1860 pro
283 1787 905 1842 commemoratione
954 1778 1019 1842 S.
1070 1775 1359 1863 Georgii,
1408 1774 1726 1842 sumendo

95 1860 307 1929 aliam
343 1865 453 2018 ⁴‘dc
499 1864 836 1933 Communi
869 1864 1059 1931 unius
1091 1863 1379 1951 Martyris
1409 1882 1536 1930 non
1570 1866 1728 1930 Pon·

99 1950 318 2018 tineis
1408 2017 1411 2021 ,
1577 1984 1584 1988 ·

249 2040 597 2111 Eiusmodi
668 2061 860 2132 porro
930 2040 1227 2131 precibus
1280 2060 1314 2105 a
1371 2038 1729 2130 subscripto

102 2131 475 2196 Sacrorum
521 2131 781 2208 Ritnum
829 2128 1183 2199 Secretario
1234 2129 1445 2197 relatis
1501 2129 1566 2195 in
1611 2131 1729 2196 Co-

106 2217 325 2284 mitiis
379 2218 688 2286 hodierna
734 2218 841 2284 die
887 2218 964 2285 ad
1014 2218 1337 2285 Vaticanas
1380 2219 1592 2286 Aedes
1619 2217 1728 2285 ba·

108 2304 269 2372 bitis
306 2355 325 2389 ,
404 2309 588 2373 Sacra
659 2306 886 2373 eadem
955 2307 1379 2395 congregatio
1438 2306 1637 2375 dubio
1696 2326 1729 2370 a

105 2395 282 2460 Rmo
335 2395 660 2482 Episcopo
701 2394 1230 2481 Nottingbamen.
1269 2394 1597 2482 proposito
1630 2414 1729 2461 re·

107 2481 418 2549 scribere
481 2494 607 2548 rata
655 2492 792 2550 est:
856 2505 893 2547 c
928 2483 1259 2571 Negative,
1322 2484 1399 2551 ad
1456 2483 1730 2571 primam

109 2582 425 2656 partem3
473 2569 893 2657 Affirmative,
942 2573 1018 2640 ad
1064 2571 1408 2639 secundam
1443 2594 1505 2638 ».

253 2664 478 2745 Atque
526 2658 608 2725 ita
652 2660 1008 2748 rescripsit,
1059 2669 1124 2727 et
1187 2661 1251 2727 in
1296 2681 1442 2728 casu
1487 2659 1729 2728 servari

113 2747 484 2815 mandavit.

254 2835 380 2902 Die
419 2839 499 2903 14
529 2837 801 2925 Augusti
839 2841 1034 2906 1848.

119 2976 394 3050 3072.
703 2981 1152 3060 ουΕΒΕαΕΝ.
1498 2981 1724 3070 (sace)

257 3103 467 3167 Rmus
509 3105 583 3169 D.
621 3103 984 3170 Franciscus
1029 3102 1434 3192 Baillergenn
1473 3104 1729 3193 Episco-

120 3205 248 3273 pus
299 3189 490 3274 usae,
538 3190 883 3258 Coadiutor
921 3203 992 3265 ,et
1038 3190 1529 3261 Administrator
1563 3199 1731 3282 Apo-

123 3276 405 3344 stolicus
451 3278 767 3345 Dioecesis
809 3279 1207 3364 Quebecen.,
1260 3280 1555 3369 exposuit
1587 3282 1736 3349 huic

126 3366 198 3431 S.
225 3364 389 3434 Sedi
420 3366 820 3456 Apostolicae
851 3367 1211 3435 Paroeciam
1255 3370 1733 3448 Quebecensem

124 3472 297 3521 anno
339 3457 508 3523 1670
540 3456 848 3523 canonice
883 3468 1161 3523 erectam
1197 3458 1388 3524 fuisse
1421 3458 1498 3524 ad
1533 3459 1734 3544 quod·

128 3541 284 3608 dam
333 3544 654 3611 Ecclesiae
702 3544 1098 3611 Catbedralis
1130 3546 1342 3611 Altare
1375 3546 1439 3613 in
1471 3547 1612 3613 navi
1647 3547 1732 3612 la·

129 3631 352 3714 terali,
401 3631 732 3699 diversum
781 3632 1040 3700 titulum
1087 3632 1324 3700 babens
1355 3635 1432 3702 ab
1467 3654 1572 3718 eo,
1621 3637 1728 3721 qui

131 3720 441 3806 proprius
472 3731 569 3785 est
603 3720 892 3787 eiusdem
924 3720 1318 3788 cathedralis
1363 3721 1727 3811 Ecclesiae,

132 3808 493 3874 Parocbum
538 3827 695 3873 vero
728 3809 999 3895 eiusque
1031 3809 1308 3876 vicarios
1353 3830 1384 3875 a
1434 3821 1730 3899 tempore

133 3892 341 3961 factae
386 3895 727 3965 erectionis
755 3916 962 3984 usque
995 3897 1202 3965 adbuc
1249 3917 1441 3998 agere
1472 3918 1732 3987 semper

136 3985 547 4050 consuevisse
579 3988 837 4052 Festum
871 3986 1129 4051 titulare
1162 3987 1316 4055 dicu
1341 3987 1571 4055 Altaris
1604 3988 1731 4056 ritu

135 4069 503 4139 titularibus
532 4072 953 4163 competenti,
991 4074 1294 4142 nimirum
1326 4076 1569 4164 duplici
1603 4077 1730 4163 pri·

140 4176 281 4225 mae
342 4160 554 4227 classis
616 4181 761 4229 cum
823 4173 1039 4228 octava
1094 4182 1212 4229 nec
1273 4183 1400 4230 non
1460 4165 1731 4231 titularis

140 4244 342 4334 ipsius
396 4251 1080 4317 Commemorationem
1134 4252 1378 4319 addere
1438 4256 1732 4320 Comme·

137 4336 599 4404 morationibus
626 4338 1072 4405 communibus
1092 4359 1205 4406 seu
1232 4340 1560 4428 suffragiis
1581 4344 1731 4409 San-

141 4433 422 4510 ctorum,
470 4427 724 4511 quoties
769 4426 834 4493 in
879 4427 1254 4495 recitatione
1300 4427 1499 4496 divini
1529 4428 1728 4497 Officii

143 4511 451 4601 Suffragia
509 4515 640 4601 ipsa
703 4519 1079 4584 Sanctorum
1123 4538 1155 4581 a
1201 4517 1488 4585 Rubricis
1547 4536 1728 4605 prae-

145 4601 543 4671 scribuntur.
594 4603 895 4671 Dubitans
937 4614 1154 4670 autem
1192 4604 1545 4693 Episcopus
1597 4626 1732 4672 ora·

147 4695 248 4753 tor
293 4710 447 4758 num
495 4692 620 4758 rite
664 4702 876 4760 actum
924 4692 1050 4760 huc
1097 4712 1302 4779 usque
1364 4693 1561 4760 fuerit
1590 4744 1607 4779 ,
1666 4705 1732 4761 et

146 4792 300 4845 uum
346 4779 520 4847 iuxta
567 4778 891 4848 inductam
938 4782 1496 4865 consuetudinem,
1552 4787 1737 4849 Paro-

150 4863 304 4933 chus
350 4869 614 4955 eiusque
662 4868 885 4937 vicarii
947 4888 1088 4937 sese
1137 4869 1200 4937 in
1247 4881 1578 4957 posterum
1623 4888 1736 4959 ge·

149 4968 292 5021 rere
337 4959 628 5044 possint;
691 4975 831 5023 rem
890 4975 1148 5024 omnem
1208 4975 1326 5043 pro
1374 4970 1735 5046 opportuna

150 5040 519 5111 definitione
564 5046 642 5112 ad
692 5048 942 5113 Sacram
987 5047 1249 5114 Rituum
1282 5048 1733 5135 congregatio-

152 5147 300 5198 nem
345 5132 583 5203 det'erri
627 5136 896 5200 curavit.

280 5222 517 5290 Relatis
561 5223 775 5309 itaque
824 5222 1134 5293 eiusmodi
1181 5223 1393 5293 dubiis
1433 5244 1554 5314 per
1583 5225 1730 5292 sub·

155 5308 460 5398 scriptum
505 5311 935 5379 Secretarium
968 5312 1033 5379 in
1062 5312 1405 5380 ordinariis
1449 5314 1737 5381 Comitiis

159 5397 232 5465 ad
262 5401 631 5467 Vaticanum
665 5400 975 5469 hodierna
1008 5400 1114 5469 die
1149 5400 1399 5488 habitis,
1448 5403 1740 5471 omnibus

1827 460 2123 517 accurate
2183 470 2267 538 pe
2353 448 2554 538 ensis,
2621 448 2847 518 eadem
2905 451 3087 517 Sacra
3135 452 3414 535 Congre-

1827 539 1995 625 gatio
2062 559 2162 605 res
2213 558 2295 605 on
2346 539 2588 606 endum
2648 537 2944 605 censuit:
2993 559 3032 603 α
3065 536 3414 604 Titularem

1826 626 2085 712 Altaris,
2120 648 2162 694 u
2211 627 2227 691 i
2278 625 2561 694 instituta
2609 638 2705 693 est
2750 624 3070 710 Parocbia,
3104 644 3232 692 non
3263 641 3414 711 gau-

1827 715 1987 781 dere
2037 714 2376 804 privilegio
2421 714 2581 782 ritus
2613 714 2888 801 duplicis
2927 714 3169 801 primae
3203 712 3416 780 classis

1828 821 1975 871 cum
2048 814 2308 884 octava3
2380 821 2500 871 nec
2569 802 2790 869 maiori
2859 805 2988 869 ritu
3045 823 3078 867 a
3138 801 3415 867 Parocho

1829 891 2098 976 eiusque
2151 889 2411 962 vicariis
2470 911 2611 959 esse
2671 890 3166 973 celebrandum,
3223 906 3451 978 quam*

1828 979 2192 1048 celebratur
2245 980 2307 1046 in
2353 979 2712 1048 cathedrali
2779 978 3096 1064 Ecclesia,
3146 986 3415 1064 excepta

1826 1077 2074 1136 tantum
2129 1068 2417 1137 eiusdem
2468 1067 2641 1136 tituli*
2680 1066 3305 1135 Commemoratione
3352 1066 3417 1132 in

1829 1155 2180 1244 Suffragiis,
2227 1174 2417 1244 quam
2463 1177 2496 1222 a
2540 1156 2820 1224 Parocbo
2859 1156 3125 1243 eiusque
3157 1152 3415 1222 vicariis

1828 1245 1973 1312 addi
2019 1245 2319 1313 convenit
2350 1266 2418 1313 ».

1960 1337 2170 1421 Atque
2216 1335 2302 1400 ita
2348 1332 2700 1422 rescripsit.

1962 1422 2076 1490 Die
2128 1427 2207 1490 14
2252 1423 2519 1511 Augusti
2575 1426 2769 1491 1858.

1831 1582 2006 1651 30¹7
2008 1583 2089 1651 3.
2295 1584 2573 1652 SANCTI
2617 1585 2954 1651 CLAUDII.
3187 1583 3414 1672 (5269)

1963 1744 2119 1808 Rmo
2166 1745 2245 1807 D.
2295 1744 2570 1810 Hearico
2618 1747 2705 1809 Dc
2743 1743 3081 1811 Vaulclticr
3132 1744 3418 1810 Paroclto

1837 1831 2148 1898 Civitatis
2177 1831 2250 1896 dc
2287 1830 2437 1898 Dolo
2481 1834 2796 1900 Diocccsis
2845 1833 3074 1899 Sancti
3122 1832 3413 1900 Claudii.

2167 1989 2730 2059 Reverendissime
2790 1992 3079 2059 Domine.

1962 2131 2199 2199 Relatis
2244 2153 2276 2196 a
2322 2131 2677 2221 subscripto
2724 2136 2789 2200 S.
2824 2138 2900 2202 R.
2938 2138 3007 2202 C.
3063 2133 3419 2202 Secretario

1835 2220 1900 2289 in
1945 2220 2276 2289 Ordinatio
2323 2222 2525 2287 Coetu
2569 2222 2646 2289 ad
2695 2221 3063 2290 Vaticanum
3111 2222 3420 2290 hodierna

1835 2309 1941 2378 die
1988 2308 2200 2378 habito
2247 2307 2572 2408 precibus,
2621 2309 2856 2397 quibus
2885 2312 2963 2376 ab
2992 2312 3108 2378 hac
3145 2313 3215 2378 S.
3248 2311 3418 2378 Sede

1832 2398 2193 2486 Apostolica
2257 2396 2634 2486 implorabas
2698 2398 3104 2482 facultatem,
3182 2409 3419 2465 attenta

1833 2486 2012 2553 istius
2058 2486 2388 2552 Paroeciae
2445 2486 2764 2570 vastitate,
2818 2497 3035 2555 tecum
3079 2485 3422 2554 deferendi

1835 2575 2028 2640 etiam
2070 2575 2298 2642 Oleum
2354 2583 2672 2658 sanctum,
2720 2575 2879 2642 dum
2936 2594 3185 2643 sacrum
3230 2574 3421 2644 Viati-

1836 2681 1982 2730 cum
2031 2660 2327 2730 fidelibus
2366 2662 2702 2740 Paroeciae
2748 2663 2946 2752 ipsius
2979 2664 3420 2732 administrare

1832 2750 2071 2829 debes;
2121 2753 2300 2818 Sacra
2337 2749 2467 2838 ipsa
2498 2753 2923 2840 congregatio
2956 2752 3069 2819 tibi
3103 2752 3421 2822 insinuare

1835 2837 2107 2923 censuit,
2157 2850 2227 2906 ut
2272 2839 2504 2925 agendi
2552 2858 2839 2907 normam
2884 2841 3179 2909 desumas
3212 2859 3292 2907 ex
3325 2838 3423 2909 Ri-

1835 2926 1986 2995 tuali
2034 2930 2313 2994 Romano
2343 2929 2433 2993 De
2462 2929 2881 2998 Sacramenta
2913 2933 3257 2998 Eoetrcmae
3297 2931 3422 2995 Uu-

1834 3020 2069 3084 ctiouis
2114 3020 2265 3105 Cap.
2308 3018 2369 3100 1,
2421 3017 2460 3101 g
2506 3020 2684 3085 xlllz
2735 3040 2773 3082 α
2806 3018 2868 3086 Si
2914 3029 3129 3086 autem
3174 3017 3420 3086 accide-

1834 3105 1918 3172 rit
1950 3114 2078 3172 etc.
2110 3126 2174 3190 »ς
2209 3124 2327 3172 nec
2352 3124 2483 3172 non
2514 3124 2595 3171 ex
2627 3106 3132 3207 praescriptione
3156 3127 3190 3172 a
3215 3110 3282 3173 S.
3308 3109 3421 3175 Ca-

1834 3193 1973 3260 rolo
2018 3197 2399 3260 Borromaeo
2438 3192 2595 3259 iacta
2632 3213 2698 3260 1n
2729 3196 3013 3263 Concilio
3042 3194 3416 3282 provinciali

1836 3280 2284 3349 Mediolanensi
2321 3285 2424 3366 IV,
2459 3299 2622 3366 quae
2668 3281 2757 3347 sic
2804 3302 2873 3349 se
2919 3284 3147 3352 babet:
3205 3284 3422 3361 Quum

1834 3380 2054 3437 autem
2087 3373 2145 3436 is
2181 3370 2520 3457 (Parocbus
2551 3368 2822 3456 scilicet)
2858 3372 2941 3439 ad
2972 3391 3263 3458 asprum,
3299 3375 3418 3456 qui

1834 3478 1875 3525 a
1915 3456 2289 3544 parochiali
2334 3458 2624 3525 Ecclesia
2669 3459 2927 3546 louqius
2950 3461 3165 3542 'abcst,
3202 3464 3420 3546 aravi-

1834 3556 1933 3614 tcr
1962 3567 2041 3613 ac
2085 3566 2214 3612 nou
2257 3550 2395 3614 sine
2432 3547 2725 3633 periculo
2770 3553 2999 3617 mortis
3041 3549 3209 3636 febri
3254 3546 3423 3615 mor·

1834 3637 1974 3702 bove
2005 3636 2424 3719 laborantem,
2452 3636 2725 3703 SSmum
2753 3640 2994 3725 Corpus
3032 3641 3297 3705 Domini
3326 3638 3424 3704 dc-

1829 3727 1986 3811 fcrt‚
2023 3744 2101 3790 uc
2148 3724 2258 3791 ubi
2304 3724 2387 3791 ad
2427 3724 2800 3810 parochiale
2836 3728 3247 3795 domicilium
3290 3729 3421 3812 ipsc

1832 3812 2128 3896 redierit,
2178 3823 2442 3879 mortem
2486 3812 2598 3880 illc
2636 3818 2830 3900 prius
2877 3817 3051 3884 vocat
3097 3834 3292 3900 quam
3338 3815 3421 3882 ad

1830 3911 2148 3968 extremae
2189 3903 2521 3969 chtiouis
2554 3903 3050 3972 Sacramentum
3079 3904 3277 3971 cidem
3301 3907 3422 3971 mi-

1833 3991 2255 4057 nistrandum
2301 3995 2540 4060 reverti
2573 3996 2801 4078 possit,
2837 3995 3177 4060 vasculum
3220 3995 3422 4059 ctiam

1830 4098 2059 4145 sacrae
2107 4080 2293 4146 illius
2349 4081 2684 4147 Unctiouis
2728 4100 2942 4147 secum
2984 4085 3183 4168 ferat,
3234 4080 3423 4147 illam

1834 4170 1925 4249 ci,
1983 4178 2328 4253 postquam
2390 4170 2634 4254 Corpus
2697 4172 2959 4237 Domini
3019 4169 3418 4256 praebuerit,

1835 4259 2346 4323 ministraturus
2363 4280 2394 4337 ,-
2427 4259 2489 4322 si
2526 4261 2650 4337 ita,
2688 4260 2890 4325 morbi
2920 4260 3421 4344 iuyraocaccutis

1835 4347 2092 4411 ratione
2122 4348 2474 4429 mortisque
2512 4346 2828 4432 periculo,
2875 4348 3251 4432 faciendum
3281 4365 3421 4411 ccu-

1834 4436 2070 4499 suerit.

1964 4523 2131 4589 Haec
2157 4540 2274 4608 pro
2300 4541 2447 4589 meo
2472 4542 2743 4590 munere
2777 4522 2889 4592 tibi
2920 4524 3419 4607 communicans,

1834 4618 1906 4675 ut
1935 4608 2048 4675 diu
2082 4611 2248 4677 bene
2280 4612 2487 4678 valeas
2520 4631 2602 4677 ex
2632 4612 2841 4679 animo
2873 4613 3215 4702 adprecor.

1965 4701 2202 4765 Romae
2250 4698 2355 4768 die
2406 4703 2486 4769 14
2531 4702 2800 4788 Augusti
2850 4705 3046 4770 1858.

1837 4874 2094 4946 3074.
2162 4877 2470 4944 ΤΟΝΚΙΝΙ
2514 4879 3094 4946 OCCIDENTALIS.
3189 4877 3420 4965 (5270)

1968 5057 2163 5120 limus
2192 5052 2494 5122 Dominus
2523 5053 2785 5121 Carolus
2816 5060 3138 5146 Rupertus
3176 5060 3423 5125 Jeantet

1835 5140 2067 5227 Episco
2117 5161 2192 5208 us
2221 5141 2785 5229 Pentacomiensis,
2818 5145 3165 5214 Coadiutor
3194 5145 3422 5215 vicarii

1839 5231 2076 5318 Aposto
2107 5228 2187 5296 ici
2260 5230 2530 5299 'ronkini
2612 5232 3031 5301 Occidentalis
3060 5282 3079 5321 ,
3154 5235 3232 5303 ab
3306 5235 3423 5303 bac

1842 5320 1908 5385 S.
1946 5319 2118 5386 Sede
2164 5320 2529 5408 Apostolica
2572 5322 2971 5411 supplicibus
3013 5326 3177 5391 votis
3326 5333 3424 5390 tu·

1848 5406 2039 5493 lavit,
2099 5417 2171 5477 ut
2232 5425 2429 5497 super
2478 5410 2895 5501 sequentibus
2956 5412 3157 5480 tribus
3260 5411 3423 5483 abiis
