4042 5950
2044 343 2514 420 -466-

635 502 852 570 ficium
919 502 1207 570 divinum
1254 523 1287 569 a
1331 501 1661 570 canonicis
1727 511 2072 591 peragatur
2131 501 2222 567 al-
2322 501 2479 568 bere
2512 511 2640 568 rata
2667 509 2791 567 est:
2825 521 2864 565 ι
2890 502 3244 567 Serventur
3263 498 3582 566 Rubricae
3608 519 3674 565 a.
3706 499 3904 585 Atque

637 590 838 657 ternis
881 589 1169 658 vicibus:
1230 590 1403 677 quod
1467 610 1547 657 ex
1608 590 1781 677 gravi
1841 589 2225 657 necessitate
2325 588 2407 654 ita
2457 588 2810 676 rescripsit.

639 676 866 744 diebus
927 677 1249 745 ferialibus
1306 679 1483 745 Missa
1542 678 1992 744 conventualis
2052 676 2224 743 cele·

642 764 861 831 bretur
918 766 1080 833 lecta
1142 776 1207 832 et
1252 766 1419 852 quod
1470 764 1534 833 in
1581 765 1757 832 Missa
1820 764 2222 832 conventuali

643 853 831 939 lecta,
879 853 1300 921 dissentiente
1345 853 1575 920 humili
1617 864 1895 937 oratore,
1928 852 2227 919 canonici

641 959 710 1006 se
748 960 873 1007 non
922 942 1254 1008 adstrictos
1302 942 1669 1008 existiment
1714 940 1789 1007 ad
1841 940 2229 1007 observanda

646 1048 717 1095 ea
749 1047 909 1113 quae
952 1029 1116 1095 circa
1163 1029 1646 1115 genuflexiones
1676 1028 1740 1094 in
1770 1027 2058 1095 Rubricis
2089 1027 2231 1093 Mis·

2457 677 2571 744 Die
2615 680 2703 742 26
2749 674 3144 765 Septembris
3190 677 3379 743 1868.

2328 816 2581 886 3184.
2890 816 3335 882 unsnoueu.
3688 816 3909 902 (saio)

2459 942 2665 1017 Quum
2689 935 2999 1022 quaedam
3024 947 3244 1004 exorta
3268 936 3507 1004 fuerint
3532 937 3739 1004 dubia
3762 937 3915 1003 circa

2331 1027 2614 1094 colorem
2637 1029 3178 1107 Paramentorum,
3204 1025 3436 1110 quibus
3464 1023 3767 1091 induitur
3792 1025 3916 1111 Epi-

643 1115 790 1180 salis
836 1116 958 1183 Tit.
992 1119 1183 1201 xvn,
1231 1120 1307 1184 N.
1365 1121 1404 1183 δ
1452 1115 1839 1205 praescripta
1886 1127 2061 1182 sunt.
2110 1119 2232 1185 Ve-
2328 1133 2557 1202 scopus
2618 1113 2871 1199 quando
2931 1112 3389 1179 Defunctorum
3449 1111 3770 1199 Exequiis
3823 1125 3917 1179 aut

647 1214 1008 1271 rumtamen
1070 1206 1282 1290 agitur
1340 1204 1425 1270 de
1484 1223 1554 1270 re
1613 1204 1850 1270 summi
1894 1202 2229 1287 momenti,

648 1309 810 1376 quae
856 1290 1118 1377 respicit
1164 1292 1410 1359 cultum
1455 1290 1793 1370 divinum;
1850 1310 2047 1377 quare
2100 1291 2233 1380 ipse

648 1378 748 1444 sui
779 1379 1064 1445 muneris
1098 1397 1237 1445 esse
1258 1379 1760 1449 duxit.eamdem
1796 1381 2049 1446 Sacram
2078 1382 2237 1446 con-

649 1467 1089 1619 cgiregationem
1153 1466 1329 1533 adire
1377 1477 1442 1533 et
1485 1465 1562 1532 ab
1608 1466 1738 1554 ipsa
1792 1466 2118 1555 postulare
2165 1475 2237 1531 ut

698 1555 981 1621 eclaiare
1044 1554 1421 1641 dignaretur
1477 1572 1635 1622 num
1700 1554 1996 1622 canonici
2056 1573 2235 1643 prae-

651 1654 865 1708 sentes
900 1640 1116 1708 Missae
1148 1642 1566 1734 conventuali
1614 1643 1815 1708 lectae
1845 1642 2237 1731 adstringan-

655 1738 759 1794 tur
805 1728 1134 1817 praedicto
1180 1730 1389 1796 'ritulo
1434 1733 1626 1814 XVU,
1674 1732 1751 1796 N.
1788 1734 1851 1797 6.

784 1821 863 1883 Et
910 1820 1094 1885 Sacra
1154 1816 1614 1904 congregatio,
1664 1816 1988 1884 referente
2051 1817 2237 1884 intra-

654 1904 890 1995 scripto
938 1904 1318 1990 Secretario,
1371 1905 1893 1992 respondendum
1947 1905 2237 1972 censuit:

657 2014 694 2057 «
730 1995 1038 2092 Servetur
1098 1992 1496 2060 consuetudo
1524 2016 1586 2061 ν.
1635 1995 1848 2079 Atque
1890 1992 1976 2058 ita
2021 1992 2243 2059 rescri-

657 2090 810 2168 psit.
2001 2096 2010 2100 ·

790 2167 903 2235 Die
947 2171 1032 2236 26
1078 2168 1474 2255 Septembris
1524 2172 1716 2236 1868.

659 2325 913 2395 3183.
1088 2327 1394 2393 ORDINIS
1439 2329 1794 2396 MINORUM

1193 2434 1259 2497 S.
1308 2431 1712 2499 Fltanclscl

735 2539 835 2603 DE
880 2538 1418 2605 OBSERVANTIA
1467 2539 2168 2608 REGOLLEGTORUM.

2014 2329 2243 2415 (utos)

791 2683 897 2762 F'n
930 2693 1161 2761 Natalis
1192 2694 1597 2778 Neuteleers,
1631 2693 1999 2763 Provinciae
2041 2695 2245 2782 Belgii

664 2781 872 2849 Sancti
919 2781 1170 2870 Iosephi
1203 2786 1486 2849 Fratrum
1535 2784 1846 2851 Minorum
1890 2782 1985 2850 de'
2019 2785 2246 2852 Obser-

661 2867 866 2934 vantia
911 2869 1422 2938 Recollectorum
1482 2871 1763 2938 Minister
1816 2871 2243 2956 Provincialis,

660 2956 996 3026 humiliter
1038 2957 1333 3047 exposuit
1383 2960 1606 3027 Sacrae
1657 2959 1918 3028 Rituum
1963 2962 2245 3048 Congre-

664 3045 901 3132 gationi
948 3045 1419 3133 infrascriptum
1463 3058 1777 3136 punctum
1829 3047 2247 3115 Rubricarum

662 3152 793 3200 non
840 3152 1027 3222 posse
1073 3133 1136 3200 in
1182 3153 1294 3201 sua
1344 3136 1669 3202 Provincia
1729 3134 2047 3202 observari
2109 3136 2245 3202 sine

666 3221 1348 3306 gravirincommodo':
1416 3243 1610 3309 quare
1671 3223 2001 3291 humiliter
2060 3223 2248 3310 petiit

664 3308 1253 3410 dispensationem3
1333 3311 1689 3379 videlicet:
1768 3311 2249 3379 caeremoniale

666 3400 1131 3484 Episcoporum
1198 3396 1334 3464 Lib.
1392 3402 1467 3483 1,
1516 3418 1653 3485 cap.
1707 3402 1829 3485 28,
1878 3400 1917 3483 ὅ
1964 3403 2005 3466 2
2044 3409 2119 3466 ·et
2170 3403 2248 3466 13

667 3484 967 3570 prohibet
1012 3504 1096 3551 ne
1141 3486 1206 3551 in
1252 3486 1592 3554 Dominicis
1621 3487 1952 3555 Adventus
1997 3498 2063 3553 et
2092 3489 2250 3564 Qua-

667 3571 1067 3656 dragesimae
1099 3583 1258 3657 etc.,
1305 3573 1466 3640 item
1509 3592 1591 3640 ne
1636 3575 1704 3641 in
1748 3573 1947 3641 Missis
1994 3586 2061 3641 et
2104 3574 2248 3642 offi-

669 3656 781 3723 ciis
835 3657 1298 3726 Defunctorum
1354 3664 1673 3749 Organum
1731 3660 2131 3730 adhibeatur.
2182 3666 2251 3728 In

671 3745 949 3833 praefata
1003 3758 1219 3812 autem
1274 3749 1589 3835 Religiosa
1658 3749 1980 3817 Provincia
2044 3760 2250 3817 totum

670 3833 842 3918 quod
895 3833 1065 3899 iuxta
1110 3836 1585 3903 caeremoniale
1624 3838 2112 3924 Episcoporum,
2148 3841 2252 3905 Sa-

670 3939 774 3986 cra
818 3920 1080 3988 Rituum
1125 3923 1646 4009 congregationis
1691 3931 1954 3992 Decreta
1989 3926 2094 3992 vel
2127 3929 2253 3993 Ru-

674 4007 872 4076 bricas
918 4009 1177 4076 Missalis
1223 4011 1602 4077 cantandum
1647 4022 1768 4097 est,
1816 4012 1947 4079 sive
1981 4013 2046 4081 in
2075 4013 2253 4081 Missa

671 4095 806 4162 sive
854 4098 919 4163 in
962 4096 1192 4165 Officiis
1252 4098 1511 4184 divinis,
1557 4100 1633 4167 ab
1677 4099 1829 4188 ipsis
1890 4101 2251 4188 Religiosis,

673 4192 998 4270 nunquam
1052 4184 1129 4251 ab
1186 4187 1508 4252 extraneis
1569 4197 1886 4271 cantatur,
1937 4190 2129 4256 etiam
2190 4190 2252 4256 in

674 4271 1023 4339 minoribus
1070 4274 1502 4341 conventibus
1545 4294 1662 4341 seu
1706 4276 2111 4359 Residentiis,
2148 4276 2255 4344 ubi

676 4359 990 4427 ordinarie
1052 4362 1299 4428 nonnisi
1359 4362 1549 4429 valde
1612 4363 1884 4450 exiguus
1946 4382 2254 4432 numerus

675 4445 1165 4534 Religiosorum,
1201 4449 1308 4535 qui
1341 4460 1594 4516 cantare
1625 4463 1912 4537 possunt,
1955 4451 2251 4520 habetur.

673 4534 834 4601 Hinc
881 4535 957 4601 ab
1003 4536 1228 4602 eadem
1272 4540 1455 4604 Sacra
1501 4540 2008 4626 congregatione
2038 4553 2258 4628 postu-

677 4622 830 4689 lavit
859 4633 1069 4689 orator
1097 4636 1170 4691 ut
1202 4625 1392 4691 etiam
1439 4625 1504 4692 in
1595 4626 1890 4693 raedictis
1921 4630 2259 4697 Dominicis

680 4719 745 4777 et
777 4710 840 4776 in
871 4711 1064 4777 Missis
1092 4723 1158 4777 et
1189 4710 1418 4780 Officiis
1452 4717 1536 4780 De
1613 4724 1907 4781 nctorum
1940 4718 2257 4804 organum

678 4797 962 4864 adbiberi
1006 4799 1200 4887 possit
1231 4800 1307 4866 ad
1342 4812 1592 4867 cantum
1625 4805 2151 4887 sustentandum3
2186 4825 2258 4873 ea

678 4896 887 4951 tamen
926 4887 1073 4973 lege
1119 4898 1189 4953 ut
1238 4888 1300 4953 in
1344 4886 1559 4955 Officio
1588 4888 2053 4959 Defunctorum
2083 4895 2258 4962 nulla

677 4973 1038 5059 antiphona,
1088 4974 1305 5043 nullus
1348 4995 1596 5062 versus,
1630 4978 1881 5045 nullum
1927 5001 2260 5068 responso-

679 5060 845 5126 rium
887 5062 992 5128 vel
1041 5063 1195 5149 quid
1244 5063 1417 5132 aliud
1463 5065 1538 5131 ab
1583 5068 1829 5153 Organo
1872 5081 2256 5154 resumatur,

677 5148 792 5213 sed
841 5158 1044 5216 totum
1073 5150 1360 5218 Officium
1405 5151 1659 5242 integre
1705 5174 1739 5220 a
1783 5155 2115 5243 Religiosis
2144 5160 2261 5225 de-

680 5244 992 5302 cantetur.

770 5409 784 5423 ·
811 5324 996 5390 Sacra
1043 5344 1195 5392 vero
1240 5327 1371 5427 ipsa
1416 5331 1865 5416 congregatio,
1913 5331 2126 5399 audita
2160 5352 2259 5399 re-

679 5411 919 5477 latione
961 5432 995 5478 a
1038 5411 1394 5498 subscripto
1424 5416 1777 5481 secretario
1823 5418 1982 5483 facta
2030 5420 2255 5485 rescri-

2334 1213 2584 1289 praeest
2652 1211 2759 1266 aut
2826 1200 3086 1283 assistit,
3154 1204 3351 1268 umus
3410 1205 3485 1268 D.
3534 1199 3916 1268 codefridus

2334 1290 2745 1356 Brossais-St.
2784 1290 2943 1354 Marc
2975 1288 3506 1376 Archiepiscopus
3533 1289 3915 1355 Rhodonen.

2336 1398 2369 1441 a
2430 1379 2615 1443 Sacra
2681 1377 2943 1445 Rituum
3011 1375 3522 1463 congregatione
3591 1375 3921 1442 humiliter

2338 1465 2726 1550 exquisivit:

2475 1556 2534 1618 1.
2582 1556 2748 1620 Num
2781 1550 2845 1618 ni
2892 1571 2957 1617 ra
2991 1550 3166 1618 indui
3213 1550 3446 1618 debeat
3489 1563 3678 1618 veste
3728 1552 3918 1637 talari,

2337 1642 2534 1726 vulgo
2578 1649 2852 1707 constane

2470 1732 2536 1796 2.
2584 1731 2750 1795 Num
2793 1728 2972 1812 nigra
3015 1724 3379 1794 mozzetta?

2474 1821 2537 1885 3.
2601 1818 2764 1882 Num
2824 1816 2999 1882 omni
3064 1833 3325 1903 prorsus
3394 1816 3607 1903 operis
3673 1817 3923 1904 phrygii

2342 1915 2713 1971 ornamento
2771 1922 2992 1970 carere
3050 1901 3323 1971 debeant
3382 1915 3521 1971 tum
3587 1904 3730 1969 alba
3794 1915 3924 1971 tum

2341 1992 2730 2147 ldoqhett‘im’
2780 1990 3010 2077 quibus
3055 1992 3128 2056 iis
3176 1991 3238 2056 in
3288 1991 3780 2059 circumstantiis
3838 1991 3927 2059 in-

2388 2091 2563 2146 uitur

2475 2170 2658 2236 Sacra
2715 2187 2870 2234 vero
2932 2169 3158 2236 eadem
3205 2167 3669 2254 congregatio,
3717 2167 3927 2236 andita

2343 2255 2658 2322 relatione
2700 2276 2732 2320 a
2779 2257 3135 2345 subscripto
3182 2254 3537 2324 Secretario
3570 2255 3735 2322 facta
3766 2269 3836 2323 et
3866 2276 3931 2321 re

2345 2355 2594 2409 mature
2641 2363 2978 2433 perpensa,
3025 2345 3102 2412 ad
3151 2343 3356 2410 omnia
3407 2344 3765 2411 rescribere
3808 2355 3933 2410 rata

2348 2441 2477 2497 est:
2512 2439 2549 2495 it
2581 2434 2891 2500 Servetur
2920 2430 3318 2498 consuetudo
3351 2452 3421 2499 ν.
3466 2433 3683 2517 Atque
3716 2432 3805 2498 ita
3840 2453 3935 2498 re-

2347 2519 2620 2607 scripsit.

2478 2606 2595 2674 Die
2640 2610 2722 2674 26
2768 2608 3165 2695 Septembris
3207 2610 3399 2675 1868.

2348 2750 2595 2821 3185.
2899 2749 3385 2817 TLASCALEN.
3707 2751 3937 2837 (5412)

2475 2878 2669 2942 Rti‘tus
2709 2878 2783 2941 D.
2816 2872 3078 2940 carolus
3113 2871 3293 2937 Maria
3324 2871 3543 2939 colina
3577 2871 3941 2962 Episcopus

2347 2956 2692 3030 Tlascalen.
2744 2961 2810 3028 in
2866 2958 3109 3027 Mexico
3171 2979 3501 3047 exponens
3557 2961 3945 3029 Sacerdotes

2347 3069 2497 3116 suae
2562 3051 2938 3117 Dioeceseos
2998 3068 3079 3115 ex
3147 3051 3275 3116 anti
3322 3067 3400 3115 ua
3468 3050 3943 3130 consuetudine

2348 3138 2586 3206 Stolam
2652 3137 2960 3205 adhibere
3027 3155 3155 3202 non
3220 3158 3291 3204 so
3320 3154 3430 3203 um
3490 3135 3555 3203 in
3622 3137 3945 3204 Ecclesia·

2347 3225 2519 3292 sticis
2577 3223 3007 3291 functionibus
3064 3224 3177 3291 sed
3234 3224 3419 3292 etiam
3482 3224 3547 3290 in
3608 3225 3941 3312 praedica-

2353 3315 2550 3396 tione,
2586 3334 2616 3378 a
2649 3316 2831 3381 Sacra
2874 3312 3136 3379 Rituum
3180 3311 3692 3399 congregatione
3732 3312 3945 3380 humi-

2353 3400 2501 3467 liter
2546 3399 2888 3486 exquisivit
2917 3409 2991 3465 ut
3024 3401 3154 3488 ipsa
3192 3401 3518 3469 declarare
3562 3399 3945 3487 dignaretur

2352 3488 2585 3574 quibus
2631 3490 2696 3556 in
2742 3486 2984 3554 casibus
3031 3509 3063 3553 a
3116 3486 3563 3556 Sacerdotibus
3618 3488 3701 3554 sit
3762 3484 3945 3555 adhi-

2351 3575 2560 3643 benda
2607 3572 2837 3645 Stola?

2485 3667 2564 3730 Et
2596 3667 2779 3732 Sacra
2812 3663 3039 3730 eadem
3072 3663 3520 3751 congregatio,
3556 3663 3770 3730 audita
3804 3671 3943 3729 tum

2355 3751 2663 3819 relatione
2709 3772 2740 3816 a
2787 3750 3144 3838 subscripto
3191 3750 3545 3819 Secretario
3576 3750 3767 3834 iacta,
3807 3762 3943 3816 tum

2355 3851 2503 3905 voto
2560 3841 2624 3907 in
2681 3839 2932 3926 scriptis
2987 3839 3250 3905 alterius
3307 3859 3402 3906 ex·
3435 3839 3943 3925 Apostolicarum

2353 3929 2908 3994 Caeremoniarum
2939 3926 3273 4015 Magistris,
3307 3926 3693 3995 declaravit:
3733 3947 3774 3990 ι
3803 3930 3944 3993 Sto·

2357 4016 2482 4082 lam
2510 4036 2542 4080 a
2569 4015 2911 4082 Sacerdote
2944 4014 3370 4083 adhibendam
3395 4033 3533 4081 esse
3563 4033 3768 4099 quum
3793 4034 3947 4081 con·

2358 4103 2489 4169 licit
2549 4114 2656 4170 aut
2716 4102 3107 4170 administrat
3161 4106 3595 4185 Sacramenta,
3644 4114 3753 4169 aut
3799 4102 3947 4169 offi-

2361 4191 2530 4257 cium
2574 4190 2835 4277 aliquod
2882 4190 3027 4257 facit
3057 4210 3185 4277 quo
3218 4192 3388 4260 Stola
3435 4187 3795 4258 adhibenda
3824 4190 3945 4267 sit;

2357 4289 2463 4345 aut
2511 4277 2701 4346 etiam
2749 4297 2895 4344 cum
2942 4278 3378 4364 concionatur,
3428 4279 3480 4345 si
3532 4277 3596 4342 in
3658 4297 3736 4345 eo
3806 4280 3947 4346 loco

2357 4366 2997 4433 adest·consuetudo
3030 4389 3093 4432 ν.
3152 4369 3232 4432 At
3282 4387 3363 4434 ue
3424 4368 3506 4434 ita
3566 4365 3945 4435 declaravit.

2486 4453 2597 4520 Die
2645 4458 2729 4522 26
2775 4453 3170 4541 Septembris
3219 4458 3249 4520 1
3303 4458 3412 4523 68.

2358 4595 2609 4665 3186.
2909 4598 3390 4664 TLASCALEN.
3715 4598 3947 4686 (sats)

2488 4723 2683 4786 limus
2726 4722 2802 4785 D.
2836 4720 3097 4787 carolus
3128 4718 3313 4785 Maria
3343 4719 3562 4787 colina
3591 4720 3949 4808 Episcopus

2358 4806 2701 4874 Tlascalen.
2753 4811 3090 4876 Sacrorum
3136 4806 3397 4875 Rituum
3451 4809 3945 4895 congregationi
4016 4800 4017 4881 ἶ

2361 4895 2656 4980 exposuit
2717 4895 3076 4963 Formulam
3141 4895 3405 4961 Ritualis
3462 4895 3727 4963 Romani
3792 4898 3945 4963 cim

2359 4983 2967 5050 administrationem
3046 4983 3217 5051 Sani
3295 4984 3683 5051 Sacramenti
3766 5004 3941 5052 esse:

2365 5071 2603 5155 Corpus
2651 5074 2912 5161 Domini
2967 5075 3190 5139 Nostri
3246 5073 3386 5139 Iesu
3447 5072 3697 5138 cariati
3742 5084 3943 5141 custo-

2357 5156 2502 5224 diat
2568 5163 2859 5227 animam
2926 5171 3110 5228 tuam
3180 5165 3254 5228 in
3320 5165 3527 5228 vitant
3588 5170 3939 5227 aemam.

2361 5246 2579 5315 Amen.
2618 5252 2687 5314 In
2716 5248 3059 5315 Pontificali
3091 5259 3304 5316 autem
3337 5253 3616 5316 Romano
3653 5267 3778 5334 pro
3810 5248 3943 5338 Epi·

2357 5352 2548 5423 scopo
2596 5336 3052 5403 Eucharistiam
3100 5336 3582 5404 administrante
3639 5337 3939 5404 Ordinan-

2359 5420 2455 5484 dis
2485 5422 2668 5488 aliam
2697 5423 2968 5508 reperiri
3015 5424 3381 5509 formulam,
3417 5423 3762 5492 videlicet:
3799 5427 3941 5491 Gor·
