4042 5950
1866 263 2338 342 -446-

467 422 628 506 dito,
676 431 1055 576 occprrente
1089 420 1246 489 infra
1277 428 1558 488 octavam
1588 418 1854 488 alicuius
1881 417 2054 487 Festi

466 509 580 578 Dei
628 529 769 580 arae
1801 513 1810 518 ’

582 529 783 666 1Sacra
828 617 1017 686 porro
1063 597 1324 666 Rituum
1369 595 1791 685 congregatio
1821 597 1899 664 ad
1931 598 2051 663 Va-

467 685 744 753 ticanum
789 685 1091 753 hodierna
1137 685 1245 753 die
1292 686 1638 753 coadunata
1677 684 1740 756 in
1792 683 2053 752 Ordina-

466 773 586 841 riis·
606 772 914 857 comitiis,
950 774 1274 841 referente
1311 773 1671 863 subscripto
1714 769 2053 842 Sacrorum

467 862 725 930 Rituum
775 860 1301 950 congregationis
1347 862 1709 930 secretario
1746 869 1812 926 et
1845 858 2052 926 omni-

469 948 584 1017 bus
614 960 904 1017 accurate
938 949 1296 1038 perpensis,
1332 948 1861 1039 respondendum
1900 966 2051 1014 cen·

470 1037 637 1105 suit:

597 1125 693 1192 Ad
740 1130 788 1193 l.
838 1147 876 1190 ‹
906 1125 1120 1205 Quoad
1161 1125 1371 1193 Ferias
1416 1144 1545 1193 non
1591 1122 2052 1211 privilegiatus,

469 1224 644 1281 extra
691 1212 1056 1281 Adventum
1103 1225 1168 1280 et
1225 1213 1780 1314 Quadragesimam
1803 1262 1820 1296 ,
1871 1210 2053 1278 Affir-

467 1302 739 1378 mative;
789 1301 1144 1369 dummodo
1192 1320 1318 1369 non
1361 1302 1444 1368 sit
1490 1320 1555 1367 in
1600 1300 1692 1368 eis
1733 1318 2054 1387 reponen-

468 1389 623 1457 dum
653 1389 941 1458 Officium
987 1389 1399 1457 translatum:
1447 1387 1661 1470 Quoad
1697 1407 1852 1454 vero
1886 1397 2054 1454 octa-

467 1498 573 1544 vas
618 1496 746 1545 non
790 1477 1246 1566 privilegiatae,
1296 1478 1603 1565 Negative
1634 1498 1697 1541 ι.

601 1566 696 1633 Ad
743 1569 821 1633 11.
870 1587 908 1630 ‹
940 1566 1293 1654 Negative3
1357 1584 1500 1632 nam
1569 1564 1634 1631 in
1702 1583 1847 1630 casu
1911 1562 2052 1629 fieri

468 1652 664 1720 debet
709 1654 792 1721 de
835 1653 941 1721 die
987 1653 1146 1720 infra
1194 1663 1478 1721 octavam
1515 1673 1580 1719 ».

597 1743 804 1828 Atque
838 1741 922 1807 ita
963 1740 1287 1831 rescripsit
1317 1752 1384 1809 et
1421 1739 1662 1808 servari
1709 1739 2054 1808 mandavit.

598 1829 711 1896 Die
757 1833 841 1898 20
886 1828 1255 1896 Decembris
1306 1832 1494 1897 1864.

471 1968 716 2039 3132.
1068 1971 1407 2036 numm.
1764 1969 1963 2057 (5344
1985 1968 2053 2056 a)

600 2090 965 2171 Quaesitum
1010 2110 1209 2178 quum
1257 2090 1452 2158 fuerit
1498 2112 1531 2157 a
1576 2094 1762 2160 Sacra
1792 2091 2053 2160 Rituum

468 2178 1011 2267 congregatione:
1061 2180 1158 2246 An
1191 2188 1573 2246 occurrente
1605 2179 2054 2247 Anniversario

470 2265 971 2334 consecrationis
1016 2267 1342 2355 Episcopi,
1394 2285 1464 2333 ea
1495 2266 1629 2367 ipsa
1660 2267 1767 2335 die
1799 2287 1923 2354 qua
1952 2268 2052 2355 agi

470 2355 668 2423 debet
710 2355 794 2423 de
842 2354 1288 2423 Anniversario
1335 2354 1677 2422 Electtonis
1724 2357 1829 2423 vel
1863 2358 2054 2423 coro-

385 2479 412 2502 κ
471 2442 737 2510 nationis
798 2442 1044 2511 Summi
1105 2443 1367 2511 Romani
1412 2441 1756 2527 Pontificis,
1803 2443 2053 2511 Oratio:

471 2533 636 2597 Deus
684 2533 970 2600 omnium
1016 2530 1337 2599 Fidenam
1382 2529 1462 2596 sit
1494 2530 1589 2597 bis
1629 2530 1923 2614 dicenda,
1958 2551 2057 2597 se-

473 2622 767 2772 melspro
813 2622 970 2718 Papa
1019 2627 1085 2685 et
1130 2619 1334 2685 semel
1380 2636 1500 2718 pro
1547 2616 1919 2705 Episcopo?

647 2717 785 2773 acra
842 2727 861 2772 ι

1033 2708 1496 2793 congregatio,
1545 2706 1621 2771 ad
1685 2704 2055 2773 Vaticanum

471 2791 822 2881 subscripta

915 2792 973 2859 ie
1021 2792 1369 2861 coadunata
1428 2792 1492 2861 in
1551 2792 1895 2861 ordinariis
1938 2796 2058 2862 co-

473 2880 692 2966 mitiis,
726 2879 1210 2950 rescribendum
1241 2880 1531 2950 censuit:
1581 2904 1619 2947 ‹
1651 2887 1720 2950 In
1766 2901 1939 2968 casu,
1976 2883 2061 2951 de

472 2968 910 3038 Anniversario
956 2967 1461 3038 consecrationis
1508 2967 1805 3059 Episcopi
1863 2990 2059 3060 agen-

473 3058 646 3215 gtgpitt
672 3058 968 3146 sequenti
998 3059 1107 3127 die
1138 3080 1202 3129 ν.
1251 3065 1463 3147 Atque
1495 3060 1576 3126 ita
1609 3058 1844 3126 servari
1886 3079 2061 3127 man-

606 3194 719 3302 Die
765 3240 849 3305 20
894 3235 1262 3304 Decembris
1312 3237 1505 3304 1864.

476 3394 720 3464 3133.
1120 3397 1428 3471 ORDINIS

723 3502 1075 3568 mNottmu
1119 3503 1221 3566 DE
1265 3503 1809 3569 OBSERVANTLA

893 3606 1163 3674 SANCTl
1211 3606 1641 3675 FRANCISCI.

1826 3397 2054 3485 (sats)

607 3770 809 3845 Quum
859 3765 924 3831 in
983 3786 1106 3833 una
1165 3765 1536 3835 Tridentina
1596 3765 1725 3833 diei
1778 3771 1856 3835 12
1906 3771 2059 3836 Mar-

477 3856 550 3923 tii
585 3857 749 3923 1836
799 3853 981 3938 (dub.
1016 3853 1084 3940 8)
1133 3854 1518 3941 interrogata
1565 3856 1748 3922 Sacra
1797 3857 2060 3925 Rituum

476 3941 898 4043 congregatio
943 3961 1098 4010 num
1141 3941 1418 4009 Litaniae
1465 3944 1839 4011 Sanctorum
1888 3944 2063 4013 iuxta

477 4041 940 4121 praescriptum
986 4031 1401 4098 Rubricarum
1446 4046 1565 4115 pro
1610 4030 1926 4099 Fratribus
1955 4036 2066 4101 Or-

479 4121 643 4191 dinis
688 4119 999 4186 Minorum
1046 4117 1254 4187 Sancti
1301 4116 1608 4184 Francisci
1671 4137 1753 4184 ex
1808 4119 2062 4189 lndulto

478 4205 841 4298 Apostolico
887 4206 1009 4275 rite
1056 4205 1423 4295 dispositae,
1455 4202 1579 4271 siut
1626 4207 1819 4273 modo
1849 4207 1927 4274 ab
1959 4207 2061 4274 iis·

480 4301 630 4366 dem
662 4297 747 4363 de
779 4307 1121 4397 praecepto
1157 4293 1514 4362 recitandae
1545 4291 1612 4359 in
1637 4296 1822 4360 Festo
1854 4297 2064 4365 Sancti

481 4388 664 4455 Marci
698 4394 763 4451 et
797 4405 861 4451 in
891 4383 1364 4472 Rogationibus‚
1398 4380 1770 4450 affirmative
1803 4402 2064 4472 respon-

481 4476 720 4553 disset;
771 4472 999 4541 accidit
1047 4482 1114 4539 ut
1160 4470 1490 4558 responsio
1522 4469 1678 4536 haec
1718 4471 2067 4540 anxietates

483 4573 548 4630 et
591 4562 1054 4650 perplexitates
1101 4568 1355 4648 pareret
1398 4557 1901 4646 quamplurimas
1949 4582 2065 4650 pro

481 4648 815 4734 Religiosis
860 4647 1210 4714 animarum
1257 4665 1473 4713 curam
1534 4646 1950 4734 habentibuS,
2000 4660 2067 4715 et

436 4730 448 4750 ¹
486 4758 601 4827 pro
645 4735 977 4826 Religiosis
1023 4735 1281 4803 illorum
1326 4738 1773 4802 conventuum
1817 4737 1927 4822 qui
1958 4737 2066 4805 ad-

481 4843 712 4893 nexam
758 4822 994 4891 habent
1053 4822 1402 4891 Ecclesiam
1449 4822 1905 4909 parochialem.
1967 4825 2065 4892 Ad

484 4930 740 4980 omnem
787 4913 1003 4998 itaque
1046 4911 1428 4978 anxietatem
1475 4920 1539 4977 et
1570 4911 2069 4997 perplexitatem

484 5001 964 5084 removendam,
991 5002 1216 5067 Custos
1240 4997 1626 5066 Minoriticae
1659 4999 1953 5067 Familiae
1986 5002 2071 5069 de

483 5088 887 5157 Observantia
932 5088 997 5156 in
1040 5089 1334 5155 Hetruria
1382 5095 1447 5153 et
1489 5086 1805 5154 Parocbus
1852 5090 2071 5156 Eccle-

485 5178 612 5243 siae
680 5176 1063 5244 Sanctissimi
1132 5174 1470 5244 Salvatoris
1540 5173 1658 5241 loci
1723 5177 2072 5265 nuncupati

485 5265 692 5335 Sancti
753 5264 1063 5331 Francisci
1117 5265 1187 5331 di
1246 5266 1668 5349 Picti-asama
1726 5263 1790 5331 in
1850 5265 2067 5333 Archi-

485 5352 765 5420 dioecesi
820 5350 1053 5435 Pisana,
1099 5350 1436 5437 sequentia
1489 5349 1677 5417 dubia
1731 5353 2069 5418 Sacrorum

2156 418 2415 520 Rituum
2461 418 2951 508 congregationi
2999 418 3326 488 enodanda
3372 419 3760 509 proposuit;

2158 526 2505 575 nimirum:

2288 600 2334 662 l.
2385 601 2455 663 In
2503 595 2627 664 illis
2670 593 3103 664 conventibus
3160 594 3227 663 in
3280 595 3518 683 quibus
3578 594 3758 664 Reli-

2154 684 2367 772 giosus
2411 685 2724 751 Parocbus
2769 683 2942 751 solus
3006 703 3156 750 cum
3216 685 3461 773 populo
3519 681 3759 750 assistit

2156 770 2693 856 processionibus,
2739 770 3017 838 Litaniae
3061 789 3145 838 ne
3182 772 3461 856 Ordinis,
3506 791 3589 837 an
3636 790 3755 860 po·

2156 860 2284 926 tius
2330 879 2697 928 communes
2741 858 3089 943 Ecclesiae,
3134 869 3323 927 erunt
3353 860 3462 927 vel
3495 873 3755 927 cantan-

2154 947 2274 1015 dae
2321 948 2425 1014 vel
2477 945 2893 1016 recitandae?

2286 1039 2358 1102 ll.
2412 1042 2491 1103 Et
2520 1045 2834 1122 quatenus
2864 1034 3209 1102 cantandae
3242 1036 3348 1101 vel
3377 1035 3755 1103 recitandae

2152 1124 2277 1191 sint
2320 1122 2594 1191 Litaniae
2642 1142 3045 1206 communes,
3104 1122 3403 1192 satisfacit
3454 1143 3542 1190 ne
3596 1142 3754 1190 suae

2157 1209 2525 1300 obligationi
2569 1211 2883 1278 Parocbus
2928 1211 3041 1279 bas
3087 1209 3449 1297 recitando;
3493 1211 3601 1278 vel
3636 1231 3755 1300 po·

2159 1300 2282 1367 tius
2328 1310 2628 1389 repetere
2676 1298 2872 1367 debet
2915 1299 3187 1366 Litanias
3228 1296 3535 1367 Ordinis?

2286 1392 2387 1456 Ill.
2437 1393 2508 1455 In
2552 1387 3010 1472 conventibus,
3062 1388 3126 1454 in
3170 1386 3404 1474 quibus
3442 1386 3753 1474 Religiosi

2158 1495 2380 1543 omnes
2426 1496 2507 1541 ex
2553 1475 2852 1543 laudabili
2899 1475 3367 1543 consuetudine
3396 1473 3754 1542 processio-

2154 1562 2338 1630 nibus
2387 1563 2725 1649 intersunt,
2772 1564 2825 1630 si
2875 1583 2957 1652 po
3003 1564 3153 1630 ulus
3197 1562 3467 1630 Litanias
3495 1560 3753 1631 Ordinis

2155 1651 2357 1718 nollet
2421 1651 2730 1734 recitare,
2804 1652 2970 1718 debe
3020 1651 3067 1716 it
3133 1650 3362 1740 eadem
3430 1649 3754 1749 Religiosa

2157 1738 2411 1806 Familia
2456 1739 2725 1806 Litanias
2753 1739 3025 1821 Ordinis,
3061 1738 3125 1806 in
3169 1737 3288 1805 alia
3334 1742 3752 1805 Processione

2159 1827 2262 1893 vel
2311 1828 2375 1894 in
2421 1826 2657 1912 choro,
2707 1824 3029 1894 recitare?

2288 1920 2367 1982 Et
2412 1918 2595 1985 Sacra
2642 1915 2869 1982 eadem
2914 1915 3176 1984 Rituum
3220 1913 3653 2003 Congregatio
3686 1912 3753 1980 in

2156 2003 2484 2071 ordinario
2553 2007 2755 2070 coetu
2823 2003 2900 2070 ad
2962 2002 3331 2070 Vaticanum
3384 2001 3504 2069 sub
3561 2002 3751 2070 infra-

2159 2092 2391 2179 scripta
2436 2091 2543 2159 die
2601 2091 2981 2174 coadunata,
3033 2110 3102 2157 re
3160 2100 3410 2158 mature
3471 2089 3753 2175 diligen·

2160 2189 2389 2266 terque
2434 2198 2773 2267 perpensa,
2823 2177 3307 2246 rescribendum
3357 2177 3656 2246 censuit:

2294 2268 2389 2336 Ad
2437 2272 2484 2335 1.
2536 2289 2574 2332 ‹
2607 2267 2974 2335 Recitandas
3044 2284 3179 2333 esse
3235 2265 3505 2333 Litanias
3575 2284 3751 2333 com·

2162 2374 2390 2423 munes
2424 2376 2486 2421 ».

2290 2444 2387 2511 Ad
2433 2446 2505 2510 ΙΙ.
2559 2465 2597 2508 ‹
2627 2442 2722 2509 Ad
2786 2442 3056 2531 primam
3115 2451 3399 2531 partem,
3464 2440 3749 2509 Affirma-

2165 2530 2317 2616 tive,
2368 2548 2600 2616 nempe
2660 2530 2987 2617 satisfaciu
3045 2530 3124 2597 ad
3174 2530 3551 2615 secundam,
3598 2548 3744 2617 pro-

2163 2618 2366 2687 visum
2416 2618 2480 2685 in
2527 2618 2725 2707 prima
2759 2640 2821 2684 ».

2290 2707 2389 2774 Ad
2433 2710 2536 2774 111.
2585 2728 2623 2771 ‹
2654 2707 2961 2794 Negative
2994 2729 3060 2775 ».

2292 2800 2499 2882 Atque
2547 2795 2627 2860 ita
2659 2795 2983 2883 rescripsit
3013 2805 3080 2863 et
3107 2794 3351 2862 servari
3396 2793 3745 2861 mandavit.

2294 2885 2406 2950 Die
2452 2885 2494 2950 8
2538 2880 2773 2970 Aprilis
2824 2886 3017 2951 1865.

2164 3062 2415 3133 3134.
2802 3064 3115 3130 IADREN.
3518 3062 3746 3150 (5346)

2292 3235 2579 3305 Director
2635 3237 2987 3304 calendarii
3033 3238 3112 3305 ad
3172 3257 3361 3305 usum
3407 3236 3749 3307 universae

2160 3323 2721 3395 Archidioeceseos
2765 3325 3072 3392 Iadrensis
3100 3324 3167 3393 in
3199 3325 3499 3393 Dalmatia
3550 3345 3746 3415 expo-

2161 3411 2287 3479 suit
2332 3415 2669 3480 Sacrorum
2713 3412 2973 3480 Rituum
3033 3415 3531 3502 congregationi
3587 3434 3749 3501 quae

2163 3510 2555 3587 sequuntur,
2607 3500 2954 3567 videlicet:

2291 3589 2390 3656 Ad
2433 3587 2920 3655 Benedictiones
2973 3607 3120 3655 cum
3177 3590 3581 3659 sanctissimo
3643 3592 3750 3659 Sa-

2164 3686 2515 3760 cramento,
2563 3694 2727 3762 quae
2769 3677 2981 3744 solent
3025 3677 3167 3745 fieri
3212 3678 3462 3767 saepius
3508 3681 3572 3746 in
3633 3678 3750 3746 bac

2165 3763 2430 3834 Civitate
2474 3764 2579 3832 vel
2613 3764 3108 3849 Archidioecesi,
3143 3767 3207 3833 in
3240 3766 3369 3834 fine
3398 3778 3546 3855 post
3586 3771 3752 3833 Tau-

2168 3867 2306 3922 tum
2361 3872 2505 3938 erqo
2562 3864 2626 3919 et
2682 3851 2755 3937 Ῡ.
2806 3856 3042 3920 Panem
3100 3855 3173 3920 de
3232 3853 3392 3920 coelo
3450 3854 3754 3923 dicuntur

2168 3941 2387 4031 plures
2429 3941 2778 4025 Orationes,
2828 3960 3063 4030 nempe
3109 3942 3313 4030 prima
3359 3944 3443 4010 de
3482 3941 3751 4010 Sanctis-

2163 4029 2321 4096 simo
2368 4030 2800 4114 Sacramento,
2833 4030 3114 4098 secunda
3147 4049 3264 4117 pro
3296 4034 3560 4100 Summo
3591 4034 3747 4097 Pon-

2168 4117 2363 4201 tifice,
2412 4116 2598 4183 tertia
2640 4137 2759 4204 pro
2802 4123 3188 4205 Imperante,
3238 4129 3457 4206 quarta
3503 4138 3618 4207 pro
3652 4117 3751 4186 ci·

2164 4206 2358 4272 vitate
2392 4217 2456 4271 et
2488 4206 2706 4292 quinta
2738 4225 2853 4293 pro
2887 4205 3260 4274 remissione
3354 4217 3747 4274 eccatorum:

2166 4297 2332 4360 Deua
2377 4298 2496 4380 qui
2541 4292 2732 4380 culpa
2779 4295 3143 4381 offenderis.-
3196 4305 3261 4361 et
3351 4314 3461 4362 aec
3525 4294 3750 4362 ultima

2163 4381 2370 4450 Oratio
2421 4401 2583 4468 quae
2629 4392 2809 4448 antea
2855 4381 3355 4450 concludebatur
3401 4385 3521 4448 Per
3570 4384 3750 4449 cliri-

2163 4483 2338 4539 stum
2407 4473 2753 4538 Dominum
2815 4481 3114 4537 nostrum
3139 4519 3160 4553 ‚
3232 4471 3447 4558 paucis
3523 4469 3751 4537 abhinc

2166 4559 2341 4626 annis
2389 4558 2795 4626 concluditur
2838 4559 2963 4626 sic:
3018 4559 3148 4636 Qui
3193 4563 3357 4626 vivis
3403 4570 3463 4626 ct
3523 4578 3751 4644 requos

2166 4652 2240 4716 in
2294 4648 2556 4714 saecula
2613 4646 3064 4728 saeculorum5
3128 4646 3513 4714 inhaerendo
3562 4647 3750 4716 huius

2169 4740 2393 4803 Sacrae
2440 4733 2963 4824 congregationis
3022 4739 3293 4802 Decreto
3352 4734 3471 4802 sub
3516 4735 3620 4804 die
3672 4739 3748 4804 10

2167 4823 2564 4913 Septembris
2614 4826 2784 4891 1718
2828 4822 2893 4889 in
2939 4823 3314 4891 cataniensi.

2300 4916 2458 4981 cnm
2504 4932 2657 4979 vero
2707 4930 2822 5001 per
2866 4915 3131 4978 Decreta
3179 4912 3467 4980 eiusdem
3533 4914 3747 4979 Sacro-

2174 5020 2315 5068 rum
2348 5001 2608 5069 Rituum
2640 4999 3165 5088 Congregationis
3193 5011 3501 5066 statutum
3533 4997 3745 5083 fuerit,

2172 5088 2343 5176 quod
2392 5088 2645 5175 quando
2691 5089 2755 5154 in
2797 5086 3354 5156 Benedictionibus
3399 5107 3548 5155 cum
3602 5090 3746 5154 San·

2173 5175 2448 5243 ctissimo
2503 5180 2908 5243 Sacramento
2969 5177 3188 5265 plures
3246 5176 3550 5244 dicuntur
3608 5177 3747 5241 Ora·

2174 5264 2378 5330 tiones
2422 5264 2487 5331 in
2533 5262 2939 5331 conclusione
2985 5264 3332 5332 servandae
3376 5263 3503 5331 sint
3531 5263 3748 5330 Rubri-

2175 5369 2310 5436 cae,
2360 5362 2425 5418 et
2468 5369 2614 5418 cum
2647 5351 3007 5439 supradicta
3037 5352 3259 5420 ultima
3287 5351 3496 5420 Oratio
3530 5350 3749 5420 babeat
