4042 5950
2013 345 2118 361 ...
2170 301 2329 380 4r½3
2380 343 2485 360 ...

734 467 782 529 Ι.
827 466 927 530 An
970 481 1126 548 aqua
1157 460 1519 544 benedicta,
1552 479 1716 561 quae
1761 459 2082 549 superfuit
2115 458 2181 526 in

604 568 721 620 una
769 550 1268 633 consecratione,
1316 547 1600 617 adhiberi
1657 547 1863 648 possit
1909 548 1974 614 in
2019 547 2186 614 inse-

601 637 878 726 quenti?
925 648 989 704 et
1034 650 1346 723 qnatenus
1388 636 1785 719 affirmative,

683 733 692 736 “
732 730 806 794 ll.
848 729 965 792 Pro
1011 744 1139 810 quo
1186 743 1458 793 numero
1505 724 2049 791 consecrationum
2082 742 2183 790 ea-

602 813 753 880 dem
799 833 960 899 aqua
1004 812 1293 881 adhiberi
1339 810 1588 900 possit?

730 906 810 967 Et
855 904 1039 970 Sacra
1083 901 1344 968 Rituum
1388 900 1838 987 congregatio,
1888 898 1965 965 ad
2021 898 2184 964 rela-

602 988 838 1056 tionem
884 988 1222 1076 subscripti
1280 988 1570 1056 eiusdem
1629 991 1855 1056 Sacrae
1901 989 2183 1073 congre-

599 1076 868 1165 gationis
916 1075 1279 1160 Secretarii,
1329 1096 1400 1142 re
1458 1083 1704 1143 mature
1761 1085 2183 1173 accurateque

598 1183 939 1264 perpensa,
975 1162 1457 1231 rescribendum
1491 1162 1772 1230 censuit:
1819 1164 2183 1249 ‹Negative

602 1271 666 1318 in
712 1253 1004 1321 omnibus
1037 1273 1098 1318 ».
1151 1254 1360 1339 Atque
1407 1252 1488 1317 ita
1535 1250 1884 1338 rescripsit.

732 1339 841 1407 Die
886 1345 930 1410 9
974 1338 1296 1407 Februarii
1351 1342 1543 1407 1867.

602 1513 850 1585 3154.
1260 1517 1521 1583 IACEN.

726 1690 1076 1759 canonicus
1132 1687 1656 1756 Poenitentiarius
1711 1689 1775 1755 in
1819 1689 2180 1756 Gathedrali

507 1840 536 1868 ,
598 1778 881 1848 Ecclesia
928 1777 1159 1846 {acensi
1208 1796 1406 1866 penes
1452 1779 1522 1844 S.
1555 1780 1633 1844 R.
1665 1779 1736 1843 c.
1776 1776 2071 1864 exposuit
2115 1776 2181 1843 in

595 1867 873 1969 praefata
931 1864 1292 1935 cathedrali
1353 1863 1817 1948 Praebendam,
1865 1884 1990 1965 qna
2042 1864 2180 1951 ipse

595 1955 957 2043 insignitur,
1002 1972 1130 2021 non
1159 1952 1352 2020 inisse
1400 1953 1751 2021 institutam
1782 1951 1901 2019 nisi
1934 1964 2178 2042 postre-

595 2042 715 2111 mis
770 2042 943 2110 hisce
1005 2040 1204 2108 annis.
1262 2041 1468 2119 Quum
1524 2058 1678 2128 ergo
1738 2040 1943 2108 nullas
2012 2040 2179 2107 circa

593 2130 1008 2197 assistentiam
1053 2128 1281 2195 Altaris
1327 2148 1443 2216 pro
1490 2128 1762 2195 Diacono
1811 2138 1876 2193 et
1922 2126 2181 2196 Subdia·

594 2238 758 2286 cono
823 2216 1318 2286 consuetudines
1380 2215 1667 2284 invenire
1730 2214 2040 2304 potuerit,
2100 2236 2176 2282 eo

594 2305 768 2393 quod
818 2306 953 2392 ipse
998 2305 1243 2392 primus
1288 2303 1368 2372 ad
1412 2302 1884 2371 Poenitentiarii
1942 2321 2178 2372 munus

593 2392 789 2464 luerit
847 2392 1176 2471 adlectus;
1240 2391 1545 2459 eumdem
1606 2392 1899 2460 ordinem
1945 2392 2061 2458 hac
2110 2390 2179 2458 in

593 2501 664 2547 re
713 2500 860 2550 cnm
904 2479 1137 2548 ceteris
1184 2478 1509 2547 Canonicis
1553 2490 1863 2566 sequutus
1896 2489 2014 2547 est.
2054 2482 2176 2547 Ve-

591 2588 735 2635 rum
800 2588 997 2655 quum
1065 2587 1190 2635 non
1254 2586 1394 2633 raro
1457 2567 1539 2634 ob
1598 2565 1962 2634 huiusmodi
2031 2567 2176 2634 assi-

590 2656 885 2724 stentiam
981 2655 1153 2721 lures
1190 2654 1598 2740 poenitentes
1643 2653 2034 2721 inconfessos
2080 2673 2177 2720 re·

592 2743 887 2829 linquere
962 2743 1172 2827 ebeat,
1222 2741 1501 2829 graviter
1530 2741 1737 2808 animo
1783 2743 2170 2830 angebatur;

590 2848 867 2915 cumque
897 2850 1026 2898 non
1059 2832 1283 2899 eadem
1329 2829 1540 2917 praxis
1573 2831 1635 2897 in
1675 2829 2177 2915 metropolitanis

590 2920 696 2988 vel
728 2917 1208 2989 cathedralibus
1237 2918 1537 2987 Ecclesiis
1582 2916 1915 3007 Hispaniae
1962 2916 2177 3006 vigeat

591 3007 798 3095 quoad
849 3007 1183 3075 servitium
1229 3006 1458 3075 Altaris
1500 3028 1534 3074 a
1580 3006 1895 3074 canonico
1950 3007 2173 3073 Poeni·

591 3095 886 3164 tentiario
929 3096 1407 3181 praestandum,
1440 3095 1522 3163 de
1553 3094 1693 3164 Rmi
1731 3092 2043 3162 ordinarii
2074 3094 2172 3161 sni

590 3182 844 3251 licentia
896 3184 1105 3253 eidem
1169 3186 1238 3253 S.
1293 3183 1787 3271 congregationi
1846 3201 2009 3268 quae
2069 3201 2171 3249 se-

587 3281 875 3372 quuntur
936 3272 1127 3340 dubia
1186 3271 1577 3340 enucleanda
1638 3271 2016 3358 proposuit3
2076 3269 2171 3339 ni-

586 3377 870 3427 mirumz

717 3451 768 3514 Ι.
815 3448 1167 3515 Canonicus
1212 3447 1737 3515 Poenitentiarius
1768 3446 1911 3534 cogi
1943 3467 2028 3515 ne
2053 3466 2170 3535 po·

589 3546 712 3601 test
755 3533 835 3601 ad
884 3535 1365 3603 inserviendum
1411 3555 1526 3624 pro
1573 3536 1844 3603 Diacono
1891 3546 1955 3602 et
2004 3538 2165 3603 Sub-

585 3622 852 3689 diacono
900 3622 962 3688 in
1009 3622 1476 3692 pontificalibus
1528 3634 1592 3692 et
1638 3623 2166 3692 Semi-Pontifica-

587 3707 774 3793 libus,
823 3728 1227 3797 quacumque
1287 3712 1751 3780 consuetudine
1810 3713 1876 3778 in
1921 3722 2164 3780 contra-

584 3796 752 3864 rium
798 3815 925 3864 non
971 3796 1311 3866 obstante?
1355 3810 1421 3866 et
1474 3810 1787 3886 quatenus
1837 3801 2163 3886 negative,

714 3889 793 3953 11.
831 3886 928 3951 An
972 3886 1037 3953 in
1084 3887 1443 3956 cathedrali
1474 3887 1734 3971 lacensi,
1766 3888 2020 3954 attentis
2056 3908 2165 3955 ex-

583 3972 804 4059 positis
869 3972 1387 4057 circumstantiis,
1449 3974 1526 4042 ad
1590 3976 1652 4043 id
1711 3976 2162 4062 praestandum

586 4071 877 4129 teneatur
923 4062 1270 4130 Canonicus
1319 4061 1847 4130 poenitentiarius
1871 4061 1904 4128 ⁴?

714 4152 894 4216 Sacra
940 4169 1094 4216 vero
1141 4151 1399 4217 Ritunm
1445 4148 1889 4238 Congregatio,
1939 4151 2163 4237 exqui-

581 4234 696 4305 sita
745 4237 919 4325 prius
977 4236 1042 4304 in
1099 4237 1349 4325 scriptis
1405 4238 1715 4306 sententia
1774 4239 2036 4306 alterius
2082 4258 2162 4306 ex

581 4324 1084 4412 Apostolicarum
1127 4327 1681 4394 caeremoniarum
1719 4326 2049 4412 magistris,
2082 4327 2158 4395 ad

579 4413 955 4480 relationem
999 4412 1339 4503 subscripti
1387 4414 1724 4484 Secretarii
1778 4428 1844 4481 et
1903 4435 1975 4482 re
2029 4435 2157 4482 ma·

579 4510 728 4567 ture
771 4510 1197 4602 accurateque
1333 4523 1584 4605 rpensa,
1635 4504 1987 4572 rescribere
2032 4516 2162 4571 rata

582 4596 723 4654 est:
776 4610 814 4653 ‹
843 4589 1185 4675 Propositis
1277 4589 1438 4658 ubiis
1485 4610 1622 4657 esse
1670 4591 1995 4678 provisum
2044 4612 2161 4681 per

577 4677 842 4743 Decreta
864 4678 1087 4744 Sacrae
1118 4679 1638 4765 congregationis
1669 4680 1929 4747 Concilii
1956 4701 2020 4748 ».
2056 4686 2160 4747 At-

577 4781 703 4848 que
752 4763 835 4830 ita
880 4764 1254 4833 declaravit.

707 4849 822 4918 Die
871 4855 949 4921 13
993 4852 1229 4940 Aprilis
1281 4857 1473 4923 1867.

575 5028 828 5099 3155.
1150 5031 1567 5099 clinamen,
1651 4986 1656 4993 ’

981 5137 1085 5201 nr
1129 5138 1232 5202 ns
1277 5137 1738 5204 mummi-m.

708 5288 1057 5378 Episcopus
1131 5290 1455 5358 Canarien.
1530 5303 1596 5359 et
1667 5293 2156 5361 Administrator

572 5374 967 5465 Apostolicus
1020 5377 1466 5443 Teneriffensis
1533 5380 1596 5445 in
1657 5379 1977 5449 Altaribus
2035 5385 2151 5449 Ec·

1955 1513 2179 1603 (5378)

1924 5033 2151 5120 (5379)

2288 457 2625 526 elesiarum
2671 455 3006 543 utriusque
3058 457 3378 526 Dioecesis
3422 456 3530 524 vix
3577 477 3712 524 aras
3758 477 3883 525 seu

2283 545 2525 613 tabulas
2590 545 2871 633 lapideas
2932 544 3054 613 rite
3115 555 3506 613 consecratas
3569 546 3825 614 invenit
3854 572 3875 611 ε

2285 633 2422 720 ipse
2467 644 2683 701 antem
2738 633 2919 722 plura
2979 644 3247 700 centena
3295 633 3735 717 consecravit,
3808 645 3885 702 ut

2288 720 2408 788 illis
2450 741 2593 788 snas
2637 721 2872 789 ditaret
2916 721 3259 788 Ecclesiae.
3307 728 3607 788 Attamen
3654 741 3735 788 ex
3790 733 3887 787 ta-

2288 809 2451 876 bulis
2498 821 2797 876 recenter
2843 809 3221 875 consecratis
3273 813 3333 877 l.
3366 809 3682 895 quaedam
3742 811 3887 877 exi·

2285 907 2485 979 stunt,
2520 897 2585 965 in
2630 915 2904 982 quorum
2950 896 3251 982 sepulcro
3298 915 3379 964 ex
3427 915 3652 964 errore
3682 898 3883 964 unius

2288 996 2531 1052 tantum
2580 984 2788 1051 Sancti
2843 987 3128 1071 Martyris
3190 984 3519 1070 Reliquiae
3579 985 3882 1053 conditae

2284 1081 2455 1156 sunt,
2507 1083 2573 1139 et
2616 1072 2695 1138 ab
2738 1071 2874 1138 aliis
2917 1083 3240 1158 separatae
3284 1073 3594 1141 existunt.
3640 1077 3709 1141 2.
3763 1072 3883 1139 ali·

2285 1179 2447 1246 quae
2493 1171 2709 1229 autem
2755 1177 3026 1227 numero
3067 1179 3453 1248 perpaucae,
3508 1161 3592 1229 de
3636 1161 3885 1248 quibus

2285 1246 2612 1316 dubitatur
2669 1268 2749 1317 an
2814 1246 3002 1314 unius
3058 1250 3161 1315 vel
3223 1248 3648 1335 plurimorum
3718 1252 3883 1319 San-

2283 1347 2532 1403 ctorum
2601 1333 2918 1422 Reliquias
2986 1338 3352 1404 contineant
3378 1384 3397 1420 ‚
3457 1346 3521 1403 et
3570 1356 3742 1423 quae
3800 1338 3882 1404 ab

2283 1423 2444 1508 aliis,
2480 1441 2707 1510 magno
2731 1442 3002 1490 numero
3034 1424 3158 1490 rite
3182 1425 3616 1508 consideratis,
3641 1424 3881 1493 distin·

2289 1511 2398 1598 gui
2431 1531 2559 1579 non
2588 1521 2880 1598 possunt.
2910 1511 3229 1589 Quaesivit
3261 1532 3413 1602 ergo
3442 1532 3478 1578 a
3506 1516 3572 1581 S.
3599 1516 3674 1581 R.
3707 1517 3786 1581 C.

2282 1669 2291 1674 ,
2417 1604 2465 1666 1.
2515 1604 2609 1666 An
2658 1598 2904 1687 primae
2946 1599 3071 1666 sint
3117 1600 3336 1670 denuo
3367 1602 3882 1677 consecrandaez

2286 1691 2390 1755 vel
2428 1686 2694 1755 sufficiat
2738 1687 2805 1753 in
2850 1690 2942 1754 eis
2971 1686 3049 1754 ab
3079 1688 3352 1789 ipsomet
3382 1690 3729 1777 Episcopo,
3765 1689 3879 1775 qui

2285 1794 2387 1841 eas
2421 1774 2834 1859 consecravit,
2884 1775 3114 1863 aperiri
3161 1777 3533 1879 sepulcrum
3567 1788 3632 1844 et
3660 1777 3752 1844 ibi
3787 1776 3878 1842 al-

2286 1863 2483 1930 terius
2530 1862 2740 1931 Sancti
2786 1862 3105 1949 Reliquias
3151 1861 3558 1953 adiungere?

2415 1955 2488 2018 ΙΙ.
2537 1955 2635 2017 An
2678 1950 2997 2018 secundae
3062 1953 3303 2039 possint
3349 1953 3628 2038 relinqui
3676 1965 3882 2042 prout

2279 2050 2454 2122 sunt,
2492 2037 2932 2127 permittendo
2963 2049 3035 2108 ut
3068 2040 3131 2106 in
3166 2041 3258 2108 eis
3290 2040 3686 2125 celebretur,
3723 2059 3880 2108 cum

2283 2146 2411 2194 non
2444 2125 2685 2214 possint
2715 2124 2793 2191 ab
2822 2126 2985 2212 aliis,
3017 2127 3127 2215 qui
3168 2128 3444 2196 duorum
3490 2130 3878 2196 Sanctorum

2280 2214 2599 2301 Reliquias
2646 2215 2707 2281 in
2753 2214 3055 2301 sepulcro
3102 2214 3362 2301 habent,
3399 2214 3769 2305 distingui?

2411 2307 2491 2369 Et
2537 2304 2720 2371 Sacra
2766 2303 2994 2369 eadem
3052 2305 3501 2392 congregatio,
3551 2304 3881 2391 exquisita

2280 2400 2459 2458 antea
2504 2389 2820 2457 sententia
2866 2390 2932 2457 in
2976 2392 3228 2477 scriptis
3257 2392 3520 2459 alterius
3568 2411 3651 2458 ex
3700 2395 3881 2480 Apo·

2275 2477 2640 2545 stolicarum
2685 2478 3238 2547 caeremoniarum
3286 2478 3621 2566 Magistris,
3661 2480 3879 2547 omni·

2280 2565 2396 2633 bns
2440 2578 2689 2633 mature
2740 2567 3109 2653 perpensis,
3159 2566 3650 2636 rescribendum
3719 2587 3880 2636 cen-

2277 2654 2448 2722 suitz
2513 2677 2551 2720 ‹
2586 2654 3086 2742 supplicandum
3134 2655 3540 2724 Sanctissimo
3587 2674 3712 2743 pro
3778 2676 3875 2721 sa·

2276 2742 2557 2827 natione,
2604 2743 2682 2811 ad
2729 2743 3041 2811 cautelam
3090 2754 3335 2811 tantum
3369 2765 3431 2812 ».

2413 2829 2526 2898 Die
2576 2835 2652 2899 13
2699 2829 2934 2919 Aprilis
2980 2833 3174 2899 1867.

2405 2923 2589 2987 Facta
2612 2936 2767 2987 vero
2796 2918 2880 2987 de
2913 2916 3270 3007 praemissis
3303 2919 3715 2989 sanctissimo
3750 2925 3877 2988 Do·

2275 3006 2446 3074 mino
2501 3010 2730 3074 Nostro
2776 3007 2883 3073 Pio
2929 3012 3090 3094 Papa
3132 3012 3215 3076 lx
3260 3030 3294 3075 a
3338 3009 3701 3097 subscripto
3752 3013 3873 3078 Se·

2273 3096 2537 3163 cretario
2583 3095 2760 3163 fideli
2792 3096 3128 3179 relatione,
3156 3096 3262 3164 die
3310 3102 3350 3165 2
3390 3095 3529 3164 nait
3564 3096 3873 3165 eiusdem

2276 3184 2446 3267 anni,
2475 3184 2776 3252 Sanctitas
2800 3185 2923 3251 Sua
2946 3186 3334 3252 sanationem
3362 3195 3679 3271 utsupra,
3710 3205 3875 3272 qua·

2280 3283 2462 3338 tenus
2508 3290 2668 3360 opus
2712 3272 2820 3357 sit,
2870 3272 3229 3340 concedere
3267 3273 3519 3361 dignata
3552 3283 3683 3340 est.

2276 3448 2532 3519 3156.
2912 3452 3217 3517 noman.
3627 3450 3869 3538 (eaeo)

2403 3628 2472 3690 ln
2500 3622 2792 3711 capitulo
2825 3624 3216 3694 Gathedralis
3239 3625 3558 3694 Ecclesiae
3581 3628 3862 3698 Bobien.

2269 3717 2392 3783 buc
2419 3731 2619 3798 usque
2651 3710 2948 3780 usitatum
2980 3714 3125 3798 init,
3154 3725 3228 3780 ut
3254 3715 3437 3802 signo
3459 3716 3686 3783 crucis
3709 3737 3865 3785 sese

2267 3803 2586 3892 signarent
2610 3798 3149 3868 Hebdomadarius
3172 3812 3239 3868 et
3259 3803 3552 3870 canonici
3577 3804 3657 3870 ad
3682 3807 3865 3873 Deus

2266 3895 2340 3958 in
2386 3889 2822 3969 adiutorium,
2872 3889 3051 3956 initio
3100 3890 3383 3959 omnium
3428 3894 3745 3959 Horarum
3798 3907 3863 3960 et

2264 3976 2594 4054 Laudum3
2643 3976 2720 4043 ad
2770 3977 3187 4045 Aditum-ium
3246 3989 3565 4061 nostrum,
3616 3979 3700 4047 ad
3750 3985 3862 4047 Ist-

2263 4065 2685 4150 dulqentiam,
2737 4064 3200 4133 absolutionem
3242 4077 3364 4133 etc.
3412 4077 3479 4131 et
3521 4068 3600 4134 ad
3648 4072 3859 4136 Bene-

2268 4152 2614 4221 dictionem
2670 4151 2735 4218 in
2794 4152 2921 4220 fine
2981 4154 3226 4221 Primae
3272 4167 3339 4220 et
3385 4154 3857 4241 completorii;

2261 4240 2339 4308 ad
2366 4239 2768 4319 Benedictus,
2798 4242 3176 4327 Maqnificat
3203 4253 3271 4310 et
3300 4245 3491 4309 Nunc
3517 4243 3816 4314 dimittis
3830 4268 3860 4326 ,-

2263 4349 2334 4396 ac
2363 4327 2601 4416 pollice
2641 4327 2965 4414 signarent
2997 4349 3068 4397 os
3095 4331 3172 4398 ad
3208 4330 3473 4398 Domine
3499 4330 3682 4398 labia
3714 4352 3857 4401 m

2264 4419 2531 4503 aperies,
2566 4429 2633 4484 et
2663 4427 2889 4504 pectus
2934 4419 3010 4485 ad
3064 4423 3364 4487 Converte
3410 4438 3522 4485 nos
3561 4421 3761 4487 Deus.

2393 4507 2632 4573 Verum
2665 4505 2853 4572 modo
2886 4516 3016 4572 tres
3040 4527 3122 4575 ex
3149 4505 3476 4577 canonicis
3507 4506 3860 4595 opinantur

2265 4593 2329 4660 in
2359 4590 2673 4678 aliquibus
2708 4610 2789 4659 ex
2816 4594 3118 4692 praefatis
3150 4594 3303 4663 locis
3343 4596 3553 4662 solum
3600 4596 3859 4665 Hebdo-

2262 4681 2612 4749 madarium
2659 4700 2728 4747 se
2784 4695 3032 4766 signare
3093 4684 3381 4768 debere;
3447 4693 3510 4750 et
3560 4684 3621 4751 in
3683 4684 3854 4769 aliis,

2258 4769 2607 4837 neminem.
2660 4770 2751 4835 Ne
2784 4788 2936 4837 vero
2969 4771 3301 4838 diversitas
3340 4770 3495 4838 haec
3527 4771 3593 4839 in
3623 4771 3853 4840 divino

2255 4856 2470 4925 Officio
2517 4856 2844 4925 recitando
2889 4856 3163 4925 dissidiis
3210 4859 3604 4926 occasionem
3662 4879 3853 4948 prae-

2258 4945 2427 5029 beat,
2479 4943 2826 5013 Canonicus
2871 4946 3293 5034 praepositus,
3335 4946 3530 5035 ipsius
3567 4949 3851 5037 capituli

2257 5033 2540 5118 nomine,
2573 5055 2605 5100 a
2630 5038 2696 5103 S.
2725 5036 2798 5100 R.
2831 5039 2903 5104 c.
2941 5034 3252 5102 declarari
3283 5035 3506 5123 petiit:
3540 5038 3706 5104 Num
3735 5057 3849 5105 an·

2258 5122 2430 5207 tiqua
2475 5124 2685 5222 praxis
2729 5123 3032 5192 servanda
3076 5123 3184 5207 sit,
3219 5144 3298 5191 an
3327 5139 3503 5204 non;
3553 5126 3849 5211 exceptis

2253 5209 2523 5276 Canticis
2546 5213 2922 5278 Benedictus
2954 5222 3020 5278 et
3043 5213 3444 5312 Magnifica&
3472 5230 3673 5299 snper
3701 5213 3847 5299 qui-

2260 5296 2410 5449 bus?
2427 5298 2548 5364 iam
2594 5320 2627 5364 a
2674 5302 2856 5367 Sacra
2901 5301 3410 5388 congregatione
3472 5302 3847 5370 consultum

2260 5393 2356 5448 est
