4042 5950
2037 334 2508 412 ...450-

620 495 874 564 3145.
1028 495 1132 559 DE
1177 492 1789 560 GUADALAXARA.

1973 489 2201 579 (6363)

749 672 952 749 Quum
1001 672 1195 736 Rmus
1241 670 1412 735 Dfius
1458 670 1679 733 Petrus
1739 669 2042 754 Espinosa
2088 672 2205 736 Ar-

621 757 1066 844 chiepiscopus
1101 757 1186 823 de
1216 756 1636 823 Guadalaxara
1682 772 1881 841 penes
1913 757 1982 822 S.
2016 759 2090 824 R.
2127 760 2199 824 C.

620 846 981 915 humillime
1013 863 1289 930 sequens
1318 842 1585 910 dubium
1619 842 2023 910 enodandum
2059 863 2206 931 pro-

621 935 982 1024 posuisset;
1043 932 1395 999 nimirum:
1458 933 1554 997 An
1612 949 1839 996 revera
1883 951 2054 998 sacra
2101 936 2205 999 Pa-

617 1032 925 1106 ramenta,
960 1039 1114 1087 auro
1161 1020 1432 1088 maxima
1478 1019 1702 1085 saltem
1735 1037 1813 1084 ex
1846 1029 2027 1105 parte
2060 1039 2205 1086 con-

623 1118 820 1193 texta,
869 1128 985 1195 pro
1032 1125 1440 1194 quocumque
1473 1106 1715 1191 colore,
1752 1107 2039 1194 exceptis
2071 1108 2205 1174 vio-

620 1198 797 1264 laceo
845 1205 911 1261 et
956 1195 1166 1281 nigro,
1216 1195 1523 1261 inservire
1570 1192 1855 1280 possint?

750 1288 935 1352 Sacra
964 1283 1191 1351 eadem
1222 1283 1480 1351 Rituum
1514 1282 1965 1370 congregatio,
1998 1283 2066 1350 in
2095 1286 2206 1350 Or-

620 1371 864 1441 dinatio
922 1375 1122 1440 Coetu
1182 1371 1260 1439 ad
1305 1370 1670 1438 Vaticanum
1729 1370 2039 1438 hodierna
2097 1370 2206 1438 die

619 1470 830 1529 coacta
860 1459 1341 1528 rescribendum
1375 1457 1667 1525 censuit:
1715 1478 1752 1521 ι
1787 1459 2205 1526 Tolerandam

620 1566 760 1615 esse
806 1548 1094 1616 locorum
1132 1545 1689 1630 consuetudinem,
1724 1546 1924 1614 relate
1956 1559 2201 1614 tantum

619 1637 695 1703 ad
743 1640 1104 1703 Paramenta
1153 1655 1233 1701 ex
1280 1654 1433 1701 auro
1481 1643 1777 1701 contexta
1811 1656 1873 1699 ».

750 1724 864 1791 Die
909 1727 995 1790 28
1042 1722 1277 1811 Aprilis
1329 1725 1519 1790 1866.
1626 1733 1634 1742 ’

619 1899 873 1970 3146.
1240 1896 1577 1964 NOLANA.
1974 1897 2203 1984 (6364)

745 2078 952 2155 Quum
996 2077 1191 2140 Rmus
1235 2071 1537 2140 Dominus
1599 2072 1901 2159 Iosephus
1963 2072 2201 2140 Formi·

615 2184 765 2232 sano
836 2162 1183 2252 Episcopus
1249 2161 1525 2228 Nolanus
1594 2160 1991 2248 exposuisset
2054 2162 2201 2228 huic

619 2257 683 2321 S.
735 2256 808 2320 R.
861 2254 935 2319 C.
982 2251 1380 2333 Sacerdotes,
1430 2248 1685 2333 quibus,
1735 2248 1979 2314 ratione
2028 2248 2198 2316 infir·

616 2340 851 2408 mitatis
882 2340 986 2406 vel
1022 2337 1139 2404 alia
1185 2335 1534 2403 rationabili
1585 2355 1790 2418 causa,
1828 2354 2198 2404 concessum

617 2428 735 2495 fuit
778 2426 1193 2514 privilegium
1232 2424 1601 2491 celebrandi
1634 2425 1876 2490 Missam
1908 2425 2197 2491 Votivam

615 2520 687 2582 B.
722 2514 947 2581 Mariae
981 2514 1282 2601 Virginis,
1316 2511 1620 2612 ancipites
1650 2510 1899 2599 saepius
1931 2511 2198 2578 haerere

615 2603 779 2669 circa
839 2602 1103 2669 modum
1165 2600 1478 2666 eiusmodi
1527 2599 1733 2665 Missas
1789 2599 2196 2666 celebrandi:

619 2699 962 2779 eapropter
1006 2686 1083 2754 ab
1129 2687 1358 2754 eadem
1403 2686 1763 2753 humillime
1805 2685 2036 2752 horum
2083 2687 2200 2755 du-

617 2777 867 2845 biorum
914 2775 1299 2842 solutionem
1347 2774 1730 2861 exquisivit;
1780 2793 2062 2861 nempe:

648 2917 654 2922 .
746 2870 792 2933 1.
845 2867 940 2930 An
987 2862 1320 2946 Sacerdos,
1371 2864 1470 2929 cui
1525 2862 1766 2928 ratione
1819 2861 2201 2930 infirmitatis

614 2954 815 3021 aliave
858 2949 1210 3019 rationabili
1256 2970 1465 3036 causa,
1515 2973 1546 3016 a
1594 2953 1662 3019 S.
1696 2951 1864 3019 Sede
1919 2962 2197 3039 potestas

615 3043 772 3109 iacta
807 3052 901 3108 est
930 3038 1294 3107 celebrandi
1334 3038 1578 3107 Missam
1610 3040 1898 3107 Votivam
1931 3039 2015 3107 de
2047 3045 2198 3107 Bea-

618 3130 851 3198 tissima
911 3127 1209 3215 Virgine,
1266 3128 1464 3216 possit
1527 3127 1891 3195 huiusmodi
1950 3127 2194 3195 Missam

613 3219 942 3287 celebrare
989 3216 1176 3282 etiam
1227 3216 1288 3283 in
1332 3216 1530 3283 Festis
1558 3214 2046 3284 solemnioribus
2090 3216 2195 3283 vel

614 3306 839 3374 diebus
871 3303 1310 3394 privilegiatis,
1345 3323 1453 3371 ex.
1479 3323 1578 3392 gr.
1616 3305 1679 3371 in
1711 3303 2047 3370 Nativitate
2078 3308 2196 3371 Do·

614 3394 794 3477 mini,
830 3393 893 3460 in
923 3396 1109 3461 Festo
1141 3395 1574 3478 Pentecostes‚
1610 3394 1673 3458 in
1710 3391 2031 3458 Dominica
2062 3393 2194 3459 Pal-

612 3478 915 3549 marum?
958 3490 1025 3545 et
1069 3490 1380 3566 quatenus
1427 3479 1823 3563 affirmative,

744 3574 818 3637 11.
871 3569 965 3633 An
1015 3577 1307 3634 teneatur
1352 3568 1657 3636 adhibere
1704 3585 1964 3655 semper
2022 3568 2193 3635 colo·

612 3675 754 3723 rem
799 3655 1063 3732 album3
1113 3656 1217 3721 vel
1265 3655 1765 3741 respondentem
1810 3653 2052 3723 Festo?

743 3748 844 3811 ΙΙΙ.
895 3744 992 3809 An
1055 3743 1118 3809 in
1173 3744 1374 3811 Festis
1433 3742 1918 3811 solemnioribus
1965 3743 2029 3810 in
2076 3745 2188 3812 hu-

613 3830 883 3899 iusmodi
925 3831 1099 3897 Missa
1135 3829 1355 3899 Votiva
1387 3842 1680 3898 teneatur
1722 3831 1962 3899 addere
1999 3833 2192 3899 Credo

612 3921 720 4072 vell)
768 3921 1015 4075 mgr-ia,
1068 3919 1204 3984 sive
1261 3917 1555 4005 privatim
1602 3919 1734 3986 sive
1782 3918 2041 4006 publice
2087 3940 2191 3987 ce·

613 4010 674 4075 le
722 4020 822 4075 ret

741 4099 850 4164 IV.
883 4097 1139 4176 Quando
1164 4094 1227 4161 in
1251 4094 1383 4180 die,
1410 4106 1668 4182 praeter
1690 4099 1943 4162 Festum
1980 4097 2189 4164 Sancti

609 4183 1025 4265 occurrentis,
1072 4184 1348 4250 recurrit
1392 4183 1508 4249 alia
1538 4183 1818 4251 collecta
1848 4184 1928 4250 de
1961 4186 2188 4251 Sancto

609 4271 876 4358 simplici
925 4271 1028 4337 vel
1078 4271 1161 4338 de
1208 4271 1410 4356 Feria,
1458 4282 1610 4339 tunc
1654 4271 1931 4338 secunda
1977 4272 2187 4339 Oratio

609 4359 818 4426 eritne
850 4361 930 4426 de
978 4356 1220 4447 Spiritu
1266 4361 1517 4443 Sancto,
1554 4370 1619 4425 et
1650 4359 1837 4425 tertia
1869 4358 2046 4426 Eccl.
2080 4361 2185 4427 vel

610 4466 724 4535 pro
756 4450 938 4534 Papa,
971 4456 1160 4535 prout
1237 4446 1644 4514 raescrihitnr
1673 4448 1738 4513 in
1762 4447 2048 4515 Rubricis
2069 4451 2186 4516 Ge·

607 4534 975 4616 neralibus3
1039 4534 1142 4600 vel
1239 4553 1274 4600 e
1333 4538 1519 4602 Festo
1582 4536 1942 4602 occurrenti
1991 4546 2057 4603 et
2101 4538 2185 4603 de

608 4625 833 4690 Sancto
879 4621 1150 4711 simplici
1199 4632 1308 4689 aut
1351 4623 1434 4690 de
1482 4620 1713 4689 Feria‘?

737 4714 813 4778 V.
863 4711 1174 4778 Addenda
1231 4730 1317 4778 ne
1372 4712 1495 4777 erit
1542 4711 1902 4778 huiusmodi
1963 4712 2180 4779 Missae

606 4799 868 4866 Votivae
924 4799 1227 4883 Collecta,
1275 4799 1326 4865 si
1372 4818 1494 4885 qua
1549 4799 1624 4865 ab
1676 4798 2005 4868 ordinario
2062 4800 2182 4866 loci

604 4886 986 4976 praescripta
1035 4882 1182 4953 est?

734 4977 835 5042 VI.
887 4978 956 5041 ln
1001 4974 1106 5042 die
1150 4973 1495 5041 Nativitatis
1546 4975 1791 5042 Domini
1839 4985 2052 5061 potest
2097 4995 2178 5043 ne

602 5060 703 5127 hic
736 5062 1043 5217 Sacegdos
1088 5070 1218 5127 tres
1263 5061 1470 5129 Missas
1517 5062 1846 5130 celebrare
1878 5062 1963 5129 de
1994 5068 2182 5132 Beata

601 5149 712 5216 Vir
760 5150 864 5216 ine

713 5167 909 5306 gSacra
943 5257 1099 5304 vero
1130 5238 1353 5323 eadem
1385 5240 1807 5325 congregatio
1841 5239 1937 5307 his
1969 5237 2180 5306 dubiis

599 5335 846 5392 mature
880 5325 1213 5410 perpensis
1244 5326 1765 5412 respondendum
1799 5327 2085 5392 censuit:

728 5413 822 5497 Ad
870 5414 916 5477 l.
968 5431 1006 5473 ‹
1038 5410 1425 5476 Affirmative
1457 5432 1521 5475 ».

2440 490 2536 557 Ad
2582 477 2660 557 ΙΙ.
2709 511 2747 554 ‹
2780 489 2984 557 Debet
3028 506 3284 576 semper
3327 488 3419 555 uti
3468 485 3694 554 colore
3734 489 3896 571 albo,

2311 577 2484 645 iuxta
2529 581 2796 645 Decreta
2842 578 2990 644 alias
3039 576 3209 644 edita
3240 599 3304 642 ι.

2441 665 2536 731 Ad
2585 669 2684 732 111.
2738 687 2776 730 ‹
2807 664 3159 753 Νεμείης
3225 675 3487 752 praeter
3546 665 3781 733 Gloria
3842 665 3901 730 in

2311 752 2589 821 Sabbatis
2621 774 2684 818 ».

2442 841 2535 908 Ad
2587 843 2688 909 IV.
2741 862 2779 904 ι
2812 842 3016 909 Debet
3080 851 3327 907 tantum
3388 840 3529 906 illas
3574 841 3900 909 Orationes

2311 931 2572 1018 legere,
2642 948 2806 1014 quae
2866 928 3082 995 Missae
3128 929 3394 997 Votivae
3461 930 3895 1014 convenimt3

2306 1035 2542 1172 neffnpe
2589 1019 2713 1193 dlep
2718 1017 2960 1106 Spiritu
3008 1017 3237 1084 Sancto
3285 1026 3350 1084 et
3390 1016 3898 1084 &colesiacum

2309 1125 2387 1172 ve
2508 1124 2579 1170 ro
2720 1153 2738 1173 .
2774 1127 2836 1170 ν.

2389 1267 2400 1280 ,
2440 1123 2535 1259 Apd
2585 1196 2663 1260 V.
2713 1215 2751 1257 ‹
2783 1193 3088 1281 Negative
3123 1214 3191 1260 ».

2439 1283 2532 1349 Ad
2584 1284 2684 1348 Vl.
2737 1302 2775 1344 ι
2809 1281 3152 1366 Negative,
3201 1279 3375 1348 iuxta
3423 1285 3693 1348 Decreta
3755 1281 3895 1348 alias

2312 1369 2479 1437 edita
2514 1391 2582 1436 ι.
3442 1369 3445 1378 ’

2439 1458 2646 1544 Atque
2691 1456 2773 1522 ita
2816 1458 3146 1558 respondit
3179 1468 3245 1522 et
3275 1456 3515 1523 servari
3546 1456 3890 1525 mandavit.

2438 1546 2552 1611 Die
2602 1550 2689 1614 28
2733 1545 2966 1632 Aprihs
3019 1548 3210 1613 1866.

2307 1687 2550 1757 3147.
2890 1686 3305 1754 PATAVINA.

2436 1809 2728 1895 Magister
2790 1807 3344 1875 caeremoniarum
3399 1807 3730 1875 Ecclesiae
3788 1812 3897 1877 ca-

2304 1896 2610 1965 thedralis
2642 1895 2971 1963 Patavinae
2993 1897 3080 1962 de
3101 1896 3415 1964 ordinarii
3445 1896 3543 1962 sni
3579 1915 3896 1964 consensu

2301 2008 2335 2052 a
2368 1988 2437 2053 S.
2471 1988 2545 2052 R.
2582 1987 2653 2052 C.
2692 1984 3169 2071 insequentium
3222 1983 3567 2051 dubiorum
3614 1985 3895 2052 declara-

2304 2075 2545 2142 tionem
2592 2072 2952 2140 humillime
3000 2073 3233 2161 petiit;
3282 2090 3575 2161 nempe:

2435 2167 2485 2229 1.
2521 2163 2617 2227 An
2648 2160 2998 2248 Regulares
3031 2160 3094 2227 in
3123 2160 3407 2227 Dioecesi
3455 2161 3748 2228 Patavina
3781 2161 3893 2227 de-

2302 2260 2529 2338 gentes
2587 2259 2926 2315 teneantur
2970 2250 3047 2316 ad
3106 2247 3503 2316 recitandum
3549 2248 3767 2316 Officia
3818 2249 3893 2314 ad

2303 2337 2684 2426 petitionem
2736 2340 2828 2403 Re
2876 2354 2985 2403 um
3033 2347 3098 2402 et
3144 2335 3510 2422 Principum
3577 2336 3895 2403 universis

2304 2443 2528 2492 eorum
2574 2424 2837 2512 Regioni
2889 2445 2962 2490 us
3018 2443 3346 2507 concessa,
3396 2443 3541 2492 cum
3587 2442 3894 2511 expressa

2303 2514 2627 2667 melun-⁰¹3?
2683 2512 3014 2598 utriusque
3070 2513 3238 2579 Cleri
3298 2511 3635 2579 Secularis.
3662 2522 3729 2577 et
3776 2517 3900 2580 Re-

2352 2622 2391 2668 u
2422 2621 2542 2667 aris

2305 2619 2345 2688 g
2433 2693 2510 2756 ΙΙ.
2559 2691 2655 2755 An
2702 2688 2897 2755 iidem
2946 2698 3285 2756 teneantur
3322 2689 3400 2756 ad
3435 2687 3761 2755 recitanda
3795 2689 3901 2755 ot·

2303 2776 2440 2844 ficia
2510 2795 2805 2843 concessa
2873 2776 3118 2843 cunctis
3184 2775 3490 2843 Dominiis
3558 2775 3720 2863 Regi
3789 2787 3903 2842 aut

2299 2864 2572 2952 Principi
2641 2863 2977 2945 subiectis,
3041 2863 3215 2931 nulla
3285 2866 3443 2931 facta
3512 2863 3578 2931 in
3634 2864 3903 2931 indulto

2298 2952 2705 3020 distinctione
2751 2949 2978 3019 Cleri?

2429 3045 2534 3108 Ill.
2582 3047 2677 3108 An
2722 3041 2800 3108 ad
2847 3039 3058 3108 Officia
3103 3040 3362 3127 utrique
3400 3041 3590 3108 Glero
3622 3040 3905 3107 alicuius

2297 3129 2613 3196 Dioecesis
2661 3127 2959 3196 indulta?

2430 3221 2534 3285 lV.
2574 3217 2668 3283 An
2713 3216 2789 3284 ad
2830 3215 3041 3284 Officia
3072 3220 3405 3283 Festorum
3439 3215 3759 3283 Dioecesis
3811 3217 3905 3284 de

2299 3317 2642 3394 praecepto
2691 3305 2899 3391 quoad
2947 3302 3211 3371 forum?

2429 3396 2612 3461 Sacra
2663 3392 2889 3459 eadem
2936 3393 3388 3480 congregatio,
3432 3391 3494 3458 in
3539 3391 3908 3460 ordinariis

2295 3481 2578 3548 Comitiis
2610 3482 2689 3549 ad
2724 3483 3092 3548 Vaticanum
3142 3479 3446 3547 hodierna
3492 3479 3595 3546 die
3629 3481 3901 3565 habitis,

2290 3570 2501 3636 audita
2526 3569 2726 3636 *etiam
2759 3568 2822 3635 in
2854 3567 3104 3656 scriptis
3149 3568 3467 3635 sententia
3503 3567 3776 3635 alterius
3810 3587 3899 3635 ex

2291 3657 2797 3744 Apostolicarum
2829 3656 3391 3731 Gaeremoniarum
3421 3656 3761 3746 Magistris,
3792 3678 3901 3725 re·

2292 3744 2745 3832 spondendum
2795 3744 3090 3812 censuit:

2423 3834 2519 3900 Ad
2565 3838 2614 3901 1.
2652 3837 2726 3901 11.
2763 3843 2829 3898 et
2864 3836 2966 3900 111.
3015 3854 3053 3897 ‹
3087 3831 3478 3899 Affirmative
3506 3880 3524 3915 ,
3572 3832 3623 3899 si
3667 3832 3897 3903 Officia

2291 3919 2629 4006 aliquando
2678 3921 2918 3987 fuerint
2974 3922 3052 3987 ab
3106 3920 3257 4008 ipsis
3316 3921 3742 4009 Regularibns
3794 3943 3895 3989 ac·

2289 4019 2585 4094 ceptata;
2633 4028 2845 4092 secus,
2893 4009 3201 4097 Negative
3234 4029 3298 4075 ».

2423 4095 2517 4162 Ad
2571 4100 2673 4164 IV.
2737 4118 2775 4161 ‹
2810 4096 3245 4180 Affirmative,
3319 4107 3385 4163 et
3452 4098 3693 4165 dentur
3770 4102 3893 4165 De-

2292 4192 2463 4249 creta
2497 4205 2562 4251 ».
2614 4187 2823 4270 Atque
2871 4183 2952 4251 ita
3001 4184 3358 4273 respondit.

2420 4271 2534 4337 Die
2580 4275 2667 4340 28
2713 4271 2947 4359 Aprilis
3000 4274 3193 4339 1866.

2291 4414 2541 4485 3148.
2840 4415 3340 4482 sunssomun.
3652 4418 3895 4501 (uase)

2418 4537 2717 4624 Magister
2747 4540 3303 4606 caeremoniarum
3336 4536 3739 4606 cathedralis
3774 4544 3897 4607 Ec-

2286 4627 2513 4693 clesiae
2562 4626 2975 4694 Suessonien.
3008 4649 3039 4693 a
3075 4630 3143 4696 S.
3177 4631 3254 4695 R.
3288 4629 3359 4694 G.
3397 4627 3895 4712 insequentium

3668 1645 3893 1773 (eaesi
4014 1673 4015 1682 '

2283 4714 2622 4781 dubiorum
2670 4714 3060 4782 solutionem
3110 4714 3470 4782 humillime
3515 4714 3758 4802 petiit;
3794 4718 3895 4783 ni-

2290 4820 2527 4869 mirum
2559 4823 2576 4868 z

2414 4893 2461 4956 1.
2499 4892 2593 4956 An
2624 4891 2976 4958 canonicus
2998 4892 3338 4960 celebrans
3367 4899 3433 4956 et
3458 4862 3714 4958 cineres
3740 4894 3892 4993 Epi-

2280 4997 2475 5066 scopo
2511 4978 2925 5065 impositurus
2956 4982 3133 5047 Feria
3167 4982 3246 5047 lV
3271 4979 3337 5045 in
3370 4977 3589 5066 Capite
3622 4979 3887 5066 ieiunii,

2281 5067 2551 5133 induere
2599 5066 2831 5134 debeat
2880 5068 3157 5156 pluviale
3204 5067 3311 5132 vel
3359 5064 3705 5135 casulam?

2407 5157 2483 5221 11.
2529 5156 2735 5233 Quum
2782 5155 2847 5222 in
2892 5158 3068 5222 Missa
3107 5158 3385 5241 coquom·
3415 5157 3500 5223 de
3530 5157 3875 5224 Communi

2278 5261 2397 5309 nec
2443 5241 2719 5330 Virginis
2767 5263 2883 5310 nec
2934 5244 3218 5331 Martyris
3265 5244 3430 5310 duae
3476 5241 3679 5310 adsint
3719 5246 3875 5332 Epi·

2278 5329 2514 5412 stolae,
2562 5331 2911 5396 nimirum:
2968 5330 3169 5417 prima
3229 5330 3875 5413 Mulieremffortem,

2281 5428 2344 5479 et
2375 5415 2492 5482 alia
2525 5436 2641 5504 pro
2666 5418 2888 5484 Viduis
2920 5421 3306 5499 Carissimcf
3337 5418 3707 5505 quaeritur:
3744 5421 3873 5505 An,
