4042 5950
1496 263 1967 343 -183—

110 431 171 488 ut
208 438 318 508 pro
363 438 627 487 casuum
672 418 1070 504 diversitate,
1119 419 1477 508 Apostolica
1538 422 1665 486 Au·

110 507 377 574 ctoritate
419 510 651 575 Nostra
697 519 1062 596 opportune
1110 508 1503 575 consulatur.

218 596 349 661 Non
372 595 772 663 obstantibus
802 595 1170 662 memoratis
1194 596 1260 662 in
1291 594 1494 662 forma
1514 600 1667 662 Bre-

111 682 187 747 vis
228 681 627 770 Litoris—diei
683 687 762 751 10
808 683 1071 770 Aprilis,
1103 683 1335 770 quibus
1367 683 1443 749 ad
1479 702 1663 770 prae·

112 770 419 835 missorum
467 770 801 838 dumtaxat
852 772 1180 855 effectum,
1232 770 1358 836 illis
1404 770 1551 836 alias
1598 770 1664 835 in

109 876 206 923 suo
225 857 449 924 robore
477 857 937 945 permansuris,
964 859 1381 944 derogamus,
1411 858 1666 925 ceteris-

111 964 217 1029 que
257 945 589 1012 contrariis
634 945 1175 1032 quibuscumque,

216 1036 438 1099 Datum
497 1036 739 1100 Romae
813 1035 982 1120 apud
1043 1037 1337 1102 Sanctam
1410 1036 1664 1100 Mariam

112 1120 380 1185 llaicrem
407 1118 534 1187 sub
565 1121 815 1188 Annulo
848 1121 1172 1188 Piscatoris
1201 1121 1309 1190 die
1342 1126 1453 1191 XV
1485 1125 1664 1189 Octo·

113 1207 219 1273 bris
265 1210 744 1362 MXOCCCXVHI,
815 1209 1213 1276 pontificatus
1259 1209 1470 1277 Nostri
1539 1210 1665 1276 An-

113 1315 177 1360 no
218 1300 291 1362 Xl
356 1319 383 1362 s

739 1388 815 1451 Η.
851 1386 1056 1451 Canu.
1093 1389 1486 1453 Consanvus.

115 1559 330 1629 2591.
591 1559 1153 1628 NEAPOLITANA.
1433 1560 1660 1648 (4553)

216 1736 597 1832 Benedictus
620 1737 799 1805 Valle
830 1735 1165 1836 Presbyter
1211 1734 1662 1823 congregatio-

116 1823 193 1888 nis
230 1827 291 1891 S.
320 1824 600 1912 Philippi
644 1825 819 1891 Nerii
864 1833 929 1890 et
974 1828 1259 1891 Dii-ector
1303 1822 1659 1890 Calendarii

118 1913 471 1999 Neapolitani
519 1911 853 1979 humiliter
899 1912 1221 2000 exposuit,
1270 1911 1441 1998 quod
1490 1929 1663 1996 occa-

117 1999 267 2065 sione
316 2001 538 2068 Brevis
600 1999 775 2067 ssmi
834 1999 1081 2067 Domini
1138 1999 1347 2068 Nostri
1412 1997 1498 2064 Pii
1558 2001 1657 2066 vn

118 2088 266 2152 Pont.
320 2090 484 2154 Max.
545 2087 676 2188 dati
744 2090 821 2155 10
877 2088 1110 2173 Aprilis
1179 2086 1450 2187 labentis
1511 2087 1660 2153 anni

117 2175 1559 2357 {35220‘0133532‘‘5013103122‘230r⁹.{⁰..⁰55¹¹3⁸.
1578 2193 1661 2326 Ἓξ

120 2366 251 2414 circa
292 2353 468 2416 Festa
515 2349 966 2437 principalium
1012 2353 1429 2422 Patronorum
1459 2359 1658 2417 trans-

120 2433 345 2503 ferenda
404 2438 483 2505 ad
544 2436 900 2525 proximam
959 2438 1370 2519 Dominicam,
1419 2456 1583 2523 quae
1628 2458 1659 2502 a

120 2523 169 2586 S.
210 2526 274 2592 R.
319 2528 389 2590 C.
440 2525 826 2593 declaranda
890 2526 1260 2612 proposuit,
1319 2524 1685 2591 videlicetr

228 2614 280 2675 1.
325 2615 422 2678 An
479 2612 809 2681 translatio
852 2616 1185 2682 Fastorum
1247 2617 1663 2679 Pati-cnorum

121 2697 531 2786 principalium
596 2700 1015 2786 intelligenda
1081 2701 1161 2768 sit
1219 2701 1303 2767 de
1367 2709 1661 2786 tempore

120 2793 329 2852 tantum
368 2787 718 2873 sequenti?
766 2799 831 2853 et
874 2788 941 2854 in
989 2809 1133 2856 casu
1179 2787 1351 2875 quod
1386 2787 1661 2873 intelligi

119 2870 312 2940 debeat
356 2876 553 2942 etiam*
588 2876 675 2944 de
752 2876 1154 2944 raecedenti:
1204 2878 1517 2955 Quaenam
1562 2894 1661 2942 re·

119 2957 238 3044 gula
279 2960 592 3116 lagbenda,
626 2963 680 3031 si
757 2985 795 3032 e
839 2964 1275 3051 praecedenti,
1310 2963 1413 3030 vel
1444 2962 1529 3029 de
1559 2984 1661 3031 se·

119 3060 307 3130 quenti

221 3142 283 3203 2.
339 3141 434 3206 An
489 3143 671 3206 Festa
730 3143 1145 3208 Patronorum
1208 3139 1659 3227 principalium

119 3222 301 3291 haberi
343 3227 622 3295 debeant
668 3239 989 3313 tamquam
1034 3232 1215 3295 Festa
1261 3224 1563 3295 mobilia?

221 3317 281 3378 3.
308 3317 430 3400 An,
460 3315 758 3382 translato
791 3319 975 3383 Festo
1006 3316 1254 3382 Patroni
1290 3315 1658 3401 principalis

119 3397 167 3463 in
202 3400 367 3467 diem
432 3403 860 3488 Dominicum,
914 3405 1234 3471 transferri
1296 3403 1524 3471 debeat
1582 3403 1663 3468 si-

116 3486 222 3551 mul
254 3488 311 3554 in
353 3490 722 3574 Sabbatum,
757 3492 961 3559 dictae
1013 3491 1370 3559 Dominicae
1400 3508 1658 3578 praece-

118 3573 366 3660 dentem,
405 3577 698 3646 Officium
748 3590 816 3645 et
862 3579 1040 3647 mssa
1086 3580 1168 3647 de
1216 3578 1488 3679 vigilia?

138 3746 148 3759 ·
221 3666 281 3729 4.
326 3667 445 3750 An,
496 3666 798 3733 translato
842 3671 1028 3734 Festo
1074 3671 1321 3735 Patroni
1351 3667 1660 3755 principa-

119 3746 177 3811 lis
212 3750 271 3817 in
311 3753 481 3821 diem
526 3754 953 3836 Dominicam,
1007 3755 1414 3822 transferatur
1468 3756 1661 3823 etiam

120 3846 218 3902 tota
261 3850 493 3928 octava,
545 3843 651 3908 vel
700 3842 932 3929 reliqui
980 3842 1122 3910 dies
1150 3854 1434 3925 octavae,
1469 3842 1520 3907 si
1552 3861 1656 3907 su-

120 3927 370 4008 persint?
412 3940 479 3996 et
528 3930 592 3995 in
650 3949 800 3997 casu
854 3949 983 4014 quo
1039 3931 1367 3997 transferri
1426 3930 1657 3997 debeat

120 4014 339 4109 Festum
388 4017 637 4084 Patroni
690 4016 1056 4104 principalis
1103 4018 1167 4085 in
1213 4018 1387 4085 diem
1446 4019 1657 4083 Domi-

120 4116 289 4168 mcam
331 4116 393 4170 et
429 4105 744 4172 celebrari
793 4124 941 4172 cum
991 4117 1114 4172 tota
1162 4117 1411 4181 octava:
1459 4108 1658 4182 Quae·

120 4202 233 4253 nam
264 4192 476 4279 regula
514 4192 798 4261 habenda
828 4193 995 4260 circa
1022 4193 1355 4260 Lectiones
1392 4196 1659 4260 Noctur-

120 4290 332 4363 norum,
364 4299 515 4348 cum
549 4280 613 4346 in
640 4282 963 4348 octavario
1009 4284 1287 4347 Romano
1333 4300 1459 4348 non
1491 4297 1657 4347 sem·

120 4376 215 4440 per
251 4367 667 4452 assignentur,
717 4388 793 4435 eo
839 4370 1012 4455 quod
1065 4367 1351 4437 Officium
1403 4376 1663 4435 octavae

125 4446 286 4517 lixum
328 4465 459 4520 erat
506 4456 701 4522 certis
745 4453 1021 4523 diebus?

211 4542 286 4636 .5·
330 4543 425 4609 An
468 4543 657 4611 simul
707 4563 853 4611 cum
900 4546 1083 4611 Festo
1131 4543 1377 4613 Patroni
1426 4544 1659 4630 princi-

126 4623 251 4704 palis
284 4628 351 4694 in
396 4631 571 4699 diem
625 4631 1015 4699 Dominicam
1072 4633 1395 4713 translato,
1462 4643 1658 4699 trans-

129 4707 369 4807 ferantur
407 4719 597 4785 simul
645 4738 865 4786 omnes
911 4720 1367 4800 solemnitates,
1404 4739 1658 4788 conces-

127 4814 331 4900 siones,
389 4806 759 4895 privilegia,
829 4807 1113 4889 indulta,
1175 4806 1654 4893 indulgentiae,

130 4887 539 4979 prohibitiones
601 4895 925 4961 Missamm
984 4894 1048 4961 in
1101 4895 1398 4962 Oratoriis
1452 4898 1658 4981 priva-

131 4980 191 5034 118
226 4988 339 5047 etc.
385 4981 595 5051 eidem
640 4986 824 5049 Festo
871 4980 1200 5049 adnexae?

224 5066 286 5129 6.
332 5069 711 5138 Occurrente
759 5073 944 5136 Festo
981 5070 1231 5137 Patroni
1265 5069 1655 5167 principalis,

133 5160 191 5208 00
241 5155 397 5235 quod
453 5156 830 5223 transfertur
890 5158 953 5223 in
1019 5157 1191 5224 diem
1245 5157 1656 5242 Dominicam,

133 5248 249 5326 cum
287 5241 460 5338 Festo
507 5245 744 5332 primae
777 5245 988 5310 classis
1019 5247 1123 5310 vel
1164 5245 1483 5311 Ecclesiae
1519 5267 1656 5333 par-

138 5322 371 5393 ticularis
410 5332 508 5397 vel
554 5331 802 5399 Ordinis
848 5332 953 5398 vel
1002 5333 1317 5400 Dioecesis
1377 5335 1507 5400 vel⁶
1541 5337 1659 5401 Na-

1764 419 1953 486 tionis
1997 422 2101 487 vel
2150 423 2472 489 Ecclesiae
2521 421 2917 506 universalis,
2962 422 3046 489 de
3080 441 3208 507 quo
3244 440 3347 490 ce·

1773 507 2145 577 lebrandum
2194 511 2318 576 erit
2359 507 2696 579 Officium?
2740 510 2802 576 id
2837 520 2967 577 est:
3016 512 3186 588 Quae
3230 513 3346 576 Fe-

1763 606 1856 662 sta
1902 595 2006 662 vel
2040 598 2488 665 solemnitates
2519 598 2873 686 impediant
2915 598 3055 664 fieri
3086 601 3346 678 Festum

1764 684 2013 750 Patroni
2061 684 2475 773 principalis?

1898 776 1962 839 7.
2012 776 2100 838 De
2148 792 2276 858 quo
2321 771 2683 842 faciendum
2732 773 3019 840 Officium
3067 771 3177 838 illo
3210 772 3345 857 die,

1764 857 1873 942 qui
1921 870 2211 926 remanet
2254 880 2491 928 vacuus
2538 860 2620 928 ob
2671 860 3146 928 translationem
3177 859 3346 928 Festi

1765 947 2013 1012 Patroni
2059 948 2424 1035 principalis
2482 950 2547 1016 in
2593 945 2778 1016 diem'
2814 944 3249 1015 Dominicam‘?

1898 1038 1961 1101 8.
2013 1037 2112 1100 An
2160 1035 2261 1102 illa
2308 1039 2513 1120 Festa,
2560 1056 2726 1122 quae
2761 1035 2840 1102 ab
2868 1034 3207 1103 Ordinariis
3255 1034 3349 1099 lo·

1767 1139 1990 1188 corum
2037 1120 2342 1210 assignata
2404 1124 2653 1191 fuerant
2715 1123 2849 1190 aliis
2903 1122 3131 1191 diebus
3193 1133 3347 1188 tam-

1769 1227 1955 1293 quam
2018 1211 2332 1295 propriis,
2397 1211 2637 1278 ratione
2701 1211 3137 1278 occurrentiae
3198 1228 3346 1277 cum

1767 1300 1949 1363 Festo
1995 1297 2248 1372 Patroni
2292 1299 2680 1385 principalis,
2729 1298 2976 1366 sublato
3024 1316 3194 1366 nunc
3225 1297 3348 1363 hoc

1766 1394 2088 1472 perpetuo
2134 1385 2595 1472 impedimento
2630 1386 2800 1474 (quia
2834 1392 3015 1455 Festa
3053 1388 3348 1451 Patrono-

1770 1491 1913 1538 rum
1958 1473 2406 1559 principalium
2464 1473 2697 1541 habent
2749 1476 2975 1542 saltem
3036 1471 3348 1539 rationem

1771 1564 2106 1627 Fastorum
2152 1559 2505 1644 nobilium)
2550 1562 2794 1647 possint
2841 1573 2906 1629 et
2937 1561 3211 1630 debeant
3239 1559 3347 1625 illa

1768 1645 2093 1732 praedicta
2135 1651 2343 1732 Festa,
2392 1648 2547 1715 olim
2592 1660 2794 1716 amota
2837 1671 2872 1715 a
2927 1645 3206 1736 propriis
3248 1665 3348 1712 se·

1767 1735 1981 1818 dibus,
2031 1734 2344 1803 celebrari
2391 1748 2458 1804 et
2502 1738 2858 1823 retrogradi
2902 1734 3031 1810 suis
3090 1735 3344 1816 diebus,

1766 1823 1996 1911 quibus
2043 1822 2349 1910 assignata
2397 1824 2660 1892 fuerunt
2705 1824 2782 1890 ab
2814 1823 2993 1892 initio
3027 1822 3090 1890 in
3121 1823 3348 1890 Calen-

1764 1910 1943 1978 dario
1988 1908 2313 1978 Romano?

1895 2002 1962 2065 9.
2012 2003 2135 2081 An,
2186 2000 2438 2085 quando
2497 2004 2754 2066 Festum
2809 1998 3059 2066 Patroni
3113 1996 3347 2085 princi-

1765 2086 1926 2173 palis
1988 2085 2366 2156 transfertur
2425 2087 2487 2154 in
2531 2086 2706 2155 diem
2766 2086 3190 2169 Dominicam,
3233 2084 3346 2151 de·

1768 2174 1910 2241 beat
1957 2173 2021 2240 in
2067 2174 2246 2241 Feria
2295 2180 2372 2245 Vl
2419 2174 2624 2242 dictae
2667 2174 3032 2242 Dominicae
3087 2189 3346 2260 praece-

1766 2262 1964 2329 dente
2000 2262 2357 2329 annuntiari
2403 2263 2468 2328 in
2513 2263 2960 2349 martyrologio
3008 2259 3261 2346 Vigilia,
3293 2258 3345 2323 si

1764 2350 1964 2428 adsit;
2015 2361 2082 2415 et
2128 2351 2191 2416 in
2237 2350 2503 2418 Sabbato
2548 2349 2919 2418 annuntiari.
2947 2352 3204 2415 Festum
3240 2352 3345 2414 Pa-

1769 2439 1956 2521 troni,
2006 2437 2179 2523 quod
2227 2437 2589 2506 celebratur
2632 2437 2741 2504 die
2786 2431 3158 2504 Dominicai’

1904 2528 2006 2593 10.
2058 2528 2217 2593 Cum
2264 2525 2331 2592 in
2386 2525 2707 2614 praedicta
2767 2524 2944 2594 Bulla
3005 2523 3345 2591 mandetur

1765 2612 2022 2680 inscribi
2083 2613 2164 2679 ita
2208 2616 2469 2680 Festum
2511 2613 2621 2680 die
2675 2617 2758 2682 29
2805 2612 2962 2679 lunii
3014 2611 3078 2677 in
3123 2610 3344 2678 Galen·

1765 2700 1957 2766 dariis
2026 2701 2507 2768 ecclesiasticis:
2579 2703 2950 2769 Sanctorum
3012 2700 3345 2798 Apostolo-

1763 2807 1908 2854 rum
1952 2791 2120 2855 Petri
2168 2799 2233 2852 et
2276 2787 2448 2856 Pauli
2498 2801 2561 2855 et
2607 2784 3237 2856 commemorationis
3280 2803 3348 2849 o-

1764 2875 2008 2942 mnium
2054 2882 2432 2944 Sanctorum
2477 2875 2928 2963 Apostolorum
2974 2895 3044 2942 ac
3090 2876 3348 2940 Sancto-

1764 2983 1908 3031 rum
1950 2967 2328 3052 Martyrum,
2379 2962 2743 3053 quaeritur:
2792 2966 2890 3030 An
2934 2963 3000 3029 in
3044 2965 3346 3049 Martyro-

1767 3053 1937 3138 logio
1985 3053 2216 3129 debeat
2262 3052 2503 3139 aliquid
2549 3051 2748 3120 addi?

1898 3136 2013 3206 11.“
2053 3144 2214 3207 Cum
2261 3142 2324 3210 in
2358 3140 2584 3207 eadem
2625 3138 2805 3207 Bulla
2837 3136 3348 3239 praescribantur

1762 3227 1841 3295 in-
1873 3227 2091 3296 Officio
2139 3238 2204 3294 et
2251 3231 2426 3296 Missa
2473 3228 2580 3295 die
2613 3232 2696 3296 29
2741 3226 2898 3293 lumi
2946 3229 3348 3294 Commemo-

1764 3317 2040 3382 rationes
2069 3317 2155 3383 de
2184 3315 2521 3383 Communi
2562 3314 3015 3402 Apostolorum
3047 3322 3112 3379 et
3145 3310 3344 3410 pluri-

1765 3421 2017 3470 morum
2077 3407 2422 3491 Martyrum
2480 3403 2723 3470 ratione
2782 3406 3343 3468 Commemoratio-

1765 3511 1919 3557 num
1965 3490 2433 3578 praedictarum
2480 3491 2545 3558 in
2576 3489 2980 3557 antecedenti
3021 3487 3341 3574 quaesit03

1763 3580 2130 3663 quaeritur:
2191 3581 2287 3645 An
2336 3578 2480 3645 illae
2535 3578 2698 3662 sint,
2749 3595 2911 3662 quae
2960 3578 3116 3644 olim
3165 3593 3345 3663 prae·

1762 3666 2036 3752 scriptae
2096 3667 2356 3733 fuerunt
2419 3686 2535 3753 pro
2579 3668 2747 3732 statu
2806 3670 3124 3748 Romano,
3175 3683 3347 3730 occa-

1762 3753 1957 3821 sione.
1988 3753 2378 3821 reductionis
2430 3757 2803 3837 Festorum,
2854 3773 2998 3820 cum
3048 3751 3115 3819 in
3160 3757 3344 3821 Com-

1764 3840 2059 3908 munibus
2105 3842 2555 3929 Apostolorum
2599 3852 2665 3908 et
2703 3844 3045 3928 Martyrum
3076 3861 3207 3908 non
3234 3839 3351 3906 ad-

1761 3929 1886 3994 sint
1951 3931 2602 3996 Commemorationes
2668 3929 2954 3997 omnium
3013 3927 3347 4017 Apostolo-

1764 4035 1909 4082 rum
1958 4027 2022 4083 et
2077 4015 2471 4104 Martyrum?

1900 4109 2003 4172 12.
2054 4109 2214 4172 Cum
2261 4105 2460 4173 multa
2502 4106 2627 4172 sint
2673 4108 2831 4190 loca,
2873 4125 3033 4191 quae
3067 4122 3196 4170 non
3244 4103 3347 4169 ha-

1764 4194 1918 4260 bent
1950 4198 2287 4260 Patronum
2334 4193 2784 4280 principalem;
2833 4190 3199 4278 quaeritur:
3249 4191 3346 4256 An

1766 4281 2005 4368 possint
2073 4292 2138 4347 et
2203 4281 2480 4348 debeant
2539 4280 2866 4347 celebrare
2936 4279 3026 4346 uti
3096 4276 3349 4345 Patroni

1762 4368 2127 4456 principalis
2185 4373 2446 4435 Festum
2492 4372 2556 4437 S.
2592 4367 2895 4450 Ianuarii,
2945 4366 3054 4452 qui
3102 4376 3199 4432 est
3243 4368 3349 4432 Pa-

1765 4468 1986 4523 tronus
2030 4455 2394 4543 principalis
2443 4457 2632 4522 totius
2689 4456 2882 4543 partis
2939 4454 3141 4540 Regni
3191 4450 3345 4520 Sici·

1766 4544 1886 4610 liae
1934 4544 2090 4610 citra
2135 4543 2429 4631 Pharum,
2482 4542 2688 4631 (cuius
2728 4549 2985 4611 Festum
3031 4559 3237 4625 usque
3268 4538 3346 4605 ad
3420 4562 3430 4571 ·

1767 4633 2231 4699 emanationem
2275 4631 2595 4719 praefatae
2639 4632 2859 4699 Bullae
2904 4625 3347 4713 celebrabatur

1766 4722 1830 4786 in
1862 4719 2148 4787 Dioecesi
2178 4718 2473 4806 Neapolis
2504 4738 2650 4786 cum
2681 4717 2922 4805 duplici
2954 4714 3346 4805 obligatione

1764 4806 2063 4875 audiendi
2107 4809 2370 4874 Sacrum
2417 4818 2479 4871 et
2525 4804 2882 4874 abstinendi
2929 4825 2962 4869 a
3004 4800 3346 4869 servilibus

1766 4893 2106 4981 operibus,
2159 4903 2224 4958 et
2270 4893 2334 4959 in
2377 4894 2626 4978 reliqua
2684 4903 2865 4980 parte
2924 4891 3129 4976 Regni
3194 4907 3345 4957 cum

1764 5001 1960 5049 onere
2010 4988 2252 5047 tantum
2296 4979 2597 5048 audiendi
2636 4982 2920 5065 Sacrum)
2959 4976 3345 5045 transferen-

1760 5070 1845 5169 do
1893 5088 2007 5169 pro
2061 5066 2186 5133 illis
2231 5067 2571 5155 praedictis
2627 5067 2808 5135 Locis
2865 5066 2931 5134 in
2990 5066 3167 5133 diem
3227 5068 3347 5131 Do-

1764 5175 2062 5225 minicam
2109 5160 2365 5223 Festum
2407 5158 2472 5222 S.
2508 5151 2824 5225 Ianuarii?

1898 5250 2001 5314 13.
2053 5246 2119 5310 ln
2166 5263 2337 5327 casu,
2382 5245 2554 5329 quod
2602 5250 2861 5311 Festum
2894 5242 3144 5310 Patroni
3175 5241 3345 5341 prin-

1766 5335 1982 5422 cipalis
2044 5331 2222 5400 cadat
2276 5331 2342 5398 in
2398 5331 2680 5418 aliquem
2754 5351 2836 5398 ex
2889 5331 3120 5399 diebus
3182 5328 3343 5397 infra
