4042 5950
2012 222 2480 314 -‘326-

609 403 873 473 2889.
1227 400 1583 468 LEODIEN.

738 579 945 657 Quum
1012 572 1600 644 Reverendissimus
1669 570 1974 638 Leodien.
2040 571 2189 658 Epi-

609 685 838 753 scopus
868 667 1118 731 Sacram
1149 662 1409 729 Rituum
1439 664 1571 728 con
1620 658 2014 745 rogationem
2059 658 2192 725 eni-

615 774 694 819 xe
750 752 1013 840 rogarit,
1064 760 1137 816 ut
1182 749 1506 816 declarare
1615 747 1977 833 ignaretur:
2027 748 2193 813 Num

611 841 785 910 calix
830 850 897 906 et
941 843 1166 905 Patena
1210 855 1387 903 suam
1433 835 1728 903 amittent
1774 833 2190 902 consecratio-

612 947 762 996 nem
808 947 926 1015 per
971 943 1197 992 novam
1242 924 1747 1006 deaurationem,
1784 934 1849 989 et
1893 924 1982 989 sic
2032 921 2194 988 indi-

614 1028 806 1103 geant
850 1034 1013 1081 nova
1059 1010 1578 1079 consecratione?

745 1106 928 1171 Sacra
995 1102 1253 1170 Rituum
1319 1098 1777 1188 congregatio,
1833 1098 1912 1165 ad
1955 1098 2198 1166 Vatica-

617 1209 771 1258 num
829 1190 1189 1279 subsignata
1249 1187 1353 1254 die
1401 1189 1465 1254 in
1515 1185 1857 1255 ordinariis
1913 1185 2199 1254 comitiis

618 1281 962 1351 coadunata
992 1329 1010 1364 ,
1073 1276 1150 1343 ad
1210 1276 1590 1342 relationem
1658 1275 1991 1341 Secretarii
2018 1323 2035 1357 ,
2101 1293 2198 1340 re-

616 1367 903 1454 scripsit:
955 1388 992 1429 «
1024 1364 1451 1452 Affirmativ03
1516 1362 1811 1429 amittere
1869 1362 2197 1447 nimirum,

622 1466 688 1521 et
735 1454 1024 1543 indigere
1072 1472 1233 1520 nova
1290 1450 1805 1534 consecratione,
1854 1450 2029 1516 iuxta
2090 1469 2202 1516 ex-

621 1542 822 1632 posita
855 1564 920 1608 ι.

751 1629 864 1697 Die
917 1632 997 1696 14
1044 1627 1200 1695 lunii
1253 1629 1445 1694 1845.

624 1769 889 1842 2890.
1165 1768 1671 1834 MAcERATEN.
1974 1766 2204 1852 (5⁰12)

754 1889 1060 1959 Sacerdos
1108 1888 1415 1955 Antonius
1463 1888 1821 1977 Madugnini
1853 1887 2206 1955 canonicus

628 1981 691 2046 in
749 1977 1097 2065 collegiata
1159 1975 1433 2043 Ecclesia
1491 1977 1707 2045 Sancti
1764 1975 1996 2044 Urbani
2066 1977 2207 2042 loco

627 2069 824 2153 vulgo
872 2069 1069 2151 Apiro
1117 2065 1180 2131 in
1225 2063 1508 2132 Dioecesi
1555 2067 1930 2132 naceraten.
1981 2066 2207 2132 Sacrae

627 2155 890 2223 Rituum
936 2152 1425 2242 congregationi
1470 2154 1800 2239 sequentia
1840 2150 2026 2220 dubia
2060 2171 2210 2219 eno-

630 2243 833 2311 danda
880 2241 1237 2331 proposuit,
1286 2239 1635 2307 nimirumz

767 2334 830 2397 1.
878 2333 975 2398 An
1022 2329 1083 2397 in
1133 2326 1431 2395 Ecclesiis
1475 2327 1863 2414 collegiatis,
1911 2327 2019 2393 ubi
2055 2346 2212 2412 quo-

634 2418 793 2486 tidie
840 2419 903 2486 in
947 2415 1431 2503 Quadragesima
1475 2425 1621 2501 post
1678 2418 1916 2482 Nonam
1972 2415 2216 2483 canitur

634 2505 868 2573 ferialis
918 2506 1090 2571 Missa
1138 2505 1327 2590 (quae
1372 2502 1547 2569 Missa
1594 2504 2026 2590 poenitentiae
2076 2522 2213 2569 esse

631 2592 916 2681 videtur)
964 2591 1319 2659 adhibenda
1349 2590 1476 2656 sint
1514 2591 1891 2657 ceroferaria
1926 2600 1989 2656 et
2020 2610 2216 2680 appo-

635 2681 920 2748 nendum
967 2675 1351 2747 incensum?

769 2772 835 2835 2.
886 2775 982 2836 An
1047 2769 1287 2834 cereus
1353 2766 1661 2833 Pascbalis
1734 2766 2072 2854 ponendus
2139 2765 2219 2831 sit

635 2854 1398 3033 super?({a1)1delabrum;
1462 2855 1563 2920 vel
1632 2873 1829 2942 super
1895 2857 2217 2922 cornuco-

639 2944 817 3033 pium
950 2948 980 3012 1
1692 2991 1697 2998 .

770 3036 849 3100 Et
897 3035 1076 3100 Sacra
1123 3031 1382 3098 Rituum
1427 3032 1878 3119 congregatio,
1926 3033 2002 3100 ad
2053 3030 2222 3100 Vati-

637 3139 866 3192 canum
911 3119 1270 3207 subsignata
1318 3118 1427 3185 die
1455 3119 1520 3186 in
1549 3119 1891 3187 ordinariis
1935 3119 2222 3188 comitiis

640 3208 1008 3292 coadunata,
1042 3210 1369 3276 referente
1415 3208 1793 3293 Secretario,
1830 3208 2221 3296 responden-

640 3296 797 3364 dum
846 3296 1139 3363 censuit:

771 3384 866 3452 Ad
921 3390 979 3451 1.
1027 3406 1067 3448 ‹
1102 3382 1489 3451 Affirmative
1538 3384 1600 3450 in
1647 3384 1939 3452 omnibus
1970 3406 2038 3450 ».

771 3472 867 3539 Ad
933 3476 1001 3537 2.
1062 3494 1102 3536 ι
1150 3475 1359 3558 Super
1425 3471 1722 3537 distincto
1787 3471 2221 3556 candelabro,

643 3560 848 3648 posito
895 3559 958 3625 in
1002 3559 1219 3646 plano,
1268 3578 1299 3622 a
1348 3577 1549 3625 cornu
1594 3559 1920 3647 Evangelii
1958 3583 2022 3626 a».

775 3646 887 3712 Die
939 3649 1016 3712 st
1063 3646 1225 3712 lunii
1279 3649 1470 3713 1845.

644 3786 894 3855 2891.
1251 3788 1616 3854 cantem.
1996 3789 2224 3876 (5013)

777 3911 1083 3979 Sacerdos
1126 3910 1436 3979 Antonius
1481 3910 1756 3979 loacbim
1788 3917 1984 3978 Perez
2017 3910 2083 3979 in
2113 3915 2225 3980 ca-

648 3998 917 4067 tbedrali
977 3988 1280 4067 Gadicen.
1330 3999 1610 4065 Ecclesia
1669 3999 2225 4066 caeremoniarum

646 4085 919 4172 Magistri
946 4106 1214 4154 munere
1241 4086 1511 4175 fungens
1535 4090 1757 4154 Sacrae
1780 4088 2042 4155 Rituum
2066 4090 2228 4154 con·

649 4173 1003 4260 gregationi
1048 4175 1377 4261 sequentia
1425 4174 1612 4242 dubia
1644 4176 2001 4263 proposuit,
2036 4176 2227 4243 enixe

651 4261 994 4349 efflagitans
1043 4275 1113 4329 ut
1159 4264 1263 4330 illa
1311 4261 1637 4331 declarare
1683 4262 2097 4350 dignaretur;
2133 4264 2227 4330 ni-

649 4350 927 4418 mirums
979 4351 1074 4439 (2)

788 4442 850 4504 1.
883 4441 979 4505 An
1011 4438 1332 4522 canonici,
1365 4438 1710 4526 Dignitates
1740 4449 1807 4506 et
1831 4439 2230 4525 Portionarii,

652 4526 848 4614 parati
893 4528 997 4593 vel
1047 4545 1174 4593 non
1219 4525 1444 4614 parati,
1493 4526 1650 4594 dum
1698 4526 2014 4613 accipiunt
2067 4528 2232 4594 sole·

651 4632 867 4680 mnem
913 4614 1433 4682 benedictionem
1480 4615 1557 4681 ab
1603 4615 1918 4702 Episcopo
1971 4615 2233 4683 nomine

652 4702 881 4768 summi
926 4702 1245 4768 Pontificis
1287 4701 1699 4791 impertitam,
1735 4702 2010 4771 debeant
2040 4724 2109 4769 se
2141 4702 2234 4771 in-

655 4790 932 4870 clinare;
979 4790 1086 4856 vel
1133 4788 1629 4875 genuflectere?

787 4880 854 4943 2.
907 4880 1025 4962 An,
1060 4878 1240 4944 Feria
1270 4882 1323 4945 V
1369 4879 1434 4946 in
1464 4881 1672 4947 Coena
1703 4880 1974 4966 Domini,
2010 4881 2076 4948 in
2113 4901 2237 4968 qua

655 4974 799 5051 post
842 4964 1347 5055 completorium
1395 4966 1466 5034 fit
1515 4968 1871 5036 Mandatum
1917 4989 2031 5036 seu
2082 4969 2236 5037 lotio

744 5052 925 5139 dum,
974 5065 1038 5119 et
1084 5063 1302 5141 postea
1351 5055 1758 5123 concionatur
1816 5056 2117 5124 fidelibus
2171 5057 2236 5123 in

704 5159 774 5205 sc
822 5142 1095 5210 Ecclesia
1140 5142 1493 5230 Gadicensi,
1533 5145 1707 5211 locus
1739 5145 2235 5229 ConcionatoriS,

1958 397 2187 483 (5011)
2286 396 2485 484 vulgo
2532 392 2818 478 Pulpite,
2872 389 3079 456 ornari
3125 388 3380 472 debeat,
3414 397 3484 455 ut
3513 387 3703 453 moris
3738 398 3842 470 est,

2292 484 2508 552 colore
2554 480 2735 558 albo;
2783 479 2889 546 vel
2938 478 3149 564 potius
3194 476 3426 545 debeat
3471 494 3609 542 esse
3652 476 3841 544 nudus

2293 572 2532 657 absque
2575 569 2711 635 ullo
2759 577 2981 635 ornatu
3003 563 3037 632 ⁴?

2429 664 2496 727 3.
2544 661 2770 725 Utrum
2815 664 3004 721 nocte
3050 654 3268 720 Fet-iae
3308 655 3364 720 V
3395 651 3458 719 in
3503 656 3709 720 Coena
3748 655 3848 718 Do-

2297 747 2478 829 mini,
2528 747 2592 812 in
2639 764 2761 832 qua
2821 741 3231 810 concionatur
3291 739 3593 808 fidelibus
3650 741 3847 806 Sermo

2297 836 2380 903 de
2442 832 2730 901 Passione
2785 830 3072 914 Domini,
3136 829 3314 896 locus
3367 826 3847 910 Concionatoris,

2299 923 2493 1010 vulgo
2542 921 2829 1006 Pulpito,
2889 928 3145 985 ornatus
3193 936 3329 983 esse
3382 916 3618 983 debeat
3660 914 3850 981 colore

2299 1012 2485 1099 nigro
2538 1009 2643 1162 {el
2699 1009 3020 1085 violaceo;
3068 1026 3146 1073 an
3192 1006 3406 1094 potius
3460 1004 3698 1090 absque
3739 1001 3850 1069 ullo

2301 1109 2526 1165 ornatu

2433 1191 2513 1253 Et
2557 1189 2742 1252 Sacra
2785 1182 3045 1251 Rituum
3091 1180 3546 1270 congregatio,
3595 1179 3670 1247 ad
3715 1177 3853 1245 Vati·
3953 1202 3954 1223 ι

2302 1292 2530 1342 canum
2579 1273 2884 1340 hodierna
2930 1271 3038 1339 die
3085 1270 3148 1337 in
3206 1267 3549 1336 ordinariis
3602 1266 3854 1334 comitiis

2303 1365 2672 1446 coadunata,
2721 1359 3044 1427 referente
3090 1357 3445 1426 Secretario
3465 1405 3483 1441 ,
3534 1354 3856 1422 rescriben-

2307 1451 2460 1519 dum
2511 1449 2811 1516 censuit:

2442 1539 2536 1606 Ad
2587 1542 2646 1604 1.
2698 1558 2737 1603 ‹
2768 1540 2887 1603 Pro
2931 1535 3235 1621 qualitate
3278 1536 3621 1617 Personae,
3666 1533 3759 1597 vel
3787 1531 3861 1597 in·

2306 1624 2544 1693 clinare
2586 1623 2692 1691 vel
2740 1623 3183 1711 genuflectere
3217 1644 3280 1686 a».

2440 1712 2534 1780 Ad
2585 1717 2654 1779 2.
2702 1735 2739 1778 ι
2772 1710 2924 1779 Sine
2966 1710 3102 1777 ullo
3151 1729 3410 1799 prorsus
3455 1720 3685 1776 ornatu
3717 1730 3778 1774 ν.

2443 1802 2539 1867 Ad
2587 1805 2650 1869 3.
2700 1822 2739 1867 ‹
2773 1803 2853 1867 Ut
2898 1798 2974 1865 ad
3023 1799 3389 1884 proximum
3422 1820 3485 1865 ».

2443 1890 2555 1956 Die
2599 1892 2688 1979 ‚¹4
2730 1886 2892 1956 lunii
2942 1889 3137 1954 1845.

2314 2030 2573 2100 2892.
2827 2029 3401 2096 nouas‘rnmssn.
3665 2027 3864 2115 (soit)

2441 2153 2587 2220 Alte
2619 2152 2795 2219 cordi
2826 2171 3025 2239 quum
3057 2151 3323 2218 insideat
3356 2146 3870 2217 Reverendissimi

2315 2241 2612 2331 Episcopi
2646 2240 3176 2322 monasteriensis,
3202 2248 3274 2305 ut
3306 2238 3367 2304 in
3401 2238 3610 2305 Sacris
3641 2234 3876 2325 agendis

2318 2330 2524 2396 omnia
2571 2338 2749 2395 recto
2782 2328 3011 2394 ordine
3042 2328 3415 2428 procedant,
3448 2337 3647 2412 atque
3678 2324 3751 2391 ad
3781 2322 3874 2389 eli·
3961 2374 3962 2393 1

2319 2417 2645 2484 minandas
2692 2425 3145 2484 controversias
3205 2413 3434 2503 passim
3494 2431 3693 2502 super
3747 2429 3877 2477 non-

2321 2505 2513 2573 nullis
2572 2504 3003 2590 insurgentes,
3051 2522 3214 2590 quae
3267 2501 3531 2571 Clernm
3592 2520 3676 2567 ex
3734 2510 3880 2567 utra·

2319 2613 2450 2680 que
2564 2602 2698 2659 arte
2757 2591 3096 2678 scindunt3
3163 2610 3281 2678 pro
3339 2589 3679 2658 concordia
3742 2607 3880 2653 asse-

2320 2701 2490 2768 quen
2542 2702 2573 2746 a
2620 2699 2688 2747 ac
2737 2678 3048 2746 discordia
3095 2679 3501 2763 eliminanda,
3552 2680 3770 2746 Sacrae
3799 2673 3881 2742 ni·
3963 2668 3964 2755 ]

2321 2780 2503 2836 tuum
2551 2767 3044 2855 congregationi
3091 2767 3422 2852 sequentia
3471 2767 3795 2854 exposuit,
3823 2774 3882 2828 ut

2321 2857 2494 2923 iuxta
2522 2856 2787 2923 sancitas
2820 2856 2997 2943 leges
3025 2856 3234 2941 quoad
3284 2854 3490 2921 omnia
3540 2866 3883 2944 opportune

2323 2945 2765 3033 provideatur.
2797 2948 2902 3011 'lta
2949 2962 3138 3032 porro
3187 2942 3563 3030 efflagitabat
3614 2952 3681 3009 et
3711 2961 3881 3030 expo-
3964 2962 3966 2980 ι

2324 3035 2550 3113 nebat;
2599 3033 2937 3100 nimirum:
2988 3031 3084 3120 (3)

2464 3125 2523 3187 1.
2590 3121 2855 3224 Saepius
2909 3121 2977 3187 in
3044 3118 3181 3186 eius
3247 3119 3527 3187 Dioecesi
3604 3115 3886 3203 contingit

2324 3220 2591 3297 propter
2637 3209 3040 3276 latitudinem
3089 3207 3572 3293 Parecbiarum,
3628 3207 3792 3294 quod
3832 3204 3884 3270 in

2323 3296 2398 3363 iis
2467 3296 2706 3364 Sacella
2777 3297 3214 3381 inveniantur,
3265 3296 3371 3362 ubi
3432 3295 3774 3364 Dominicis
3834 3301 3886 3357 et

2327 3384 2590 3452 Festivis
2634 3383 2887 3468 diebus,
2936 3386 3071 3452 sive
3119 3404 3199 3451 ex
3245 3383 3622 3452 fundatione
3662 3383 3789 3449 sive
3819 3398 3887 3445 ex

2328 3482 2656 3540 contractu
2702 3472 2961 3541 Parochi
3008 3485 3073 3539 et
3120 3473 3680 3560 parochianorum,
3736 3469 3885 3537 nissi

2327 3560 2635 3628 celebrari
2683 3562 2915 3629 debeat
2961 3581 3077 3649 pro
3127 3562 3475 3628 incolarum
3522 3558 3603 3627 ab
3636 3555 3886 3627 Ecclesia

2328 3649 2669 3737 parochiali
2702 3660 3123 3735 remotorum,
3151 3648 3460 3736 imprimis
3490 3650 3813 3715 seniorum
3837 3654 3888 3708 et

2330 3738 2761 3821 infirmorum,
2823 3737 3202 3804 necessitate
3262 3737 3368 3804 vel
3431 3734 3885 3804 commoditate.

2330 3826 2518 3913 Viget
2563 3836 2777 3891 autem
2826 3825 3224 3892 consuetudo
3253 3826 3424 3911 quod
3457 3826 3509 3891 si
3542 3846 3664 3914 per
3695 3820 3888 3891 funda·

2333 3915 2571 3980 tionem
2609 3914 2709 3979 vel
2759 3924 3153 3980 contractum
3183 3912 3270 3981 de
3301 3912 3683 4002 applicando
3729 3913 3887 3978 Sacro

2330 4002 2407 4068 ad
2438 4013 2679 4067 certam
2726 4002 3148 4069 intentionem
3180 4002 3336 4069 nibil
3370 4012 3682 4086 statutum
3711 4000 3810 4082 sit,
3839 3997 3888 4061 in

2332 4088 2646 4156 eiusmodi
2694 4088 2936 4156 casibus
2980 4091 3326 4159 Celebrans
3373 4108 3492 4178 pro
3523 4088 3649 4155 alio
3679 4087 3888 4173 stipen-

2331 4177 2437 4244 dio
2485 4177 2789 4265 applicet,
2830 4177 2935 4243 vel
2973 4179 3050 4245 ad
3094 4177 3417 4265 propriam
3464 4176 3886 4243 intentionem.

2329 4267 2665 4346 Quaeritur
2709 4284 2862 4333 num
2911 4267 3069 4332 haec
3117 4266 3537 4352 consuetudo,
3593 4265 3681 4333 de
3740 4260 3890 4329 cuius

2335 4353 2655 4441 legalitate
2702 4353 3053 4437 dubitatur,
3104 4373 3220 4443 pro
3267 4353 3484 4420 futuro
3529 4353 3612 4418 sit
3656 4349 3889 4442 permit·

2333 4441 2568 4521 tenda;
2621 4450 2686 4507 et
2732 4460 2887 4508 num
2934 4461 3050 4530 pro
3093 4442 3449 4543 praeterito
3503 4439 3741 4529 aliquid
3803 4455 3890 4503 ex·

2334 4530 2485 4598 inde
2529 4530 3004 4596 restituendum
3057 4543 3139 4596 sit
3182 4531 3259 4596 ab
3305 4530 3379 4596 iis
3425 4528 3534 4617 qui
3580 4528 3742 4596 bona
3786 4526 3891 4594 fide

2335 4637 2407 4685 ea
2452 4618 2544 4683 uti
2591 4613 2794 4685 sunt'?
3085 4657 3094 4669 ·

2465 4709 2529 4772 2.
2580 4710 2698 4772 Per
2743 4706 3088 4794 Epistolam
3137 4707 3542 4795 Encyclicam
3586 4727 3643 4772 s.
3678 4724 3765 4772 m.
3797 4708 3892 4770 Be·

2337 4794 2579 4862 nedicti
2637 4798 2834 4883 Papae
2881 4797 3019 4862 xlv
3067 4804 3323 4862 cautum
3385 4805 3516 4880 est,
3568 4803 3640 4860 ut
3697 4809 3893 4858 omnes

2338 4894 2402 4948 et
2448 4883 2683 4971 singuli
2730 4883 2837 4968 qui
2888 4891 3032 4949 actu
3077 4902 3292 4950 curam
3342 4883 3691 4951 animarum
3732 4896 3893 4946 exer·

2338 4981 2507 5055 cent,
2534 4991 2661 5037 non
2685 4973 2896 5038 solum
2928 4971 3183 5038 Parecbi
3215 4982 3282 5038 et
3312 4970 3537 5040 vicarii
3563 4971 3892 5046 Seculares,

2337 5078 2563 5126 verum
2611 5060 2800 5126 etiam
2833 5061 3209 5148 Regulares,
3244 5059 3538 5127 omnibus
3583 5053 3894 5127 Dominicis

2335 5145 2602 5236 aliisque
2649 5146 2876 5216 diebus
2923 5149 3124 5215 Festis
3169 5150 3252 5216 de
3301 5159 3646 5237 praecepto
3677 5146 3894 5211 nissam

801 5336 881 5410 (ι)
915 5340 980 5396 E.
1017 5339 1157 5397 out).
1194 5340 1246 5397 s.
1284 5367 1350 5381 —
1386 5338 1467 5412 (a)
1502 5342 1565 5399 u.
1603 5342 1743 5399 ouh.
1782 5342 1831 5397 ι.
1869 5369 1935 5384 -
1973 5341 2053 5415 (s)
2090 5345 2151 5401 n.
2189 5343 2331 5401 nuh.
2368 5346 2416 5400 ι.
