4042 5950
1583 266 2056 366 ...255-

171 430 571 503 dubitatione
612 430 754 523 quis
796 430 1026 504 horum
1056 430 1394 504 Librorum
1425 453 1613 503 usum
1645 433 1764 502 sibi

171 525 468 611 permitti
517 526 783 592 valeret.
1315 556 1319 561 ·
1375 533 1378 536 ’

301 617 388 679 Ει
455 616 638 681 Sacra
683 614 946 680 Rituum
1004 616 1256 700 Congre
1304 612 1431 679 atio
1477 612 1542 679 in
1586 610 1763 679 Ordi-

169 701 354 766 nario
400 704 605 769 Coetu
652 702 727 768 ad
777 700 1146 769 Vaticanum
1192 721 1265 768 su
1357 698 1464 768 die
1512 704 1550 768 7
1581 699 1765 788 Apri-

172 789 254 855 lis
299 809 468 856 anno
532 792 699 857 1832
747 788 1123 876 coadunata,
1186 789 1398 856 audita
1456 788 1765 855 relatione

171 876 253 943 ab
297 876 706 965 infrascripto
750 878 1102 946 Secretario
1149 877 1307 961 iacta
1361 886 1426 944 et
1473 877 1767 944 omnibus

172 976 434 1033 mature
594 965 842 1056 rpensis
915 976 1334 1052 accurateque
1412 966 1764 1035 considera-

175 1054 286 1138 tis,
322 1072 523 1122 rescri
610 1056 813 1123 ndum
858 1073 998 1123 esse
1037 1053 1310 1139 censuit,
1343 1074 1414 1121 ac
1446 1054 1768 1122 declaran-

172 1141 378 1210 dum:
425 1145 809 1231 Pontificius
842 1144 1350 1211 constitutiones
1398 1146 1471 1209 in
1515 1162 1633 1209 suo
1666 1161 1766 1207 ro-

173 1231 359 1385 bor-:d
374 1250 770 1316 permanen,
819 1243 881 1298 ct
938 1233 1208 1299 abusum
1268 1251 1396 1298 non
1442 1251 1566 1299 esse
1620 1231 1768 1299 tole-

178 1338 266 1386 ra
359 1340 497 1387 um.

313 1408 695 1475 Huiusmodi
738 1407 1154 1475 Declarationi
1200 1409 1465 1476 minime
1516 1409 1767 1495 acquie-

179 1508 464 1581 scentes,
490 1495 599 1583 qui
628 1497 925 1583 primitus
954 1497 1433 1586 supplicarunt3
1471 1507 1537 1565 et
1569 1496 1769 1586 probe

180 1604 385 1673 quum
448 1586 806 1673 intelligant
865 1594 1082 1652 contra
1140 1587 1358 1675 legem
1407 1590 1592 1654 latam
1638 1604 1767 1653 non

184 1692 327 1740 esse
372 1671 583 1760 aliquo
632 1682 860 1741 conatu
906 1674 1350 1762 pugnandum,
1399 1676 1635 1742 iterum
1682 1684 1770 1741 ta-

182 1781 341 1829 men
385 1761 788 1847 institerunt,
838 1782 965 1849 quo
1023 1762 1388 1831 traderetur
1432 1762 1658 1831 modus
1707 1770 1771 1829 et

137 1850 390 1918 ·forma
457 1851 668 1935 quoad
733 1869 923 1917 usum
983 1851 1360 1919 eorumdem
1405 1851 1768 1935 Librorum,

183 1939 346 2025 quin
408 1939 673 2006 inflictas
731 1958 967 2029 poenas
1026 1939 1154 2006 ulla
1214 1941 1455 2007 ratione
1506 1940 1647 2027 quis
1707 1939 1770 2005 in

183 2046 257 2093 se
319 2037 675 2094 convertat.
744 2028 927 2094 Hisce
995 2028 1289 2117 precibus
1345 2029 1639 2097 similiter
1699 2035 1772 2094 ut

183 2135 380 2204 supra
449 2117 662 2183 relatis
718 2116 784 2184 in
844 2117 1041 2182 altera
1105 2117 1428 2185 Ordinaria
1491 2121 1772 2204 Congre-

188 2205 450 2292 gatione
508 2204 585 2271 ad
647 2205 1015 2273 Vaticanum
1075 2206 1314 2292 pariter
1365 2205 1486 2273 sub
1531 2205 1638 2272 die
1697 2208 1774 2272 16

189 2292 394 2359 Martii
458 2296 623 2361 1833
688 2303 936 2378 coacta,
1004 2293 1496 2361 Eminentissimi
1562 2298 1775 2360 Patres

189 2381 397 2448 Sacris
442 2380 688 2448 Ritibus
736 2382 989 2449 tuendis
1037 2382 1376 2470 praepositi
1421 2382 1612 2450 satius
1655 2382 1774 2449 du·

193 2481 433 2537 xerunt
483 2488 680 2557 super
722 2490 796 2537 re
842 2469 1146 2538 iudicium
1198 2469 1481 2539 differre.
1531 2471 1773 2539 Coadu-

192 2568 336 2623 nata
404 2558 666 2624 demum
719 2555 889 2648 apud
955 2558 1277 2626 Vaticanas
1340 2561 1550 2627 Aedes
1606 2559 1780 2626 iuxta

195 2664 450 2714 morem
520 2648 742 2715 eadem
811 2650 1144 2716 Sacrorum
1201 2645 1461 2716 Rituum
1519 2647 1775 2716 Ordina-

194 2734 284 2802 ria
345 2735 805 2824 congregatio,
861 2734 928 2802 in
985 2755 1186 2823 eaque
1245 2736 1369 2802 iam
1426 2736 1614 2803 tertio
1669 2757 1775 2804 au-

195 2824 328 2892 dita
371 2823 682 2891 relatione
729 2825 807 2892 ab
853 2823 1247 2911 infrascripto
1295 2825 1649 2894 secretario
1691 2826 1776 2891 ia-

196 2926 337 2997 cta,
400 2912 695 2980 omnibus
736 2922 1028 2980 accurate
1088 2913 1365 2999 libratis,
1426 2913 1778 2983 rescriben-

195 3002 354 3069 dum
400 3021 471 3068 ac
518 3001 1004 3071 decernendum
1065 3003 1347 3070 censuit:
1409 3006 1612 3070 Detur
1670 3006 1778 3069 Ge-

195 3090 418 3158 malo
463 3092 798 3160 Decretum
849 3095 1044 3158 iuxta
1097 3100 1386 3157 mentem.
1435 3095 1608 3158 Mens
1654 3101 1777 3174 est,

197 3189 268 3244 ut
313 3178 625 3247 ordinarii
668 3184 982 3247 Locorum
1028 3199 1146 3268 pro
1198 3199 1312 3247 suo
1373 3199 1640 3248 munere
1685 3179 1779 3245 in·

197 3267 509 3354 vigilent,
582 3277 650 3334 ut
710 3269 925 3336 denuo
984 3288 1112 3335 non
1182 3270 1497 3336 cudantur
1562 3288 1780 3358 supra-

198 3356 357 3425 dicti
395 3356 702 3446 Liturgici
732 3357 900 3425 Libri
948 3356 1086 3425 sine
1115 3358 1532 3425 Attestatione
1562 3379 1594 3424 a
1623 3359 1781 3425 Pon-

199 3443 412 3512 tificiis
457 3446 1029 3514 constitutionibus
1059 3447 1477 3535 praescripta;
1527 3456 1591 3514 et
1623 3465 1780 3533 quo·

199 3536 277 3603 ad
327 3535 499 3620 illos,
550 3534 658 3621 qui
702 3535 1070 3603 huiusmodi
1123 3535 1542 3602 Attestatione
1591 3534 1781 3603 desti-

198 3631 521 3706 tuuntur,
583 3634 648 3690 et
692 3625 769 3691 ab
823 3642 987 3691 anno
1103 3624 1432 3691 raesertim
1485 3626 1652 3691 1788
1711 3642 1782 3689 ac

200 3711 521 3799 deinceps
561 3713 695 3779 cusi
751 3711 971 3796 fuere,
1021 3732 1053 3777 a
1083 3712 1276 3799 iquod
1326 3713 1657 3799 exemplar
1701 3730 1781 3777 ex

202 3798 587 3887 supradictis
633 3800 906 3868 examini
953 3802 1251 3890 probatae
1303 3805 1613 3868 Personae
1667 3804 1781 3867 Ec·

206 3888 597 3956 clesiasticae
641 3888 1012 3975 subiiciant,
1058 3909 1221 3976 quae
1272 3888 1430 3959 illud
1500 3889 1784 3957 conterat

206 3996 357 4044 cum
407 3976 522 4060 iis,
573 3978 680 4064 qui
743 3978 809 4045 in
862 3976 1033 4045 Urbe
1080 3979 1253 4045 iuxta
1323 3997 1570 4046 morem
1636 3989 1787 4045 sunt

206 4065 505 4153 impressi
539 4066 857 4154 (exceptis
896 4074 1034 4132 tum
1065 4067 1385 4134 Breviario
1417 4087 1579 4135 anno
1618 4069 1786 4134 1828

206 4155 380 4243 typis
420 4154 780 4239 Contedini,
814 4173 882 4220 ac
913 4154 1141 4221 Missali
1174 4175 1333 4222 anno
1367 4159 1534 4223 1826
1564 4157 1784 4244 praelo

207 4244 625 4311 De-Romanis
648 4244 837 4327 cusis,
865 4242 930 4309 in
952 4243 1183 4329 quibus
1213 4245 1519 4312 nonnulla
1551 4244 1785 4311 menda

209 4330 667 4421 irrepserunt),
693 4341 1076 4418 acceptaque
1113 4332 1294 4399 fideli
1324 4332 1634 4399 relatione
1663 4336 1785 4400 Re-

209 4419 460 4504 visoris,
495 4422 745 4509 quando
789 4419 950 4486 illud
991 4420 1371 4488 adamussim
1404 4421 1786 4488 concordare

211 4526 358 4574 cum
424 4509 767 4596 praedictis
814 4508 1207 4593 inveniatur,
1264 4529 1380 4576 suo
1427 4510 1615 4577 Clero
1672 4509 1787 4576 de-

213 4597 462 4663 clarent
502 4599 621 4686 ipsi
649 4595 957 4666 ordinarii
997 4598 1335 4683 Breviaria,
1370 4597 1624 4664 Missalia
1658 4609 1782 4665 etc.

213 4685 384 4752 illius
447 4685 878 4773 impressionis
944 4686 1226 4772 perfecta
1279 4706 1456 4772 esse,
1505 4687 1663 4753 adeo
1717 4696 1791 4753 ut

215 4773 342 4841 illis
389 4772 566 4841 licite
613 4785 678 4841 et
723 4773 859 4842 sine
892 4776 1023 4843 ulla
1070 4772 1467 4842 dubitatione
1513 4776 1608 4841 uti
1646 4774 1789 4861 quis

213 4865 439 4930 valeat.
491 4863 589 4930 Ad
634 4864 1180 4950 praecludendam
1235 4864 1497 4931 demum
1533 4881 1788 4930 omnem

212 4952 378 5017 viam
444 4949 888 5037 dubitationis,
915 4951 1440 5039 ⁴tradendamque
1485 4952 1637 5041 ipsis
1681 4955 1790 5019 Or·

213 5038 472 5107 dinariis
533 5049 770 5106 certam
831 5042 1122 5130 regulam
1148 5088 1167 5124 ,
1224 5039 1626 5130 ‘typographi
1669 5045 1790 5109 Ro-

213 5127 380 5195 mani
437 5129 746 5216 deinceps
805 5139 951 5197 ante
1019 5130 1505 5217 impressionem
1559 5129 1792 5197 horum

217 5217 530 5284 librorum
598 5226 934 5284 teneantur
997 5218 1252 5285 veniam
1306 5239 1340 5284 a
1386 5220 1570 5285 Sacra
1631 5221 1792 5286 Con-

219 5307 594 5392 gregatione
663 5306 1007 5393 impetrare
1035 5353 1055 5390 ,
1127 5306 1428 5393 illiusque
1496 5306 1795 5375 revisioni

221 5395 576 5481 subiicere,
626 5404 690 5462 et
750 5396 1165 5463 Attestatione
1236 5395 1522 5465 eiusdem
1571 5398 1794 5465 Secre-

1866 435 2005 503 tarii
2065 432 2343 502 munire.
2396 433 2603 536 Atque
2662 427 2746 500 ita
2804 423 3149 501 declaravit
3192 452 3263 498 ac
3307 448 3440 499 set·-

1871 524 2000 591 vari
2051 523 2394 593 mandavit.
2448 527 2561 590 Die
2606 525 2691 590 26
2735 519 2969 609 Aprilis
3021 524 3214 588 1834.

1868 700 2098 772 2⁷1⁷.
2446 700 2829 768 OSTUNEN.
3213 694 3440 785 (4731)

2000 879 2070 942 In
2114 874 2474 943 cathedrali
2518 896 2646 944 non
2693 876 2926 960 minus,
2960 890 3152 962 quam
3182 874 3248 942 in
3284 894 3444 943 non·

1871 964 2066 1031 nullis
2111 964 2248 1031 aliis
2293 964 2593 1030 Ecclesiis
2638 963 2955 1031 Dioecesis
2999 966 3334 1048 Ostunen.,
3380 963 3445 1030 in

1867 1056 2054 1119 Festo
2101 1052 2513 1121 Sacratissimi
2558 1053 2778 1121 cordis
2810 1055 2951 1120 lesu
2988 1053 3221 1120 assolet
3266 1051 3443 1120 Missa

1871 1141 2185 1217 Solemnis
2252 1140 2564 1208 celebrari
2632 1160 2779 1209 cum
2847 1152 3035 1210 cantu
3088 1151 3234 1208 ante
3295 1143 3445 1209 San-

1871 1229 2220 1298 ctissimum
2278 1231 2755 1297 Sacramentum
2823 1229 3199 1298 solemniter
3246 1249 3447 1329 expo-

1869 1318 2091 1385 situm.
2149 1316 2509 1386 Hodiernus
2555 1318 2768 1406 itaque
2809 1318 3204 1387 Cathedralis
3250 1317 3448 1407 ipsius

1875 1408 2408 1495 Archipresbyter
2463 1409 2796 1473 Sacrorum
2841 1406 3102 1475 Rituum
3168 1410 3448 1494 Congre-

1871 1494 2108 1581 gationi
2153 1495 2537 1584 supplicavit
2583 1493 2942 1562 humillime
2996 1506 3069 1563 ut
3123 1495 3448 1563 declarare

1872 1582 2277 1672 dignaretur:
2310 1586 2491 1651 Anne
2516 1583 2583 1650 in
2611 1593 2955 1650 memorata
2980 1585 3155 1651 Missa
3179 1582 3449 1651 solemni

1873 1674 1958 1741 de
2003 1671 2428 1742 sacratissimo
2489 1674 2697 1740 Corde
2743 1675 2881 1739 lesu
2935 1674 3167 1761 apponi
3219 1670 3451 1740 debeat

1872 1762 2388 1830 commemoratio
2448 1761 2827 1832 Sanctissimi
2888 1759 3329 1830 sacramenti?
3389 1769 3452 1827 et

1873 1862 2187 1937 quatenus
2233 1850 2630 1935 affirmative,
2678 1870 2757 1916 an
2802 1850 2914 1917 ista
2971 1851 3182 1918 locum
3228 1850 3453 1918 habeat

1874 1937 1993 2006 sub
2039 1936 2222 2007 unica
2268 1935 2720 2008 conclusione?

1960 2031 2044 2096 Et
2074 2031 2258 2096 Sacra
2290 2030 2511 2096 eadem
2542 2028 2987 2116 congregatio,
3017 2028 3094 2095 ad
3134 2025 3454 2107 Quirinale

1873 2117 1992 2184 sub
2037 2116 2429 2207 infrascripta
2470 2115 2572 2184 die
2606 2115 2671 2181 in
2716 2116 3043 2184 Ordinario
3073 2119 3276 2184 Coetu
3317 2133 3455 2180 coa-

1876 2205 2146 2289 dunata,
2211 2205 2503 2272 omnibus
2556 2214 2805 2271 mature
2861 2205 3193 2293 perpensis
3255 2214 3320 2271 et
3361 2203 3455 2268 in-

1878 2292 2208 2383 frascripto
2263 2292 2613 2363 secretario
2678 2292 3038 2377 referente,
3100 2291 3457 2359 rescriben-

1875 2381 2034 2449 dum
2079 2382 2360 2450 censuit:
2411 2403 2448 2447 α
2483 2382 3163 2450 commemorationem
3204 2380 3268 2447 in
3308 2396 3456 2446 casu

1879 2489 2018 2537 esse
2049 2471 2462 2539 omittendam
2494 2492 2559 2537 ›.
2601 2470 2714 2538 Die
2746 2474 2786 2537 6
2818 2468 3209 2558 Septembris
3261 2470 3455 2535 1834.

1882 2647 2120 2717 2⁷18.
2417 2648 2916 2714 munuum.
3229 2646 3455 2735 (4733)

2012 2827 2316 2894 Sacerdos
2366 2826 2801 2915 Archangelus
2854 2826 3131 2894 Polidori
3197 2827 3463 2896 Canoni-

1882 2934 1992 2984 cus
2023 2915 2307 3001 itemque
2338 2915 2545 2984 Choro
2584 2916 2945 2984 Praefectus
2975 2915 3271 2985 Basilicae
3306 2921 3460 2984 Lau-

1885 3015 2136 3071 retanae
2168 3004 2539 3072 humillimis
2572 3004 2730 3072 datis
2761 3003 3061 3091 precibus
3095 3006 3283 3072 enixe
3313 3025 3462 3094 sup·

1883 3092 2180 3184 plicavit,
2244 3100 2315 3159 ut
2367 3113 2400 3158 a
2457 3095 2790 3160 Sacrorum
2855 3092 3115 3161 Rituum
3179 3097 3461 3180 Congre-

1883 3180 2135 3272 gatione
2181 3180 2581 3249 declaretur:
2637 3185 2863 3248 Utrum
2908 3181 2970 3247 in
3026 3181 3467 3268 Responsoriis

1883 3279 2027 3362 post
2092 3269 2456 3354 Lectiones,
2516 3270 2767 3357 quando
2821 3269 3068 3356 duplex
3124 3269 3466 3358 apponitur

1884 3356 2243 3442 asteriscus,
2272 3356 2444 3425 dicto
2482 3378 2700 3443 versu,
2726 3358 3079 3445 repetenda
3116 3359 3241 3425 sint
3271 3360 3463 3426 verba

1884 3471 1919 3516 a
1949 3447 2155 3536 primo
2194 3446 2490 3514 asterisco
2538 3447 2616 3514 ad
2650 3466 2906 3514 versum
2937 3466 3169 3533 usque,
3205 3456 3271 3514 et
3323 3457 3466 3536 post

1890 3539 2115 3605 Gloria
2167 3537 2365 3602 Patri
2432 3536 2731 3621 repetitio
2800 3534 3082 3622 incipere
3150 3536 3380 3604 debeat
3430 3554 3465 3600 a

1884 3623 2169 3693 secundo
2237 3624 2533 3691 asterisco
2601 3624 2679 3691 ad
2745 3643 3002 3692 versum
3068 3643 3317 3711 usque,
3373 3623 3466 3691 uti

1887 3714 2224 3801 opinantur
2291 3710 2596 3781 Cavalieri
2663 3722 2726 3778 et
2794 3714 3049 3802 Merati3
3122 3733 3199 3780 an
3263 3712 3468 3800 prima

1887 3801 2188 3903 repetitio
2249 3811 2389 3888 post
2447 3818 2708 3868 versum
2772 3803 3078 3889 prosequi
3140 3801 3374 3869 debeat
3436 3821 3470 3867 a

1936 3909 2096 3957 rimo
2127 3889 2204 3956 ad
2235 3890 2591 3958 secundum
2621 3890 3014 3973 asteriscum,
3042 3890 3303 3957 servatis
3330 3909 3471 3957 ver-

1931 3980 1983 4047 is
2028 4000 2063 4046 a
2119 3978 2404 4045 secundo
2464 3979 2763 4047 asterisco
2814 3979 2892 4046 ad
2949 3998 3207 4048 versum
3266 3999 3468 4067 usque

1889 4088 2005 4158 pro
2050 4067 2325 4135 secunda
2371 4066 2782 4158 repetitione,
2828 4066 3031 4134 veluti
3076 4067 3345 4157 Rubrica
3391 4069 3470 4136 ad

1888 4156 2137 4247 praxim
2200 4156 2452 4223 redacta
2506 4153 2873 4243 praescribit
2924 4154 2987 4221 in
3035 4157 3470 4241 Responsoriis

1887 4244 2248 4313 Dominicae
2310 4243 2552 4332 primae
2617 4243 2805 4313 Sacri.
2839 4242 3213 4327 Adventus,
3278 4256 3347 4310 et
3405 4244 3467 4311 in

1889 4331 2349 4422 Responsorio:
2399 4333 2626 4398 Libera
2661 4350 2753 4399 mc
2783 4333 3072 4411 Domine,
3110 4330 3308 4399 Officii
3353 4337 3472 4400 De-

1889 4423 2285 4503 functorum‚
2321 4421 2413 4488 uti
2459 4421 2595 4488 fieri
2643 4420 2870 4487 assolet
2918 4419 2983 4487 in
3016 4419 3312 4488 Ecclesiis
3355 4425 3472 4488 Ur-

1892 4510 2010 4594 bis,
2060 4530 2130 4577 ac
2174 4510 2558 4577 servandum
2604 4507 2912 4597 praecipit
2959 4518 3167 4577 orator
3212 4509 3278 4576 in
3308 4508 3472 4577 Basi-

1891 4598 2008 4665 lica
2041 4602 2411 4682 Lauretana,
2448 4599 2626 4666 cuius
2662 4598 3024 4681 sanctionis,
3059 4598 3260 4665 veluti
3292 4596 3471 4686 praxi

1894 4685 2274 4772 conformis,
2325 4684 2871 4755 confirmationem
2919 4688 3227 4774 exposcit.

2023 4772 2399 4843 Huiusmodi
2512 4772 2763 4842 recibus
2820 4793 2943 4863 per
3003 4775 3471 4862 infrascriptum

1894 4861 2320 4931 Secretarium
2388 4882 2460 4929 re
2486 4863 2598 4929 atis
2662 4863 2728 4930 in
2787 4861 3127 4931 Ordinariis
3193 4861 3476 4931 comitiis

1893 4950 1969 5017 ad
2032 4950 2351 5029 Quirinale
2411 4950 2805 5039 infrascripta
2862 4950 2981 5019 sub
3040 4950 3148 5018 die
3207 4950 3471 5035 habitis,

1894 5057 2100 5126 reque
2157 5050 2407 5107 mature
2466 5058 2806 5128 perpensa,
2867 5039 3364 5110 Eminentissimi
3411 5047 3478 5106 et

1894 5126 2428 5196 Reverendissimi
2494 5132 2707 5195 Patres
2774 5129 2975 5199 Sacris
3049 5127 3305 5197 tuendis
3372 5126 3477 5196 Ri-

1895 5215 2064 5284 tibus
2123 5211 2464 5307 praepositi
2516 5217 2891 5286 hodiernam
2945 5214 3474 5286 consuetudinem

1897 5305 1961 5372 in
2013 5306 2222 5374 Choro
2274 5305 2572 5374 Basilicae
2630 5309 3014 5374 Lauretanae
3073 5308 3479 5374 constitutam

1902 5394 2381 5481 confirmarunt,
2413 5415 2484 5464 ac
2514 5395 2784 5488 proinde
2820 5395 3303 5466 rescribendum
3331 5412 3480 5462 cen·
