4042 5950
2026 223 2340 360 —'118
2395 325 2495 340 -

623 442 781 527 dito,
831 444 907 510 ad
958 443 1333 510 relationem
1355 442 1671 511 “eiusdem
1706 441 1843 510 Emi
1877 438 2201 522 Ponentis,

623 531 1109 598 rescribendum
1157 531 1454 597 censuit:

753 619 847 686 Ad
903 623 960 685 1.
1012 640 1050 683 ι
1082 618 1390 685 Incedere
1436 619 1673 685 debere
1728 616 1792 683 in
1854 615 2070 682 babitu
2120 624 2204 679 ta-

626 707 733 772 lari
786 709 886 773 vel
937 704 1287 791 insignibus
1343 705 1637 793 propriae
1700 703 1989 791 dignitati
2053 721 2203 768 con·

622 792 1027 861 venientibus
1059 815 1121 860 ›.

737 883 845 948 -Ad
895 885 961 947 2.
1013 901 1051 944 s
1086 882 1428 965 Negative,
1489 880 1606 947 nisi
1671 880 1751 945 sit
1809 878 1895 946 de
1952 878 2202 965 gremio

620 968 892 1054 Capituli
926 990 991 1034 ι».
1387 1039 1395 1054 ‚

752 1058 844 1123 Ad
897 1060 958 1122 3.
1010 1078 1048 1121 ι
1083 1057 1406 1124 Provisum
1455 1058 1519 1123 in
1564 1055 1846 1122 secundo
1880 1077 1945 1122 ν.

698 1215 707 1236 ⁸
755 1148 833 1209 Et
879 1145 960 1209 ita
1014 1144 1359 1212 declaravit
1423 1166 1492 1210 ac
1551 1142 1788 1209 servari
1851 1140 2195 1213 mandavit.

624 1231 732 1298 Die
780 1235 863 1299 25
913 1232 1235 1299 Februarii
1290 1236 1481 1299 1758.

628 1375 884 1460 2449.
1082 1378 1306 1443 uanis
1354 1379 1453 1440 nr
1497 1377 1738 1441 oanis.
1973 1371 2199 1457 (4275)

752 1500 982 1565 SSfflus
1007 1496 1308 1564 Dominus
1335 1499 1563 1561 Noster
1587 1497 1882 1562 Clemens
1905 1498 2016 1561 PP.
2039 1497 2197 1579 xm,

619 1587 787 1652 inter
832 1584 1218 1671 multiplices
1250 1583 1650 1672 Apostolatus
1694 1584 1790 1649 sui
1840 1602 2043 1666 curas,
2094 1585 2198 1650 Sa-

620 1691 874 1739 crorum
921 1673 1182 1754 Rituum
1242 1669 1731 1759 amplitudinem
1789 1690 1942 1758 prae
1998 1670 2200 1736 oculis

621 1759 853 1827 babere
902 1778 1027 1824 non
1076 1760 1611 1846 praetermittens,
1648 1759 1749 1845 pia
1787 1759 2200 1828 meditatione
2250 1791 2255 1798 ·

619 1848 962 1936 perpendit
992 1847 1189 1932 quod,
1271 1847 1513 1913 uamvis
1544 1856 1944 1932 compertum
1976 1845 2057 1910 sit
2088 1850 2200 1912 Fe-

585 1935 727 2012 *stis
772 1933 1095 2020 quibusvis
1144 1936 1249 2001 die
1296 1954 1370 2000 us
1432 1929 1776 2000 Ecclesiam
1836 1934 1964 2019 iugi
2020 1933 2200 2000 cultu

619 2027 1060 2090 Sacrosanctae
1109 2034 1174 2088 et
1223 2023 1590 2088 individuae
1652 2022 1970 2089 Trinitatis
2033 2020 2199 2085 sole·

619 2109 784 2175 mnia
831 2111 1072 2195 colere,
1124 2128 1322 2195 quum
1386 2114 1586 2175 Deum
1649 2111 1896 2195 ipsum,
1945 2109 2055 2197 qui
2102 2118 2200 2174 est

617 2201 798 2263 Pater
855 2208 919 2264 et
969 2197 1158 2264 Filius
1219 2207 1283 2264 et
1345 2196 1614 2285 Spiritus
1661 2200 1925 2265 Sanctus
1981 2215 2200 2263 rerum

617 2285 905 2350 omnium
965 2285 1207 2373 opifex,
1258 2295 1324 2351 et
1381 2284 1457 2350 ad
1520 2303 1714 2369 quem
1773 2285 1980 2351 omnia
2036 2283 2200 2350 refe-

619 2371 814 2438 reuda
860 2385 1048 2455 sunt,
1099 2373 1161 2439 in
1209 2374 1406 2439 Festis
1475 2391 1734 2458 quoque
1784 2372 2085 2459 Deiparae
2135 2380 2200 2436 et

617 2460 887 2527 aliorum
943 2463 1317 2528 Sanctorum
1381 2460 1675 2526 venerari
1734 2472 1799 2524 et
1857 2459 2198 2545 glorificari

620 2547 1026 2634 profiteatur;
1064 2549 1337 2614 maxime
1372 2558 1587 2614 tamen
1619 2546 1844 2613 deceat
1878 2547 2198 2614 Dominica

617 2634 750 2716 die,
780 2654 907 2719 quo
934 2641 1099 2702 Deus
1127 2635 1259 2723 ipse
1293 2636 1508 2702 lucem
1531 2635 1844 2716 condidit,
1874 2654 2002 2726 quo
2028 2638 2201 2701 lesus

616 2721 901 2788 Christus
933 2745 964 2787 a
998 2723 1264 2789 mortuis
1296 2722 1673 2806 resurrexit,
1699 2742 1829 2810 quo
1860 2723 2091 2789 sedens
2121 2722 2194 2788 ad

616 2812 947 2878 dexteram
990 2810 1185 2876 Patris
1230 2811 1620 2878 Paracletum
1681 2808 2197 2897 Spiritum-San-

551 2923 566 2936 *
618 2909 792 2964 ctum
832 2897 999 2964 misit
1029 2898 1114 2964 de
1145 2900 1380 2984 Coelis,
1410 2917 1536 2984 quo
1573 2898 1843 2987 proinde
1879 2896 2197 2964 ineffabile
2240 2941 2246 2947 -

620 2998 683 3052 et
741 2986 1386 3075 incomprehensibile
1449 2987 1768 3056 Trinitatis
1827 2987 2197 3075 Hysterium

618 3074 1022 3142 manifestum
1071 3074 1306 3144 factum
1363 3091 1460 3144 est
1514 3076 1729 3158 nobis,
1780 3075 2196 3161 quemadmo-

617 3166 772 3232 dum
809 3163 871 3228 in
902 3165 1121 3233 divino
1166 3165 1381 3233 Officio
1431 3176 1565 3230 tum
1611 3163 1686 3229 ad
1738 3164 2004 3231 Primam
2039 3163 2196 3229 reci·

620 3251 808 3320 tando
855 3253 1226 3342 Symbolum
1266 3256 1684 3337 Quicumque,
1731 3265 1865 3319 tum
1912 3256 2197 3340 plerum-

616 3361 743 3428 que
794 3343 856 3409 in
903 3341 1130 3408 ultimo
1185 3342 1355 3409 tertii
1377 3341 1694 3410 ’Nocturni
1742 3338 2195 3428 Responsorio,

616 3429 1113 3516 Angustissimae
1184 3429 1420 3498 Triadis
1490 3429 1560 3496 lit
1624 3430 2196 3505 commemoratio;

616 3518 788 3583 idem
840 3528 903 3582 et
952 3517 1017 3584 in
1062 3516 1277 3582 Missae
1323 3514 1645 3585 Sacrificio
1704 3518 1960 3604 peragi,
2009 3528 2200 3602 atque

617 3605 680 3669 in
736 3625 806 3669 ea
862 3604 1264 3690 potissimum
1330 3618 1511 3693 parte
1581 3623 1702 3688 qua
1763 3616 2198 3672 contestamur

614 3692 885 3778 dignum
933 3703 999 3756 et
1045 3692 1281 3758 iustum
1343 3712 1480 3759 esse
1545 3697 1673 3758 Deo
1728 3693 1956 3778 gratias
2000 3710 2196 3779 agere

615 3798 896 3864 eumque
943 3779 1330 3864 collaudare,
1381 3780 1766 3849 benedicere
1824 3790 1889 3845 et
1943 3780 2195 3865 praedi·

565 3892 580 3911 ·
614 3885 797 3951 care;
835 3865 1070 3933 idcirco
1101 3867 1178 3933 ad
1216 3870 1516 3935 maiorem
1556 3888 1585 3931 s
1638 3868 2194 3953 lendidioremque

618 3955 768 4021 tanti
798 3952 1075 4040 Hysterii
1106 3954 1398 4041 gloriam,
1429 3968 1498 4022 ut
1523 3954 1565 4021 li
1616 3956 1751 4021 eles
1823 3976 2061 4042 noque,
2088 3956 2193 4041 qui

615 4042 720 4107 die
755 4040 1076 4109 [lominica
1117 4045 1333 4109 Missae
1366 4044 1678 4110 interesse
1709 4045 1790 4111 de
1841 4056 1973 4127 ent,
2011 4043 2195 4110 latius

613 4140 803 4211 atque
848 4130 1130 4215 apertius
1168 4132 1554 4198 Sacrosancti
1593 4132 1883 4198 eiusdem
1919 4129 2193 4219 Hysterii

615 4218 946 4303 praeconia
975 4218 1335 4303 audientes,
1385 4219 1675 4287 debitum
1723 4231 1788 4289 et
1833 4214 1951 4307 ipsi
1998 4221 2194 4285 servi·

620 4305 769 4371 tutis
816 4306 1192 4391 obsequium
1254 4326 1593 4393 supremae
1655 4308 2026 4394 impendant
2075 4310 2235 4379 Μει-ι

618 4394 849 4480 iestati,
898 4394 1117 4460 statuit
1161 4406 1351 4481 atque
1398 4394 1726 4462 decernit:
1774 4417 1812 4460 s
1845 4396 2023 4473 Quod
2070 4394 2193 4458 sin·

615 4482 782 4567 gulis
830 4480 1170 4549 Dominicis
1217 4485 1444 4552 diebus
1508 4484 1697 4550 totius
1742 4483 1914 4566 anni,
1963 4480 2195 4567 quibus

612 4572 1031 4637 Praefationes
1077 4572 1372 4658 propriae
1411 4591 1529 4658 per
1555 4571 2013 4655 Rubricasnon
2046 4581 2194 4635 sunt

611 4655 1008 4746 adsignatae,
1060 4659 1424 4745 incipiendo
1471 4680 1504 4723 a
1550 4657 1869 4726 Dominica
1917 4662 2025 4726 SS.
2063 4658 2194 4724 Tri·

614 4745 821 4813 nitatis
847 4747 1161 4815 currentis
1186 4748 1327 4813 anni
1358 4751 1549 4829 1759,
1569 4749 1944 4815 Sacerdotes
1970 4766 2191 4812 omues

612 4833 944 4921 utriusque
989 4835 1186 4918 Cleri,
1222 4833 1537 4903 Secularis
1582 4854 1817 4935 nempe
1849 4844 2040 4921 atque
2072 4836 2192 4900 Re-

611 4922 871 5007 gularis,
907 4921 1364 4989 praefationem
1403 4925 1483 4991 de
1518 4925 1627 4990 SS.
1666 4928 1994 5006 Trinitate,
2031 4941 2191 5009 quae

613 5011 732 5076 iam
783 5009 931 5075 inde
982 5031 1012 5075 a
1063 5009 1503 5076 vetustissimis
1550 5012 1943 5096 temporibus
1976 5009 2040 5077 in
2075 5029 2194 5076 usu

613 5096 803 5162 fuisse
872 5096 1309 5182 dignoscitur,
1384 5096 1445 5164 in
1513 5098 1689 5163 Missa
1758 5099 2029 5166 recitare
2103 5108 2192 5163 te·

611 5193 883 5249 neantur
915 5206 976 5252 ».

745 5275 820 5336 Et
869 5273 949 5337 ita
998 5272 1449 5340 inviolabiliter
1494 5274 1812 5340 observari
1843 5274 2188 5344 mandavit.

611 5360 722 5436 Die
759 5364 797 5424 3
830 5360 1090 5427 Ianuarii
1133 5363 1329 5429 1759.
1427 5404 1432 5415 ·
2096 5366 2099 5367 ’

2310 438 2574 509 2450.
2903 441 3301 509 BRlXINEN.
3664 442 3905 526 (4276)

2438 618 2597 681 Cum
2632 615 2693 681 in
2726 633 2888 680 nova
2919 615 3395 698 constructione
3441 616 3757 682 Ecclesiae
3790 622 3909 684 Ca·

2309 701 2610 770 thedralis
2656 703 2983 769 Brixinen.
3028 701 3339 788 Imagines
3386 714 3451 772 et
3496 703 3689 770 Tituli
3727 705 3905 788 Alta-

2307 789 2473 857 rium
2504 789 2853 875 antiquitus
2884 800 3399 857 consecratorum
3441 792 3722 858 translati
3755 792 3907 858 fue-

2307 878 2435 944 rint
2480 879 2560 945 de
2610 896 2739 943 uno
2787 877 2928 944 loco
2962 879 3051 945 ad
3098 877 3318 962 alium,
3369 899 3496 946 non
3549 888 3759 945 amota
3811 893 3905 946 ta-

2200 1021 2211 1034 ,
2307 983 2457 1030 men
2487 983 2520 1028 a
2551 964 2881 1050 primaevo
2913 966 3054 1031 loco
3102 975 3316 1034 mensa
3350 966 3471 1032 iam
3502 979 3904 1052 consecrata,

2306 1053 2665 1137 quaesitum
2715 1052 2835 1119 fuit
2876 1073 2908 1117 a
2938 1053 3231 1140 capitulo
3265 1065 3330 1119 et
3361 1053 3691 1121 canonicis
3725 1055 3906 1121 illius
3928 1117 3947 1132 .

2307 1140 2660 1207 Ecclesiae:
2707 1144 2802 1207 An
2834 1140 3094 1223 Altaria,
3127 1161 3157 1206 a
3191 1140 3423 1226 quibus
3453 1143 3576 1209 alio
3612 1144 3904 1209 translati

2307 1228 2545 1294 fuerint
2577 1228 2766 1295 Tituli
2803 1241 2868 1294 et
2900 1230 3237 1315 lmagines,
3274 1240 3905 1308 remanentetamen

2308 1334 2536 1469 mensa¹>
2552 1326 2937 1399 consecrata,
2972 1336 3134 1383 nova
3164 1316 3531 1404 indigerent
3563 1336 3905 1385 consecra·

2310 1415 2482 1470 tione

2438 1494 2517 1556 Et
2562 1495 2626 1560 S.
2678 1496 2753 1560 R.
2804 1495 2907 1574 C.,
2955 1493 3031 1558 ad
3083 1491 3458 1561 relationem
3508 1492 3903 1581 infrascripti

2305 1580 2670 1663 Secretarii,
2720 1579 3091 1664 responditz
3144 1601 3181 1641 ‹
3217 1579 3457 1646 Eadem
3490 1581 3725 1648 Altaria
3765 1602 3907 1651 non

2306 1666 2599 1753 indigere
2658 1687 2822 1734 nova
2884 1668 3396 1752 consecratione,
3454 1687 3605 1735 cum
3660 1670 3904 1737 Altaria

2307 1772 2435 1820 non
2482 1755 2724 1822 Sanctis
2757 1754 2872 1820 sed
2908 1759 3037 1821 Deo
3075 1755 3136 1821 in
3170 1754 3483 1822 bonorem
3514 1759 3906 1824 Sanctorum

2305 1842 2692 1909 dedicentur
2725 1867 2788 1907 ».
3188 1907 3199 1916 ,
3476 1883 3481 1890 ·

2305 1993 2351 2083 Ι,
2436 1933 2515 1996 Et
2541 1931 2623 1994 ita
2648 1930 2994 1997 declaravit
3018 1943 3209 2016 atque
3232 1932 3556 1998 decrevit.
3584 1933 3695 1999 Die
3734 1938 3770 2000 7
3803 1939 3905 2001 lu·

2332 2017 2373 2082 ii
2414 2020 2609 2086 1759.

2311 2164 2556 2234 2451..

2427 2289 2603 2351 lnter
2660 2284 3032 2351 Caietanum
3090 2283 3390 2370 Foglietti
3455 2285 3901 2372 Praepositum

2304 2372 2624 2439 Ecclesiae
2658 2371 3047 2456 collegiatae
3093 2373 3207 2437 SS.
3241 2372 3581 2439 Salvatoris
3612 2372 3905 2439 Civitatis

2303 2464 2647 2526 Maceratae
2676 2479 2756 2526 ex
2782 2478 2931 2540 una,
2958 2469 3149 2545 atque
3181 2460 3523 2526 nonnullos
3548 2461 3905 2527 Canonicos

2305 2548 2596 2614 eiusdem
2630 2546 2951 2614 Ecclesiae
2982 2546 3267 2631 partibus
3296 2566 3377 2612 ex
3409 2549 3633 2631 altera,
3669 2563 3903 2615 exorta

2304 2636 2735 2702 controversia
2779 2652 2980 2719 super
3038 2644 3372 2720 praetensa
3430 2636 3785 2702 assistentia
3837 2637 3904 2702 in

2304 2721 2737 2789 celebratione
2763 2721 3086 2787 Missarum
3109 2721 3520 2807 solemnium,
3546 2723 3785 2809 illaque
3821 2725 3901 2789 ad

2302 2813 2576 2878 S.·R.·C.
2604 2811 2838 2890 delata,
2868 2813 3065 2874 Emus
3094 2823 3161 2874 et
3193 2814 3388 2876 limus
3419 2815 3493 2876 D.
3521 2814 3712 2878 Card.
3740 2815 3902 2877 Pau·

2302 2898 2497 2965 lutius
2520 2901 2765 2981 Ponens
2791 2897 3266 2984 infrascriptum
3291 2897 3559 2965 dubium
3584 2900 3905 2966 deciden-

2301 2989 2457 3055 dum
2492 2986 2849 3075 proposuit,
2882 3004 3161 3073 nempe:

2435 3078 2531 3140 An
2576 3074 2964 3161 Praeposito,
3016 3076 3265 3141 Missam
3315 3075 3675 3142 solemnem
3719 3075 3903 3142 cele·

2302 3163 2531 3244 branti,
2579 3162 2893 3229 debeatur
2938 3162 3298 3229 assistentia
3334 3163 3799 3230 canonicorum
3838 3162 3903 3230 in

2301 3271 2572 3319 munere
2619 3251 2872 3317 Diaconi
2925 3262 2989 3315 et
3036 3250 3469 3318 Subdiaconi?

2434 3343 2512 3404 Et
2544 3343 2613 3405 S.
2639 3343 2713 3404 R.
2743 3343 2846 3419 G..
2875 3348 3145 3424 utraque
3171 3349 3353 3422 parte
3375 3340 3615 3427 scripto
3644 3352 3708 3406 et
3733 3362 3902 3407 voce

2303 3428 2686 3494 informante
2718 3426 2931 3494 audita
2966 3426 3246 3511 visisque
3285 3428 3530 3494 iuribus
3563 3429 3709 3495 binc
3742 3430 3902 3496 inde

2303 3516 2639 3598 deductis,
2702 3515 2777 3580 ad
2844 3515 3216 3580 relationem
3279 3515 3571 3582 eiusdem
3628 3515 3761 3581 Emi
3820 3522 3897 3583 l).

2300 3603 2493 3670 Card.
2519 3603 2848 3684 Ponentis,
2878 3601 3363 3669 rescribendum
3396 3603 3682 3670 censuit:
3718 3625 3756 3668 ι
3788 3605 3897 3669 Af·

2302 3689 2661 3770 firmative3
2711 3701 2777 3756 et
2821 3691 3097 3776 amplius
3131 3712 3192 3754 ιι.

2434 3784 2511 3844 Et
2558 3779 2641 3844 ita
2687 3779 2977 3845 decrevit
3007 3800 3077 3844 ac
3108 3778 3347 3844 servari
3398 3779 3741 3849 mandavit.
3776 3782 3894 3845 Die

2306 3871 2341 3935 7
2375 3866 2519 3934 lulii
2560 3868 2754 3933 1759.

2304 4006 2562 4077 2452.
2730 4008 3060 4074 NULLIUS
3107 4010 3459 4075 ATlSSAE.

2429 4136 2600 4196 lnter
2633 4134 3073 4198 Promotorem
3105 4134 3411 4199 Fiscalem
3441 4136 3671 4201 Curiae
3709 4156 3892 4222 prae-

2298 4220 2661 4304 posituralis
2735 4219 2986 4287 Nullius
3055 4220 3291 4287 Atissae
3361 4243 3430 4288 ac
3504 4223 3889 4290 hodiernum

2298 4307 2580 4372 Priorem
2629 4317 2693 4373 et
2741 4312 2949 4374 Patres
2991 4309 3357 4375 Carmelitas
3390 4308 3596 4376 dictae
3629 4315 3893 4396 Terrae,

2296 4412 2494 4479 super
2541 4414 2658 4460 usu
2706 4408 3045 4481 praetenso
3092 4396 3522 4482 genuflexorii
3563 4417 3711 4465 cum
3740 4402 3889 4485 pul·

2295 4482 2620 4549 vinaribus
2668 4482 2863 4569 parati
2910 4504 2942 4548 a
2987 4486 3313 4572 moderno,
3346 4487 3742 4572 Praeposito,
3781 4508 3891 4552 ex·

2298 4571 2452 4634 ortis
2499 4572 2974 4655 controversiis,
3026 4573 3247 4656 eisque
3295 4574 3370 4640 ad
3423 4578 3486 4640 S.
3533 4578 3611 4639 R.
3656 4577 3731 4639 C.
3774 4575 3887 4641 de—

2301 4657 2478 4733 latis;
2545 4661 2739 4722 Emus
2802 4669 2867 4724 et
2929 4663 3123 4727 amus
3185 4664 3258 4725 D.
3315 4662 3502 4727 Card.
3562 4662 3890 4729 Paulutius

2297 4752 2539 4814 Ponens
2599 4745 3070 4833 infrascriptum
3120 4746 3389 4815 dubium
3445 4750 3887 4817 decidendum

2299 4835 2656 4922 proposuit,
2708 4853 2947 4924 nempe
2980 4858 2996 4900 ε

2426 4929 2527 4989 An
2569 4923 2649 4988 sit
2697 4924 3147 5008 reponendum
3187 4924 3703 5009 genuflexerium
3737 4945 3884 4993 cum

2295 5009 2736 5096 pulvinaribus
2784 5022 2965 5078 extra
3011 5013 3484 5099 Presbyterium
3548 5012 3608 5078 in
3671 5014 3883 5080 medio

2298 5097 2682 5165 Ecclesiae?

2426 5188 2506 5250 Et
2560 5189 2627 5253 S.
2678 5190 2750 5254 u.
2801 5190 2903 5267 C„
2958 5199 3227 5273 utraque
3289 5201 3469 5274 parte
3516 5190 3758 5276 scripto
3814 5199 3879 5255 et

2294 5292 2449 5338 voce
2486 5273 2863 5341 informante
2894 5275 3104 5340 audita
3139 5275 3413 5361 visisque
3456 5277 3699 5344 iuribus
3735 5278 3879 5345 binc

2295 5360 2440 5425 inde
2466 5361 2787 5444 deductis,
2810 5364 2886 5431 ad
2915 5361 3293 5429 relationem
3319 5365 3582 5452 praefati
3608 5365 3748 5431 Emi
3773 5369 3879 5430 Po·

2768 2238 2773 2242 ,
2844 2161 3352 2229 macarium.
3664 2165 3902 2252 (4280)

3662 4010 3891 4095 (4281)
