4042 5950
1939 290 2357 370 —46—

528 460 710 520 textu
755 451 925 539 qnod
971 473 1004 517 a
1049 450 1379 520 canonicis
1439 461 1506 516 et
1550 447 1945 516 Beneficiatis
2004 448 2099 515 di·

529 553 664 607 ctae
711 539 1223 625 Metropolitanae
1272 538 1584 604 testatoris
1613 535 1940 623 dispositio
1969 555 2099 603 non

529 630 721 716 plene
765 628 1266 727 adimplebatur;
1329 626 1484 692 dum
1542 624 1697 710 ipsi,
1769 624 2094 689 occasione

527 715 989 796 benedictionis
1043 713 1214 782 ssmi
1268 710 1648 780 Sacramenti
1681 722 1770 794 et,
1826 711 1903 776 ad
1951 730 2098 798 pre-

527 824 632 870 ces
663 821 871 869 coram
920 801 1027 866 illo
1073 800 1423 867 fundendas
1452 800 1715 885 singulis
1759 799 2098 864 Dominicis

524 900 668 977 post
692 888 1214 974 completorium,
1243 908 1276 952 a
1305 889 1510 955 Choro
1535 887 1797 953 minime
1828 885 2095 952 descen-

525 979 788 1061 dissent,
825 995 1026 1060 eaque
1072 975 1147 1041 ad
1198 979 1265 1042 S.
1298 981 1371 1043 R.
1407 979 1480 1043 C.
1514 975 1759 1051 delata;
1810 978 1998 1039 Emus
2029 985 2096 1039 et

526 1068 716 1131 Rffius
763 1069 833 1130 D.
885 1065 1070 1130 Card.
1122 1064 1288 1129 Gotti
1328 1063 1795 1150 infrascriptum
1826 1060 2092 1127 dubium

526 1153 692 1220 inter
721 1162 932 1238 partes
965 1149 1411 1217 concordatum
1456 1150 1904 1218 declarandum
1945 1168 2090 1236 pro-

574 1240 778 1308 osuit:

525 1263 570 1330 p
655 1334 748 1394 An
803 1326 1095 1396 Canonici
1146 1338 1208 1392 et
1253 1326 1655 1408 Beneficiati,
1704 1326 1858 1391 dum
1919 1345 2090 1390 occa·

523 1418 698 1482 sione
745 1413 1208 1483 benedictionis
1235 1414 1675 1501 Angustissimi
1709 1412 2092 1479 Sacramenti

524 1504 782 1590 singulis
830 1501 1165 1568 Dominicis
1214 1512 1353 1588 post
1401 1500 1904 1586 completorium
1949 1520 2090 1566 can-

526 1601 692 1659 tatur
736 1598 1055 1678 Hymnus:
1106 1591 1321 1674 Panye
1364 1590 1595 1674 linqua
1640 1599 1787 1667 etc„
1841 1598 2093 1654 tenean-

527 1691 629 1746 tur
689 1678 1079 1746 descendere
1124 1698 1157 1741 a
1203 1678 1410 1744 Choro
1472 1688 1537 1744 et
1588 1676 1769 1741 flexis
1827 1674 2094 1762 genibus

526 1785 753 1834 canere
784 1783 994 1831 coram
1041 1764 1433 1842 Venerabili3
1486 1764 1584 1829 vel
1636 1763 1843 1851 potius
1887 1782 2090 1828 rema-

526 1874 680 1921 nere
742 1853 979 1942 possint
1040 1853 1102 1917 in
1159 1871 1383 1918 eorum
1443 1851 1636 1918 stallis
1698 1848 2097 1917 choralibus?

658 1947 733 2011 Et
777 1943 845 2007 S.
879 1943 955 2006 R.
988 1942 1088 2023 C.‚
1137 1941 1214 2006 ad
1260 1940 1633 2006 relationem
1682 1940 1819 2005 Emi
1849 1948 1913 2004 et
1954 1938 2095 2005 Rmi

526 2033 598 2094 D.
634 2029 821 2096 Card.
857 2027 1050 2110 Gotti,
1085 2046 1396 2115 perpensa
1426 2028 1602 2115 prius
1648 2027 2090 2093 informatione

526 2116 664 2183 Rffii
710 2114 1215 2201 Arcbiepiscopi,
1252 2135 1374 2182 nec
1403 2135 1533 2182 non
1562 2115 1808 2200 scriptis
1841 2124 1907 2178 et
1935 2133 2092 2179 voce

526 2215 795 2290 utraque
858 2212 1037 2289 parte
1107 2204 1486 2270 informante
1555 2204 1797 2283 andita,
1869 2202 2092 2266 rescri-

528 2293 804 2359 bendum
839 2290 1113 2356 censuit:
1164 2314 1201 2356 ‹
1227 2290 1552 2378 Nega'tive,
1588 2291 1791 2376 quoad
1826 2288 2092 2376 primam

526 2391 810 2467 partem;
859 2375 1273 2460 Affirmative,
1309 2378 1512 2463 quoad
1548 2379 1885 2444 secundam
1917 2398 1977 2441 ιν.
2017 2382 2095 2442 Et

528 2469 609 2532 ita
669 2465 950 2534 decmvit
1011 2486 1079 2531 ae
1140 2467 1373 2532 servari
1435 2465 1775 2532 mandavit.
1836 2465 1947 2530 Die
2007 2466 2091 2528 26

527 2554 792 2642 Augusti
844 2556 1030 2619 1730.

528 2695 784 2765 2292.
1049 2694 1606 2760 NEAPOLITANA.
1871 2696 2090 2779 (3993)

658 2821 867 2904 Super
906 2818 1046 2884 iure
1090 2819 1519 2906 praecedendi
1549 2820 1613 2886 in
1658 2820 1910 2906 Synodo
1934 2818 2098 2883 aliis-

529 2926 654 2993 que
694 2905 965 2992 publicis
1010 2905 1437 2973 functionibus
1502 2907 1565 2973 in
1611 2907 1875 2975 Civitate
1940 2910 2096 2974 Nea-

531 2994 693 3080 polis
722 2994 1127 3081 peragendis,
1161 2994 1330 3060 inter
1351 2995 1708 3082 Capitulum
1742 3007 1805 3061 et
1835 2997 2096 3063 Clerum

532 3083 844 3148 Ecclesiae
891 3086 960 3149 S.
994 3082 1184 3148 Mauri
1229 3083 1457 3148 Casalis
1500 3083 1898 3166 Casoriae,jn
1948 3084 2095 3149 insi-

529 3185 721 3253 gnem
765 3170 1174 3256 collegiatam
1228 3181 1479 3236 erectae
1544 3188 1748 3254 usque
1814 3169 1890 3236 ab
1934 3191 2094 3237 anno

537 3260 725 3340 1702,
773 3278 804 3322 a
850 3258 1001 3324 clar.
1059 3276 1255 3323 mem.
1300 3257 1519 3324 Carolo
1543 3258 1729 3324 Card.
1764 3258 2094 3324 Barbarino

530 3347 739 3432 legato
785 3366 817 3409 a
866 3348 1061 3412 latere
1091 3344 1166 3410 ad
1202 3346 1373 3411 illam
1401 3345 1734 3411 Civitatem
1782 3346 2098 3412 transmis-

530 3454 624 3516 so,
676 3454 753 3499 ex
800 3451 947 3514 una,
999 3444 1061 3497 et
1107 3434 1411 3498 Parochos
1472 3432 1757 3498 eiusdem
1820 3433 2098 3501 Civitatis

529 3521 812 3611 partibus
860 3540 938 3585 ex
983 3520 1203 3602 altera,
1251 3519 1404 3586 ortis
1449 3521 1892 3586 controversiis
1947 3521 2099 3587 illis-

531 3629 659 3697 qne
702 3610 776 3674 ad
828 3611 890 3674 S.
926 3611 1000 3673 R.
1036 3610 1105 3672 C.
1150 3607 1402 3687 delatis,
1450 3611 1644 3673 Effius
1690 3617 1755 3673 et
1801 3614 1988 3675 Rffius
2013 3613 2094 3673 D.

531 3698 714 3764 Card.
762 3696 1025 3779 Belluga
1083 3694 1546 3780 infrascriptum
1601 3694 1865 3762 dubium
1936 3699 2102 3761 inter

534 3795 742 3873 partes
775 3782 1224 3850 concordatum
1256 3783 1707 3849 declarandum
1736 3783 2099 3869 proposuit:

662 3875 756 3937 An
803 3871 867 3937 in
929 3871 1185 3957 Synodo
1252 3870 1656 3957 Neapolitana
1726 3881 1791 3935 et
1860 3873 1923 3936 in
1970 3871 2103 3936 aliis

532 3961 802 4049 publicis
846 3957 1271 4025 functionibus
1338 3957 1637 4022 faciendis
1682 3957 1745 4022 in
1791 3957 1960 4023 dicta
2003 3958 2101 4025 Ci-

534 4051 723 4114 vitate
768 4048 1080 4114 debeatur
1131 4044 1571 4132 praecedentia
1628 4045 1988 4130 Praeposito
2037 4058 2102 4111 et

533 4133 856 4202 canonicis
879 4132 1265 4219 collegiatae
1311 4132 1628 4198 Ecclesiae
1676 4135 1743 4198 S.
1770 4134 1963 4198 Mauri
1993 4137 2103 4199 Ca-

531 4224 675 4288 salis
718 4221 1036 4287 Casoriae:
1086 4220 1187 4286 vel
1240 4221 1449 4306 potius
1494 4221 1783 4285 Parochis
1823 4220 2102 4286 Civitatis

534 4305 865 4397 Neapolis?
907 4312 983 4373 Et
1026 4310 1091 4374 S.
1139 4313 1215 4375 R.
1259 4313 1365 4390 C.‚
1411 4318 1679 4392 utraque
1720 4319 1901 4392 parte
1952 4307 2104 4374 scri-

534 4399 658 4487 ptis
713 4409 775 4463 et
819 4414 976 4461 voce
1023 4395 1397 4461 informante
1441 4395 1676 4477 andita,
1740 4396 2100 4480 rescripsit:

535 4509 572 4551 ‹
608 4486 835 4563 Dilata;
886 4495 948 4549 et
995 4484 1070 4550 ad
1104 4493 1422 4562 mentem;
1464 4493 1527 4546 et
1560 4502 1736 4546 mens
1770 4484 1886 4547 fnit
1929 4482 2099 4568 qnod

536 4575 985 4660 exquireretur
1061 4570 1452 4637 observantia
1521 4569 1780 4635 aliarum
1847 4571 2106 4636 Dioece-

534 4663 726 4745 sium,
762 4672 824 4727 et
870 4661 1096 4728 modus
1144 4660 1328 4726 etiam
1378 4677 1505 4744 quo
1554 4657 1615 4722 in
1660 4657 1925 4723 Civitate
1956 4660 2108 4724 Nea-

534 4748 698 4833 polis
744 4749 1116 4816 ordinantur
1162 4748 1681 4814 processiones».
1735 4746 1965 4832 Vigore
2000 4748 2108 4811 ita-

537 4853 665 4921 que
695 4837 1058 4904 huiusmodi
1087 4833 1424 4925 Rescripti,
1457 4834 1785 4923 perventis
1816 4833 2107 4921 pluribus

536 4922 849 4987 variarum
894 4926 1095 5011 Regni
1128 4925 1517 5008 aliarumque
1563 4922 1987 4990 Ecclesiamm
2016 4922 2106 4985 in-

538 5009 1016 5076 formationibus
1080 5031 1276 5096 super
1346 5013 1448 5079 tali
1510 5009 1971 5077 consuetudine
2031 5010 2107 5074 ab

538 5101 695 5163 Emo
740 5101 1017 5162 Ponente
1065 5099 1405 5184 requisitis,
1453 5100 1944 5185 supradictoque
1990 5097 2107 5164 du-

540 5186 641 5253 bio
687 5186 752 5253 in
797 5189 862 5254 S.
898 5187 976 5250 R.
1001 5188 1072 5251 C.
1108 5187 1338 5251 iterum
1386 5186 1755 5273 proposito;

669 5281 734 5344 S.
786 5275 1008 5341 eadem
1035 5278 1106 5339 R.
1127 5278 1227 5356 C.‚
1261 5275 1336 5338 ad
1366 5272 1735 5338 relationem
1758 5272 1949 5357 ipsius
1968 5270 2106 5333 Emi

538 5364 854 5447 Ponentis,
888 5362 1169 5451 partibus
1213 5380 1369 5424 voce
1403 5370 1467 5423 et
1497 5357 1744 5440 scriptis
1775 5359 1985 5423 denno
2022 5360 2105 5422 in-

2196 448 2609 515 formantibus
2651 449 2903 533 auditis,
2951 450 3433 517 rescribendum
3479 452 3760 518 censuit:

2197 559 2234 601 ‹
2269 534 2680 619 Affirmative,
2715 537 2791 603 ad
2823 538 3088 622 primam
3121 548 3397 625 partem3
3431 541 3763 624 Negative,

2195 625 2271 690 ad
2317 626 2661 690 secundam
2690 646 2753 688 ιν.
2801 628 2881 689 Et
2927 624 3007 689 ita
3053 624 3343 691 decrevit
3403 646 3471 691 ac
3523 629 3766 693 servari

2195 712 2537 778 mandavit.
2575 712 2686 777 Die
2731 715 2771 778 9
2818 711 3184 777 Decembris
3237 715 3425 779 1730.

2197 852 2453 921 2293.
2808 855 3192 919 Tannum.
3534 855 3766 941 (sont)

2322 979 2481 1043 Cum
2546 976 2608 1041 in
2654 995 2834 1042 causa
2891 975 3190 1040 Terulen.
3240 977 3769 1061 praeeminentia-

2195 1082 2335 1128 rum
2367 1074 2661 1130 vertente
2696 1064 2864 1129 inter
2893 1066 3128 1128 Rmum
3155 1063 3542 1153 Episcopum
3573 1070 3772 1130 Tern-

2195 1151 2325 1217 len.
2378 1171 2458 1216 ex
2506 1171 2653 1234 nna,
2687 1163 2877 1236 atque
2924 1150 3270 1236 Dignitates
3317 1162 3381 1216 et
3426 1153 3774 1218 canonicos

2195 1238 2367 1304 illius
2410 1238 2802 1305 cathedralis
2847 1238 3131 1326 partibus
3179 1258 3261 1303 ex
3292 1239 3513 1324 altera,
3547 1262 3616 1306 ac
3646 1260 3776 1327 per

2192 1332 2420 1392 Emum
2469 1339 2533 1391 et
2576 1330 2804 1393 Rmum
2852 1328 3058 1392 Duum
3105 1326 3291 1392 Card.
3343 1329 3602 1413 Belluga
3658 1332 3776 1393 Po-

2191 1425 2453 1480 nentem
2500 1415 2846 1503 proposita,
2879 1433 3077 1502 super
3102 1414 3385 1483 secundo
3416 1414 3637 1482 dnbio:
3672 1418 3772 1480 An

2193 1502 2380 1569 liceat
2422 1505 2650 1590 apponi
2703 1512 2914 1587 tapete
2946 1520 3089 1568 cnm
3119 1502 3435 1588 pulvinari
3479 1514 3626 1569 ante
3655 1521 3776 1589 pe-

2190 1590 2301 1656 des
2347 1590 2755 1657 praebendati
2789 1589 3193 1672 celebrantis,
3220 1591 3473 1675 quando
3503 1591 3779 1657 descen-

2192 1679 2279 1745 dit
2314 1697 2430 1765 pro
2455 1678 2860 1765 impositione
2892 1679 3205 1758 cinerum,
3238 1696 3354 1765 pro
3386 1677 3782 1744 distributio-

2193 1787 2275 1833 ne
2312 1767 2657 1851 palmarum
2692 1775 2758 1831 et
2787 1765 3199 1830 candelarum
3233 1775 3295 1828 et
3316 1783 3436 1850 pro
3472 1784 3778 1852 quacum-

2191 1874 2316 1940 que
2361 1854 2475 1919 alia
2523 1853 2846 1918 functione
2896 1852 3343 1933 ecclesiastica,
3395 1854 3636 1918 etiamsi
3671 1873 3778 1918 se·

2191 1954 2419 2027 quatur
2440 1961 2620 2006 casus
2644 1941 2816 2025 quod
2843 1940 3235 2026 Magistratus
3252 1939 3555 2024 Civitatis,
3573 1942 3778 2026 vulgo

2193 2029 2548 2114 ReqidoreS,
2599 2039 2857 2094 utantur
2902 2027 3133 2093 eodem
3181 2037 3396 2111 tapete
3440 2039 3506 2093 et
3565 2029 3778 2115 pulvi-

2194 2116 2326 2183 nari
2374 2118 2435 2181 in
2484 2116 2724 2182 eisdem
2773 2113 3256 2181 functionibus?
3297 2135 3331 2179 a
3361 2118 3430 2180 S.
3455 2118 3533 2181 R.
3558 2119 3631 2182 C.
3664 2116 3781 2181 die

2193 2208 2276 2271 20
2323 2205 2588 2291 Augusti
2642 2208 2807 2270 1729
2855 2221 3232 2288 responsum
3264 2202 3494 2268 fuerit:
3544 2204 3637 2269 Ad
3672 2223 3782 2270 se-

2194 2295 2469 2360 cundum
2516 2310 2630 2377 pro
2701 2290 3158 2356 reformatione.
3217 2290 3432 2375 dubii;
3490 2310 3782 2376 cumque

2194 2380 2596 2481 postmodum
2665 2378 2836 2444 idem
2895 2382 2945 2471 E
2999 2378 3284 2463 iscopus,
3335 2379 3416 2444 de
3477 2379 3780 2445 mandato

2193 2468 2386 2554 ipsius
2429 2472 2494 2532 S.
2531 2471 2630 2549 C.‚
2679 2484 2794 2552 pro
2841 2485 2946 2532 me
2979 2466 3094 2531 iori
3125 2467 3286 2532 -facti
3319 2465 3780 2533 dilucidatione

2193 2574 2389 2641 super
2433 2555 2793 2620 huiusmodi
2841 2554 3041 2620 abusu
3072 2564 3367 2642 tempore
3398 2553 3579 2619 Sedis
3626 2554 3780 2640 Epi-

2193 2642 2461 2730 scopalis
2501 2640 2774 2706 vacantis
2801 2640 3088 2723 inducto,
3121 2642 3321 2726 magis
3349 2653 3778 2728 opportunam

2195 2731 2611 2795 transmiserit
2637 2728 3172 2815 informationem3
3195 2748 3366 2795 nunc
3392 2730 3561 2795 idem
3581 2735 3781 2795 Emus

2196 2817 2456 2902 Belluga
2505 2816 2904 2905 praedictum
2949 2815 3216 2884 dubium
3261 2838 3293 2881 a
3340 2819 3408 2881 S.
3439 2820 3516 2882 R.
3550 2820 3618 2883 C.
3661 2817 3782 2883 de·

2197 2905 2561 2971 clarandum
2607 2904 2981 2992 proposuit:

2331 2998 2405 3059 Et
2438 2996 2504 3059 S.
2533 2995 2756 3059 eadem
2780 2998 2854 3060 R.
2875 2996 2977 3074 C.‚
3011 2997 3421 3059 Procuratore
3452 2993 3588 3058 Rmi
3623 2993 3781 3078 Epi-

2194 3081 2366 3166 scopi
2425 3080 2679 3166 scriptis
2735 3092 2801 3145 et
2861 3100 3020 3146 voce
3078 3080 3456 3148 informante
3512 3081 3770 3164 audito,

2196 3189 2265 3234 ac
2324 3188 2481 3234 nova
2541 3168 2736 3253 ipsius
2796 3167 3089 3255 Episcopi
3153 3168 3462 3234 relatione
3520 3179 3772 3234 mature

2199 3275 2553 3344 perpensa,
2625 3254 3111 3321 rescribendum
3158 3256 3446 3322 censuit:
3497 3277 3534 3319 ‹
3569 3259 3772 3342 Nega-

2199 3345 2326 3410 tive
2373 3366 2438 3408 2».
2491 3349 2564 3408 Et
2609 3343 2694 3407 ita
2740 3343 3028 3409 decrevit
3059 3354 3125 3407 et
3155 3343 3388 3409 servari
3420 3344 3767 3409 mandavit.

2195 3432 2308 3497 Die
2351 3436 2392 3499 9
2436 3429 2804 3496 Decembris
2858 3432 3047 3497 1730.

2201 3569 2455 3641 2294.
2774 3575 3233 3640 ASTURICEN.
3542 3574 3770 3659 (3995)

2329 3699 2424 3761 Ex
2472 3706 2650 3781 parte
2707 3695 2996 3761 moderni
3055 3695 3348 3784 Episcopi
3407 3697 3766 3763 Asturicen.

2205 3783 2560 3869 expositum
2620 3781 2777 3864 fuit,
2827 3783 2997 3868 quod
3056 3783 3310 3849 cumin
3373 3784 3774 3871 temporibus

2201 3870 2673 3936 ordinationum
2698 3890 2731 3934 a
2757 3871 2893 3935 inre
2916 3873 3163 3936 statutis
3186 3870 3509 3936 multoties
3527 3871 3777 3937 contin-

2203 3968 2307 4043 gat
2352 3977 2684 4023 occurrere
2732 3958 2957 4022 eadem
3005 3959 3108 4023 die
3153 3957 3436 4040 sabbati,
3498 3970 3772 4043 quatuor

2203 4058 2560 4133 temporum
2607 4045 2709 4108 vel
2768 4055 2912 4111 ante
2971 4045 3355 4112 Dominicam
3427 4047 3765 4129 Passionis,

2202 4136 2376 4198 Festa
2431 4132 2703 4218 duplicia
2762 4142 2868 4196 aut
2923 4131 3394 4218 semiduplicia,
3449 4143 3636 4217 atque
3682 4133 3769 4199 de

2205 4221 2308 4284 tali
2362 4219 2752 4286 occurrentia
2793 4219 2951 4284 nibil
2987 4219 3048 4284 in
3086 4220 3427 4286 Pontificali
3487 4221 3583 4286 dis
3632 4221 3770 4285 oni-

2205 4318 2308 4372 tur
2353 4308 2514 4373 circa
2548 4306 2788 4372 Missam
2820 4306 2881 4369 in
2911 4306 3417 4372 ordinationibus
3448 4306 3585 4372 cele
3635 4327 3772 4371 ran-

2202 4395 2371 4477 dam,
2405 4395 2557 4459 alios
2603 4392 2926 4457 Antistites
2950 4392 3376 4459 diversimode
3405 4411 3473 4458 se
3497 4393 3770 4480 gessisse

2204 4482 2481 4556 audivit;
2534 4480 2705 4565 quo’d
2751 4479 2995 4545 scilicet
3046 4482 3333 4546 nonnulli
3387 4482 3622 4546 Missam
3684 4481 3767 4545 de

2207 4574 2416 4649 Festo,
2465 4568 2566 4632 alii
2613 4567 2854 4632 Missam
2915 4569 2994 4633 de
3058 4578 3346 4654 tempore
3407 4569 3770 4635 celebrave-

2206 4657 2357 4721 rint:
2407 4662 2799 4741 quapropter
2843 4656 2917 4720 ad
2970 4655 3315 4720 tollendam
3361 4674 3557 4740 super
3584 4673 3770 4741 prae-

2205 4743 2407 4809 missis
2468 4758 2720 4807 omnem
2777 4742 3199 4824 dubietatem,
3250 4763 3281 4806 a
3329 4744 3394 4809 S.
3429 4747 3500 4808 R.
3537 4745 3607 4809 C.
3648 4742 3769 4808 bu-

2205 4831 2472 4897 millime
2517 4829 2896 4915 supplicavit
2951 4829 3278 4914 sequentia
3324 4829 3512 4895 dubia
3558 4828 3772 4896 decla—

2207 4919 2365 4984 rari:
3293 4957 3304 4968 ·

2340 5012 2402 5073 1.
2450 5009 2568 5090 An,
2619 5017 2992 5073 occurrente
3037 5007 3219 5071 Festo
3264 5005 3501 5091 duplici
3559 5006 3768 5071 cnius-

2207 5113 2481 5180 cumque
2539 5094 2750 5158 classis
2798 5103 2905 5157 aut
2948 5091 3361 5158 solemnitatis
3394 5091 3456 5156 in
3500 5092 3768 5158 Sabbato

2207 5195 2479 5264 quatuor
2508 5185 2889 5266 Tempornm
2919 5191 3188 5245 autante
3211 5179 3595 5245 Dominicam
3629 5185 3768 5246 Pas-

2206 5269 2420 5352 sionis,
2469 5268 2642 5332 missa
2686 5286 2803 5352 pro
2851 5267 3163 5351 explenda
3209 5266 3606 5332 ordinatione
3652 5268 3770 5332 de-

2211 5353 2350 5419 beat
2377 5353 2679 5419 celebrari
2706 5354 2785 5418 de
2809 5356 3019 5435 Festo,
3045 5371 3121 5417 an
3145 5372 3297 5417 vero
3328 5353 3410 5418 de
3442 5352 3773 5440 tempore?
