4042 5950
1976 227 2448 308 ...264-

708 396 774 463 2.
822 397 1053 464 Utrum
1083 394 1148 461 in
1188 392 1465 480 Nuptiis,
1498 410 1662 479 quae
1707 389 2031 461 secundae
2061 387 2159 456 di·
2256 386 2743 474 clementerque
2774 406 2806 453 a
2840 385 3185 455 Sanctitate
3219 388 3342 455 Sua
3390 396 3667 476 excepto
3696 404 3852 490 sup-

580 494 840 567 cuntur,
887 481 1236 549 omittenda
1281 480 1361 548 sit
1392 480 1760 549 benedictio
1805 474 2072 547 annuli?

2260 474 2413 561 plici
2482 475 2744 558 libello,
2803 492 2927 561 per
2992 474 3383 564 Apostolicas
3447 474 3721 542 Litteras
3782 493 3852 542 m

713 574 779 639 3.
822 575 1139 650 Quaenam
1160 569 1400 636 servari
1422 568 1701 636 debeant
1724 566 2163 635 caeremoniae
2263 564 2464 632 forma
2503 563 2722 631 Brevis
2769 563 3102 650 expeditas
3130 561 3242 631 die
3270 567 3324 665 8·
3342 562 3615 652 Augusti
3654 566 3853 665 1834,

584 669 662 814 etl
703 678 930 813 preces
952 704 972 738 ,
1036 657 1286 743 quando
1345 657 1744 746 supplendae
1803 663 1954 722 sunt
2014 672 2164 721 cum
2259 651 2640 720 cathedrale
2693 651 3040 737 Templum
3104 654 3491 720 Lucerinum
3552 652 3853 720 Basilicas

584 769 619 814 a
668 767 709 813 u

741 757 803 813 to
846 746 1172 815 Catholico
1210 744 1422 812 valide
1457 755 1603 831 post
1632 744 2030 812 nativitatem
2060 740 2166 807 ba-

588 834 821 936 ptizato
840 882 858 919 ,
913 832 1161 902 omissis
1218 844 1430 900 tamen
1493 831 1905 900 caeremoniis
1964 847 2125 917 quae
2146 876 2164 912 ,

587 931 763 990 iuxta
820 923 1070 992 Rituale
1092 970 1109 1005 ,
1164 921 1553 1009 Baptismum
1613 919 2007 1007 praecedere
2059 918 2168 985 vel

587 1010 770 1097 sequi
814 1008 1102 1078 debent?
1142 1030 1220 1077 an
1264 1008 1507 1076 scilicet
1553 1008 1699 1075 illae
1746 1027 1909 1095 quae
1957 1008 2018 1072 in
2065 1004 2169 1072 Ri-

588 1098 745 1168 tuali
790 1097 1185 1186 assignantur
1235 1116 1353 1186 pro
1399 1097 1718 1197 Baptismo
1771 1096 2165 1180 adultorum,

592 1187 696 1253 vel
742 1206 904 1273 quae
948 1206 1067 1274 pro
1113 1186 1430 1274 Baptismo
1475 1181 1856 1252 infantium?

726 1279 794 1342 4.
838 1276 1153 1354 Quaenam
1203 1293 1282 1340 ex
1332 1272 1426 1340 his
1459 1270 1888 1341 caeremoniis
1930 1269 2169 1337 servari

592 1363 896 1447 debeant,
924 1382 1123 1449 quum
1164 1361 1428 1429 adultus
1450 1359 1527 1427 ab
1559 1359 1804 1428 haeresi
1835 1357 1912 1426 ad
1946 1357 2172 1426 Fidem

593 1450 983 1518 Catholicam
1027 1468 1372 1518 conversus
1437 1447 1510 1514 ba
1559 1448 1848 1516 tizandus
1912 1456 2011 1514 est
2054 1444 2173 1513 sub

597 1538 1004 1623 conditione,
1053 1537 1135 1604 ob
1178 1535 1448 1604 dubium
1539 1538 1849 1604 undatnm
1893 1536 1979 1603 de
2025 1534 2176 1602 vali-

597 1626 795 1693 ditate
825 1625 1163 1780 ?Baptismi
1230 1623 1350 1712 ipsi
1408 1644 1440 1689 a
1497 1623 1781 1691 Ministro
1847 1622 2172 1691 haeretico

599 1714 811 1781 collati
1383 1744 1390 1751 ·

731 1806 795 1868 δ.
845 1805 1073 1870 Utrum
1120 1799 1518 1886 Indulgentia
1563 1819 1681 1887 pro
1728 1800 2048 1869 defunctis
2084 1821 2176 1867 as-

598 1890 838 1976 signata
867 1889 943 1956 iis
972 1887 1272 1979 applicari
1317 1889 1515 1990 possit
1545 1888 1610 1955 in
1654 1889 1848 1955 Missis
1880 1888 1945 1955 in
1974 1888 2177 1956 Altari

600 1977 999 2065 privilegiato
1045 1979 1407 2061 celebratis,
1457 1976 1738 2062 quande,
1789 1996 1870 2043 ex
1913 1985 2174 2060 statuto,

602 2065 966 2133 celebratur
1008 2065 1095 2132 de
1126 2066 1231 2135 die
1269 2074 1378 2133 aut
1420 2063 1584 2131 festo
1633 2063 1696 2130 in
1728 2064 1802 2131 iis
1833 2063 2082 2149 diebuS,
2116 2065 2183 2130 in

604 2151 832 2239 quibus
877 2154 1156 2222 occurrit
1199 2152 1376 2222 Missa
1422 2151 1503 2220 de
1551 2152 1713 2219 festo
1751 2153 2046 2241 simplici,
2077 2161 2184 2219 aut

598 2240 857 2329 propria
900 2243 987 2310 de
1034 2241 1190 2310 feria
1236 2237 1671 2309 occurrente?
1735 2287 1740 2293 .

699 2330 816 2395 'Et
861 2331 1045 2397 Sacra
1089 2330 1353 2398 Rituum
1398 2327 1848 2415 congregatio,
1895 2327 1961 2393 in
2002 2327 2183 2395 Ordi-

606 2415 797 2484 nariis
842 2416 1127 2484 comitiis
1185 2417 1262 2484 ad
1320 2414 1671 2495 Quirinales
1728 2415 1938 2482 Aedes
1996 2415 2183 2481 infra-

607 2504 841 2593 scripta
885 2505 991 2574 die
1037 2505 1412 2586 coadunata,
1454 2503 1774 2589 exquisito
1814 2503 1989 2592 prius
2035 2515 2184 2570 voto

607 2591 869 2659 alterius
926 2612 1007 2658 ex
1065 2592 1571 2682 Apostolicarum
1627 2590 2185 2659 caeremoniarum

608 2678 915 2765 Magistris
960 2680 1213 2770 scriptis
1279 2679 1533 2747 reddito
1597 2678 1947 2768 praeloque
2003 2697 2182 2762 cuso,

608 2767 689 2834 ad
736 2766 1114 2857 relationem
1157 2767 1298 2835 Emi
1345 2776 1411 2833 et
1454 2768 1594 2833 Rmi
1641 2772 1716 2834 D.
1750 2768 1939 2835 card.
1975 2766 2185 2834 Caroli

611 2853 832 2921 Mariae
876 2854 1159 2923 Pedicini
1225 2855 1522 2942 Episcopi
1568 2855 1985 2939 Praenestini,
2034 2857 2185 2922 San-

611 2951 748 3009 ctae
808 2940 1124 3011 Romanae
1187 2941 1509 3012 Ecclesiae
1568 2942 2185 3028 Vico—cancellarii,

614 3030 959 3132 eidemque
1006 3035 1073 3099 S.
1122 3037 1192 3101 C.
1241 3031 1551 3099 Praefecti
1596 3043 1662 3099 et
1705 3035 1943 3100 Causae
2003 3031 2194 3099 huius
2236 3107 2241 3114 ,

614 3122 941 3205 Ponentis,
989 3121 1471 3190 rescribendum
1514 3121 1803 3188 censuit:
1860 3124 2039 3187 quta
2084 3138 2191 3187 vo·

617 3216 756 3276 tum
800 3209 1082 3295 Magistri
1126 3208 1714 3290 caeremoniarum
1762 3209 2101 3276 nimirum:

746 3296 843 3365 Ad
898 3300 959 3363 1.
1007 3317 1047 3364 ι
1078 3298 1248 3366 Nihil
1293 3298 1724 3368 innovandum
1756 3318 1820 3363 ».

748 3383 848 3453 Ad
893 3388 958 3453 2.
1010 3408 1049 3451 ‹
1080 3385 1389 3474 Negative
1427 3405 1491 3452 ι.

747 3473 850 3540 Ad
894 3478 962 3541 3.
1009 3494 1046 3538 α
1079 3473 1528 3541 caeremoniae
1563 3483 1633 3542 et
1663 3493 1891 3564 preces
1935 3493 2199 3542 serven·

621 3570 752 3645 tur,
777 3579 940 3646 quae
962 3559 1029 3627 in
1049 3559 1278 3627 Rituali
1311 3561 1711 3648 assignantur
1733 3582 1851 3652 pro
1877 3564 2197 3650 Baptismo

621 3647 954 3715 infantium
986 3668 1053 3713 ι.

752 3734 849 3801 Ad
898 3737 961 3800 4.
1011 3756 1052 3800 ι
1082 3735 1400 3813 Quatenus
1458 3738 1857 3824 supplendae
1914 3739 2042 3806 sint
2096 3738 2200 3805 vel

623 3841 699 3888 su
748 3821 1021 3924 piendae
1080 3824 1423 3890 credantur
1468 3825 1939 3910 caeremoniae,
2008 3838 2081 3894 ut
2139 3827 2203 3893 in

624 3841 848 3993 anino,
883 3910 1457 4012 illae-supplendae
1491 3921 1664 3997 sunt,
1690 3931 1851 3998 quae
1882 3934 1999 4002 pro
2025 3915 2204 3983 adul·

627 4006 841 4065 torum
884 4002 1201 4085 Baptismo
1246 4009 1395 4066 sunt
1437 4002 1868 4089 praescriptae
1901 4024 1963 4069 r.

754 4085 853 4154 Ad
901 4091 967 4153 ὅ.
1015 4108 1053 4152 ‹
1086 4086 1395 4175 Negative
1428 4109 1490 4155 ι.

755 4175 968 4262 Atque
1001 4174 1085 4242 ita
1129 4174 1456 4262 rescripsit
1485 4195 1554 4243 ao
1584 4177 1822 4244 servari
1855 4179 2198 4247 mandavit.

629 4261 742 4330 Die
772 4266 854 4330 27
883 4262 1152 4350 Augusti
1189 4266 1382 4331 1836.

631 4406 882 4478 2⁷44.
1207 4410 1630 4478 tuentum.
1980 4412 2208 4502 (4781)

761 4527 1126 4617 Capitulum
1193 4539 1262 4597 et
1317 4529 1614 4597 canonici
1681 4530 1918 4619 Regiae
1986 4533 2213 4601 Cathe-

632 4615 826 4684 dralis
879 4616 1261 4702 Lucerinae,
1307 4617 1742 4706 superioribus
1791 4620 1994 4705 annis,
2044 4640 2212 4688 novo

631 4704 805 4772 illius
852 4703 1172 4773 Ecclesiae
1200 4705 1528 4792 splendori
1561 4717 1626 4773 et
1657 4719 2032 4776 ornamento
2065 4729 2211 4797 pro·

631 4792 978 4882 spicientes
1021 4793 1425 4861 sanctissimo
1475 4795 1741 4863 Domino
1786 4798 2013 4863 Nostro
2058 4800 2212 4864 Gre-

632 4879 814 4968 gorio
873 4883 1073 4968 Papae
1131 4884 1266 4949 xvi
1326 4882 1686 4951 humillime
1746 4885 2209 4972 supplicarunt,

633 4979 707 5036 ut
752 4979 1175 5037 memoratum
1206 4972 1544 5058 Templum
1576 4972 1948 5059 antiquitate
1979 4994 2051 5041 ac
2084 4992 2214 5041 ma-

634 5056 857 5125 iestate
903 5058 1163 5127 celebre
1205 5058 1502 5127 Basilicae
1547 5062 1801 5129 Minoris
1849 5062 2037 5129 titulo
2067 5062 2215 5129 insi·

636 5141 992 5232 gnibusque
1015 5145 1323 5213 decorare
1349 5148 1748 5233 dignaretur,
1773 5148 2077 5237 ipsosque
2103 5153 2215 5217 Ca-

636 5230 898 5299 nonicos
924 5232 1385 5302 Pontificalium
1412 5254 1534 5302 usu
1563 5236 1639 5304 ad
1671 5235 1868 5303 instar
1895 5237 2212 5305 Abbatum

639 5319 708 5388 in
749 5320 937 5387 sacris
981 5319 1362 5408 peragendis
1397 5321 1615 5392 officiis
1645 5342 1896 5393 ornare.
1929 5327 2213 5415 Benigne

2268 738 2524 806 Minoris
2568 740 2778 808 'ritulo
2824 739 2944 808 fuit
2986 740 3391 819 decoratum3
3439 740 3554 808 sed
3597 739 3855 808 Pontifi-

2266 827 2500 895 calium
2545 848 2697 895 usus
2744 831 2969 897 Sacrae
3014 828 3276 896 Bituum
3321 828 3857 916 congregationis

2268 914 2623 982 auctoritati
2684 927 2751 983 et
2806 916 3041 984 iudicio
3102 914 3180 982 ab
3223 918 3464 985 Eadem
3510 916 3859 985 Sanctitate

2272 1006 2390 1072 Sua
2438 1002 2766 1074 subiectus
2813 1004 2961 1072 fuit.

2401 1096 2481 1158 Et
2538 1094 2603 1159 S.
2652 1097 2729 1161 R.
2778 1097 2882 1177 C.,
2926 1094 2990 1160 in
3042 1092 3391 1160 ordinariis
3446 1091 3735 1160 Comitiis
3784 1092 3860 1160 ad

2268 1180 2620 1257 Quirinales
2665 1180 2881 1247 Aedes
2926 1181 3030 1248 die
3063 1183 3103 1247 6
3136 1178 3533 1268 Septembris
3566 1180 3863 1248 eiusdem

2272 1268 2419 1335 anni
2472 1271 2638 1335 1834
2685 1269 3058 1354 coadunata,
3090 1288 3163 1336 re
3196 1278 3444 1336 mature
3479 1268 3865 1354 diligenter-

2274 1372 2400 1442 que
2465 1355 2791 1509 dtiscussa:
2862 1380 2901 1423 ‹
2931 1357 3239 1446 Negative
3272 1378 3311 1422 ›
3375 1357 3865 1424 rescribendum

2276 1461 2498 1511 censui
2532 1490 2554 1511 .

2406 1535 2613 1612 Quum
2657 1543 2871 1600 autem
2906 1534 2972 1601 in
3002 1531 3338 1600 recensitis
3376 1524 3634 1600 Litteris
3664 1551 3871 1632 gene-
4000 1524 4001 1613 J

2275 1619 2408 1687 rice
2447 1639 2661 1689 sermo
2693 1620 3059 1690 instituatur
3089 1622 3172 1689 de
3200 1620 3582 1710 privilegiis,
3616 1621 3866 1722 gratiis,

2275 1708 2818 1862 praeeminentiis,
2843 1709 3387 1811 exemptionibus,
3410 1708 3699 1793 indultis,
3720 1707 3869 1796 qui-

2322 1816 2394 1864 us
2437 1797 2593 1865 aliae
2640 1797 2938 1865 Basilicae
2983 1802 3256 1865 umores
3300 1806 3598 1883 utuntur,
3631 1797 3869 1865 harum

2277 1883 2665 1953 Litterarum
2703 1886 3131 1954 secretarium
3171 1885 3465 1955 canonici
3496 1886 3871 1966 adiverunt,

2278 1972 2674 2059 postulantes
2697 1986 2769 2041 ut
2788 1974 2909 2042 sibi
2931 1974 3401 2062 significaretur
3423 1974 3723 2061 quidnam
3745 1972 3881 2059 pri-

2279 2059 2690 2147 vilegiorum,
2740 2063 3085 2150 gratiarum
3139 2071 3637 2150 ceterorumque
3679 2077 3879 2147 prae·

2278 2147 2619 2216 missorum
2670 2145 2933 2218 nomine
2991 2150 3234 2237 veniat,
3284 2151 3515 2238 quibus
3566 2152 3719 2219 dum
3768 2148 3879 2214 'ri-

2281 2236 2419 2303 tulo
2476 2237 2776 2305 Basilicas
2834 2238 3089 2306 Minoris
3150 2240 3431 2306 Ecclesia
3489 2238 3691 2326 aliqua
3754 2238 3882 2302 de-

2283 2335 2564 2405 coratur,
2614 2326 2786 2393 illius
2840 2326 3136 2395 canonici
3195 2329 3630 2395 honestantur.
3678 2322 3884 2391 Nulla

2283 2413 2565 2500 apposita
2632 2414 3060 2482 declaratione
3128 2425 3426 2501 recepta,
3493 2434 3606 2504 per
3671 2411 3886 2479 alium
4002 2454 4003 2511 }

2284 2502 2643 2601 supplicem
2693 2502 2985 2571 libellum
3031 2507 3258 2571 Sacrae
3292 2503 3554 2573 Ritnum
3584 2505 3886 2602 Congre-

2285 2590 2520 2676 gationi
2566 2591 2928 2659 humillime
2986 2591 3461 2681 supplicarunt,
3508 2601 3582 2657 ut
3622 2590 3748 2657 sibi
3799 2608 3888 2653 si·

2285 2678 2703 2765 gnilicaretur
2747 2681 2921 2765 quod
2970 2681 3351 2748 eorumdem
3380 2678 3725 2746 verborum
3759 2694 3889 2742 seu
4002 2652 4003 2743 f

2289 2784 2519 2833 vocum
2586 2768 2849 2835 nomine
2917 2769 3217 2856 veniret:
3288 2767 3411 2834 hoc
3468 2766 3890 2855 potissimum
4002 2778 4003 2789 ¹

2292 2852 2444 2937 tine,
2478 2874 2585 2940 ne,
2632 2867 2740 2922 aut
2784 2857 3205 2924 concessionis
3250 2854 3412 2923 fines
3440 2853 3560 2942 ipsi
3589 2852 3890 2922 excede·
4002 2882 4003 2895 ¹

2290 2951 2458 3030 rent,
2485 2952 2592 3010 aut
2620 2943 2860 3032 aliquid
2881 2945 2999 3013 sibi
3033 2964 3115 3013 ex
3143 2944 3457 3014 concessis
3488 2941 3891 3012 adimerent.

2420 3034 2501 3098 Et
2547 3035 2727 3099 Sacra
2774 3035 2998 3102 eadem
3027 3034 3293 3103 Rituum
3321 3031 3784 3121 congregatio,
3822 3028 3892 3096 in

2292 3118 2633 3187 Ordinariis
2676 3121 2958 3190 comitiis
3002 3121 3241 3190 iterum
3284 3123 3364 3190 ad
3410 3121 3732 3191 Vaticanas
3768 3121 3895 3186 Ae·

2298 3207 2413 3274 des
2456 3208 2564 3274 die
2613 3211 2690 3275 12
2733 3210 2933 3276 Martii
2981 3210 3292 3278 vertentis
3336 3210 3483 3277 anni
3527 3207 3893 3277 coadunata

2295 3295 2681 3396 rescriptum
2708 3297 2985 3385 supplici
3017 3298 3238 3366 libello
3269 3297 3426 3366 fuitt
3474 3319 3515 3363 ι
3547 3296 3785 3375 Dilata;
3824 3304 3893 3361 et

2298 3395 2671 3484 exquiratur
2699 3395 2919 3452 votum
2942 3387 3220 3489 Magistri
3237 3383 3803 3486 caeremoniarum
3822 3404 3891 3449 ι.
4004 3427 4006 3434 -

2294 3470 2600 3540 Omnibus
2687 3483 2985 3562 ropterea
3027 3487 3151 3542 rite
3203 3473 3617 3565 postmodum
3666 3472 3896 3560 dispo-
4004 3531 4006 3540 ,

2293 3560 2457 3643 sitis,
2506 3562 2621 3629 red
2674 3562 2892 3648 itoque
2939 3562 3303 3631 huiusmodi
3332 3561 3610 3651 Magistri
3650 3563 3893 3629 eaere-

2297 3650 2657 3717 moniarum
2704 3662 2880 3734 voto,
2928 3652 3103 3754 quod
3149 3651 3271 3719 fuit
3317 3652 3509 3719 etiam
3556 3648 3720 3739 typis
3774 3667 3889 3715 cu-

2299 3757 2442 3804 sum
2488 3748 2559 3805 ut
2603 3756 2756 3825 prae
2804 3757 3093 3809 ommum
3154 3738 3440 3807 manibus
3488 3737 3889 3824 haberetur,

2302 3825 2366 3892 in
2428 3826 2759 3894 ordinario
2819 3827 3086 3896 demum
3146 3832 3349 3897 Coetu
3399 3827 3477 3896 ad
3535 3826 3891 3907 Quirinales

2303 3914 2511 3981 Aedes
2556 3913 2952 4003 infrascripta
3010 3917 3120 3985 die
3175 3916 3550 3999 coadunato,
3599 3914 3675 3982 ad
3722 3913 3892 3981 rela-

2305 4000 2546 4068 tionem
2569 4001 3071 4072 Eminentissimi
3096 4014 3161 4072 et
3183 4003 3894 4073 Reverendissimi·Car-

2305 4088 2532 4156 dinalis
2573 4090 2779 4158 lacobi
2824 4093 3125 4182 Brignole
3169 4092 3493 4177 Ponentis,
3523 4110 3599 4159 re
3636 4101 3891 4158 mature

2305 4177 2785 4266 diligenterque
2814 4180 3094 4248 discussa
3124 4201 3195 4248 ac
3225 4179 3349 4247 rite
3383 4180 3631 4266 librata,
3661 4179 3893 4247 rescri-

2306 4265 2591 4335 bendum
2656 4269 2952 4336 censuit:
3016 4291 3055 4334 ‹
3095 4275 3274 4338 quta
3329 4281 3553 4337 votum
3612 4268 3891 4356 Magistri

2306 4356 2886 4443 caeremoniarum,
2922 4368 3190 4447 excepta
3219 4357 3628 4447 palmatum,
3676 4356 3890 4425 decla·

2312 4444 2469 4511 ravit
2513 4445 2820 4513 nimirum
2879 4448 3136 4514 nomine
3187 4445 3700 4534 privilegiorum,
3751 4464 3891 4532 gra·

2312 4531 2574 4616 tiarum,
2635 4536 3313 4621 praeeminentiarum,
3374 4536 3890 4622 exemptionum,

2311 4618 2713 4688 indultorum
2773 4633 3273 4709 ceterorumque
3331 4622 3682 4708 similium,
3729 4640 3895 4709 quae

2309 4707 2715 4776 continentur
2759 4710 2826 4777 in
2870 4709 3125 4779 Litteris
3155 4709 3537 4797 Apostolicis
3579 4710 3645 4777 in
3691 4710 3894 4778 forma

2311 4796 2528 4862 Brevis
2573 4797 2891 4885 expeditis
2921 4799 3138 4866 favore
3167 4799 3431 4867 alicuius
3462 4798 3784 4869 Ecclesiae
3809 4798 3889 4864 ad

2314 4884 2580 4974 gradum
2625 4885 2922 4955 Basilicae
2967 4887 3230 4955 minoris
3273 4888 3584 4973 elevatae,
3633 4886 3889 4956 venire:

2311 4977 2746 5064 Conopaeum,
2782 4975 2951 5042 omni
2993 4987 3207 5043 tamen
3251 4975 3386 5043 auri
3420 4985 3485 5043 et
3513 4975 3762 5064 argenti
3789 4993 3894 5041 or-

2312 5073 2458 5131 nato
2499 5065 2574 5131 ab
2621 5083 2699 5130 eo
2749 5064 3035 5149 excluso,
3083 5063 3580 5133 tintinnabulum
3614 5074 3678 5131 et
3706 5081 3889 5131 usum

2318 5171 2552 5242 cappae
2600 5169 2864 5240 magnae
2895 5172 2959 5219 ».

2448 5242 2659 5328 Atque
2696 5241 2779 5306 ita
2808 5239 3154 5312 declaravit
3181 5263 3252 5311 ac
3282 5242 3521 5313 servari
3550 5237 3885 5311 mandavit.

2319 5329 2433 5400 Die
2462 5332 2545 5398 27
2578 5328 2850 5417 Augusti
2885 5331 3076 5400 1836.
