4042 5950
1615 293 2033 368 —55—

324 453 406 514 Et
450 452 515 516 S.
548 454 626 517 R.
662 455 768 534 (1.,
816 450 893 516 ad
938 450 1316 515 relationem
1367 448 1505 513 Emi
1539 458 1606 513 et
1636 448 1776 515 Rmi

191 541 267 602 D.
321 538 506 604 card.
556 538 930 620 Zondadari,
982 548 1248 622 utraque
1302 545 1486 623 parte
1528 536 1779 622 scriptis

191 635 256 690 et
320 643 480 721 voce
541 625 926 692 informante
986 625 1230 708 audita,
1291 623 1777 691 rescribendum

191 723 483 778 censuit:
1021 771 1031 781 .

325 798 426 864 Ad
464 805 526 866 1.
557 810 626 867 et
657 807 723 867 2.
771 820 813 867 ι
839 799 1267 879 Affirmative;
1308 807 1373 864 et
1402 797 1675 884 amplius
1709 820 1775 864 >-

324 890 411 951 Et
470 888 554 953 ita
605 887 952 955 declaravit
1008 908 1081 953 ac
1135 887 1371 953 servari
1435 886 1776 952 mandavit.

192 974 307 1039 Die
362 977 445 1041 14
494 975 633 1041 Maii
685 980 874 1042 ¹735.

188 1146 453 1216 2315.
842 1149 1155 1215 fflOLEN.
1559 1148 1776 1232 (4034)

320 1325 501 1388 Inter
543 1321 906 1409 Capitulum
951 1322 1212 1409 insignis
1244 1323 1632 1411 collegiatae
1666 1329 1779 1389 Ec·

190 1409 423 1475 clesiae
471 1412 539 1475 S.
590 1410 815 1475 Mariae
865 1422 929 1477 et
977 1412 1041 1476 S.
1079 1410 1294 1477 Hilarii
1342 1414 1573 1476 Terrae
1628 1410 1779 1478 Luci

190 1497 517 1567 Dioecesis
564 1499 831 1564 imolen.
882 1517 964 1564 ex
1013 1518 1161 1580 una,
1194 1510 1257 1564 et
1288 1503 1502 1565 Patres
1531 1498 1779 1567 Ordinis

190 1587 254 1650 S.
304 1584 619 1651 Dominici
665 1586 762 1650 del
810 1587 1047 1651 Melino
1104 1585 1313 1651 dictae
1360 1589 1591 1651 Terrae
1637 1605 1777 1670 par-

191 1672 359 1738 tibus
410 1690 494 1736 ex
540 1673 765 1754 altera,
816 1673 1151 1739 occasione
1196 1672 1388 1738 trium
1424 1674 1779 1739 Processio-

189 1776 373 1838 num,
424 1778 591 1844 quae
638 1761 704 1827 in
749 1759 917 1826 dicta
965 1760 1247 1827 Ecclesia
1294 1763 1363 1827 S.
1412 1761 1637 1827 Mariae
1678 1761 1777 1826 del

191 1847 430 1911 Melino
478 1865 627 1913 cum
674 1847 1047 1915 interventu
1106 1848 1298 1914 totius
1355 1847 1524 1915 Cleri
1582 1850 1775 1916 Secu-

194 1934 334 1999 laris
383 1944 451 1999 et
497 1934 833 2020 Regularis
877 1954 999 2001 nec
1034 1954 1165 2003 non
1197 1936 1489 2003 omnium
1519 1935 1775 2002 Confra-

193 2022 566 2086 ternitatum
627 2021 787 2086 infra
845 2041 1081 2089 annum
1144 2022 1282 2087 fieri
1330 2023 1566 2105 solent,
1616 2022 1779 2089 circa

193 2108 455 2175 modum
485 2108 896 2195 ingrediendi
928 2111 1161 2177 dictam
1187 2110 1539 2176 Ecclesiam
1564 2109 1777 2194 ibique

191 2195 525 2262 assistendi
570 2216 641 2262 ac
688 2197 934 2263 Missam
978 2197 1337 2265 solemnem
1383 2197 1777 2280 celebrandi,

192 2283 347 2349 ortis
391 2284 871 2367 controversiis,
922 2284 1178 2370 illisque
1222 2305 1255 2349 a
1303 2287 1367 2350 S.
1404 2287 1478 2350 C.
1520 2285 1780 2371 Episco-

194 2388 425 2456 porum
475 2379 540 2435 et
577 2371 991 2456 Regularium
1024 2373 1101 2439 ad
1134 2375 1201 2440 S.
1235 2376 1313 2438 R.
1346 2376 1419 2438 C.
1454 2372 1776 2452 remissis3

197 2463 390 2524 Emus
447 2469 514 2524 et
559 2463 756 2526 Rmus
814 2463 886 2526 D.
940 2459 1126 2527 Card.
1176 2463 1245 2527 S.
1293 2459 1640 2527 Clementis
1688 2458 1781 2526 in-

198 2545 408 2612 lrascri
464 2556 520 2611 ta
567 2546 761 2613 dubia
807 2548 974 2614 inter
1016 2559 1232 2633 partes
1264 2549 1639 2616 concordata
1672 2546 1783 2614 de·

195 2634 407 2700 claran
455 2654 492 2699 a
535 2635 912 2721 proposuit:

327 2724 389 2786 1.
441 2722 539 2786 An
586 2720 776 2788 liceat
818 2723 1115 2808 Capitulo
1162 2722 1423 2809 insignis
1470 2721 1783 2807 collegia-

200 2820 291 2874 tae
356 2812 425 2875 S.
475 2809 703 2874 Mariae
751 2819 816 2875 et
876 2814 939 2876 S.
991 2810 1205 2877 Hilarii
1264 2811 1328 2876 in
1388 2811 1591 2876 tribus
1635 2814 1781 2873 Pro-

196 2895 584 2962 cessionibus
632 2897 697 2963 in
742 2896 1013 2985 singulis
1044 2898 1223 2965 annis
1254 2896 1654 2964 celebrandis
1688 2896 1778 2963 in·

197 2985 393 3052 troire
436 2986 790 3051 Ecclesiam
850 2990 919 3053 S.
964 2987 1191 3053 Mariae
1246 2988 1345 3052 del
1390 2987 1627 3054 Melino
1641 3007 1668 3064 ‚·
1716 2993 1780 3051 et

194 3074 467 3156 quidem
506 3092 655 3140 cum
703 3073 1073 3140 celebrante
1102 3085 1167 3141 et
1204 3074 1454 3142 duobus
1483 3072 1775 3140 assisten-

198 3160 364 3225 tibus
394 3159 624 3247 paratis
669 3159 931 3246 pluviali
982 3173 1046 3226 et
1091 3158 1498 3230 dalmaticis?

323 3251 390 3313 2.
440 3252 540 3313 An
586 3247 763 3314 Missa
794 3248 1125 3334 solemnis,
1161 3268 1322 3336 quae
1352 3249 1587 3314 cantari
1618 3249 1785 3313 solet

197 3333 259 3400 in
302 3334 474 3400 dicta
520 3335 806 3402 Ecclesia
852 3340 920 3402 S.
954 3336 1180 3404 Mariae
1226 3337 1323 3404 del
1352 3335 1593 3402 Melino
1639 3344 1784 3420 post

196 3423 662 3506 Procaesiones,
711 3442 874 3510 quae
935 3425 1098 3490 fiunt
1145 3425 1372 3493 diebus
1419 3429 1503 3490 26
1549 3425 1599 3488 Α
1682 3421 1782 3488 ilis

197 3519 258 3573 et
312 3514 393 3575 15
438 3511 715 3597 Augusti
757 3511 1101 3580 cuiuslibet
1145 3513 1318 3596 anni,
1351 3521 1574 3579 cantan
1623 3530 1656 3576 a
1700 3509 1783 3575 sit

194 3596 266 3662 ab
313 3597 892 3685 Archipresbytero
941 3609 1005 3664 et
1043 3599 1371 3666 canonicis
1403 3599 1606 3666 dictae
1638 3597 1779 3664 Gol-

198 3683 489 3769 legiatae‚
540 3685 1062 3754 dissentientibus
1094 3687 1467 3774 Religiosis3
1501 3685 1635 3753 sive
1666 3704 1779 3772 po·

198 3769 317 3837 tius
362 3771 446 3837 sit
492 3774 801 3841 cantanda
845 3776 922 3842 ab
971 3774 1215 3842 eisdem
1276 3769 1665 3861 Religiosis'?
1718 3783 1780 3838 et

193 3868 509 3944 quatenus
555 3860 928 3928 affirmative
974 3862 1051 3927 ad
1102 3864 1372 3950 primam
1415 3872 1689 3951 partem,

321 3951 384 4014 3.
436 3951 538 4016 An
579 3951 767 4015 liceat
800 3950 1014 4017 eidem
1044 3951 1336 4036 capitulo
1367 3952 1433 4019 in
1465 3950 1652 4018 dictis
1687 3969 1783 4016 ca-

190 4036 361 4104 sibus
392 4037 691 4104 assistere
722 4037 935 4104 dictae
965 4039 1183 4104 Missae
1212 4039 1483 4106 solemni
1516 4039 1581 4105 in
1614 4048 1785 4104 utro-

191 4144 311 4211 que
358 4123 567 4191 latere
616 4124 1027 4212 Presbyterii,
1060 4127 1277 4211 potius
1309 4145 1499 4212 quam
1545 4127 1609 4192 in
1663 4125 1779 4191 alia

192 4223 370 4299 parte
422 4210 721 4280 eiusdem
769 4210 1147 4280 Ecclesiae?

319 4303 389 4366 t.
438 4300 539 4367 An
582 4299 908 4368 Processio
940 4303 1259 4369 celebrata
1290 4301 1397 4368 die
1431 4306 1514 4370 26
1547 4301 1782 4389 Aprilis

195 4389 333 4454 anni
368 4389 731 4474 praeteriti,
758 4407 921 4475 quae
951 4388 1193 4456 absolvi
1224 4409 1354 4457 non
1381 4390 1591 4476 potuit
1622 4410 1654 4454 a
1678 4393 1784 4457 Ca-

196 4475 405 4559 pitulo
450 4487 722 4562 propter
766 4476 1301 4561 impedimentum
1335 4477 1569 4543 iniuste
1602 4496 1783 4563 prae-

196 4563 421 4630 stitum
463 4584 497 4629 a
540 4563 878 4649 Religiosis
926 4564 989 4630 in
1022 4565 1314 4652 ingressu
1346 4565 1637 4632 eiusdem
1668 4569 1785 4631 Ec-

196 4650 453 4734 clesiae,
503 4651 584 4718 sit
631 4652 867 4718 iterum
914 4653 1326 4736 celebranda,
1362 4665 1556 4739 prout
1596 4657 1784 4720 etiam

195 4738 349 4804 aliae
382 4740 848 4821 Processiones‚
885 4759 1046 4825 quae
1079 4740 1442 4806 successive
1475 4739 1782 4808 celebrari

196 4821 547 4909 debebant,
598 4838 665 4894 et
712 4844 841 4892 non
882 4826 1148 4894 fuerunt
1197 4824 1612 4894 celebratae?

320 4914 403 4977 Et
436 4915 499 4978 S.
538 4918 611 4980 R.
650 4919 751 4996 G.‚
785 4914 1073 4999 partibus
1107 4915 1356 5000 scriptis
1390 4924 1454 4980 et
1493 4935 1651 4982 voce
1684 4916 1776 4982 in·

200 4999 619 5068 formantibus
646 4999 904 5083 auditi&
934 5001 1417 5070 rescribendum
1449 5003 1733 5070 censuit:

324 5087 421 5154 Ad
476 5093 537 5155 1.
586 5109 627 5154 ‹
652 5088 1071 5172 Affirmative,
1096 5090 1172 5156 ad
1197 5088 1468 5175 primam
1492 5101 1775 5177 parterm

200 5176 531 5262 Negative,
577 5177 656 5244 ad
704 5177 1049 5258 secundam
1084 5200 1151 5245 ».

322 5264 416 5329 Ad
470 5268 532 5330 2.
586 5286 624 5329 ‹
650 5263 1066 5347 Affirmative,
1094 5267 1303 5352 quoad
1337 5267 1608 5353 primam
1638 5286 1776 5354 par-

203 5357 363 5432 tem3
426 5352 765 5439 Negative‚
812 5351 1018 5440 quoad
1080 5353 1454 5439 secundam,
1503 5355 1770 5424 circum·

1881 406 2118 547 scripta
2166 450 2556 518 resolutione
2601 452 2868 519 concilii
2915 454 3022 521 die
3067 460 3152 524 28
3189 456 3458 524 Februa·

1880 556 1955 601 m
2008 540 2308 691 2?ng}
2341 625 2760 712 Affirmative,
2811 638 2875 695 et
2915 630 3277 718 Episcopus
3316 632 3461 699 assi-

1882 721 2040 796 gnet
2088 713 2298 778 locum
2332 734 2396 777 ιν.

2010 799 2109 865 Ad
2160 803 2221 866 4.
2272 820 2310 863 ‹
2344 800 2651 887 Negative
2686 823 2748 865 ιι.

2014 891 2091 950 Et
2133 885 2220 951 ita
2265 885 2555 955 decrevit
2586 908 2653 954 ac
2692 892 2934 957 servari
2965 893 3306 961 mandavit.
3344 896 3455 961 Die

1886 977 1965 1039 14
2012 973 2149 1038 Maii
2203 977 2395 1043 1735.

1884 1112 2131 1182 2316.
2466 1117 2892 1184 ANAGNINA.
3232 1120 3459 1229 (4040)

2012 1239 2221 1323 Super
2252 1237 2574 1305 nonnullis
2605 1237 2844 1306 iuribus
2877 1242 3263 1328 honorificis,
3292 1243 3461 1311 inter

1882 1328 2176 1389 loannem
2235 1323 2572 1411 Baptistam
2631 1327 2797 1392 Bassi
2855 1327 3242 1415 Episcopum
3297 1332 3458 1398 Ana-

1878 1412 2146 1495 gninum
2192 1422 2257 1477 et
2301 1415 2404 1476 Fr.
2441 1412 2991 1482 Bartholomaeum
3018 1416 3246 1483 Rubini
3288 1417 3459 1485 illius

1880 1496 2331 1565 Coadiutorem
2374 1518 2456 1563 ex
2505 1520 2647 1584 una,
2698 1510 2886 1587 atque
2919 1503 3284 1591 Scipionem
3317 1509 3460 1573 Am·

1885 1584 2075 1652 brosii
2126 1585 2208 1651 de
2254 1585 2597 1651 Thomasiis
2640 1591 2793 1655 Prae
2842 1590 3073 1657 ositum
3127 1593 3463 1659 Cathedra-
3519 1666 3525 1675 ,

1883 1673 1960 1737 lis
1995 1671 2283 1739 eiusdem
2316 1673 2597 1741 Civitatis
2630 1677 2794 1761 parti
2842 1697 2915 1742 us
2945 1695 3024 1742 ex
3053 1677 3277 1763 altera,
3307 1679 3466 1745 ortis

1882 1759 2329 1826 controversiis
2385 1758 2644 1849 illisque
2700 1765 2779 1830 ad
2824 1767 2888 1830 S.
2941 1769 3015 1833 R.
3073 1770 3143 1833 C.
3194 1766 3457 1850 delatis3

1885 1851 2077 1913 Emus
2123 1856 2188 1913 et
2223 1850 2416 1915 Rffius
2446 1849 2516 1914 D.
2554 1851 2741 1917 Card.
2775 1852 3040 1939 Belluga
3074 1852 3465 1940 infrascripta

1880 1934 2073 2001 dubia
2137 1934 2307 2032 inter
2375 1946 2582 2021 partes
2648 1939 3024 2007 concordata
3085 1940 3465 2009 declaranda

1881 2030 2242 2108 proposmt,
2292 2038 2563 2107 nempe:

2018 2113 2077 2174 1.
2126 2112 2223 2174 An
2268 2110 2629 2195 Praeposito
2692 2111 3011 2179 Ecclesiae
3069 2114 3461 2182 Cathedralis

1882 2197 2246 2280 Anagninae
2291 2195 2601 2264 debeatur
2648 2199 3029 2267 thurificatio
3078 2201 3315 2288 triplici
3346 2201 3464 2267 du-

1880 2293 2028 2382 ctu„
2064 2282 2326 2351 absente
2381 2284 2749 2372 Episcopo?
2805 2297 2870 2353 et
2928 2297 3243 2375 quatenus
3300 2289 3461 2357 affir-

1881 2382 2143 2449 mame,

2010 2460 2226 2611 ²1th¹¹
2270 2456 2612 2545 debeatur,
2669 2473 3005 2549 praesente
3053 2463 3301 2533 vicario
3346 2465 3474 2529 Ge-·

1884 2565 2084 2612 nerai
3075 2612 3082 2619 ,

1881 2690 1888 2697 .
2012 2638 2098 2705 3..
2125 2636 2224 2701 An
2267 2636 2667 2723 Praepositus
2712 2638 2776 2703 in
2825 2637 2978 2705 locis
3041 2637 3175 2720 ubi,
3226 2637 3309 2704 ob
3352 2637 3468 2705 de·

1883 2720 2226 2788 ficientiam
2276 2722 2538 2789 Sedium
2583 2724 2851 2791 lixarum
2899 2724 2961 2790 in
2993 2726 3232 2807 Chore,
3271 2728 3467 2792 Cano-

1883 2809 2269 2881 nicisedent
2316 2810 2378 2875 in
2422 2812 2716 2895 scamnis,
2747 2812 2882 2879 sive
2928 2812 2991 2879 in
3037 2812 3468 2881 functionibus

1880 2895 2070 2962 sacris
2101 2897 2237 2963 sive
2271 2896 2335 2962 in
2366 2899 2810 2984 congressibus
2842 2900 3330 2984 canonicalibus,
3367 2900 3472 2969 de-

1883 2986 2054 3068 beat,
2083 2995 2420 3074 praesente
2450 2986 2553 3052 vel
2586 2987 2844 3053 absente
2870 2987 3212 3076 Episcopo,
3238 2988 3469 3056 sedere

1880 3069 1947 3139 in
1979 3073 2135 3158 istis,
2168 3085 2414 3139 servata
2446 3075 2876 3159 praerogativa
2910 3075 3101 3160 primi
3135 3075 3292 3157 loci3
3333 3075 3469 3142 sive

1883 3160 2100 3247 potius
2139 3164 2220 3228 sit
2265 3180 2382 3249 pro
2428 3180 2504 3226 eo
2549 3161 2846 3248 ponenda
2889 3162 3089 3231 Sedes
3137 3162 3470 3230 honoraria

1884 3266 2031 3316 cum
2079 3249 2267 3316 dorso
2313 3248 2396 3316 ad
2442 3245 2799 3316 humeros?

2016 3340 2081 3401 4.
2131 3339 2253 3420 An,
2302 3336 2664 3423 Praeposito
2709 3336 2775 3404 in
2813 3336 3042 3404 diebus
3074 3336 3469 3406 solemnibus

1882 3425 2145 3489 Sacrum
2194 3423 2492 3508 faciente,
2542 3423 2786 3510 possint
2831 3423 2896 3491 in
2942 3424 3246 3510 gradibus
3277 3424 3468 3492 Abaci

1884 3511 2120 3596 exponi
2165 3511 2395 3598 pelvis,
2445 3512 2851 3598 gutturnium
2889 3522 2957 3578 et
2991 3511 3470 3596 manutergium

1884 3598 1947 3664 in
1979 3599 2185 3681 lance,
2222 3597 2452 3683 quibus
2489 3609 2727 3684 utatur,
2762 3599 3011 3667 duobus
3048 3598 3474 3682 mansionariis

1883 3687 1988 3752 vel
2036 3686 2302 3754 Clericis
2333 3704 2479 3754 cum
2510 3697 2676 3753 cotta
2708 3685 3205 3769 ministrantibus
3234 3688 3313 3756 ad
3346 3690 3467 3752 La-

1882 3774 2079 3853 vabo‚·
2123 3775 2229 3841 vel
2276 3773 2488 3860 potius
2546 3774 2777 3842 debeat
2823 3778 3087 3842 Sacrum
3134 3775 3344 3842 facere
3392 3775 3469 3842 ad

1885 3861 2081 3927 instar
2126 3862 2393 3930 aliorum
2441 3859 2959 3928 Canonicorum‘?

2016 3953 2087 4014 5.
2135 3952 2231 4016 An
2276 3950 2640 4037 Praeposito
2689 3953 2750 4018 in
2805 3950 3314 4018 Processionibus
3359 3951 3473 4018 de-

1887 4039 2111 4105 beatur
2143 4039 2403 4106 candela
2434 4036 2685 4105 maioris
2711 4035 3038 4138 ponderis,
3068 4048 3133 4105 et
3166 4038 3234 4104 in
3259 4036 3471 4106 distri-

1886 4125 2149 4194 butione
2197 4128 2550 4213 palmarum
2595 4125 2891 4193 distincta
2937 4135 3003 4192 et
3042 4124 3472 4194 honorabilior

1883 4231 2071 4300 quam
2118 4214 2348 4280 ceteris
2393 4213 2478 4280 de
2523 4210 2875 4301 Capitulo?

2018 4304 2085 4367 6.
2133 4304 2231 4368 An
2267 4300 2702 4368 assistentibus
2735 4302 2798 4368 in
2831 4303 3037 4371 Chore
3070 4299 3321 4370 Vicario
3352 4303 3470 4366 Ge-

1886 4389 2088 4456 nerali
2135 4400 2201 4456 et
2244 4389 2606 4474 Praeposito
2654 4389 3045 4475 praecedere
3088 4389 3321 4456 debeat
3369 4386 3472 4453 Vi·

1891 4477 2131 4555 carius;
2180 4477 2285 4541 vel
2332 4474 2548 4562 potius
2578 4472 3029 4565 Praepositus'?
3062 4487 3131 4543 et
3159 4484 3472 4561 quatenus

1889 4562 2260 4630 affirmative
2309 4565 2390 4630 ad
2434 4565 2704 4649 primam
2755 4574 3027 4651 partem,

2022 4655 2085 4716 7.
2137 4653 2234 4718 An
2279 4653 2506 4720 eadem
2543 4650 2991 4739 praecedentia
3024 4650 3340 4717 debeatur
3372 4647 3476 4715 Vi-

1887 4739 2079 4822 cario,
2128 4739 2178 4805 si
2226 4739 2626 4826 Praepositus
2669 4740 2751 4805 sit
2803 4738 3065 4804 indutus
3125 4737 3314 4803 sacris
3363 4751 3475 4804 ve·

1885 4825 2114 4908 stibus,
2163 4836 2268 4893 aut
2313 4826 2366 4892 si
2411 4823 2694 4893 vicarius
2748 4826 2827 4891 sit
2881 4825 3073 4891 simul
3122 4824 3476 4893 canonicus

1889 4925 1954 4980 et
2001 4913 2250 4979 intersit
2297 4913 2362 4980 in
2392 4915 2602 4979 Chore
2635 4931 2780 4979 cum
2811 4912 3028 4980 babitu
3060 4911 3420 4979 Canonicali
3445 4907 3479 4976 ‘s‘

2018 5004 2086 5066 8.
2135 5000 2256 5085 An,
2282 5002 2436 5067 dum
2470 5001 2867 5088 Praepositus
2899 5001 3158 5068 exuitur
3182 4997 3473 5067 vestibus

1890 5088 2214 5155 usualibus
2279 5090 2341 5154 in
2398 5088 2665 5154 sacrario
2728 5099 2793 5156 et
2853 5087 3141 5157 induitur
3186 5086 3476 5154 vestibus

1884 5176 2273 5259 choralibus,
2321 5193 2438 5263 pro
2485 5176 2805 5244 delatione
2837 5175 3137 5244 Breviarii
3176 5176 3253 5244 ad
3286 5190 3475 5242 suum

1888 5266 2146 5332 stallum
2199 5264 2455 5332 tolerari
2500 5265 2724 5351 possit,
2759 5276 2831 5330 ut
2870 5266 2928 5332 ei
2976 5264 3274 5332 inserviat
3307 5280 3469 5329 unus

1889 5363 1997 5419 aut
2042 5352 2204 5422 alter
2249 5374 2332 5421 ex
2377 5350 2855 5422 Mansionariis'?
