4042 5950
1930 241 2406 325 -160—

521 401 844 470 Dioecesis
877 409 1296 488 Brugnaten.,
1333 403 1450 471 nisi
1492 403 1654 471 adsit
1684 402 1942 489 antiqua
1974 422 2123 470 con·

522 492 805 558 suetudo
839 515 904 557 ».
957 493 1070 559 Die
1124 496 1205 560 14
1252 493 1389 558 Maii
1444 495 1637 560 1803.

1144 636 1513 703 EPISTULA

762 728 867 792 AD
913 726 1344 791 EPlSCOPUM
1390 725 1892 791 BRUGNATEN.

661 854 819 918 ane
888 849 1186 928 Domine,
1238 848 1331 914 uti
1381 852 1624 915 Frater.
1677 846 2001 935 Proposita
2067 848 2154 914 in1

530 942 599 1005 S.
627 943 705 1004 R.
736 943 806 1005 C.
846 938 923 1003 ab
970 942 1129 1004 Eme
1177 949 1243 1004 et
1290 939 1448 1004 Rmo
1495 935 1762 1006 Domino
1812 934 2129 1003 Cardinali

527 1027 798 1093 Saluzzo
844 1029 1132 1093 Ponente
1179 1025 1470 1093 instantia
1524 1024 1798 1113 Capituli
1848 1034 1913 1090 et
1957 1022 2134 1090 Cleri

529 1114 855 1182 Ecclesiae
919 1114 1313 1216 collegiatae
1376 1125 1442 1180 et
1504 1111 1883 1179 Parochialis
1944 1112 2133 1178 titulo

527 1207 597 1270 S.
645 1203 873 1271 Mariae
912 1202 1161 1269 Maioris
1194 1204 1277 1270 de
1311 1203 1621 1270 Nazareth
1667 1199 1902 1290 Oppidi
1964 1201 2130 1268 Sise-

526 1292 641 1358 stri
677 1292 859 1359 istius
894 1291 1240 1375 Dioecesis,
1275 1310 1394 1377 pro
1444 1292 1742 1358 facultate
1790 1288 2134 1357 deferendi

529 1383 800 1448 SSffium
861 1379 1300 1448 Eucharistiae
1358 1383 1840 1446 Sacramentum
1902 1378 1967 1446 in
2012 1380 2134 1445 lla-

529 1468 713 1535 china
762 1470 962 1553 vulgo
1010 1479 1410 1555 nuncupata:
1465 1471 1664 1534 Cassa
1711 1467 2127 1556 illumigtata‚

529 1556 593 1623 in
642 1558 1060 1624 Processione
1107 1556 1283 1624 sssni
1332 1556 1635 1643 Corporis
1687 1555 1968 1636 christi;
2035 1576 2136 1622 ea-

530 1646 686 1712 dem
733 1649 803 1714 S.
837 1648 911 1712 R.
950 1649 1053 1728 C.,
1089 1653 1339 1711 mature
1387 1664 1706 1734 perpenso
1765 1644 2132 1713 huiusmodi

529 1746 835 1823 apparatu
871 1745 936 1801 et
967 1733 1050 1801 ob
1083 1735 1305 1800 oculos
1340 1734 1578 1801 habens
1628 1734 1922 1800 eiusdem
1956 1738 2026 1803 S.
2059 1740 2129 1801 c.

532 1823 872 1889 decretum
922 1821 1096 1906 alias,
1147 1822 1252 1889 die
1299 1823 1547 1890 scilicet
1579 1826 1618 1890 2
1653 1822 1814 1890 lunii
1868 1826 2038 1892 1618
2069 1824 2131 1890 in

532 1914 924 1997 Syracusana
985 1910 1267 1978 Modicae
1314 1911 1561 1996 datum,
1610 1931 1739 1998 quo
1788 1913 2131 1979 statuitur:

530 2020 569 2061 (ι
606 2000 993 2068 servandam
1045 2018 1186 2066 esse
1232 2000 1720 2087 dispositionem
1766 2000 1935 2067 Libri
1985 2005 2134 2068 Cae-

534 2087 928 2173 remonialis,
966 2099 1038 2155 ut
1069 2088 1320 2154 scilicet
1351 2091 1619 2155 SSr‘num
1653 2091 2134 2157 Sacramentum

533 2196 566 2240 a
600 2177 981 2245 celebrante
1027 2175 1307 2265 propriis
1354 2176 1648 2244 manibus
1696 2176 2135 2244 deferatur„

534 2264 722 2331 duxit
755 2286 885 2333 non
916 2266 1233 2353 expedire
1267 2266 1534 2354 petitam
1582 2266 1953 2333 facultatem
1985 2286 2135 2333 con-

537 2355 816 2435 cedere;
865 2355 996 2421 imo
1035 2354 1261 2421 volens
1293 2353 1601 2443 praedicti
1637 2355 1893 2421 Decreti
1923 2356 2138 2444 dispo-

534 2441 747 2508 sitioni
794 2463 863 2509 se
912 2443 1341 2527 conformare,
1378 2442 1499 2509 fuit
1548 2443 1612 2508 in
1658 2462 1851 2509 sensu
1902 2444 2139 2531 Ampli-

538 2530 745 2597 tudini
779 2536 949 2606 Tuae
981 2530 1396 2597 scribendum
1431 2540 1502 2595 ut
1532 2531 1909 2596 auctoritate
1943 2532 2139 2619 ipsius

537 2622 606 2687 S.
641 2624 711 2685 c.
753 2618 970 2687 iubeas
1000 2619 1088 2772 ¹ssi
1120 2630 1368 2707 pacate,
1403 2627 1474 2684 ut
1507 2618 1966 2705 praescribitur
1996 2619 2135 2686 fieri

534 2726 727 2796 posse
773 2706 996 2794 praevi
1049 2705 1177 2792 eas)
1214 2726 1295 2773 ne
1341 2706 1760 2792 exequutioni
1798 2709 2141 2776 mandetur

540 2815 765 2864 recens
828 2814 1019 2862 snum
1082 2794 1431 2884 gratiosum
1493 2800 1839 2863 Decretum
1893 2796 1999 2864 die
2060 2799 2139 2863 10

539 2885 680 2953 lulii
729 2884 1081 2973 superioris
1126 2883 1520 2951 anni-latum
1567 2883 1785 2951 favore
1835 2884 1955 2951 loci
1990 2888 2138 2951 Fos-

538 2975 854 3059 salupara
901 2973 1219 3040 istiusmet
1265 2971 1611 3059 DioecesiS,
1646 2991 1775 3058 quo
1816 2976 2135 3042 concede·

542 3065 728 3130 batur
773 3064 1053 3151 praefata
1112 3060 1365 3130 delatio·
1409 3061 1587 3130 SSmi
1635 3063 2022 3131 sacramenti
2076 3063 2139 3130 in

542 3151 849 3235 Machina,
885 3151 1004 3219 nisi
1054 3149 1115 3218 in
1166 3151 1400 3218 eodem
1451 3152 1592 3217 loco
1639 3151 1856 3239 vigeat
1886 3151 2143 3237 antiqua

542 3241 972 3308 consuetudo.
1009 3242 1088 3306 Et
1113 3240 1226 3307 diu
1258 3239 1412 3305 felix
1456 3250 1523 3305 et
1568 3238 1910 3306 incolumis
1941 3239 2137 3307 vivas.

543 3328 1005 3416 Amplitudinis
1038 3333 1237 3395 Tuae.
1270 3333 1507 3397 Romae
1546 3331 1626 3395 14
1656 3327 1795 3394 Maii
1832 3331 2027 3395 1803.

546 3470 806 3538 2558.
1081 3471 1592 3537 rnonssu‘rmA.
1909 3470 2136 3558 (4490)

680 3593 957 3683 Epistola
1006 3593 1149 3659 data
1196 3592 1319 3660 fuit
1364 3594 1441 3660 ad
1476 3593 1842 3660 Antistitem
1878 3595 2140 3662 Floren-

549 3682 780 3766 tinum,
837 3680 980 3769 quia
1042 3685 1255 3747 Patres
1318 3681 1456 3747 Emi
1513 3682 1577 3747 in
1629 3683 2142 3771 congregatione

545 3769 868 3837 ordinaria
917 3779 1127 3836 coacta
1167 3770 1391 3836 eadem
1422 3770 1530 3836 die
1568 3773 1645 3837 13
1679 3769 1878 3836 Martii
1911 3772 1989 3839 ad
2022 3773 2138 3839 du·

549 3859 918 3926 bium:.An
968 3868 1145 3923 recte
1190 3876 1260 3923 se
1307 3857 1625 3944 gesserint
1673 3860 2036 3947 Capitulum
2077 3871 2143 3926 et

548 3946 843 4015 canonici
892 3940 1155 4034 insignis
1192 3948 1430 4036 Regiae
1463 3947 1851 4037 collegiatae
1881 3952 1946 4014 S.
1982 3953 2141 4014 Lau-

551 4037 741 4104 rentii
787 4034 974 4102 Urbis
1005 4037 1388 4118 Florentiae,
1424 4037 1810 4123 exponendo
1850 4037 2143 4125 publicae

532 4124 949 4192 ‘venerationi
982 4128 1249 4193 SSffium
1274 4127 1752 4192 Sacramentum
1786 4144 1903 4211 pro
1934 4127 2139 4193 anima

547 4213 848 4282 Ludovici
899 4214 1089 4301 Regis
1134 4213 1446 4298 defuncti,
1481 4232 1627 4279 cum
1661 4222 1828 4280 esset
1860 4215 2143 4282 Ecclesia

547 4303 772 4390 pannis
819 4300 1018 4388 nigris
1078 4311 1318 4385 ornata,
1378 4311 1652 4387 excepto
1713 4301 2139 4391 presbyterio,

549 4401 616 4457 et
662 4400 915 4458 remoto
961 4400 1166 4456 castro
1212 4389 1451 4456 doloris
1496 4399 1564 4456 et
1596 4389 1802 4476 palliis
1833 4391 2034 4478 nigris
2064 4393 2142 4459 ab

552 4499 942 4566 unoquoque
989 4476 1234 4544 Altari‘?
1278 4478 1772 4566 responderunt.
1826 4500 1865 4542 ι
1899 4479 2142 4546 Scriba-

555 4582 658 4635 tur
704 4567 1202 4657 Archiepiscopo
1248 4568 1326 4634 ad
1373 4578 1660 4635 mentem
1693 4590 1760 4634 ».

684 4657 1073 4729 Perillustris
1120 4667 1184 4722 et
1230 4659 1387 4723 Rn‘te
1436 4656 1704 4724 Domine
1752 4656 1844 4723 uti
1899 4661 2141 4725 Frater.

552 4752 711 4815 cum
737 4746 1107 4834 Capitulum
1142 4745 1466 4812 Ecclesiae
1489 4745 1877 4832 collegiatae
1904 4749 1969 4814 S.
1988 4750 2146 4813 Lan·

557 4834 744 4902 rentii
795 4835 972 4901 istius
1019 4834 1301 4902 civitatis
1348 4832 1755 4903 Florentinae
1809 4835 1874 4902 in
1932 4834 2147 4925 expia-

556 4923 800 4991 tionem
844 4924 1089 4990 animae
1137 4932 1445 5010 augustae
1478 4922 1824 4991 memoriae
1871 4925 2147 5013 praede-

556 5010 761 5078 functi
806 5011 1113 5078 Ludovici
1161 5010 1455 5080 Etruriae
1500 5013 1692 5100 Regis
1733 5023 1798 5079 et
1843 5013 1908 5080 in
1952 5012 2148 5100 signi·

559 5099 919 5167 ficationem
981 5099 1288 5166 maeroris
1334 5101 1418 5167 de
1470 5102 1606 5169 eius
1667 5101 1964 5188 orbitate,
2014 5102 2151 5188 pias

558 5205 786 5280 preces
810 5187 1095 5275 publicas
1120 5187 1395 5256 fundere
1419 5189 1700 5256 voluerit
1725 5208 1938 5255 coram
1962 5194 2150 5257 SSfiia

556 5275 951 5345 Eucharistia
1002 5275 1293 5344 fidelium
1340 5277 1687 5344 adorationi
1730 5278 2017 5363 exposita
2049 5296 2154 5343 su·

558 5384 681 5456 per
724 5369 843 5433 Ara
890 5365 1188 5454 principe
1234 5366 1522 5431 eiusdem
1574 5363 1895 5430 Ecclesiae
1942 5366 2152 5432 colle-

2227 402 2457 489 giatae,
2493 403 2652 471 dum
2688 405 2900 491 ipsius.
2921 405 3244 472 Ecclesiae
3289 403 3597 494 parietes,
3634 403 3846 473 biduo

2226 501 2373 558 ante
2399 493 2681 579 expletis
2705 492 3002 594 exequiis
3034 513 3153 581 pro
3178 495 3414 564 eodem
3437 496 3621 581 Rege
3658 493 3845 560 iussu

2229 581 2690 648 serenissimae
2718 586 3003 669 Reginae
3035 582 3270 650 viduae
3294 582 3599 670 peractis,
3627 582 3848 650 adhuc

2231 666 2506 735 funereo
2552 681 2858 757 apparatu
2919 670 3386 755 vestiebantur,
3438 684 3716 758 excepta
3773 688 3850 734 ea

2229 765 2411 843 parte
2459 758 2625 825 circa
2672 759 2923 826 dictum
2968 762 3215 845 Altare,
3262 779 3427 846 quae
3460 758 3850 826 Residemia

2227 857 2664 935 nuncupatur,
2700 846 2845 914 albo
2878 849 3096 915 colore
3145 849 3486 927 distinctu
3522 858 3589 914 et
3623 857 3850 914 amoto

2231 933 2489 1021 lugubri
2539 936 2784 1003 feretro
2812 955 2935 1002 nec
2985 957 3114 1004 non
3159 936 3369 1025 palliis
3401 936 3568 1024 nigri
3601 933 3853 1002 coloris

2232 1039 2314 1086 ex
2351 1022 2623 1108 singulis
2670 1024 3026 1092 minoribus
3055 1026 3222 1108 Aris,
3258 1024 3704 1112 detractisque
3739 1042 3852 1111 pe·

2233 1108 2389 1175 riter
2433 1112 2595 1178 velis
2642 1113 2842 1200 nigris
2887 1117 3095 1181 cruce
3141 1115 3278 1184 alba
3324 1112 3586 1200 signatis
3619 1125 3853 1177 conte-

2233 1198 2535 1286 gentibus
2567 1203 2948 1269 Sanctorum
2973 1206 3286 1288 lmagines
3310 1222 3504 1289 supra
3527 1201 3700 1289 ipsas
3727 1198 3856 1266 mi-

2231 1306 2425 1354 nores
2469 1293 2622 1355 Aras
2669 1290 3048 1357 collocatas:
3083 1311 3212 1358 non
3244 1300 3465 1357 antem
3495 1290 3699 1356 fuerit
3734 1307 3859 1374 par

2232 1376 2521 1444 omnium
2571 1378 2802 1464 opinio·
2846 1380 2934 1448 de
2992 1380 3110 1447 bac
3165 1400 3341 1447 sacra
3401 1378 3858 1445 Eucharistiae

2234 1464 2639 1552 expositione
2672 1487 2697 1532 ε·
2740 1468 3284 1535 contendentibus
3315 1467 3648 1534 nonnullis
3697 1485 3856 1532 con·

2236 1564 2326 1619 tra
2392 1554 2852 1622 ecclesiasticas
2909 1557 3308 1642 sanctiones,
3374 1566 3441 1621 et
3509 1562 3859 1640 signanter

2235 1653 2454 1710 centra
2488 1646 2553 1711 S.
2589 1646 2665 1710 Β.
2705 1648 2779 1712 c.
2817 1650 3086 1712 Decreta
3133 1654 3471 1733 peccatum
3503 1645 3756 1720 fuisse;
3794 1653 3861 1706 et

2237 1750 2384 1798 cum
2415 1732 2492 1800 ad
2525 1735 3050 1819 cognoscendum
3081 1743 3306 1803 utrum
3333 1743 3515 1799 recte
3535 1751 3608 1797 se
3635 1749 3864 1817 gesse·

2238 1820 2320 1886 rit
2366 1820 2725 1908 praefatum
2774 1822 3139 1923 capitulum
3175 1841 3253 1888 eo
3295 1820 3359 1887 in
3408 1842 3554 1888 casu
3586 1831 3656 1887 et
3690 1820 3862 1906 quid

2239 1910 2664 1995 imposterum
2709 1910 2776 1977 in
2823 1910 3137 1977 similibus
3183 1927 3379 1997 agere
3419 1909 3636 1991 liceat,
3671 1928 3860 1976 nunc

2235 2017 2536 2064 recursus
2593 1997 2845 2065 babitus
2890 2000 2972 2064 sit
3017 2018 3141 2085 per
3192 1998 3584 2067 canonicum
3633 1996 3863 2063 Domi-

2237 2087 2457 2153 nicum
2521 2086 2795 2167 Morani,
2845 2087 3123 2154 alterum
3170 2109 3254 2157 ex
3309 2088 3564 2154 duobus
3623 2089 3865 2154 Came-

2238 2175 2416 2240 rariis
2457 2174 2667 2263 ipsius
2698 2176 3114 2263 collegiatae,
3147 2177 3412 2244 nomine
3446 2176 3639 2241 etiam
3673 2175 3866 2242 Prio-

2238 2262 2326 2328 ris
2372 2263 2844 2333 canonicorum
2889 2266 2967 2332 ad
3019 2268 3086 2331 S.
3134 2270 3209 2334 R.
3246 2270 3348 2352 C.;

2369 2353 2612 2420 Eadem
2646 2355 2711 2420 S.
2748 2357 2823 2421 R.
2860 2356 2963 2438 C.,
2990 2372 3321 2442 perpenso
3353 2363 3507 2420 voto
3542 2353 3742 2421 nnius
3781 2374 3865 2420 ex

2236 2443 2570 2508 Sacrarum
2596 2442 3161 2510 caeremoniarum
3185 2442 3708 2531 Apostolicarum
3743 2446 3868 2510 Ma-

2238 2530 2454 2618 gistris
2483 2530 2655 2617 typis
2685 2530 2878 2597 etiam
2911 2532 3238 2619 evulgato,
3274 2552 3343 2597 ac
3375 2532 3716 2598 referente
3753 2550 3868 2597 me

2240 2617 2645 2706 infrascripto
2666 2619 2844 2688 SSsni
2863 2621 2978 2686 nni
2999 2619 3208 2686 Nostri
3230 2619 3315 2685 Pii
3338 2622 3444 2687 vll
3470 2623 3652 2685 Pont.
3679 2623 3862 2687 Max.

2240 2709 2305 2774 in
2329 2705 2501 2772 Urbe
2527 2707 2778 2774 Vicario
2804 2711 3162 2795 Sacraeque
3195 2707 3314 2796 ipsi
3347 2709 3869 2794 congregationi

2238 2796 2600 2880 Praefecto;
2669 2795 3093 2883 Amplitudini
3159 2801 3329 2863 Tuae
3379 2797 3442 2862 in
3491 2797 3654 2863 hanc
3709 2818 3867 2865 sen·

2241 2884 2504 2951 tentiam
2543 2885 3039 2952 rescribendum
3084 2905 3224 2951 esse
3270 2884 3568 2951 censuit:
3634 2886 3866 2975 Siqui-

2239 2975 2393 3041 dem
2425 2974 2488 3040 in
2524 2973 2851 3062 proposita
2884 2974 3027 3041 facti
3062 2974 3282 3062 specie
3320 2971 3665 3064 praecipua
3706 2995 3865 3063 pars

2239 3062 2611 3151 Cappellae,
2663 3064 2728 3129 in
2783 3081 2907 3149 qua
2968 3064 3265 3129 manebat
3311 3065 3581 3130 Sanum
3631 3066 3865 3131 Sacra-

2239 3161 2530 3217 mentum
2595 3152 2842 3218 festivis
2901 3151 3064 3218 velis
3119 3162 3335 3218 ornata
3398 3149 3633 3234 fuerit,
3685 3152 3862 3219 nihil

2241 3240 2307 3306 in
2355 3238 2725 3306 huiusmodi
2789 3240 2952 3306 facto
3002 3258 3141 3306 esse
3187 3238 3860 3327 reprehendendum,

2240 3328 2368 3396 imo
2415 3347 2630 3414 neque
2678 3327 3103 3396 necessariam
3149 3326 3346 3394 fuisse
3409 3327 3860 3395 remotionem

2237 3416 2583 3504 palliorum
2641 3416 2807 3505 nigri
2873 3417 3107 3483 coloris
3153 3437 3186 3481 a
3233 3416 3593 3483 minoribus
3656 3418 3861 3491 Aris;

2241 3515 2572 3595 praeterea
2607 3508 2672 3573 S.
2709 3510 2779 3571 c.
2819 3524 2944 3573 non
2979 3504 3366 3592 improbare,
3400 3505 3571 3591 quod
3611 3508 3862 3574 eodem

2239 3593 2433 3662 modo
2497 3594 2656 3660 iusta
2716 3595 3173 3681 persolvantur
3233 3594 3311 3661 ad
3374 3595 3603 3682 plures
3651 3594 3859 3662 etiam

2241 3684 2382 3752 dies
2445 3684 2550 3749 vel
2615 3703 2734 3770 pro
2794 3681 3090 3751 omnibus
3150 3683 3457 3755 fidelibus
3515 3682 3866 3750 defunctis

2240 3773 2348 3839 vel
2409 3791 2527 3859 pro
2585 3770 2909 3841 defunctis
2976 3770 3245 3837 alicuius
3313 3770 3864 3859 congregationis

2244 3872 2368 3927 tam
2392 3859 3019 3943 Ecclesiasticorum,
3042 3878 3233 3945 quam
3257 3859 3629 3940 Laicorum;
3658 3861 3861 3926 valde

2244 3962 2456 4015 tamen
2503 3948 2872 4035 improbare
2935 3948 3473 4016 consuetudinem
3537 3950 3615 4024 in,
3666 3947 3860 4019 istam

2241 4036 2674 4104 Florentinam
2723 4037 3065 4103 Civitatem
3113 4036 3461 4121 invectam,
3498 4047 3567 4102 ut
3602 4058 3685 4103 ex
3723 4037 3861 4107 fide

2242 4125 2453 4212 dignis
2503 4125 2888 4192 testimoniis
2933 4134 3345 4212 compertum
3397 4136 3521 4209 est,
3571 4127 3857 4195 SSffium

2247 4213 2684 4280 Eucharistiae
2754 4217 3239 4281 Sacramentum
3314 4213 3576 4303 publice
3650 4234 3864 4303 expo-

2242 4302 2439 4369 nendi
2489 4303 2820 4369 occasione
2867 4302 3288 4388 exequiarum
3336 4303 3619 4391 privatae
3653 4304 3862 4370 alicu-

2242 4391 2340 4456 ius
2365 4409 2705 4478 personae,
2735 4391 2870 4457 sive
2905 4410 3019 4457 eae
3052 4401 3444 4479 peragantur
3476 4391 3540 4456 in
3572 4390 3681 4458 die
3717 4392 3861 4458 obi·

2248 4490 2348 4546 tus
2396 4480 2500 4545 vel
2537 4479 3018 4579 depositionis,
3074 4480 3210 4545 sive
3265 4478 3329 4545 in
3382 4478 3862 4547 Anniversariis

2245 4578 2351 4634 aut
2396 4566 2533 4633 aliis
2566 4567 2963 4654 quibuslibet
2993 4567 3247 4636 diebus.
3283 4572 3454 4635 Hanc
3486 4565 3660 4633 enim
3697 4586 3858 4633 con-

2245 4656 2654 4725 suetudinem
2713 4659 2778 4723 S.
2830 4662 2905 4724 C.
2954 4656 3237 4724 declarat
3289 4658 3596 4737 abusum,
3649 4666 3718 4721 et
3765 4658 3852 4724 ad

2248 4764 2387 4813 eam
2434 4745 2783 4813 tollendam
2827 4764 3010 4812 curas
3046 4762 3298 4830 omnes,
3332 4766 3403 4813 ac
3435 4746 3854 4835 exploratum

2249 4851 2399 4921 erga
2447 4837 2784 4902 Sacrorum
2816 4833 3077 4902 Rituum
3120 4833 3425 4901 decorem
3455 4834 3857 4923 Amplitudi-

2249 4925 2343 4991 nis
2390 4928 2558 4990 Tuae
2605 4922 2915 5006 studium,
2969 4941 3052 4987 ex
3095 4921 3307 4991 oblata
3353 4923 3682 4989 occasione
3734 4940 3852 4988 ex-

2250 5013 2443 5079 citare
2492 5030 2618 5081 non
2666 5010 2928 5077 omittit.
2981 5014 3147 5077 llaec
3192 5022 3367 5096 sunt,
3402 5029 3564 5096 quae
3596 5010 3850 5100 suppli-

2249 5100 2541 5168 cantibus
2601 5099 2930 5167 c'anonicis
2991 5098 3282 5187 patefieri
3349 5111 3679 5187 poterunt.
3751 5104 3850 5167 ln?

2251 5190 2442 5255 terim
2488 5187 2910 5275 Amplitudini
2961 5192 3131 5254 Tuae
3185 5187 3555 5255 diuturnam
3605 5200 3849 5277 exopto

2249 5277 2644 5345 felicitatem.

2387 5371 2627 5433 Romae
2678 5370 2756 5431 13
2803 5364 3004 5430 Martii
3059 5367 3249 5431 ¹804.
