4042 5950
2081 230 2555 311 ..342-

675 395 814 462 ciali
838 395 1030 482 gratia
1061 393 1337 481 benigne
1361 393 1679 460 commisit
1701 392 2260 460 Reverendissimo

2494 370 2677 457 Sacra
2725 390 3150 477 congregatio
3177 437 3195 472 ,
3241 387 3396 453 visis
3440 397 3840 472 matureque
3908 384 3973 450 li·

675 485 938 551 Domino
983 482 1289 549 Cardinali
1336 481 1520 548 Urbis
1553 480 1823 565 vicario,
1873 493 1944 547 ut
1990 479 2262 547 constito
2365 479 2557 546 bratis
2602 478 2846 546 iuribus
2896 478 3046 545 binc
3091 476 3245 545 iude
3292 475 3630 557 deductis,
3681 486 3974 558 utraque

676 573 762 639 de
786 570 1054 638 veritate
1086 569 1526 656 expositorum
1559 587 1678 655 per
1700 569 2096 637 authenticas
2118 586 2265 654 pro·
2365 577 2548 654 parte
2609 567 2864 652 plenius
2925 565 3306 632 informante
3362 584 3434 630 ac
3494 563 3974 652 respondente,

679 659 989 742 bationes,
1026 658 1301 744 petitum
1333 657 1655 725 indultum
1696 657 1924 723 oratori
1958 656 2264 742 largiatur
2370 655 2797 742 omnibusque
2842 653 3138 722 videndis
3181 653 3308 719 rite
3363 651 3826 734 consideratis,
3883 672 3976 715 re·

681 746 1170 814 extendendum
1223 745 1429 831 quoad
1479 745 1702 812 eadem
1762 746 1981 811 salutis
2029 744 2269 832 perdu-

685 845 829 902 rent
862 832 1354 901 incommoda».
1401 834 1741 901 Contrariis
1787 853 1914 900 non
1969 832 2268 902 obstanti·

687 923 800 990 bus
847 921 1388 1009 quibuscumque.

820 1010 928 1077 Die
980 1015 1019 1075 δ
1064 1010 1327 1076 Ianuarii
1383 1013 1573 1078 1847.

691 1183 942 1254 292⁷.
1204 1185 1747 1251 costnsANA.
2043 1184 2271 1271 (soca)

864 1308 1169 1373 ouomis
1213 1309 1566 1389 mNonum
1598 1310 1665 1376 s.
1698 1309 2099 1374 summm

1149 1435 1250 1497 os
1282 1432 1822 1498 ousnuvANm

1096 1557 1199 1620 Εἰ·
1258 1554 1878 1621 οΑΡῦοοιΝοΒυΜ.

824 1708 1315 1776 Praecedentiae
1342 1710 1436 1776 ius
1461 1709 1737 1798 publicis
1768 1711 1830 1777 in
1862 1712 2276 1800 supplicatio-

698 1798 905 1881 nibus,
971 1798 1122 1863 licet
1166 1816 1359 1884 saepe
1424 1797 1801 1886 Apostolicis
1848 1810 2279 1887 temperatum

696 1883 1267 1952 Constitutionibus
1336 1896 1400 1952 et
1464 1887 1707 1954 crebris
1775 1891 2113 1955 Sacrorum
2179 1889 2282 1956 Ri-

701 1987 882 2041 tuum
930 1972 1215 2040 Decretis
1274 1973 1714 2064 praefinitum,
1777 1977 1962 2044 sicuti
2025 1994 2284 2064 semper

701 2061 968 2128 uberem
1015 2061 1467 2129 controversiis
1520 2064 1986 2151 suppeditavit,
2038 2065 2127 2132 sic
2171 2085 2282 2131 no·

700 2168 843 2215 vam
890 2150 955 2216 in
1000 2153 1502 2237 praesentiarum
1560 2151 1826 2239 praebet
1883 2153 2285 2241 disceptandi

702 2237 1030 2304 materiam
1057 2237 1377 2305 Fratribus
1398 2239 1650 2307 Ordinis
1674 2239 1989 2307 Minorum
2016 2244 2083 2308 S.
2105 2246 2289 2309 Fran-

703 2325 851 2393 cisci
889 2326 1417 2413 capuccinorum,
1454 2326 1841 2413 degentibus
1870 2330 1937 2396 in
1968 2333 2133 2416 Pago
2161 2333 2287 2396 Ru-

702 2412 902 2480 tiliani
962 2416 1399 2480 Conversanae
1460 2415 1780 2481 Dioecesis
1841 2429 1908 2483 et
1964 2416 2286 2484 Fratribus

704 2500 1050 2568 Minoribus
1095 2502 1178 2568 de
1223 2503 1629 2570 observantia
1675 2503 1926 2572 duobus
1985 2523 2285 2590 passuum

705 2588 991 2655 millibus
1047 2588 1199 2655 inde
1253 2588 1513 2659 dissitis.
1575 2593 1912 2679 Capuccini
1962 2594 2061 2659 ius
2106 2612 2286 2681 prae·

705 2675 987 2743 cedendi
1031 2676 1151 2743 sibi
1197 2692 1486 2747 asserunt
1524 2691 1661 2746 tum
1695 2681 1865 2766 quod
1899 2682 2291 2768 antiquiores

707 2763 794 2830 ibi
840 2763 965 2830 sint
1011 2765 1315 2832 coenobii
1359 2767 1755 2851 fundatione,
1791 2780 1932 2836 tum
1964 2772 2136 2855 quod
2172 2788 2290 2856 pu-

706 2851 891 2919 blicis
935 2853 1000 2918 in
1044 2852 1639 2940 supplicationibus,
1672 2856 1750 2923 ad
1800 2877 1953 2944 quas
1987 2870 2291 2925 tenentur

707 2940 1047 3027 accedere,
1084 2960 1345 3028 semper
1375 2943 1771 3012 obtinuerint
1801 2947 2086 3033 priorem
2116 2969 2148 3013 a
2180 2949 2289 3013 Ga-

708 3028 915 3116 pitulo
967 3030 1202 3097 locum.
1252 3030 1670 3100 observantes
1715 3048 1956 3120 autem,
2007 3037 2155 3121 lege
2211 3036 2291 3101 ob

708 3117 1071 3188 distantiam
1107 3138 1237 3185 non
1267 3121 1550 3188 adstricti
1586 3121 2001 3208 intervenire,
2038 3125 2292 3208 quando

710 3222 866 3271 vero
897 3206 1025 3274 illis
1055 3208 1623 3296 supplicationibus
1655 3230 1726 3277 se
1759 3212 2028 3298 iungere
2061 3212 2291 3295 velint,

709 3295 896 3362 sicuti
943 3295 1172 3362 accidit
1215 3297 1518 3383 piaculari
1554 3319 1718 3366 anno
1757 3303 1924 3367 1825
1970 3321 2041 3367 ac
2089 3302 2295 3366 novis-

709 3382 871 3449 sime
917 3402 1080 3450 anno
1133 3388 1325 3468 1843,
1375 3385 1544 3453 idem
1606 3386 1704 3453 ius
1761 3387 1880 3455 sibi
1926 3389 2291 3466 vindicant;

713 3480 851 3537 tum
895 3473 1066 3557 quod
1114 3472 1419 3539 absonum
1466 3475 1758 3542 videatur
1801 3475 2061 3544 filialem
2111 3477 2294 3544 Ordi-

712 3575 864 3624 nem
908 3559 1174 3625 anteire‘
1213 3559 1399 3627 illum
1444 3581 1477 3626 a
1523 3581 1651 3647 quo
1702 3564 2019 3651 originem
2079 3566 2294 3649 duxit,

716 3657 851 3711 tum
920 3646 1090 3730 quod
1160 3647 1416 3734 dignior
1475 3649 1654 3716 locus
1716 3653 2088 3739 Capucoinis
2150 3655 2299 3720 assi·

713 3744 940 3818 gnatus
999 3734 1159 3800 dum
1219 3739 1637 3803 observantes
1694 3740 1990 3827 aberant,
2053 3742 2296 3820 nullam

715 3822 984 3888 istorum
1030 3822 1153 3888 iuri
1199 3842 1429 3890 noxam
1492 3825 1700 3893 valeat
1759 3828 2065 3914 irrogare.
2135 3833 2297 3897 con-

719 3909 1022 3976 troversia
1095 3910 1336 3978 isthaec
1403 3912 1479 3979 ad
1551 3915 1974 4001 episcopalem
2045 3919 2296 3985 curiam

717 3996 1015 4085 primitus
1084 4000 1420 4083 ventilata,
1492 4019 1695 4087 quum
1767 4022 1886 4089 per
1953 4008 2297 4072 Decretum

717 4087 1019 4152 emissum
1080 4088 1176 4154 ius
1236 4089 1430 4155 fuerit
1487 4090 1977 4158 observantibus
2035 4093 2302 4161 attribu·

720 4184 897 4257 tum,
959 4174 1038 4241 ab
1097 4176 1211 4243 bac
1277 4178 1593 4244 sententia
1659 4180 2158 4267 appellationem
2221 4183 2297 4249 ad

719 4265 1009 4330 Sanctam
1041 4265 1277 4332 Sedem
1309 4266 1647 4353 capuccini
1684 4267 2160 4354 interposuere,
2196 4271 2302 4336 da-

718 4349 927 4437 tisque
971 4351 1271 4439 precibus
1317 4372 1516 4440 penes
1549 4359 1799 4421 Sacram
1831 4357 2093 4423 Rituum
2141 4361 2302 4425 con-

719 4441 1185 4525 gregationem,
1213 4443 1397 4509 citata
1420 4441 1572 4509 dein
1598 4455 1779 4529 parte
1802 4465 2014 4512 coram
2039 4451 2113 4513 R.
2135 4451 2204 4513 P.
2223 4452 2296 4516 D.

718 4527 1014 4596 eiusdem
1076 4534 1301 4598 Sacrae
1348 4533 1875 4617 Congregationis
1918 4554 1952 4598 a
1999 4536 2300 4623 Secretis,

718 4635 995 4706 sequens
1040 4619 1161 4686 fuit
1205 4618 1473 4686 dubium
1522 4638 1640 4708 per
1685 4623 2027 4708 deputatos
2071 4624 2302 4692 Defen-

716 4725 894 4772 sores
941 4707 1445 4774 concordatum:
1505 4708 1638 4788 Aa,
1702 4721 1763 4776 ct
1824 4715 1935 4778 cui
1991 4725 2302 4798 competat

709 4796 1160 4879 praecedentia
1196 4799 1269 4862 ia
1298 4798 1914 4882 supplicationibus,
1946 4813 2007 4869 et
2041 4805 2113 4868 in
2148 4821 2306 4870 casa

709 4881 1089 4966 praesenti?

845 4972 1174 5058 Proposito
1221 4983 1563 5060 propterea
1600 4976 1829 5044 eodem
1861 4977 2060 5046 dubio
2093 4980 2158 5046 in
2190 4984 2298 5047 Or-

717 5058 977 5126 dinariis
1022 5064 1356 5129 Sacrorum
1401 5062 1661 5131 Rituum
1710 5063 1995 5133 comitiis
2041 5067 2118 5134 ad
2158 5070 2302 5146 Qui-

719 5145 949 5242 rinales
991 5149 1204 5216 Aedes
1249 5149 1601 5237 subscripta
1634 5152 1769 5238 die,
1803 5153 1881 5220 ab
1912 5155 2298 5221 Eminentis·

716 5250 876 5297 simo
925 5245 986 5300 et
1053 5236 1604 5304 Reverendissimo
1665 5242 1929 5307 Domino
1989 5243 2301 5310 cardinali

717 5318 942 5387 Carolo
987 5324 1189 5390 Acton
1233 5324 1533 5392 Relatore
1577 5327 1941 5411 designat03

2369 742 2781 810 scribendum
2806 742 3085 811 censuit:
3123 762 3161 804 ι
3180 740 3696 808 Praecedentiam
3729 739 3808 804 in
3835 759 3978 803 casn

2372 843 2745 917 competere
2779 829 3098 897 Fratribus
3119 828 3372 897 Ordinis
3402 829 3720 895 uiuorum
3759 828 3976 894 Sancti

2371 920 2683 987 Francisci
2715 920 2800 987 de
2830 916 3239 986 Observantia
3267 938 3330 980 ».
3375 919 3582 1002 Atque
3621 917 3704 982 ita
3743 916 3978 982 decre·

2375 1008 2468 1073 vit
2514 1027 2586 1074 ac
2631 1009 2870 1074 servari
2916 1006 3263 1073 mandavit.

2510 1095 2622 1163 Die
2669 1099 2751 1163 27
2800 1094 3123 1164 Februarii
3179 1096 3376 1162 18⁴7.

2381 1239 2642 1308 2928.
2990 1237 3359 1304 suerum.
3744 1233 3976 1319 (soca)

2512 1361 2821 1429 Sacerdos
2879 1358 3154 1425 Aloisius
3210 1359 3347 1424 Paci
3407 1357 3980 1424 Caeremoniarum

2382 1450 2673 1537 Magister
2702 1448 3096 1516 cathedralis
3120 1445 3416 1512 Aretinae
3447 1445 3780 1512 Ecclesiae
3814 1464 3980 1510 sum-

2383 1557 2651 1626 mopere
2676 1547 2984 1623 exoptans
3009 1545 3107 1618 ut,
3137 1536 3199 1601 in
3232 1534 3677 1601 ecclesiasticis
3701 1533 3982 1599 functio·

2381 1626 2569 1694 nibus
2613 1626 2934 1712 sacrisque
2975 1622 3200 1690 ritibus
3233 1622 3599 1708 explendis,
3635 1623 3868 1687 omnia
3901 1622 3982 1686 iu-

2383 1724 2489 1782 xta
2521 1712 2882 1803 praefinitas
2914 1712 3167 1797 regulas
3199 1710 3575 1798 procedant,
3611 1712 3862 1778 Sacrae
3893 1712 3983 1775 Ri-

2384 1814 2570 1871 tuum
2629 1800 3121 1888 congregationi
3179 1799 3511 1884 sequentia
3573 1798 3781 1866 dubia
3842 1818 3983 1864 eno-

2386 1891 2590 1959 danda
2639 1888 3011 1976 proposuit;
3061 1886 3413 1953 nimirum:

2528 1982 2587 2045 l.
2623 1979 2717 2043 An
2764 1976 2969 2062 Missa,
3001 1994 3165 2061 quae
3204 1975 3268 2041 in
3301 1974 3601 2042 Ecclesiis
3629 1974 3983 2041 cathedra-

2387 2067 2553 2136 libus
2575 2067 2747 2133 iuxta
2772 2066 3117 2131 Generales
3140 2063 3443 2131 Rubricas
3467 2062 3873 2130 celebranda
3899 2076 3983 2127 est

2387 2175 2507 2244 pro
2552 2153 2875 2221 defunctis
2921 2149 3407 2234 Sacerdotibus,
3456 2151 3982 2219 Benefactoribus

2391 2254 2456 2312 et
2500 2243 2661 2326 aliis,
2710 2240 2996 2326 qualibet
3042 2240 3246 2329 prima
3291 2239 3400 2306 die
3447 2239 3686 2306 mensis
3731 2240 3852 2304 vel
3889 2243 3984 2305 Fe·

2389 2333 2480 2399 ria
2513 2336 2560 2398 11
2591 2349 2719 2396 non
2766 2328 3096 2414 impedita,
3129 2327 3211 2394 sit
3245 2324 3705 2413 praeceptiva?
3735 2337 3820 2393 et
3851 2347 3984 2413 qua·

2392 2432 2580 2487 tenus
2625 2415 3027 2501 affirmative,

2524 2512 2590 2574 2.
2639 2509 2735 2572 An
2782 2506 3107 2590 praedicta
3155 2505 3331 2570 Missa
3374 2502 3754 2591 quotidiana
3801 2504 3984 2591 possit

2390 2596 2692 2685 applicari
2738 2593 3209 2680 particulariter
3268 2612 3386 2680 pro
3448 2591 3794 2660 defunctis
3861 2591 3982 2677 Epi-

2392 2685 2602 2771 scopis
2650 2694 2713 2749 et
2759 2682 3088 2750 Canonicis
3133 2680 3309 2747 illius
3354 2679 3680 2747 Ecclesiae
3755 2681 3828 2747 in
3881 2699 3982 2766 qua

2392 2774 2781 2853 celebratur,
2834 2790 2949 2857 pro
2996 2768 3421 2836 satisfactione
3452 2769 3790 2855 generalis
3823 2774 3982 2836 Pne-

2396 2861 2642 2928 bendae
2691 2859 2862 2925 illius
2908 2857 3018 2945 qui
3061 2858 3307 2923 Missam
3353 2853 3699 2924 celebrat?

2528 2953 2592 3017 3.
2644 2952 2741 3014 An
2807 2947 3125 3035 praedicta
3187 2944 3366 3012 Missa
3427 2944 3816 3032 quotidiana
3876 2944 3982 3012 dici

2397 3036 2593 3140 possit
2639 3055 2786 3104 cum
2832 3035 3017 3102 unica
3063 3044 3310 3101 tantum
3354 3034 3680 3117 Oratione,
3841 3034 3854 3046 ‘
3936 3034 3985 3097 in

2397 3128 2623 3193 iisdem
2669 3123 2965 3193 Rubricis
3008 3121 3423 3189 Generalibus
3469 3121 3782 3207 babetur,
3827 3121 3982 3210 quod

2398 3233 2519 3281 una
2569 3224 2814 3279 tantum
2858 3212 3069 3280 Oratio
3115 3209 3386 3277 dicenda
3419 3224 3516 3277 est
3546 3213 3985 3296 quandocum-

2396 3321 2522 3388 que
2583 3320 2702 3387 pro
2760 3299 3086 3366 Defunctis
3137 3297 3518 3365 solemniter
3570 3298 3981 3380 celebratnr;

2394 3390 2502 3456 vel
2547 3389 2824 3456 dicenda
2867 3390 2949 3454 sit
2995 3406 3143 3454 cum
3189 3385 3394 3455 tribus
3437 3387 3856 3455 Orationibus
3905 3391 3980 3453 nti

2399 3476 2669 3547 babetur
2715 3478 2778 3543 in
2826 3475 3054 3543 Missali
3102 3478 3166 3542 in
3211 3474 3408 3542 Missis
3453 3475 3882 3560 quotidianis,
3926 3487 3982 3539 ut

2399 3565 2849 3719 ηἰιειῖῌθηῑί
2911 3564 2995 3629 do
3049 3561 3389 3652 praedictis
3442 3564 3642 3631 Missis
3699 3582 3980 3631 mensua-

2405 3655 2447 3721 li
2493 3674 2569 3721 us

2533 3745 2596 3808 4.
2645 3745 2744 3808 An
2837 3739 3117 3808 raedicta
3179 3739 3387 3824 Missa,
3437 3758 3785 3807 occurrens
3839 3752 3980 3807 tem·

2401 3829 2663 3917 poribus
2728 3832 2777 3894 Α
2831 3839 3100 3913 ventus,
3162 3827 3696 3915 Quadragesimae
3760 3841 3836 3896 et
3891 3831 3979 3893 Pa·

2399 3919 2590 3986 sebae
2638 3938 2672 3983 a
2717 3916 3008 3985 Rubricis
3056 3916 3368 4004 exceptis,
3415 3917 3496 3983 sit
3551 3911 3981 3985 remittenda?

2533 4011 2600 4073 5.
2638 4008 2733 4071 An
2766 4006 2832 4072 in
2861 4007 3163 4092 vesperis
3195 4003 3532 4071 celebratis
3576 4024 3798 4071 coram
3850 4009 3978 4072 San·

2403 4095 2683 4162 ctissimo
2730 4097 3139 4162 sacramento
3170 4094 3487 4181 exposito,
3523 4091 3876 4161 celebrans
3914 4090 3975 4155 ad

2402 4183 2731 4250 Canticum
2794 4184 3173 4267 magnificat
3216 4181 3374 4248 dum
3437 4181 3722 4248 incensat
3781 4185 3976 4249 Sacra·

2402 4284 2719 4354 mentum,
2769 4282 2915 4336 ante
2963 4269 3462 4337 incensationem
3518 4269 3750 4336 Altaris
3795 4286 3977 4356 genu·

2405 4361 2671 4428 flectere
2720 4359 2952 4426 debeat
2986 4358 3051 4423 in
3083 4357 3299 4424 infimo
3331 4357 3537 4443 gradu
3581 4358 3860 4436 Altaris;
3892 4355 3974 4419 vel

2405 4449 2469 4515 in
2515 4444 2988 4536 suppedaneo?

2539 4541 2604 4603 6.
2656 4540 2753 4603 An
2801 4537 2863 4601 in
2910 4534 3313 4622 expositione
3359 4534 3745 4603 Sanctissimi
3792 4538 3976 4604 Sacra-

2406 4626 2633 4707 meuti,
2685 4634 3023 4712 praesente
3079 4621 3306 4710 Episco
3358 4644 3395 4689 o
3454 4623 3833 4709 genuflexo,
3882 4626 3974 4690 ce-

2408 4714 2657 4782 lebrans
2704 4713 2859 4778 dum
2909 4712 3208 4799 pervenit
3253 4733 3286 4779 a
3378 4713 3621 4795 Altare,
3658 4713 3896 4781 debeat
3929 4708 3972 4773 ei

2403 4800 2832 4869 reverentiam
2879 4811 3225 4887 praestare,
3277 4813 3344 4866 et
3389 4801 3542 4867 dum
3590 4801 3881 4868 ascendit
3915 4797 3974 4862 ad

2406 4891 2492 4957 im
2544 4890 2897 4957 ertiendam
2947 4888 3247 4957 fidelibus
3311 4888 3860 4972 benedictionem,
3904 4885 3971 4951 fa-

2405 4910 2712 5134 culsslt’atetp
2760 4995 2909 5043 cum
2954 4991 3101 5043 actu
3149 4976 3438 5062 obsequii
3476 4975 3554 5041 ab
3600 4978 3838 5043 eodem
3886 4993 3974 5062 po-

2403 5077 2506 5134 stu
2535 5086 2645 5135 are

2534 5159 2614 5220 Et
2659 5159 2843 5224 Sacra
2890 5153 3151 5221 Rituum
3195 5153 3650 5241 congregatio,
3683 5154 3762 5218 ad
3793 5151 3972 5231 Quiri·

2403 5244 2546 5310 nale
2605 5243 2910 5312 hodierna
2966 5242 3072 5308 die
3135 5243 3483 5309 coadunata
3542 5242 3606 5307 in
3664 5239 3972 5308 ordinario

2404 5334 2633 5415 coetu,
2667 5331 2996 5398 referente
3025 5327 3386 5415 subscripto
3425 5329 3812 5415 Secretario,
3848 5345 3971 5415 pro·
