4042 5950
1574 231 1988 308 -91-

145 387 470 458 distinctio
543 388 604 453 in
673 388 1139 475 presbyterales
1205 399 1273 456 et
1339 388 1724 473 Diaconales,

147 497 258 564 pro
303 494 583 542 munere
641 476 1032 542 assistentiae
1077 486 1483 542 assumuntur
1536 475 1726 561 primi

146 567 268 631 duo
338 564 640 629 Canonici
689 583 772 629 ex
814 565 1046 632 Ordine
1103 564 1442 630 Diaconali.
1514 563 1726 631 Diaco-

145 671 256 718 nus
301 669 466 716 vero
501 651 826 737 Evangelii
863 661 928 717 et
958 651 1390 719 subdiaconus
1420 671 1537 737 pro
1578 652 1723 740 Epi-

145 739 294 804 stola
329 738 396 803 in
423 738 605 804 Missa
629 738 977 806 pontificati
1003 739 1444 821 inservientes,
1470 740 1723 826 qnando

148 826 266 892 tale
311 844 479 892 onus
527 826 694 891 inter
738 845 957 893 omnes
1003 846 1123 913 per
1168 827 1364 908 vices,
1397 830 1499 894 vel
1547 826 1720 909 aliaS,

145 917 308 980 iuxta
341 914 671 981 Ecclesiae
696 915 1223 982 consuetudinem
1247 933 1373 980 non
1403 915 1507 999 sit,
1537 927 1724 980 erunt

144 1002 238 1067 alii
281 1002 420 1068 dno
469 1001 822 1087 digniores,
855 1002 989 1069 sive
1021 1002 1315 1070 canonici
1345 1003 1480 1067 sive
1511 1003 1724 1088 Digni-

147 1101 296 1155 tates
341 1090 615 1172 luerint,
663 1089 772 1175 qui
818 1104 1173 1175 sequuntur
1219 1091 1280 1155 in
1326 1091 1549 1157 ordine
1581 1100 1726 1177 post

145 1177 507 1244 assistentes
538 1177 880 1244 Canonicos
913 1181 974 1243 in
1008 1179 1217 1255 Solio;
1252 1177 1405 1243 item
1435 1198 1505 1244 ac
1534 1197 1720 1263 supra

145 1266 379 1331 dictum
431 1276 562 1347 est,
593 1265 645 1329 si
683 1264 860 1331 nulla
893 1266 1248 1332 intercedat
1274 1266 1583 1332 ordinum
1614 1266 1720 1331 vel

145 1352 652 1420 praebendarum
698 1352 1019 1419 distinctio
1052 1374 1114 1420 ιν.

263 1440 361 1506 Ad
408 1443 477 1506 4.
533 1461 570 1502 ι
603 1443 760 1506 Cum
807 1441 1023 1507 nullus
1068 1460 1185 1527 pro
1230 1440 1474 1508 Vicario
1522 1443 1721 1506 Gene-

145 1528 248 1592 rali
293 1527 764 1596 determinatus
824 1529 906 1593 sit
950 1528 1159 1613 locus,
1207 1530 1323 1595 sed
1378 1529 1559 1609 illum
1628 1528 1720 1595 di·

146 1633 392 1681 versum
443 1616 753 1697 obtineat,
801 1615 973 1682 iuxta
1020 1617 1413 1683 diversarum
1459 1636 1723 1682 consue-

149 1702 390 1770 tudines
459 1702 939 1782 Ecclesiarum;
1010 1704 1248 1770 idcirco
1314 1703 1720 1770 scribendum

147 1791 495 1888 Episcopo,
545 1803 617 1856 nt
662 1790 744 1857 de
790 1811 900 1857 sua
971 1793 1352 1878 respondeat
1400 1793 1720 1857 Ecclesiae

148 1896 414 1962 praxi».

265 1965 358 2031 Ad
409 1970 483 2032 5.
533 1986 573 2030 ι
606 1966 892 2032 Officium
935 1986 1202 2053 parvum
1249 1971 1315 2031 B.
1351 1970 1434 2031 Μ.
1471 1969 1552 2032 V.
1589 1966 1720 2033 die-

150 2055 253 2117 bus
301 2053 705 2141 simplicibus
765 2064 830 2121 et
889 2054 1324 2121 ferialibus'in
1379 2074 1523 2120 casn
1582 2063 1720 2119 tuto

147 2150 346 2225 potest
392 2142 606 2207 omitti
643 2161 706 2205 ιν.
1406 2143 1412 2149 ’

266 2229 359 2295 Ad
410 2233 481 2295 6.
533 2252 570 2293 ι
606 2228 994 2295 Affirmative
1029 2251 1088 2294 ».

267 2318 361 2383 Ad
412 2321 478 2382 7.
544 2337 584 2381 ι
619 2320 698 2382 Ut
758 2318 833 2382 ad
884 2319 1291 2403 proximum;
1350 2335 1495 2384 cum
1552 2318 1720 2383 clan-

149 2402 295 2485 sula,
341 2403 700 2470 dnmmodo
745 2423 873 2470 non
918 2405 1042 2471 sint
1085 2405 1293 2471 Cboro
1337 2405 1616 2472 adstricti
1651 2425 1718 2470 ν.

267 2492 356 2556 Ad
391 2497 466 2558 8.
498 2513 538 2557 ι
563 2496 650 2557 De
684 2491 945 2558 Titulari
976 2492 1296 2560 Ecclesiae
1329 2493 1718 2559 Gatbedralis

153 2576 205 2643 in
259 2596 541 2664 genere,
601 2580 1123 2646 commemoratio
1189 2580 1356 2646 inter
1417 2580 1718 2666 Suffragia

150 2667 544 2735 solummodo
591 2667 874 2734 habenda
921 2679 1016 2733 est
1063 2685 1180 2755 per
1218 2667 1384 2752 illos,
1419 2669 1525 2753 qui
1574 2677 1717 2732 sunt

152 2755 222 2819 de
264 2754 516 2838 gremio
564 2755 885 2821 Ecclesiae
920 2775 980 2819 ».

269 2847 345 2907 Et
391 2842 480 2907 ita
530 2842 875 2908 declaravit
943 2863 1012 2908 ac
1079 2842 1315 2909 servari
1379 2841 1718 2910 mandavit.

155 2927 249 2994 Die
293 2934 333 2995 4
382 2929 788 3017 Septembris
837 2933 1030 2997 1745.

157 3104 401 3172 2389.
621 3108 896 3174 SANCTI
940 3109 1249 3175 SEVERI.
1493 3107 1717 3192 (4178)

277 3282 508 3349 Delatis
549 3284 631 3350 ad
677 3287 744 3350 S.
797 3288 870 3350 R.
919 3287 989 3350 G.
1039 3306 1070 3348 a
1117 3284 1443 3350 Canonicis
1496 3283 1720 3349 Cathe-

159 3369 332 3436 dralis
381 3370 704 3437 Ecclesiae
749 3374 814 3439 S.
858 3373 1079 3439 Severi
1113 3370 1582 3454 controversiis,
1615 3391 1717 3437 su-

161 3476 261 3540 per
304 3478 424 3524 usn
471 3458 830 3545 explicandi
880 3477 1141 3547 cappam
1187 3478 1476 3546 magnam
1519 3478 1722 3543 usque

159 3545 222 3607 ad
249 3547 432 3630 talos,
461 3558 587 3612 tam
623 3549 688 3613 in
717 3545 1082 3615 adoratione
1105 3550 1176 3615 S.
1199 3545 1416 3614 Crucis
1440 3547 1618 3614 Feria
1643 3550 1720 3613 Vl

159 3632 395 3698 maioris
441 3635 910 3716 Hebdomadae,
962 3652 1150 3720 quam
1197 3636 1262 3701 in
1306 3634 1720 3702 Processioni·

160 3718 260 3784 bus
304 3722 736 3807 poenitentiae
784 3732 847 3789 et
895 3723 957 3788 in
1011 3721 1416 3789 associatione
1464 3723 1724 3789 cadave-

161 3824 281 3871 rum
343 3809 799 3875 delunctorum
861 3810 1319 3897 Episcoporum
1378 3823 1442 3875 et
1487 3815 1721 3878 Conca-

159 3892 544 3980 pitularium,
595 3920 624 3961 a
673 3901 1041 3964 Promotore
1088 3895 1306 3963 Fiscali
1368 3896 1537 3964 illius
1598 3901 1719 3964 Cu·

163 3982 272 4048 riae
330 3983 711 4071 episcopalis
780 3985 1105 4068 excitatis,
1169 3990 1359 4050 Emus
1415 3998 1479 4052 et
1528 3989 1720 4051 Rmus

71 4104 76 4109 ·
163 4072 221 4134 D.
268 4072 454 4139 card.
508 4074 806 4139 'ranarius
864 4072 1256 4158 infrascripta
1318 4072 1504 4140 dubia
1555 4074 1721 4139 inter

163 4170 354 4239 partes
433 4160 809 4226 concordata
894 4161 1267 4227 declaranda
1343 4161 1717 4247 proposuit,

163 4262 291 4311 nem
340 4266 417 4314 e:

281 4267 338 4401 l?
395 4338 488 4400 An
536 4334 724 4401 liceat
787 4334 1076 4422 capitulo
1139 4337 1458 4403 Ecclesiae
1504 4337 1723 4403 Cathe·

165 4418 337 4487 dralis
397 4427 462 4491 S.
526 4424 745 4490 Severi
804 4424 866 4488 in
931 4424 1298 4490 adoratione
1360 4430 1423 4493 S.
1477 4425 1718 4507 Crucis,

165 4526 304 4590 quae
365 4511 695 4597 peragitur
750 4512 814 4578 in
859 4512 1264 4579 Hebdomada
1322 4513 1579 4595 maiori,
1631 4516 1720 4578 in-

168 4598 382 4663 cedere
430 4600 644 4751 capffiis
700 4601 982 4700 extensis
1039 4619 1244 4685 usque
1290 4601 1367 4666 ad
1417 4596 1614 4665 talos?
1657 4610 1723 4665 et

167 4696 459 4766 quatenus
501 4706 534 4750 a
605 4698 892 4769 rmattve,

279 4776 342 4838 2.
393 4775 487 4837 An
535 4774 745 4841 eidem
793 4774 1083 4863 capitulo
1149 4775 1333 4842 liceat
1385 4776 1573 4842 modo
1619 4795 1722 4841 su-

171 4860 430 4941 pradicto
486 4862 788 4929 incedere
833 4864 896 4928 in
944 4863 1444 4929 processionibus
1508 4863 1725 4949 poeni-

173 4947 384 5013 tentiae
438 4959 502 5013 et
549 4950 612 5014 in
656 4949 1064 5017 associatione
1125 4951 1505 5016 cadaverum
1558 4955 1717 5018 Con-

170 5034 587 5118 capitularium
638 5047 700 5102 et
746 5038 1042 5125 Episcopi
1086 5036 1438 5104 Ordinarii‘?

282 5125 361 5187 Et
418 5125 484 5190 S.
533 5128 607 5192 R.
657 5128 759 5211 C.‚
821 5136 1088 5213 utraque
1145 5136 1324 5210 parte
1372 5125 1608 5213 scripto
1657 5138 1722 5191 et

289 5318 368 5391 (1)
400 5321 463 5379 Ε.
501 5320 643 5378 Dub.
690 5320 738 5389 t,
775 5320 826 5389 2,
863 5321 916 5387 5,
954 5321 1005 5389 t,
1043 5323 1073 5379 7
1110 5329 1167 5378 et
1205 5320 1285 5379 15.

1829 410 1986 456 voce
2036 390 2409 459 informante
2441 392 2645 460 audita
2674 393 2955 478 visisque
2988 394 3229 462 iuribus
3257 396 3402 462 hinc

1828 478 1975 545 inde
2020 478 2340 562 deductis,
2392 481 2871 547 rescribendum
2921 484 3203 549 censuit:

1958 568 2053 633 Ad
2105 571 2167 632 1.
2217 590 2254 631 ‹
2289 567 2674 634 Affirmative
2708 591 2768 634 ».

1957 656 2053 721 Ad
2101 658 2167 720 2.
2217 677 2254 718 ι
2287 658 2592 742 Negative
2626 676 2688 722 ».

1956 746 2036 807 Et
2062 743 2143 808 ita
2174 743 2540 808 declaravit.
2578 743 2690 811 Die
2715 748 2753 810 4
2775 744 3168 832 Septembris
3206 750 3397 813 ¹745.

1829 882 2087 950 2390.
2386 886 2858 952 VARSAVOEN.
3175 889 3399 972 (atsi)

1956 1005 2315 1091 Capitulum
2347 1007 2610 1091 insignis
2640 1008 2870 1094 Regiae
2902 1009 3220 1075 Ecclesiae
3251 1013 3403 1076 Var-

1824 1093 2122 1159 saviensis
2165 1095 2332 1179 apud
2400 1096 2467 1160 S.
2515 1097 2589 1160 R.
2641 1097 2709 1160 G.
2766 1095 3122 1162 humillime
3167 1096 3404 1184 suppli·

1827 1181 1990 1247 cavit
2046 1199 2162 1267 pro
2216 1181 2643 1247 declaratione
2709 1182 3113 1267 sequentium
3180 1183 3403 1250 dubio·

1826 1287 1994 1347 rum,
2046 1285 2319 1354 nempe:
2372 1268 2467 1356 (1)

1961 1360 2023 1421 1.
2065 1358 2223 1421 Cum
2261 1356 2322 1422 in
2353 1355 2728 1442 quibusdam
2764 1358 3062 1424 Ecclesiis
3088 1361 3400 1444 quaedam

1826 1447 2002 1508 Festa
2029 1442 2337 1528 simplicia
2362 1444 2486 1509 sint
2509 1456 2828 1529 perpetuo
2862 1446 3190 1531 impedita,
3220 1446 3300 1511 ita
3332 1457 3403 1513 ut

1825 1531 1908 1596 de
1941 1530 2065 1596 illis
2096 1549 2177 1596 ne
2216 1530 2477 1616 quidem
2525 1533 3036 1599 commemoratio
3084 1545 3402 1622 perpetuo

1829 1616 1962 1683 fieri
2023 1617 2259 1705 possit,
2321 1617 2689 1708 quaeritur:
2754 1622 2916 1685 Num
2966 1622 3083 1686 loci
3144 1621 3402 1689 Ordina-

1827 1706 1955 1770 rius
2001 1705 2197 1790 possit
2242 1707 2560 1793 assignare
2605 1707 2787 1773 aliam
2837 1708 3009 1774 diem
3049 1709 3173 1775 illis
3206 1709 3404 1775 Festis

1825 1792 2185 1880 impeditis;
2237 1804 2301 1859 et
2349 1805 2564 1862 utrum
2611 1797 3007 1863 consuetudo
3052 1796 3305 1883 antiqua
3341 1807 3404 1861 et

1823 1879 2343 1947 immemorabilis
2404 1881 2661 1948 dicendi
2725 1883 3009 1949 Officium
3070 1884 3149 1950 de
3197 1883 3402 1969 aliquo

1824 1971 2052 2035 Sancto
2098 1968 2363 2035 sufficiat
2416 1970 2494 2036 ad
2552 1969 2727 2036 licite
2784 1971 3279 2038 continuandum
3340 1982 3405 2036 et

1825 2054 2225 2123 recitandum
2271 2058 2515 2125 dictum
2564 2056 2907 2124 Officium?

1956 2147 2019 2209 2.
2074 2147 2232 2210 Cum
2281 2146 2449 2211 inter
2495 2151 2705 2210 cete'ra
2749 2145 2959 2211 Officia
2991 2149 3402 2214 Patronorum

1821 2231 2025 2316 Regni
2071 2231 2335 2298 sueciae
2380 2253 2413 2298 a
2459 2234 2525 2297 S.
2560 2235 2638 2298 R.
2672 2235 2746 2298 C.
2794 2232 3133 2319 approbata
3180 2246 3245 2300 et
3293 2253 3403 2300 ex-

1828 2331 2000 2383 tensa
2060 2319 2137 2385 ad
2199 2324 2491 2405 Regnum
2552 2319 2844 2386 Poloniae
2888 2321 3246 2406 reperiatur
3290 2325 3405 2387 Fe-

1824 2417 1991 2471 stum
2038 2407 2471 2493 Reliquiarum
2522 2407 2841 2472 Dominica
2905 2408 3192 2494 proxima
3257 2420 3401 2507 post

1827 2496 2079 2559 Festum
2127 2497 2191 2559 S.
2240 2493 2532 2562 Matthaei
2582 2493 3061 2579 celebrandum,
3109 2508 3175 2562 et
3222 2502 3400 2562 Dioe·

1826 2599 2003 2646 ceses
2047 2583 2249 2668 Regni
2297 2584 2585 2651 Poloniae
2630 2585 2802 2648 varie
2833 2583 3162 2650 celebrent
3196 2584 3398 2650 illud:

1821 2668 1978 2733 aliae
2030 2669 2198 2736 enim
2246 2670 2641 2757 praedictum
2692 2674 2972 2754 Festum,
3018 2669 3404 2757 impeditum

1825 2774 1857 2817 a
1903 2759 2088 2820 Festo
2134 2757 2376 2823 altioris
2417 2760 2521 2823 vel
2570 2758 2848 2844 aequalis
2897 2758 3054 2824 ritus
3100 2759 3164 2826 in
3194 2759 3402 2825 Domi·
3474 2811 3479 2820 .

1824 2841 1962 2908 nica
1996 2843 2269 2928 praelata
2302 2860 2707 2928 occurrente,
2734 2846 2850 2911 illo
2882 2865 3042 2912 anno
3076 2848 3400 2913 omittant:

1823 2929 1979 2996 aliae
2027 2950 2181 2997 vero
2231 2934 2606 3000 transferant
2641 2934 2800 3000 illud
2835 2933 2899 3000 in
2929 2935 3195 3021 primam
3229 2936 3403 3003 diem

1823 3035 1948 3083 non
2021 3018 2441 3105 impeditam:
2512 3023 2794 3109 denique
2865 3023 2927 3088 in
2998 3023 3406 3090 Dioecesibus

1823 3106 2189 3173 Cracovien.
2243 3118 2307 3177 et
2352 3110 2720 3176 Posnanien.
2775 3109 2895 3174 iam
2926 3130 2959 3175 a
2996 3111 3198 3177 tribus
3229 3111 3408 3176 annis

1824 3193 1981 3260 nibil
2044 3194 2149 3260 fiat
2209 3197 2290 3262 de
2340 3198 2619 3284 praelato
2687 3202 2872 3263 Festo
2930 3197 3399 3283 Reliquiarum3

1824 3281 1993 3367 ideo,
2043 3284 2121 3349 ad
2167 3284 2665 3350 uniformitatem
2722 3284 3116 3351 Dioecesinm
3160 3285 3403 3373 suppli-

1827 3382 2003 3435 catur
2046 3371 2402 3438 humillime
2435 3373 2784 3439 declarari:
2835 3375 2930 3437 An
2961 3373 3193 3439 debeat
3222 3392 3403 3459 prae·

1826 3458 2068 3524 dictum
2115 3457 2399 3525 Officium
2438 3461 2720 3544 recitari,
2756 3460 2874 3527 etsi
2907 3461 3290 3547 impeditum
3324 3463 3404 3525 sit

1821 3565 1856 3609 a
1902 3549 2086 3611 Festo
2116 3546 2356 3612 altioris
2406 3549 2562 3613 ritus
2608 3558 2988 3615 occurrente
3036 3550 3099 3614 in
3134 3550 3405 3635 praefata

1823 3634 2166 3716 Dominica,
2217 3634 2321 3699 vel
2366 3634 2579 3721 potius
2642 3635 2968 3702 transferri
3015 3639 3091 3704 ad
3140 3637 3406 3723 primam

1825 3722 1999 3787 diem
2046 3741 2173 3787 non
2221 3721 2648 3810 impeditam?

1954 3814 2016 3875 3.
2068 3813 2228 3876 Cum
2273 3810 2737 3897 praescriptum
2771 3812 2850 3877 sit
2882 3812 3232 3879 dicendum
3266 3831 3403 3877 esse

1819 3894 2109 3963 Officium
2156 3900 2240 3965 de
2286 3899 2691 3965 Dedicatione
2742 3901 2804 3965 in
2850 3899 2984 3986 ipso
3032 3900 3137 3967 die
3186 3918 3405 3965 conse-

1823 3984 2113 4053 crationis
2162 4007 2195 4050 a
2241 3985 2427 4052 Clero
2475 3986 2646 4052 illius
2692 3988 3012 4053 Ecclesiae
3057 4006 3216 4073 quae
3259 4006 3405 4053 con-

1821 4083 2130 4155 secratur,
2158 4071 2423 4141 dubium
2451 4091 2587 4139 est:
2622 4077 2848 4140 Utrum
2874 4076 3225 4162 Episcopus
3257 4095 3405 4140 con·

1823 4179 2099 4246 sacrans,
2137 4162 2326 4226 etiam
2371 4180 2498 4227 non
2545 4163 2908 4229 Ordinarius
2965 4164 3125 4247 loci,
3172 4162 3405 4229 debeat

1824 4247 2043 4313 dicere
2090 4250 2263 4317 idem
2307 4248 2593 4316 Officium
2640 4252 2726 4315 de
2772 4248 3230 4317 Dedicatione‘?

1956 4339 2023 4402 4.
2073 4341 2230 4404 Cum
2277 4336 2341 4401 in
2401 4335 2627 4424 insigni
2674 4337 2867 4421 Regia
2928 4338 3210 4403 Ecclesia
3256 4339 3405 4403 Var-

1823 4423 2088 4490 saviensi
2136 4423 2424 4511 quotidie
2469 4435 2760 4490 cantetur
2805 4425 2868 4490 in
2915 4424 3214 4512 Cappella
3247 4428 3400 4491 Cru-

1823 4512 1995 4577 cifixi
2042 4512 2221 4579 Missa
2268 4513 2476 4578 votiva
2526 4514 2609 4579 de
2656 4515 2843 4578 SSma
2889 4514 3195 4587 Trinitate
3256 4530 3400 4577 cum

1824 4601 2228 4684 expositione
2252 4600 2426 4666 SSmi
2459 4600 2523 4666 in
2555 4599 2817 4685 Pyxide,
2845 4620 2916 4666 ac
2949 4599 3014 4666 in
3044 4600 3181 4665 aliis
3214 4599 3403 4663 etiam

1826 4686 2126 4752 Ecclesiis
2193 4689 2514 4774 contingat
2558 4687 2808 4773 saepius
2855 4698 3107 4752 cantare
3151 4705 3265 4752 seu
3318 4688 3403 4751 le·

1824 4790 1980 4859 gere
2027 4774 2233 4840 Missas
2281 4775 2520 4841 votivas
2567 4774 2669 4839 vel
2716 4776 2800 4841 de
2846 4775 2953 4841 die
3003 4775 3189 4841 etiam
3258 4787 3404 4838 ante

1828 4864 2089 4927 SSmum
2161 4863 2520 4947 expositum
2591 4862 2654 4926 in
2719 4862 3006 4947 Pyxide;
3077 4860 3406 4948 quaeritur

1827 4967 1978 5013 num
2030 4948 2092 5013 in
2139 4949 2235 5015 his
2280 4947 2472 5012 Missis
2516 4947 2747 5015 debeat
2778 4950 2914 5014 fieri
2949 4967 3404 5016 commemora·

1731 5082 1744 5089 -
1829 5036 1914 5101 tio
1961 5036 2046 5101 de
2094 5033 2332 5102 SSmo'?
2374 5037 2525 5100 item
2580 5037 2643 5101 in
2689 5036 2855 5102 dicta
2900 5039 3200 5124 Gappella
3244 5040 3403 5103 Cru-

1825 5122 2035 5206 cifixi,
2099 5124 2368 5190 durante
2432 5124 2827 5211 expositione
2890 5123 3274 5192 sanctissimi
3343 5124 3404 5190 in
