4042 5950
2008 254 2484 339 —272—

610 417 760 484 stini
804 414 1087 484 civitatis
1140 416 1470 485 Firmanae
1491 465 1509 502 ,
1556 415 1678 486 sub
1733 414 2022 484 custodia
2085 417 2198 483 So-

608 506 882 574 dalitatis
929 504 1098 572 tituli
1144 525 1177 571 a
1224 508 1410 574 Sacra
1457 505 1673 595 Spina,
1718 504 1784 573 iii
1829 504 2197 592 Metropoli·

610 604 819 661 tanam
865 592 1214 661 Ecclesiam
1258 595 1554 669 translata
1601 603 1667 662 et
1713 592 2015 662 collocata
2046 591 2194 679 fuit,

607 682 1037 749 venerationis
1098 692 1163 749 et
1228 682 1556 750 custodiae
1625 702 1864 750 caussa.
1932 680 2198 767 Aliquot

607 782 752 857 post
798 789 994 837 annos
1042 771 1237 839 rebus
1285 770 1524 838 iterum
1571 769 1962 859 compositis,
2007 769 2196 836 resti-

607 857 895 945 tutisque
939 857 1226 927 Patribus
1289 858 1673 927 Eremitanis
1717 869 1784 926 et
1828 857 2193 945 supradicta

607 946 982 1031 sodalitate,
1017 947 1249 1015 horum
1297 959 1521 1016 votum
1571 946 1690 1014 fuit
1735 949 1988 1014 Sacram
2023 946 2197 1015 Reli·

608 1036 821 1123 quiam
876 1035 1206 1124 pristinam
1254 1035 1319 1103 in
1364 1037 1592 1105 sedem
1662 1036 1877 1104 denuo
1931 1034 2197 1101 transfe-

607 1126 817 1193 rendi.
868 1125 1311 1195 Renuentibus
1357 1144 1513 1193 vero
1580 1134 1720 1193 tum
1765 1122 2196 1211 Metropolita-

609 1233 727 1281 nae
787 1213 1116 1303 capitulo,
1166 1212 1350 1281 cuius
1394 1214 1459 1282 in
1504 1211 1789 1281 Ecclesia
1832 1211 1981 1302 >ipsa
2026 1210 2195 1281 Reli-

609 1303 754 1389 quia
802 1303 923 1371 iam
954 1302 1271 1369 decenter
1300 1311 1367 1368 et
1399 1300 1798 1369 commodius
1830 1299 2193 1380 colebatur;

608 1402 747 1459 tum
792 1391 1088 1459 Firmano
1132 1390 1522 1478 Magistratu,
1555 1408 1757 1480 penes
1803 1408 1998 1476 quem
2028 1408 2196 1456 sem·

607 1500 730 1569 per
774 1478 964 1547 clavis
994 1482 1203 1546 Urnae
1232 1480 1457 1549 Sacrae
1501 1476 1832 1564 Reliquiae
1865 1478 2195 1562 extiterat,

608 1570 688 1637 ad
756 1568 893 1636 eius
961 1565 1277 1636 identitati
1348 1567 1851 1645 consulendum;
1908 1567 2198 1633 recursui

610 1661 789 1727 locus
835 1657 1038 1724 factus
1083 1667 1179 1723 est
1223 1655 1633 1756 supplexque
1665 1655 1927 1722 libellus
1974 1657 2200 1723 Sacrae

609 1748 871 1817 Rituum
940 1743 1436 1831 congregationi
1481 1764 1515 1810 a
1560 1742 1909 1812 sodalitate
1976 1763 2199 1831 porre-

610 1847 790 1920 ctus,
840 1833 943 1900 cui
1001 1832 1386 1921 rescriptum
1453 1832 1612 1899 fuit:
1686 1835 1926 1914 Instat,
1985 1836 2202 1900 citata

604 1936 820 2011 parte.
882 1921 1254 1989 Praestituta
1306 1921 1418 1987 die
1464 1920 1998 1989 convenientibus
2053 1925 2199 1988 Pro-

611 2011 1007 2081 curatoribus
1075 2029 1287 2077 coram
1344 2013 1422 2078 R.
1485 2012 1551 2076 P.
1619 2010 1906 2078 eiusdem
1975 2012 2201 2077 Sacrae

611 2098 1140 2189 congregationis
1186 2119 1220 2165 a
1265 2098 1569 2182 Secretis,
1612 2117 1814 2184 quum
1861 2099 2201 2185 unusquis-

611 2208 737 2278 que
795 2208 985 2258 suum
1040 2187 1312 2255 dubium
1371 2207 1492 2276 pro
1537 2187 1659 2254 aris
1722 2198 1786 2253 et
1831 2186 1989 2255 focis
2036 2206 2199 2252 asse-

613 2290 786 2347 reret
833 2298 902 2346 ac
949 2276 1306 2344 sententiae
1349 2295 1479 2343 non
1524 2275 1978 2355 convenirent3
2030 2294 2199 2342 com·

610 2368 788 2436 muni
824 2378 976 2435 voto
1022 2375 1334 2432 statutum
1365 2363 1510 2449 fuit,
1546 2374 1619 2430 ut
1650 2366 1834 2430 Sacra
1871 2363 2006 2451 ipsa
2036 2366 2199 2433 con-

608 2456 898 2610 gregatio
965 2455 1351 2522 decerneret
1416 2451 1572 2538 quid
1641 2453 1807 2518 foret
1874 2452 2199 2541 disputan·

656 2562 789 2612 um.

740 2636 822 2699 Et
864 2635 931 2699 S.
981 2631 1207 2699 eadem
1247 2633 1322 2696 R.
1364 2631 1466 2714 c.,
1509 2628 1576 2696 in
1619 2629 1949 2698 ordinario
1995 2631 2198 2697 coetu

610 2722 688 2789 ad
732 2719 1056 2802 Quirinale
1125 2717 1231 2786 die
1278 2721 1361 2786 27
1409 2717 1682 2804 Augusti
1749 2717 2200 2806 praecedentis

610 2810 756 2877 anni
795 2813 961 2877 1836
1008 2817 1246 2890 coacta,
1280 2806 1494 2873 audita
1540 2806 1851 2873 relatione
1897 2808 2199 2874 Eminen-

613 2898 834 2965 tissimi
882 2908 947 2963 et
976 2895 1518 2964 Reverendissimi
1558 2894 1808 2963 Domini
1851 2894 2201 2963 Cardinalis

613 2988 855 3060 loannis
899 2984 1212 3053 Francisci
1258 2986 1641 3074 Falsacappa
1683 2982 1983 3075 Episcopi
2012 2985 2200 3053 Alba-

613 3095 765 3143 nen.
836 3072 1159 3154 Ponentis,
1208 3074 1530 3142 mandavit
1576 3071 1884 3162 disputari
1929 3073 2199 3144 dubium

611 3183 925 3251 sequensz
995 3186 1037 3231 ι
1068 3167 1166 3230 An
1211 3161 1502 3249 Reliquia
1549 3163 1773 3231 Sacrae
1820 3162 2053 3250 spinae
2097 3181 2201 3229 re·

611 3254 919 3343 portanda
961 3252 1043 3320 sit
1094 3252 1173 3319 ad
1233 3252 1586 3322 Ecclesiam
1638 3254 1893 3318 Patrum
1954 3249 2201 3317 Eremi-

612 3353 818 3412 tarum
866 3340 1474 3428 Augustinianorum
1506 3339 1572 3407 in
1602 3335 1796 3407 casu?
1826 3361 1864 3404 s
1910 3338 2203 3407 Evocatis

613 3430 852 3499 iterum
898 3428 1194 3498 omnibus
1240 3429 1304 3496 in
1345 3427 1654 3496 iudicium
1703 3446 1916 3496 coram
1964 3428 2201 3496 eodem

611 3522 690 3585 R.
738 3524 807 3586 P.
857 3517 1253 3599 Secretario,
1301 3534 1432 3602 quo
1478 3516 1983 3585 constitueretur
2034 3519 2198 3585 con·

611 3608 901 3694 gregatio
969 3606 1048 3673 ad
1116 3604 1387 3672 dubium
1455 3604 1628 3673 idem
1698 3605 2195 3693 disputandum,

614 3692 1136 3780 constabilitaque
1176 3692 1486 3781 proxima,
1522 3693 1734 3762 omnia
1765 3693 2032 3762 fuerunt
2076 3694 2199 3761 rite

611 3783 968 3850 moderata.

747 3877 964 3971 ltaque
1028 3869 1094 3936 in
1138 3869 1482 3939 ordinariis
1543 3872 1880 3938 Sacrorum
1938 3869 2202 3939 Rituum

613 3960 902 4029 Comitiis
932 3958 1009 4026 ad
1045 3959 1370 4027 Vaticanas
1400 3960 1608 4028 Aedes
1638 3958 1757 4025 sub
1805 3958 2201 4049 infrascripta

612 4049 724 4118 die
766 4046 1174 4132 coadunatis,
1222 4047 1550 4135 proposito
1597 4065 1719 4136 per
1763 4047 2201 4116 Eminentissi·

613 4158 793 4207 mum
849 4147 915 4205 et
973 4135 1604 4205 Reverendissimum
1668 4136 2008 4204 Dominum
2055 4140 2201 4204 car-

613 4227 897 4295 dinalem
939 4225 1239 4327 carolum
1293 4223 1547 4292 Mariam
1605 4223 1884 4292 Pedicini
1939 4224 2201 4312 Episco-

615 4316 1672 4472 ἒὲὶἳ..“”ἒῗὲἒὲ“ἒέ.ῗιῑ.ἒὲ“ὲῖἶῖ
1717 4317 2058 4469 ἑᾙέἕ.
2091 4319 2204 4471 ¹13⁰:

615 4504 800 4561 tuum
866 4490 1362 4580 congregationi
1422 4489 1869 4575 Praefectum,
1932 4491 2075 4558 loco
2134 4502 2201 4558 et

613 4583 756 4650 vice
816 4580 1317 4649 Eminentissimi
1373 4590 1440 4647 et
1492 4578 2029 4647 Reverendissimi
2084 4583 2201 4647 Do-

614 4669 772 4739 mini
819 4668 1168 4739 cardinalis
1212 4668 1590 4757 Falzacappa
1629 4668 1938 4736 Relatoris
1983 4669 2203 4738 absen-

615 4761 720 4845 tis,
753 4758 1183 4849 suprascripto
1229 4756 1469 4845 dubio;

749 4850 988 4918 Eadem
1047 4850 1234 4916 Sacra
1292 4846 1552 4916 Rittium
1623 4845 2086 4936 Congregatio,
2135 4865 2203 4913 o-

616 4935 872 5008 mnibus
918 4945 1166 5005 mature
1198 4935 1559 5036 perpensis,
1593 4934 2007 5003 consideratis
2052 4935 2204 5002 rite-

617 5045 744 5112 que
804 5026 1086 5110 libratis,
1147 5022 1632 5093 rescribendum
1689 5023 1978 5092 censuit=
2036 5045 2075 5091 s
2105 5022 2209 5090 Af-

616 5114 961 5199 firmative‚
987 5113 1254 5182 servatis
1277 5111 1596 5197 omnibus,
1622 5123 1817 5201 prout
1849 5122 2030 5180 erant
2060 5121 2209 5179 ante

617 5201 1097 5270 translationem
1150 5200 1482 5289 Reliquiae
1541 5219 1703 5268 anno
1754 5205 1922 5269 1808
1974 5217 2210 5287 sequu-

617 5301 793 5373 tam;
860 5300 925 5358 et
984 5290 1257 5391 amplius
1300 5310 1363 5356 ».
1429 5290 1640 5375 Atque
1703 5288 1790 5354 ita
1853 5287 2207 5376 rescripsit.

619 5381 734 5449 Die
786 5384 863 5447 11
912 5379 1117 5447 Martii
1170 5381 1362 5445 1837.
1781 5419 1786 5424 -

2306 417 2551 489 2⁷61.
2907 419 3270 489 naiocsii.
3328 522 3343 526 -

3658 420 3873 510 (⁸⁸⁰²)

2425 597 2633 674 Quum
2701 592 3297 695 Reverendissimus
3351 594 3667 694 ‚naccam
3742 600 3874 698 Epi·

2295 702 2528 773 scopus
2575 692 2974 772 experientia
3006 697 3398 772 compererit
3442 686 3771 772 permulta
3794 707 3873 754 in-

2296 772 2632 841 commoda
2700 770 2855 839 oriri
2924 770 2990 838 in
3050 770 3483 839 celebratione
3553 777 3872 843 Festoruni

2295 862 2675 928 Sanctorum
2733 864 3148 931 Pati-enorum
3173 908 3192 946 ,
3241 859 3292 927 si
3338 859 3721 929 festivitates
3772 864 3874 930 liu·

2290 947 2571 1016 iusmodi
2621 947 3102 1018 transferendae
3147 949 3275 1016 sint
3307 948 3567 1017 omnino
3613 950 3694 1017 ad
3742 951 3873 1019 sub·
3982 1014 3983 1027 ,

2292 1046 2675 1124 sequentem
2721 1035 3095 1138 immediate
3144 1036 3561 1139 llominicam,
3612 1057 3745 1105 non
3780 1059 3872 1107 au·
3982 1078 3983 1139 3

2295 1134 2429 1193 tem
2474 1126 2553 1195 ad
2577 1129 2969 1194 Domimcam
3011 1142 3503 1214 proximiorem,
3551 1146 3724 1212 quae
3778 1146 3871 1217 po·

2295 1223 2423 1282 test
2454 1215 2649 1281 etiam
2680 1233 2820 1281 esse
2851 1223 3000 1281 ante
3022 1214 3241 1283 Natale
3263 1218 3550 1298 Festum,
3578 1216 3675 1281 uti
3706 1228 3871 1287 antea

2298 1302 2438 1371 fieri
2499 1313 2960 1386 consueverat3
3023 1302 3102 1371 ad
3149 1302 3305 1371 haec
3362 1303 3594 1371 eadem
3648 1304 3873 1373 inconi-

2297 1391 2490 1459 moda
2535 1390 2942 1476 eliminanda,
2977 1393 3204 1459 Sacrae
3234 1390 3496 1459 Rituum
3524 1392 3870 1481 Congrega·

2300 1479 2456 1548 tioni
2502 1479 2869 1550 humillime
2915 1479 3325 1567 supplicavit,
3361 1487 3431 1547 ut
3462 1480 3527 1546 in
3556 1498 3672 1547 sua
3700 1481 3873 1548 Dioc-

2298 1569 2426 1635 cesi
2472 1569 2853 1638 solemnitas
2900 1570 3277 1637 Sanctorum
3317 1571 3738 1635 Patronorum
3778 1590 3871 1637 cu·

2299 1656 2559 1724 inslibet
2604 1656 2940 1725 Paroeciae
2972 1655 3283 1725 celebrari
3316 1656 3523 1724 valeat
3563 1656 3871 1725 Dominica
3984 1654 3985 1743 3

2296 1744 2671 1835 proximiori
2719 1764 2849 1813 non
2893 1743 3230 1832 impedita,
3265 1745 3405 1812 sive
3448 1744 3581 1832 ipsa
3628 1749 3871 1814 Festum

2272 1835 2642 1923 praecedat
2686 1834 2827 1901 sive
2869 1833 3320 1920 subsequatur.

2430 1926 2511 1990 Et
2558 1925 2745 1990 Sacra
2790 1922 3054 1989 Rituum
3101 1922 3554 2011 congregatio,
3601 1922 3678 1991 ad
3714 1922 3873 1990 Vati·

2296 2031 2529 2079 canum
2572 2010 2932 2097 subsignata
2979 2009 3088 2078 die
3132 2010 3505 2110 coadunata,
3532 2028 3606 2077 re
3637 2020 3873 2077 mature

2298 2119 2616 2190 perpensa
2646 2100 2987 2187 auditaque
3016 2097 3332 2167 relatione
3362 2097 3442 2165 ab
3486 2097 3873 2186 infrascripto

2300 2188 2660 2259 secretario
2705 2187 2892 2271 facta,
2941 2188 3308 2274 rescripsit:
3359 2209 3398 2252 ι
3431 2190 3550 2254 Pro
3589 2185 3875 2254 facultate

2300 2276 2730 2345 transferendi
2775 2280 2982 2360 Festa,
3030 2276 3115 2343 de
3160 2275 3393 2379 quibus
3438 2274 3505 2342 in
3558 2273 3872 2362 precibus,

2299 2367 2377 2435 ad
2425 2365 2785 2434 Dominicoa
2827 2362 2969 2433 dies
3012 2382 3143 2431 non
3189 2363 3536 2452 impeditos
3568 2366 3756 2431 Festo
3796 2364 3874 2429 al·

2301 2454 2478 2522 tioris
2504 2454 2663 2520 ritus
2689 2453 2794 2521 vel
2827 2451 3292 2541 privilegiatos,
3318 2452 3387 2519 in
3416 2451 3653 2540 quibus
3678 2462 3874 2523 tamen

2297 2541 2698 2631 permittitur
2728 2542 2906 2611 Missa
2951 2542 3162 2609 votiva
3205 2540 3513 2613 solemnis
3570 2539 3660 2611 de
3704 2544 3875 2608 Festo

2301 2636 2647 2716 translat03
2699 2629 3052 2699 dummodo
3096 2631 3161 2697 in
3190 2627 3549 2699 Cathedrali
3598 2627 3775 2695 mssa
3800 2629 3876 2695 de

2300 2723 2532 2788 Sancto
2580 2730 2963 2788 occurrente
2991 2737 3123 2787 non
3154 2718 3523 2791 omittaturz
3573 2728 3878 2805 quatenus

2300 2828 2457 2876 vero
2503 2809 2829 2883 Dominica
2875 2806 3229 2895 proximior
3274 2826 3548 2894 sequens
3576 2806 3663 2874 sit
3686 2805 3876 2891 inipe-

2300 2897 2457 2982 dita,
2488 2907 2640 2964 tunc
2676 2902 2961 2982 Festum,
2988 2906 3299 2987 utsupra,
3325 2896 3464 2964 fleri
3489 2892 3878 2985 permittitur

2301 2986 2365 3054 in
2411 2986 2737 3054 Dominica
2782 2984 3158 3086 proximiori
3203 2983 3617 3084 praecedenti
3656 3009 3717 3048 ιι.
3776 2983 3875 3046 At-

2301 3094 2429 3162 que
2476 3074 2560 3142 ita
2619 3074 2947 3162 rescripsit
2990 3093 3061 3141 ac
3107 3092 3343 3142 servari
3397 3072 3663 3139 omnino
3714 3087 3873 3136 man·

2301 3162 2505 3231 davit.
2553 3161 2668 3230 Die
2718 3167 2794 3229 11
2844 3161 3044 3230 Martii
3098 3164 3288 3228 1837.

2302 3340 2556 3412 2762.
2760 3340 3424 3408 CONGREGATIONIS

2893 3447 3291 3515 missionis,

3659 3338 3869 3426 (sset)

2432 3609 2629 3675 Sexto
2696 3604 3006 3675 calendas
3072 3607 3471 3693 Septembris
3538 3606 3873 3696 superioris

2302 3695 2449 3763 anni
2523 3698 2692 3763 1836
2750 3696 2977 3762 Sacrae
3043 3694 3303 3764 Rituum
3363 3695 3875 3782 congregationis
3990 3739 3991 3742 =

2302 3789 2576 3853 Decreto
2624 3782 2976 3852 iniunctum
3024 3782 3144 3851 fuit
3186 3782 3479 3851 Alumnis
3522 3783 3870 3884 congrega}
3990 3781 3991 3784 ’

2301 3871 2492 3940 tionis
2536 3870 2842 3939 Missionis
2871 3870 3158 3939 civitatis
3186 3870 3636 3960 Neapolitanae
3672 3891 3741 3939 iu
3766 3876 3872 3938 Ara

2302 3961 2525 4028 maiori
2572 3959 2895 4032 Ecclesiae
2939 3960 3224 4030 adnexae
3267 3960 3493 4028 Domui
3537 3959 3874 4030 Novitiatus

2302 4049 2502 4136 ipsius
2557 4047 3083 4137 congregationis
3147 4066 3472 4137 apponere
3540 4048 3873 4137 Imaginem

2302 4137 2516 4206 Sancti
2560 4137 2797 4206 Nicolai
2854 4136 3267 4206 Tolentinatis
3312 4136 3646 4205 Titularis:
3759 4136 3874 4204 uod

2300 4224 2564 4294 difficile
2594 4245 2732 4293 esse
2765 4226 2961 4309 factu,
2996 4225 3238 4293 iteratis
3269 4223 3593 4327 precibus,
3629 4156 3874 4293 bogior-

2301 4334 2421 4383 nus
2474 4313 2774 4382 Visitator
2837 4312 3174 4400 exposuit:
3236 4313 3555 4399 siquidem
3623 4315 3876 4382 Sanctus

2300 4402 2477 4470 idem
2519 4402 2813 4470 Nicolans
2855 4411 3205 4470 veneratur
3236 4410 3303 4469 et
3332 4401 3566 4469 colitur
3597 4399 3664 4467 in
3694 4419 3877 4489 appo‘

2301 4490 2418 4558 sita
2444 4489 2773 4559 Aedicula.
2822 4492 3222 4580 Quapropter
3256 4488 3639 4591 supplicavit
3671 4489 3876 4569 enixe,

2303 4588 2375 4646 ut
2405 4578 2470 4645 in
2500 4578 2638 4667 ipso
2670 4578 2891 4646 maiori
2933 4578 3151 4646 Altare
3180 4597 3417 4668 appom
3446 4576 3658 4667 possit⁸
3677 4580 3879 4664 Imago

2304 4666 2754 4756 conceptionis
2803 4666 3130 4769 Deiparae.

2437 4755 2936 4824 Eminentissimi
2986 4754 3203 4842 itaque
3243 4776 3316 4823 ac
3352 4751 3877 4826 Reverendissinii

2302 4848 2519 4913 Patres
2565 4844 2769 4914 Sacris
2815 4842 3069 4913 tuendis
3112 4841 3359 4912 Ritibus
3397 4842 3774 4932 praepositi,
3820 4858 3880 4908 re

2305 4944 2554 5002 mature
2599 4952 2940 5023 perpensa,
2988 4931 3053 5000 in
3097 4929 3440 5000 ordinariis
3479 4931 3771 5000 comitiis
3811 4928 3881 4997 ad

2306 5022 2675 5089 Vaticanum
2707 5021 3067 5108 subsignata
3097 5021 3203 5089 die
3230 5019 3593 5103 coadunati,
3620 5039 3744 5087 nec
3765 5034 3883 5087 non

2302 5111 2510 5180 audita
2566 5108 2643 5176 ab
2687 5109 3090 5210 infrascripto
3149 5108 3507 5179 Secretario
3555 5108 3880 5205 relatione,

2308 5210 2851 5376 amirgazis.
2871 5197 3880 5371 ⁴3.¹¹x¹.:3{¹.¹:51‘.¹1‘..¹33²tt.{·¹3.f:1

2313 5373 2429 5441 iori
2475 5384 2748 5460 ponatur
2791 5376 2938 5443 loon
2985 5375 3157 5444 illius
3200 5374 3438 5459 Sancti,
3472 5373 3539 5442 in
3570 5373 3747 5446 cuius
3778 5371 3877 5438 bo·
