4042 5950
1526 267 1841 348 -273
1894 312 1999 329 —

103 443 341 493 norem
370 435 468 492 est
492 435 880 493 consecrata.
905 429 973 493 ln
996 425 1263 513 reliquis
1284 437 1582 493 servetur
1603 431 1718 495 De·
1814 426 2106 495 tudinem
2162 439 2478 514 tamquam
2531 427 2797 496 abusum
2846 427 3292 498 eliminandam
3324 450 3391 495 ν.

104 524 368 580 cretum
400 513 530 581 diei
563 518 646 582 27
680 513 949 602 Augusti
989 517 1153 584 1836
1181 535 1249 582 ν.
1296 514 1410 582 Die
1448 519 1524 581 11
1558 519 1712 582 Mar·

110 600 184 666 tii
243 605 446 670 1837.

102 742 371 811 2763.
686 745 1105 811 TIBURTINA
1116 791 1133 811 .
1477 742 1705 832 (4808)

1814 516 1926 583 Die
1979 520 2055 583 11
2106 516 2304 583 Martii
2357 521 2548 585 1837.

1816 654 2071 724 2766.

1941 784 2037 847 Ex

2429 660 2773 726 noma.
3166 660 3394 747 (4812)

2108 790 2474 868 pervetusta
2540 782 3009 849 consuetudine
3075 802 3144 849 ac
3205 782 3395 851 tradi·

235 866 613 935 Hodiernus
628 868 1167 956 Archipresbyter
1186 867 1574 956 collegiatae
1600 871 1714 934 Ec-
1813 869 1988 936 tione
2019 888 2157 935 mos
2204 869 2475 935 invaluit
2521 869 2582 937 in
2616 870 2898 937 Ecclesia
2944 869 3395 938 sanctimonia·

101 953 348 1021 clesiae
408 956 621 1023 Sancti
667 957 833 1023 Petri
883 966 948 1022 et
996 955 1310 1023 Parocbus
1357 955 1567 1024 Sancti
1615 961 1710 1023 lo-

101 1041 288 1109 annis
341 1043 659 1132 Baptistae
688 1044 920 1134 Oppidi
967 1044 1096 1110 Poli
1135 1043 1453 1112 Dioecesis
1484 1042 1708 1112 Tibur-

105 1130 316 1213 tinae,
364 1150 558 1218 aegre
604 1130 887 1200 ferentes
934 1132 1357 1219 cappellanus
1401 1132 1705 1200 Sodalita-

103 1230 244 1285 tum
280 1217 529 1288 ibidem
555 1231 912 1288 erectarum
941 1221 1004 1287 in
1035 1220 1543 1289 Processionibus
1570 1223 1709 1288 Sto-

101 1307 226 1373 lam
280 1306 575 1393 deferre,
625 1311 848 1376 Sacrae
894 1308 1153 1377 Rituum
1211 1308 1705 1396 congregationi

102 1392 507 1462 humillimas
536 1414 894 1484 porrexere
926 1415 1177 1484 preces,
1204 1405 1276 1462 nt
1301 1396 1700 1464 declaretur:

102 1486 202 1549 An
248 1483 512 1550 invecta
559 1485 960 1552 consuetudo
1005 1483 1246 1552 isthaec
1291 1484 1372 1552 sit
1420 1485 1587 1553 licita
1633 1506 1705 1553 ac

101 1570 393 1658 proinde
441 1566 813 1640 toleranda?

235 1662 328 1725 Et
373 1661 560 1727 Sacra
604 1660 865 1728 Rituum
913 1659 1366 1749 Congregatio,
1417 1672 1560 1750 post
1604 1681 1704 1729 ac·

102 1757 369 1833 ceptam
412 1746 930 1816 informationem
961 1749 1502 1818 Reverendissimi
1551 1752 1703 1839 Epi-

100 1835 284 1992 svcotpi
357 1834 727 1991 Tiburtingg·
768 1837 834 1903 in
856 1835 1229 1992 u(¹)rdli31ariis
1275 1836 1560 1993 gomittiis
1620 1839 1698 1906 ad

155 1944 189 1990 a
224 1942 489 1990 teanum
556 1942 633 1990 su
713 1946 728 1989 ι
779 1944 854 1991 na
1034 1945 1093 1992 ie
1161 1946 1271 1993 coa
1323 1945 1508 1993 unaa
1629 1946 1701 1994 re

100 2023 359 2078 mature
394 1941 859 2113 perpensa,gad
903 2013 1280 2082 relationem
1320 1975 1702 2102 infrascripti

103 2100 452 2167 secretarii
484 2149 503 2185 ,
557 2100 1049 2169 rescribendum
1104 2104 1396 2170 censuit:
1453 2123 1490 2166 «
1526 2108 1701 2170 iuxta

102 2189 254 2254 alias
299 2192 575 2256 Decreta
625 2188 819 2257 licere
879 2190 1281 2277 cappellanis
1337 2191 1701 2258 confrater·

103 2276 386 2344 nitatum
419 2278 661 2344 Stolam
696 2276 761 2343 in
791 2277 1306 2346 Processionibus
1340 2278 1603 2347 deferre
1635 2302 1698 2347 ι».

230 2368 455 2451 Atque
522 2365 607 2431 ita
674 2366 1041 2452 rescripsit,
1092 2386 1163 2433 ac
1234 2367 1301 2433 in
1371 2368 1700 2455 proposito

104 2471 252 2519 casu
299 2452 567 2519 omnino
611 2454 1004 2521 servandum
1053 2474 1193 2521 esse
1240 2456 1443 2522 edixit
1509 2466 1700 2543 atque

103 2541 463 2608 mandarit.
511 2541 623 2607 Die
676 2546 751 2608 11
802 2541 1000 2609 Martii
1054 2546 1246 2611 1837.

105 2682 370 2753 2764.
704 2685 1098 2753 vnnoNEN.
1470 2687 1693 2773 (asos)

233 2809 309 2873 ln
355 2804 700 2873 ordinariis
747 2809 971 2874 Sacrae
1018 2810 1278 2877 Ritnum
1337 2813 1698 2899 Congrega-

108 2893 302 2960 tionis
347 2892 636 2964 Comitiis
665 2896 742 2962 ad
778 2896 1148 2964 Vaticanum
1196 2898 1558 2986 subsignata
1590 2900 1698 2969 die

107 2981 361 3066 habitis,
395 2981 473 3049 ab
503 2982 908 3071 infrascripto
939 2987 1295 3053 Secretario
1328 2987 1563 3056 iterum
1596 3007 1700 3057 re·

108 3071 234 3137 lato
280 3069 486 3137 dubio
531 3091 564 3137 a
609 3073 1169 3142 Reverendissimo
1215 3076 1529 3165 Episcopo
1575 3082 1696 3146 Ve-

103 3177 340 3226 ronen.
390 3158 567 3227 hisce
615 3159 826 3226 verbis
870 3163 1239 3248 proposito:
1290 3167 1517 3231 Utrum
1551 3185 1697 3233 ver-

107 3246 260 3314 bnm
305 3247 532 3314 deinde
590 3247 656 3314 in
703 3248 905 3315 forma
962 3251 1373 3319 absolutionis
1424 3253 1491 3319 in
1539 3273 1696 3322 non-

105 3335 304 3403 nullis
351 3334 745 3404 editionibus
788 3336 983 3404 rubro
1015 3339 1381 3407 charactere
1428 3341 1697 3432 impres-

103 3442 247 3489 sum
292 3423 730 3492 omittendum
776 3422 899 3492 sit?
941 3426 1436 3496 Eminentissimi
1480 3442 1545 3497 et
1574 3435 1696 3500 Re-

106 3511 559 3579 verendissimi
615 3516 830 3580 Patres
886 3515 1087 3581 Sacris
1151 3516 1407 3584 tuendis
1451 3519 1697 3587 Ritibus

42 3646 45 3677 ,
107 3600 491 3702 praepositi,
540 3600 755 3668 audita
812 3602 991 3689 prius
1038 3606 1263 3671 Sacrae
1308 3606 1694 3674 Universalis

107 3689 535 3774 lnqnisitionis
587 3690 1099 3778 congregatione
1122 3745 1140 3778 ,
1203 3695 1691 3763 rescribendum

109 3788 544 3845 censuerunt:
614 3799 653 3844 ι
700 3777 871 3846 Nihil
941 3799 1081 3846 esse
1151 3781 1583 3854 innovandum
1625 3807 1688 3850 ιν.

110 3863 220 3931 Die
272 3869 351 3932 11
399 3867 600 3933 Martii
653 3870 845 3936 1837.

111 4041 364 4111 2765.
651 4042 1146 4109 FERETRANA.
1460 4046 1690 4135 (4811)

237 4219 446 4296 Quum
467 4215 816 4284 hodiernus
836 4218 1149 4285 Aedituus
1169 4219 1560 4288 cathedralis
1584 4225 1696 4288 Fe-

111 4318 398 4371 retranae
428 4304 758 4372 declarare
781 4309 1028 4374 Sacram
1051 4307 1313 4375 Rituum
1339 4311 1695 4398 congrega—

114 4394 350 4460 tionem
384 4391 746 4460 humillime
770 4394 1047 4480 rogavit=
1082 4397 1246 4463 Num
1277 4400 1515 4464 servari
1546 4419 1690 4485 pos·

111 4481 190 4546 sit
221 4482 619 4549 consuetudo
652 4483 718 4547 in
748 4483 974 4549 eadem
1007 4482 1369 4551 cathedrali
1411 4485 1689 4570 invecta,

113 4567 176 4634 in
204 4569 400 4637 Feriis
445 4570 749 4637 nimirum
783 4571 1091 4658 secunda,
1127 4572 1311 4639 tertia
1357 4584 1426 4641 et
1469 4585 1690 4661 quarta

113 4656 359 4726 maioris
421 4658 874 4727 Hebdomadae
935 4660 1301 4729 celebrandi
1361 4665 1691 4729 Sacrosan·

112 4754 282 4813 ctum
341 4747 558 4815 nissae
618 4746 1008 4815 Sacrificium
1066 4749 1127 4815 in
1177 4750 1405 4817 eodem
1468 4750 1689 4835 Altari,

115 4831 176 4898 in
205 4853 330 4934 qno
365 4834 660 4924 publicae
689 4832 985 4903 fidelium
1016 4837 1408 4904 venerationi
1450 4852 1549 4905 est
1580 4857 1691 4906 ex-

115 4931 384 5007 positum
446 4924 920 4994 Sanctissimum
985 4926 1416 4994 Eucharistiae
1477 4929 1689 4994 Sacra-

116 5008 444 5079 mentum?

241 5100 741 5167 Eminentissimi
786 5111 852 5168 et
896 5102 1437 5170 Reverendissimi
1476 5105 1688 5169 Patres

118 5187 311 5254 Sacris
345 5188 602 5257 tuendis
648 5187 892 5257 Ritibus
936 5189 1310 5278 praepositi,
1339 5192 1415 5258 ad
1450 5192 1689 5258 Vatica-

117 5290 265 5342 num
296 5275 606 5344 bodierna
635 5278 743 5344 die
775 5278 840 5345 in
872 5278 1220 5346 ordinariis
1235 5279 1523 5350 Comitiis
1552 5301 1690 5347 coa-

120 5361 352 5450 dunati,
379 5363 865 5434 rescribendum
897 5377 1322 5436 censuerunt:
1357 5388 1394 5431 «
1421 5372 1694 5436 consue-

315 5504 530 5551 Mota
555 5503 872 5551 Anthemiou
898 5507 949 5550 8.
976 5506 1040 5550 Β.
1067 5507 1121 5550 c.
1147 5527 1200 5539 —
1227 5505 1336 5552 Vol.
1362 5508 1426 5552 11.

1810 956 1971 1025 lium
2016 955 2266 1025 Ordinis
2313 957 2854 1042 Cisterciensium,
2905 962 3035 1025 Deo
3083 958 3147 1024 in
3195 959 3394 1026 hono-

1812 1064 1950 1113 rem
1997 1048 2264 1113 Sanctae
2310 1048 2627 1114 Susaunae
2686 1045 2883 1113 dicata
2934 1045 3038 1113 hic
3088 1047 3151 1125 in
3192 1048 3389 1131 Urbe,

1809 1134 2054 1200 Missam
2081 1133 2360 1200 votivam
2385 1134 2467 1200 de
2493 1133 2734 1220 Spiritu
2761 1136 2991 1200 Sancto
3023 1134 3390 1205 celebrandi

1810 1222 2064 1308 quoties
2111 1221 2315 1307 aliqua
2361 1222 2556 1309 Virgo
2604 1222 2798 1309 ipsius
2840 1222 3095 1290 Ordinis
3138 1225 3244 1290 vel
3291 1241 3392 1290 so·

1809 1312 2114 1378 lemniter
2146 1310 2430 1378 habitum
2477 1311 2739 1377 assumit
2770 1311 2875 1376 vel
2924 1312 3389 1401 professionem

1810 1399 2072 1466 emittit.
2136 1399 2248 1464 Ast
2308 1417 2507 1484 quum
2552 1398 2896 1484 Apostolici
2960 1399 3192 1466 indulti
3248 1400 3390 1466 nul—

1806 1489 1942 1555 lum
1990 1486 2511 1555 sanctimoniales
2551 1486 2724 1573 ipsae
2770 1486 3137 1555 invenerint
3165 1506 3390 1554 monu-

1806 1583 2139 1660 mentum,
2189 1577 2412 1642 Sacrae
2458 1576 2718 1642 Rituum
2750 1575 3237 1663 congregationi
3275 1575 3389 1642 hu·

1806 1663 2102 1731 millimas
2169 1680 2525 1764 porrexere
2592 1683 2865 1752 preces,
2934 1675 3005 1731 ut
3072 1664 3388 1730 invectam

1805 1750 2337 1820 consuetudinem
2384 1750 2766 1819 confirmare
2810 1752 3210 1839 dignaretur.

1937 1844 2015 1906 Et
2058 1837 2556 1906 Eminentissimi
2589 1859 2659 1905 ac
2697 1839 3233 1908 Reverendissimi
3280 1844 3388 1907 Pa·

1810 1939 1936 1994 tres
2004 1928 2208 1996 Sacris
2253 1926 2514 1993 tuendis
2581 1927 2826 1994 Ritibus
2893 1927 3276 2018 praepositi,
3325 1929 3387 1994 in

1803 2015 2139 2083 Ordinario
2164 2018 2368 2082 Coetu
2399 2015 2478 2082 ad
2511 2015 2880 2082 Vaticanum
2927 2015 3237 2084 hodierna
3283 2016 3388 2083 die

1804 2103 2167 2188 coadunati,
2202 2120 2273 2168 re
2320 2114 2569 2169 mature
2604 2121 2919 2191 perpensa
2961 2104 3389 2191 diligentique

1807 2191 2100 2258 examine
2168 2190 2458 2257 cribratis
2523 2191 2838 2258 rationum
2910 2193 3252 2263 momentis
3323 2193 3387 2258 in

1801 2279 2077 2370 supplici
2128 2278 2345 2345 libello
2393 2280 2719 2381 expositis,
2755 2280 2831 2346 ad
2883 2280 3257 2347 relationem
3291 2281 3387 2348 in-

1806 2367 2118 2457 frascripti
2180 2368 2515 2435 secretarii
2574 2367 3058 2434 rescribendum
3120 2387 3386 2435 censue·

1806 2467 1987 2525 runt:
2038 2477 2075 2520 a
2111 2459 2179 2523 ln
2225 2475 2372 2523 casu
2406 2456 2833 2541 solummodo,
2868 2456 2952 2522 de
2984 2475 3110 2543 quo
3142 2455 3209 2521 in
3236 2475 3384 2544 pre-

1802 2545 2007 2630 cibus,
2042 2545 2130 2611 de
2160 2543 2415 2632 speciali
2449 2545 2647 2631 gratia
2679 2544 2858 2611 nullo
2889 2561 3189 2630 umquam
3225 2555 3383 2610 tem-

1803 2652 1967 2723 pore
2010 2632 2078 2699 in
2123 2633 2495 2718 exemplum
2543 2632 2902 2718 afferenda,
2951 2631 3058 2700 flat
3105 2650 3385 2700 comme-

1803 2723 2071 2788 moratio
2120 2730 2365 2787 tantum
2413 2719 2685 2809 Spiritus
2729 2719 2940 2789 Sancti
2981 2720 3046 2787 in
3077 2720 3254 2787 Missa
3300 2721 3384 2787 de

1799 2809 2018 2878 Officio
2065 2809 2463 2895 occurrenti,
2524 2809 2874 2877 dummodo
2921 2827 3048 2875 non
3096 2819 3385 2875 occurrat

1803 2896 2051 2984 duplex
2111 2900 2356 2985 primae
2419 2900 2523 2963 vel
2583 2897 2903 2965 secundae
2964 2897 3214 2980 classis,
3277 2905 3386 2964 ant

1802 2987 2128 3055 Dominica
2172 2986 2570 3077 privilegiata
2619 2998 2756 3054 tum
2803 2987 3045 3075 primae
3092 2996 3229 3053 tum
3283 3005 3384 3051 se·

1800 3076 2050 3143 eundae
2082 3076 2291 3142 classis
2324 3097 2386 3140 ».
2438 3076 2644 3160 Atque
2679 3074 2761 3141 ita
2791 3074 3176 3141 servandum
3210 3092 3383 3140 man·

1804 3164 2060 3232 darunt.
2109 3163 2220 3230 Die
2271 3167 2346 3229 11
2398 3162 2595 3229 Martii
2649 3165 2840 3230 1837.

1799 3305 2043 3375 2767.

1932 3433 2130 3496 Rffius
2173 3428 2512 3496 Taurinen.
2547 3427 3083 3516 Archiepiscopus
3119 3432 3283 3494 Eme
3316 3437 3382 3493 et

1798 3522 1957 3585 Rfl'to
2000 3517 2265 3584 Domino
2310 3515 2620 3584 cardinali
2670 3521 2894 3584 Sacrae
2926 3516 3185 3585 Ritnum
3217 3519 3380 3585 con-

1797 3604 2152 3708 gregationi
2200 3606 2525 3673 Praefecto
2588 3605 2976 3673 humillimas
3023 3624 3221 3692 quum
3268 3605 3381 3673 de-

1797 3697 1969 3763 derit
2015 3694 2300 3775 litteras;

1929 3786 2110 3849 Sacra
2158 3782 2419 3850 Rituum
2461 3782 2888 3870 congregatio
2936 3782 2999 3847 in
3032 3783 3205 3850 hunc
3250 3800 3381 3848 mo-

1793 3873 1956 3939 dum
1999 3870 2365 3957 rescripsit:

1973 4012 2154 4078 lllffie
2202 4023 2266 4078 et
2310 4013 2471 4078 Eme
2508 4011 2778 4079 Domine
2822 4012 2915 4079 uti
2957 4017 3198 4081 Frater.

1929 4135 2130 4201 Simul
2181 4153 2252 4200 ac
2296 4134 2754 4221 Amplitudinis
2798 4138 2965 4201 Tuae
3029 4135 3376 4225 Epistolam

1795 4225 2007 4293 datam
2068 4222 2419 4291 undecimo
2477 4222 2788 4289 calendas
2850 4223 3008 4289 lunii
3064 4224 3375 4290 vertentis

1791 4312 1937 4378 anni
1986 4310 2347 4397 accepimus
2393 4328 2593 4396 super
2636 4309 2975 4377 omissione
3027 4310 3377 4379 traditionis

1793 4399 1960 4466 Libri
1993 4398 2509 4494 ⁴Evangeliorum
2534 4446 2552 4482 ,
2602 4417 2767 4484 quae
2815 4397 3171 4467 inconsulto
3216 4399 3375 4466 acci-

1793 4487 1890 4555 dit
1959 4486 2296 4553 novissima
2346 4486 2410 4553 in
2452 4485 2865 4553 ordinatione
2931 4486 3213 4574 generali
3267 4487 3375 4554 ha·

1794 4575 1918 4643 bita
1966 4576 2234 4642 Sabbato
2297 4574 2577 4652 Quatuor
2634 4578 3026 4662 Temporum
3072 4580 3375 4642 Penteco-

1793 4673 1922 4731 stes
1966 4664 2033 4730 in
2077 4663 2518 4750 promovendo
2560 4665 2903 4729 nonnullos
2949 4662 3376 4732 subdiaconos

1793 4753 1871 4820 ad
1933 4754 2307 4819 Diaconatus
2372 4750 2719 4828 Ordinem;
2768 4750 3132 4819 huiusmodi
3179 4771 3375 4854 nego·

1795 4840 1957 4907 tium
1986 4839 2163 4906 illico
2194 4838 2650 4905 demandatum
2684 4837 2803 4905 fuit
2837 4839 3151 4925 aliquibus
3189 4841 3376 4908 hunus

1791 4931 2016 4996 Sacrae
2058 4928 2320 4994 Rituum
2344 4926 2865 5015 congregationis
2897 4927 3377 4994 consultoribus

1793 5015 2179 5103 Theologis;
2243 5026 2316 5080 nt
2359 5032 2557 5103 super
2623 5032 2695 5080 re
2738 5031 2916 5080 suam
2978 5026 3379 5102 exponerent

1792 5105 2220 5181 sententiam;
2256 5121 2444 5189 quam
2480 5100 2667 5168 etiam
2702 5119 2786 5166 ex
2816 5111 2946 5166 tem
3041 5121 3111 5168 re
3135 5102 3376 5189 Ampli-

1793 5190 2004 5258 tudini
2051 5196 2218 5257 Tuae
2285 5189 2542 5257 nomine
2589 5189 2881 5258 eiusdem
3029 5209 3168 5257 crae
3216 5194 3377 5258 Con-

1794 5277 2185 5380 gregationis
2257 5278 2837 5362 communicamus,
2887 5289 2958 5344 nt
3001 5277 3155 5345 sciat
3221 5277 3373 5365 qaid

1796 5388 1861 5435 ιιι
1893 5387 1981 5434 .re
2027 5368 2109 5434 sit
2154 5368 2476 5453 agendum
2524 5376 2591 5433 et
2635 5366 2849 5434 dubiis
2886 5366 3092 5434 forsan
3140 5366 3378 5434 obortis

3010 5505 3064 5554 18

2373 3303 2792 3370 ΤΑῑιιιιΝΕΝ.
3152 3302 3382 3391 (4813)
