4042 5950
1992 230 2312 308 —430
2364 237 2473 289 —‘

582 382 712 451 diei
762 387 842 450 21
892 381 1047 450 lunii
1091 385 1256 451 1710
1286 384 1365 452 ad
1396 382 1702 472 primum.
1750 383 2177 455 Nihilominus

583 490 782 557 quum
833 471 1060 538 eadem
1105 471 1298 556 desit,
1335 471 1507 539 iuxta
1540 471 1734 558 dicta,
1775 472 1839 540 in
1879 475 2175 542 omnibus

582 558 857 645 antiquis
913 557 1326 645 editionibus,
1375 562 1751 646 quaeritur:
1801 563 1896 628 An
1945 564 2174 631 eadem

587 667 808 715 recens
851 647 1120 715 Rubrica
1167 648 1527 716 conservari
1575 647 1864 717 debeat?

712 741 785 804 Β.
840 757 876 800 «
910 737 1219 823 Negative
1253 760 1316 803 ιν.
1493 797 1502 810 ί

710 824 983 892 Dubium
1005 828 1161 893 xm.
1193 823 1450 892 Missalia
1477 825 1782 894 hactenus
1806 828 1974 896 edita
1998 833 2171 896 Post-

583 910 1101 980 communionem
1133 914 1198 979 in
1229 912 1571 980 collatione
1617 917 1954 982 Sacrorum
1991 916 2172 984 Ordi-

582 1021 736 1070 num
784 995 1094 1068 exhibent
1140 1020 1288 1068 cum
1336 1002 1742 1071 conclusione
1787 1006 1911 1070 Per
1953 1006 2170 1070 Domi·

581 1110 742 1159 num
772 1099 924 1174 etc„
961 1088 1115 1156 licet
1145 1091 1340 1156 verba
1375 1101 1528 1157 tuae
1560 1092 2028 1177 Redempticnis
2059 1093 2173 1160 de·

582 1190 940 1246 monstrent
985 1177 1347 1246 Orationem
1394 1178 1582 1266 dirigi
1628 1181 1705 1248 ad
1755 1180 1985 1248 Filium
2030 1180 2166 1266 Dei,

581 1288 652 1335 ac
696 1265 967 1358 proinde
1013 1268 1345 1354 postulent
1376 1267 1547 1333 iuxta
1576 1269 1880 1337 Rubi-icas
1912 1270 2172 1337 conclu-

579 1358 866 1424 sionem:
909 1357 1037 1433 Qui
1085 1357 1254 1422 vivis
1299 1366 1418 1422 etc.
1469 1359 1660 1423 Certe
1708 1357 1773 1426 in
1819 1378 1966 1425 casu
1998 1375 2180 1447 pror-

580 1465 689 1513 sus
754 1442 995 1527 simili,
1066 1444 1371 1511 nimirum
1441 1442 1505 1510 in
1573 1446 2171 1514 Postcommunione

580 1533 800 1601 Missae
843 1530 1252 1619 quotidianae
1296 1551 1415 1619 pro
1460 1533 1814 1620 Defunctis,
1862 1554 2025 1621 quae
2086 1533 2170 1602 ita

578 1642 648 1689 se
693 1623 920 1690 habet:
975 1642 1011 1685 «
1045 1622 1424 1704 Animatus,
1452 1641 1845 1707 quaesumus
1876 1627 2164 1702 Domine,

574 1711 1004 1796 famulorum,
1051 1710 1587 1796 famularumque
1634 1721 1908 1779 tuarum
1956 1715 2172 1779 oratio

570 1800 876 1887 proficiat
897 1798 1443 1884 supplicantium,
1480 1808 1555 1866 ut
1590 1817 1696 1866 eas
1727 1812 1788 1867 et
1818 1821 1860 1868 a
1885 1803 2170 1887 peccatis

580 1887 870 1953 amnibus
916 1907 1145 1970 emitas,
1180 1896 1240 1954 et
1276 1899 1429 1955 tuac
1465 1887 1926 1975 Redemptionis
1955 1890 2171 1973 facias

578 1997 705 2046 esse
728 1979 1083 2063 participes
1109 1999 1173 2059 ιν,
1211 1975 1468 2042 Missalia
1499 1976 1705 2044 omnia
1736 1990 1985 2065 ponunt
2023 1996 2172 2044 con·

583 2066 976 2134 elusionem:
1033 2066 1161 2142 Qui
1205 2067 1372 2131 vivis
1417 2076 1538 2131 etc.
1586 2067 1925 2145 Quaeritur
1958 2067 2171 2153 itaque

580 2154 907 2240 quomodo
953 2151 1254 2221 concludi
1301 2151 1533 2219 debeat
1563 2154 2076 2223 Postcommunio
2107 2154 2172 2222 in

581 2243 934 2312 Collatione
982 2245 1318 2311 Sacrorum
1363 2240 1723 2310 Ordinum'?

711 2335 785 2398 R.
833 2355 890 2398 ι
926 2330 1367 2400 Adhibendam
1436 2349 1573 2398 esse
1642 2331 2167 2399 conclusionem:

589 2420 720 2497 Qui
764 2423 933 2489 vivis
975 2430 1097 2488 etc.
1146 2439 1207 2483 ›.

713 2507 989 2577 Dubium
1019 2510 1184 2575 XIV.
1217 2506 1314 2573 Ad
1348 2526 1609 2575 omnem
1642 2507 2169 2576 incertitudinem

582 2596 984 2665 adimendam
1018 2596 1182 2664 circa
1214 2593 1811 2683 interpretationem
1831 2597 2171 2681 Rubi-icae,

581 2703 746 2771 quae
809 2685 1048 2773 legitur
1110 2693 1257 2750 ante
1312 2683 1555 2750 Missam
1615 2704 1731 2773 pro
1794 2688 2043 2773 Sponso
2107 2696 2171 2751 et

585 2774 850 2859 Sponsa,
901 2774 1086 2840 Sacra
1131 2772 1394 2839 Rituum
1439 2773 1866 2860 congregatio
1897 2777 2171 2841 Decreto

592 2861 772 2927 Urbis
802 2871 861 2927 et
893 2856 1098 2943 Orbis,
1134 2858 1527 2948 approbante
1573 2864 1837 2930 Summo
1868 2861 2172 2930 Pontifice

579 2948 687 3017 Pio
720 2951 824 3035 Vl,
867 2948 1253 3017 declaravit:
1304 2949 1381 3013 In
1429 2948 1847 3018 celebratione
1890 2953 2171 3038 Nuptia-

579 3057 753 3120 rum,
804 3057 968 3123 quae
1008 3039 1082 3126 fit
1127 3049 1318 3105 eastra
1363 3037 1530 3105 diem
1575 3042 1988 3108 Dominicum
2007 3087 2029 3123 ,
2079 3041 2173 3107 vel

581 3126 791 3196 alium
819 3127 985 3194 diem
1017 3129 1277 3194 Festum
1306 3128 1378 3193 de
1402 3139 1757 3214 praecepto,
1790 3150 1902 3196 seu
1934 3133 2009 3196 in
2048 3148 2174 3213 quo

582 3224 895 3284 occurrat
939 3217 1191 3301 Duplam
1228 3219 1484 3302 primae
1529 3217 1621 3284 vel
1664 3219 1978 3284 secundae
2008 3218 2173 3284 claa-

579 3307 696 3390 sis,
747 3308 948 3373 etiam
991 3309 1052 3371 si
1095 3305 1218 3392 fiat
1248 3302 1538 3393 Officium
1568 3316 1627 3372 et
1658 3308 1858 3373 Missa
1888 3306 1962 3373 de
1992 3309 2173 3374 Festo

582 3395 848 3482 Duplici
887 3414 1001 3480 per
1060 3397 1324 3461 Annum
1380 3398 1515 3461 sive
1573 3398 1817 3462 maiori
1874 3398 2008 3462 sive
2054 3399 2173 3462 mi-

583 3487 760 3566 nori,
808 3482 1146 3549 dicendam
1192 3503 1318 3549 esse
1362 3484 1626 3550 Missam
1665 3501 1786 3570 pro
1830 3484 2071 3570 Sponsa
2116 3494 2176 3550 ct

581 3571 826 3657 Sponsa
873 3575 946 3638 in
989 3574 1114 3660 fine
1158 3572 1447 3639 Missaiis
1483 3582 1630 3656 post
1691 3571 1865 3639 alias
1921 3575 2174 3640 votivas

579 3660 950 3745 specialiter
994 3662 1444 3745 assignatam:
1494 3663 1567 3726 in
1612 3658 1831 3729 diebus
1881 3681 2023 3727 vero
2055 3665 2177 3727 Do-

581 3751 848 3815 minicis
894 3747 1176 3832 aliisque
1217 3748 1436 3816 diebus
1483 3751 1684 3815 Festis
1728 3750 1800 3815 de
1837 3761 2175 3836 praecepto

582 3857 660 3906 ac
708 3837 1091 3924 Duplicibus
1128 3840 1384 3922 primae
1427 3847 1488 3902 ct
1546 3837 1861 3903 secundae
1918 3837 2168 3918 classis,

582 3926 914 3993 dicendam
961 3945 1086 3992 esse
1132 3928 1399 3993 Missam
1444 3925 1517 3991 dc
1580 3929 1761 3991 Festo
1805 3945 1953 3993 cum
2007 3945 2174 3993 com·

582 4017 1040 4082 memoratione
1083 4017 1316 4083 Missa-e
1353 4032 1473 4098 pro
1518 4014 1754 4101 Sponsa
1798 4024 1858 4081 et
1897 4014 2169 4101 Sponsa.

585 4108 824 4172 Verum
874 4122 1073 4189 quum
1121 4103 1380 4190 publice
1429 4102 1769 4189 expediat,
1819 4115 1890 4170 ut
1937 4107 2171 4170 Decre-

586 4204 721 4260 tum
788 4192 958 4259 istud
1027 4191 1292 4258 minime
1358 4189 1692 4281 ignoretur
1756 4211 1789 4255 a
1858 4190 2172 4275 Parochis,

583 4280 848 4368 aliisque
908 4279 1355 4348 Sacerdotibus
1412 4279 1489 4345 ad
1552 4277 1929 4366 Nuptiarum
1975 4280 2176 4346 bene-

582 4368 929 4437 dictionem
956 4368 1247 4456 legitime
1273 4367 1620 4458 deputatis,
1638 4368 1969 4453 quaeritur
2000 4372 2059 4434 1.
2081 4370 2175 4434 An

585 4478 667 4524 ex
702 4456 932 4525 eodem
963 4461 1237 4524 Decreto
1267 4476 1425 4524 nova
1458 4456 1729 4525 Rubrica
1775 4453 2002 4523 confici
2033 4474 2177 4545 pos·

583 4545 691 4630 sit,
727 4564 890 4632 quae
937 4555 1295 4634 apponatur
1327 4545 1390 4612 in
1420 4548 1708 4634 Corpore
1738 4543 1998 4612 Missalis
2031 4554 2178 4610 ante

584 4634 828 4703 Missam
876 4652 992 4722 pro
1037 4638 1284 4722 Sponso
1332 4645 1396 4701 et
1442 4628 1736 4722 Sponsa?

714 4727 795 4790 Et
841 4734 1155 4807 quatenus
1201 4721 1524 4809 negative,
1575 4725 1642 4788 2.
1675 4722 1771 4788 An
1801 4721 2028 4790 saltem
2059 4727 2180 4790 De·

585 4822 833 4879 cretum
884 4811 1094 4899 ipsum
1138 4810 1375 4899 apponi
1433 4809 1631 4900 possit
1687 4808 1867 4877 initio
1922 4809 2180 4879 uissatis

590 4911 731 4989 post
775 4900 1077 4969 Rubricas
1125 4897 1523 4967 Generales‘?

715 4993 791 5059 R.
843 5011 884 5056 e
915 4989 1012 5057 Ad
1066 4995 1096 5057 1
1148 4987 1564 5072 Affirmative,
1612 4987 1689 5055 ad
1738 4988 2007 5056 formam
2066 4992 2183 5055 De-

586 5077 792 5158 creti;
840 5080 917 5146 ad
964 5081 1004 5145 2
1100 5076 1380 5144 revisum
1428 5076 1492 5143 in
1538 5077 1748 5162 primo
1780 5099 1844 5142 s.

718 5166 996 5233 Dubium
1102 5168 1180 5233 V.
1231 5169 1297 5231 ln
1345 5164 1523 5230 Missa
1571 5165 1829 5252 propria
1874 5169 2180 5232 Immacu-

585 5254 695 5323 lati
742 5254 966 5322 Cordis
1021 5258 1254 5322 Beatae
1311 5253 1536 5320 Mariae
1584 5252 1862 5339 Virginis
1905 5275 1940 5319 a
1999 5257 2183 5323 Sacra

583 5345 846 5419 Rituum
898 5339 1410 5431 congregatione
1456 5338 1797 5429 approbata
1829 5338 1934 5407 die
1966 5346 2049 5409 21
2084 5345 2183 5409 iu-

2274 385 2340 452 lii
2383 390 2575 471 1863,
2610 409 2682 456 ac
2726 388 3065 457 inserenda
3098 391 3160 458 in
3192 392 3565 480 Appendice
3608 391 3858 459 Missalis

2271 475 2535 542 Romani
2584 493 2701 561 pro
2746 476 3065 564 aliquibus
3110 480 3264 547 locis
3292 526 3311 563 ,
3360 483 3620 547 Secreta
3669 478 3753 545 ita
3792 499 3857 545 se

2274 564 2505 631 habet:
2555 585 2594 628 α
2626 566 2961 634 Maiestati
3019 576 3208 652 tuae,
3258 571 3555 647 Domine,
3613 570 3859 653 Aquita

2275 653 2774 720 immaculatum
2842 655 3163 741 offerentes
3188 702 3209 739 ,
3280 675 3721 741 quacaumm,
3787 667 3861 722 ut

2274 741 2469 807 corda
2529 752 2749 809 nostra
2810 746 2985 829 iqui-s
3042 744 3156 811 ille
3213 745 3481 811 divinas
3524 745 3857 822 accendat,

2272 833 2391 914 qui
2423 849 2533 895 cor
2566 832 2798 897 Beatae
2827 832 3082 899 Mariae
3120 833 3405 919 Virginis
3451 833 3864 919 ineffabiliter

2274 918 2715 1004 inflammavit
2748 941 2813 985 ›.
2864 920 3171 1006 Inspectis
3228 921 3554 1004 Rubricis,
3608 924 3863 989 Secreta

2275 1006 2719 1074 concludenda
2785 1006 3047 1075 videtur
3114 1011 3238 1074 Per
3301 1010 3581 1076 cumdem
3650 1012 3863 1074 Domi-

2274 1112 2432 1158 num
2479 1105 2598 1161 etc.
2668 1116 2744 1163 eo
2805 1096 2977 1183 quod
3030 1095 3206 1164 initio
3250 1097 3557 1166 Orationis
3621 1099 3863 1164 mentio

2274 1180 2381 1247 fiat
2429 1182 2570 1249 Filii
2616 1184 2757 1251 Dei.
2805 1184 3254 1269 Nihilominus,
3289 1205 3489 1271 quum
3530 1186 3597 1253 in
3641 1187 3862 1271 aliqui·

2274 1268 2394 1336 bus
2442 1271 2828 1340 editionibus
2874 1277 3174 1341 Secretae
3222 1274 3544 1341 conclusio
3591 1274 3717 1341 sit:
3748 1277 3864 1339 Per
3990 1283 3991 1286 ’

2275 1361 2661 1441 Dammana,-
2705 1363 3063 1447 quaeritur,
3111 1363 3433 1448 quomodo
3479 1364 3563 1429 sit
3609 1365 3865 1430 Secreta

2275 1447 2433 1514 haec
2481 1447 2980 1516 concludenda?

2405 1538 2484 1603 Β.
2532 1558 2572 1602 e
2605 1537 3128 1606 concludendam
3200 1558 3341 1607 esse
3410 1539 3675 1606 verbis:
3749 1542 3865 1605 Per

2275 1625 2556 1689 cumdem
2602 1627 2950 1693 Dominum
2982 1647 3049 1693 ›.

2407 1716 2588 1779 Facta
2636 1715 3048 1802 postmodum
3094 1717 3180 1784 de
3226 1715 3597 1802 praemissis
3627 1736 3753 1804 per
3779 1714 3863 1783 in·

2277 1799 2678 1888 irasci-iptum
2727 1806 3063 1870 Sacrorum
3107 1804 3370 1872 Rituum
3413 1805 3866 1892 congregatio·

2273 1889 2373 1954 nis
2418 1890 2846 1958 secretarium
2894 1892 3301 1960 sanctissimo
3329 1893 3602 1960 Domino
3647 1896 3866 1960 Nostro

2276 1977 2381 2043 Pio
2428 1981 2629 2064 Papae
2675 1982 2759 2047 lx
2805 1979 3140 2065 relatione,
3175 1981 3480 2048 Sanctitas
3524 1983 3655 2049 Sua
3684 2000 3867 2069 supe·

2276 2065 2478 2132 riores
2525 2068 2969 2157 responsiones
3015 2071 3269 2156 Congre
3313 2068 3540 2136 ationis
3597 2069 3869 2136 Particu-

2277 2151 2422 2219 laris
2466 2175 2500 2219 a
2547 2174 2618 2221 se
2664 2157 3011 2242 deputatae
3058 2168 3217 2223 ratas
3346 2158 3504 2224 bere
3539 2166 3608 2223 et
3648 2177 3870 2258 appro-

2276 2241 2427 2334 bare
2459 2243 2717 2330 dignata
2747 2256 2869 2312 est.
2917 2243 3260 2314 Contrariis
3308 2264 3437 2312 non
3479 2244 3871 2313 obstantibus

2277 2331 2819 2420 quibuscumque.

2410 2421 2521 2488 Die
2568 2424 2651 2488 27
2699 2422 3099 2510 Septembris
3149 2426 3342 2490 1860.

2276 2597 2531 2670 3104.
2784 2602 3059 2667 SANCTI
3105 2602 3354 2668 {Aconl

2898 2710 3000 2772 DE
3047 2708 3251 2774 CILE.

2343 2887 2347 2898 ·
2412 2866 2606 2930 Rmus
2654 2861 3189 2953 Archiepiscopus
3231 2867 3297 2933 S.
3333 2863 3534 2932 Iacobi
3569 2866 3664 2933 de
3711 2866 3870 2950 uile,

2276 2951 2792 3020 animadvertens
2838 2952 2903 3021 in
2932 2973 3041 3020 sua
3075 2952 3363 3021 Dioecesi
3398 2963 3463 3021 et
3495 2955 3871 3041 praesertim

2278 3041 2342 3107 in
2392 3041 2675 3108 Ecclesia
2721 3040 3200 3129 metropolitana
3245 3042 3493 3130 plures,
3527 3053 3873 3131 praetextu

2276 3129 2588 3215 longevae
2657 3128 3139 3197 consuetudinis
3169 3178 3186 3212 ,
3258 3133 3544 3198 retinere
3604 3131 3871 3199 Ritualia

2275 3236 2440 3303 quae
2462 3217 2787 3284 Ecclesiae
2814 3216 3064 3306 legibus
3086 3218 3528 3297 adversantur3
3561 3219 3642 3286 ad
3671 3220 3873 3287 omni·

3644 2602 3868 2687 (5310)

2279 3305 2530 3372 modam
2578 3305 3039 3373 certitudinem
3085 3306 3546 3392 assequendam
3601 3328 3633 3372 a
3689 3311 3871 3377 Sacra
3990 3360 3991 3393 1

2276 3393 2541 3461 Rituum
2585 3393 3099 3495 congregatione
3144 3396 3481 3481 sequentia
3527 3395 3728 3463 dubia
3765 3397 3872 3464 de·

2278 3481 2519 3549 clarare
2565 3481 2930 3550 humillime
2977 3482 3366 3568 postulavit3
3414 3483 3774 3551 nimirum:

2413 3570 2688 3638 Dubium
2735 3575 2785 3638 1.
2858 3572 3020 3639 Num
3083 3571 3148 3637 in
3207 3571 3386 3638 Missa
3444 3571 3766 3659 solemni,
3813 3574 3869 3639 vi

2276 3668 2549 3726 assertae
2596 3658 3095 3743 consuetudinis,
3146 3659 3342 3748 possit
3387 3661 3747 3729 Canonicus
3776 3681 3872 3729 ce·

2280 3747 2568 3832 lebranS,
2619 3748 2790 3816 dicto
2835 3749 3082 3816 Munda
3141 3768 3253 3814 cor
3298 3752 3549 3823 meum,
3600 3750 3871 3817 benedi·

2277 3854 2428 3903 cere
2476 3836 2809 3903 incensum
2843 3846 2908 3904 et
2940 3836 3308 3923 Diaconum,
3354 3848 3419 3903 et
3450 3839 3871 3926 Evangelium

2282 3925 2502 4013 legere
2526 3925 2684 3992 dum
2718 3924 2879 3993 illud
2904 3921 3231 3992 cantatur?
3263 3928 3423 3992 Item
3446 3924 3699 3992 Missam
3728 3946 3870 4014 pro·

2277 4015 2457 4099 sequi
2504 4013 2716 4079 statim
2767 4034 2837 4079 ac
2883 4036 2917 4081 a
2962 4015 3172 4081 Choro
3217 4023 3503 4080 cantatus
3544 4014 3627 4081 sit
3676 4014 3871 4081 versi·

2278 4103 2462 4169 culus
2493 4100 2816 4188 Symboli:
2865 4105 2952 4170 Et
2984 4104 3377 4170 incarnatus
3408 4100 3548 4169 est?
3579 4105 3871 4190 Itemque

2280 4191 2578 4256 omittere
2611 4202 2865 4259 cantum
2901 4189 3307 4257 Praefationis
3330 4201 3397 4256 et
3417 4190 3735 4257 Orationis
3758 4196 3871 4257 Do-

2277 4277 2612 4434 minicaliis,
2647 4279 2721 4345 iis
2751 4278 2976 4347 saltem
3024 4276 3276 4362 diebus,
3319 4279 3549 4365 quibus
3597 4277 3873 4345 babetur

2282 4366 2516 4435 Concio

2409 4454 2682 4523 Dubium
2730 4460 2806 4524 11.
2855 4457 3021 4523 Num
3069 4453 3224 4522 ferri
3269 4456 3476 4522 valeat
3523 4475 3677 4521 usus
3734 4454 3873 4521 uis-
3990 4514 3991 4527 ,

2278 4562 2411 4611 sam
2454 4545 2813 4612 solemnem
2846 4542 3216 4612 celebrandi
3249 4560 3398 4610 cum
3427 4544 3567 4611 solo
3600 4534 3871 4611 Diacono
3990 4576 3991 4603 3

2281 4643 2345 4700 et
2391 4633 2816 4718 subdiacono,
2866 4651 3068 4720 quum
3111 4640 3369 4718 praesto
3415 4650 3544 4700 non
3606 4645 3704 4699 est
3765 4631 3871 4697 ali·
3990 4646 3991 4663 *

2281 4721 2425 4808 quis
2471 4721 2904 4790 ninistrorum
2933 4719 2967 4787 ’ἓ

2413 4810 2692 4879 Dubium
2735 4813 2838 4877 ΙΙΙ.
2890 4812 3055 4877 Num
3103 4809 3169 4876 in
3212 4810 3390 4878 Missa
3436 4809 3711 4876 solemni
3740 4858 3759 4896 ,
3812 4809 3867 4874 vi

2282 4910 2556 4967 assertae
2606 4898 3113 4983 consuetudinis,
3147 4898 3496 4967 Canonicus
3543 4898 3869 4966 celebrans
3990 4916 3991 4927 ¹

2284 4986 2557 5073 eiusque
2603 4987 2894 5071 ministri,
2928 4999 3264 5077 praesente
3314 4986 3503 5053 etiam
3545 4984 3871 5072 Arcbiepi·

2282 5094 2501 5163 scopo,
2537 5095 2737 5163 quum
2773 5076 2873 5143 bic
2903 5093 3081 5144 suam
3122 5077 3361 5144 Sedent
3406 5094 3535 5141 non
3582 5084 3867 5160 occupat,

2331 5164 2529 5231 ossint
2574 5165 2804 5232 sedere
2850 5165 2916 5232 in
2965 5165 3166 5232 latere
3214 5163 3579 5252 Evangelii,
3631 5163 3765 5252 ipso
3812 5162 3870 5226 in

2309 5270 2428 5317 oco
2477 5253 2585 5319 ubi
2633 5253 2834 5320 Sedes
2880 5251 3452 5342 Arcbiepiscopalis
3496 5252 3865 5333 collocatur,

2288 5340 2433 5427 quia
2479 5340 2602 5407 fixa
2651 5359 2780 5407 non
2825 5339 3166 5409 remanet?
3250 5395 3257 5402 .
