4042 5950
1535 260 2004 342 ...237-

282 420 368 490 Ad
415 424 523 488 27.
573 441 611 486 4
642 422 992 488 Serventur
1036 419 1348 488 Rubricae
1381 441 1445 488 ν.

281 511 371 578 Ad
416 514 523 577 28.
576 531 612 573 ι
646 509 886 575 Patebit
931 528 1013 575 ex
1056 508 1475 576 Rubricatum
1521 508 1711 575 colla·

171 600 324 666 tione
353 620 417 665 ».

281 687 369 754 Ad
417 690 523 755 29.
577 707 615 752 «
648 688 995 754 Serventur
1040 685 1346 754 Rubricae
1380 707 1446 753 ».

279 775 367 841 Ad
415 778 521 842 30.
583 797 619 838 ‹
662 777 969 842 Servetur
1042 775 1501 860 cuiuscumque
1563 772 1709 841 Loci

172 863 544 931 consuetudo
579 884 640 929 ν.

278 951 368 1018 Ad
412 955 523 1020 31.
571 973 610 1016 ‹
641 953 884 1019 Cantari
929 953 1126 1022 debet
1156 962 1298 1039 post
1327 950 1550 1019 Calicis
1578 949 1712 1018 ele-

168 1041 462 1108 vationem
493 1062 560 1106 ν.

276 1128 368 1195 Ad
416 1133 521 1196 32.
574 1150 613 1193 ‹
645 1129 948 1216 Negative
980 1151 1036 1198 ».
1218 1196 1228 1205 ,

277 1217 366 1284 Ad
413 1221 519 1284 33.
575 1237 613 1282 4
647 1222 821 1284 quta
866 1222 1205 1287 Decretum
1251 1219 1318 1285 in
1364 1236 1486 1285 una
1527 1215 1709 1283 Urbis

167 1305 278 1371 diei
319 1310 358 1373 6
387 1306 676 1374 Octobris
715 1310 906 1391 1697,
952 1309 1260 1393 Negative
1295 1328 1359 1372 ν.

276 1395 365 1461 Ad
413 1396 526 1461 34.
574 1414 612 1459 «
647 1396 993 1463 Serventur
1035 1395 1372 1480 Rubricae,
1409 1393 1710 1462 nimirum

168 1483 443 1569 tegendas
490 1502 634 1549 esse
678 1487 913 1553 Cruces
957 1494 1022 1550 et
1052 1484 1362 1573 Imagines
1393 1483 1458 1550 in
1489 1480 1711 1569 primis

169 1570 440 1659 vesperis
472 1592 535 1637 ν.

276 1659 366 1726 Ad
413 1663 522 1726 36.
573 1681 614 1723 ‹
647 1660 709 1726 Si
757 1659 863 1727 fiat
908 1660 1249 1745 Processio,
1295 1659 1568 1748 legenda
1614 1667 1710 1724 est

169 1748 320 1812 ltissa
348 1749 808 1833 Rogationum3
842 1768 1024 1816 secus
1051 1749 1133 1815 de
1157 1753 1343 1816 Festo
1368 1767 1513 1815 cum
1539 1764 1709 1813 com-

169 1840 599 1904 memoratione
646 1839 1019 1904 earumdem
1049 1860 1114 1903 ιι.

276 1924 365 1991 Ad
408 1928 514 2027 36.
568 1944 606 1989 c
642 1927 994 1992 Serventur
1035 1924 1366 2009 Rubricae,
1405 1935 1469 1990 et
1499 1923 1709 2012 praxis

169 2030 491 2080 communis
523 2034 588 2080 ιν.

277 2102 366 2167 Ad
412 2105 516 2170 37.
571 2122 609 2168 c
641 2103 971 2191 Negative,
1019 2104 1094 2170 ad
1130 2101 1393 2191 primam
1437 2109 1705 2187 partem;

171 2187 374 2256 iterum
432 2190 958 2278 supplicandum,
1007 2191 1214 2276 quoad
1266 2189 1612 2257 secundam
1644 2209 1705 2255 ».

279 2279 367 2346 Ad
412 2283 522 2346 38.
570 2301 612 2343 ι
646 2278 1060 2364 Affirmative,
1107 2278 1185 2347 ad
1243 2278 1514 2367 primam
1568 2296 1710 2364 par-

172 2374 304 2450 tem,
347 2386 458 2433 seu
505 2369 1050 2434 continuationem
1092 2367 1324 2452 Officii;
1374 2368 1706 2452 Negative,

170 2453 347 2536 quoad
402 2456 751 2522 secundam
808 2475 923 2522 seu
988 2456 1191 2541 quoad
1253 2455 1708 2542 obligationem

171 2540 472 2696 {armaque
547 2545 920 2632 praecepti,
991 2544 1164 2611 iuxta
1229 2550 1495 2612 Decreta
1562 2542 1709 2608 alias

240 2641 312 2695 ita
340 2652 400 2698 ».

278 2721 365 2787 Ad
412 2725 520 2790 39.
574 2743 616 2785 ι
647 2725 934 2805 Possunt,
966 2721 1081 2788 sed
1127 2741 1252 2789 non
1282 2721 1523 2788 debent
1554 2741 1617 2786 ν.

280 2808 365 2875 Ad
415 2812 523 2877 40.
576 2831 618 2876 ‹
650 2812 999 2878 Serventur
1042 2809 1350 2878 Rubricae
1383 2830 1448 2875 ν.

170 2980 204 3046 b
234 2984 245 2996 ·
277 2896 366 2964 Ad
411 2901 520 2964 41.
570 2920 612 2962 ι
644 2903 714 2964 ln
759 2898 967 2965 Cboro
1031 2910 1300 2984 tantum,
1350 2898 1524 2965 iuxta
1583 2902 1709 2964 Ru-

207 3003 343 3050 ricas
368 3008 429 3053 ».

275 3072 365 3141 Ad
430 3080 537 3143 42.
606 3097 645 3140 ‹
676 3080 1028 3144 Serventur
1083 3075 1429 3142 Rubricaez
1506 3085 1572 3142 et
1631 3075 1708 3143 ad

169 3163 577 3248 quaestionem
630 3165 928 3250 primam,
977 3165 1397 3233 consulantur
1443 3163 1710 3231 Theolo-

169 3251 255 3335 gi;
295 3251 368 3318 ad
398 3256 839 3338 quaestionem
872 3255 1244 3334 secundam,
1281 3252 1707 3340 Affirmative3

168 3339 233 3406 ad
287 3341 721 3426 quaestiqnem
784 3341 1070 3426 tertiam,
1138 3342 1560 3420 Affirmativ03
1631 3341 1706 3407 ad

169 3428 574 3511 quaestionem
609 3440 920 3516 quartam,
954 3430 1261 3516 Negative
1295 3452 1360 3497 ».

277 3517 363 3583 Ad
409 3520 514 3585 43.
565 3539 607 3584 ‹
640 3518 1052 3603 Affirmative,
1084 3519 1137 3585 si
1182 3518 1406 3606 Hymni
1450 3517 1572 3586 sirit
1612 3517 1708 3584 hi-

167 3603 388 3684 storici3
436 3625 649 3689 secus,
697 3607 1005 3693 Negative
1038 3627 1100 3673 ».

276 3694 364 3759 Ad
397 3696 501 3760 44.
539 3716 580 3758 ‹
605 3694 957 3762 Deficiente
988 3695 1248 3781 speciali
1280 3695 1710 3777 concessione,

166 3793 477 3849 serventur
520 3787 828 3864 Decreta;
878 3782 1180 3853 nimirum
1235 3784 1570 3850 Lectiones
1631 3783 1715 3849 de

167 3867 461 3956 Scriptura
506 3872 815 3957 legendas
848 3892 911 3935 ».

168 4041 179 4054 .
275 3958 364 4024 Ad
411 3963 522 4026 46.
573 3980 612 4023 ‹
642 3960 976 4048 Negative,
1022 3961 1098 4027 ad
1134 3960 1405 4049 primam
1436 3971 1708 4048 partem;

169 4043 417 4130 ideoque
454 4049 665 4135 quoad
711 4047 1090 4116 secundam:
1144 4052 1314 4115 More
1342 4050 1532 4116 solito
1563 4068 1714 4116 con·

169 4132 502 4203 cludendae
536 4157 600 4201 ν.

274 4224 363 4290 Ad
408 4228 518 4292 46.
579 4247 617 4290 ι
644 4225 1034 4293 Beneficiarii
1091 4235 1396 4293 tenentur
1454 4245 1714 4312 semper

166 4307 230 4374 ad
275 4310 555 4380 Officium
613 4315 911 4401 propriae
975 4315 1336 4392 Ecclesiae3
1396 4316 1719 4402 simplices

166 4415 299 4464 vero
329 4402 700 4469 Sacerdotes
732 4404 1113 4471 conformari
1144 4414 1407 4492 possunt
1441 4422 1587 4471 cum
1614 4403 1716 4471 Of-

167 4482 289 4551 ticio
329 4488 444 4555 loci
489 4490 600 4557 ubi
645 4502 977 4558 morantur
1007 4513 1074 4557 ».

274 4576 364 4643 Ad
409 4581 517 4645 47.
576 4599 614 4644 «
648 4581 1007 4648 Serventur
1062 4578 1410 4647 Rubricae:
1470 4580 1584 4647 sed
1646 4581 1708 4646 in

166 4680 393 4732 accessu
450 4677 514 4733 et
573 4687 855 4754 recessu,
906 4669 970 4735 in
1031 4670 1219 4757 plano
1279 4678 1373 4735 est
1433 4668 1715 4756 genufle-

167 4753 478 4834 ctandum3
535 4755 599 4822 in
646 4755 862 4823 infimo
920 4768 1133 4823 autem
1195 4756 1397 4845 gradu
1456 4756 1710 4840 Altaris,

165 4842 386 4921 quoties
430 4843 692 4933 insuper
734 4845 1172 4932 genuflectere
1218 4855 1605 4911 occurrat».

275 4931 364 4997 Ad
416 4936 528 4999 48.
586 4952 624 4997 «
660 4937 971 5001 Servetur
1034 4934 1468 5001 consuetudo:
1526 4933 1710 5001 dum·

164 5016 331 5084 modo
376 5032 613 5105 caveat,
649 5040 728 5089 ne
763 5033 942 5110 terga
971 5025 1617 5104 vertatfiacramento
1646 5043 1709 5086 ».

275 5107 363 5175 Ad
423 5112 530 5178 49.
594 5130 632 5175 «
664 5115 733 5176 ln
791 5129 1049 5178 accessu
1112 5121 1177 5177 et
1226 5129 1484 5178 recessu
1537 5121 1711 5177 utro·

165 5206 270 5292 que
311 5212 510 5281 genu;
564 5199 726 5265 intra
785 5200 1029 5266 Missam
1088 5198 1277 5266 unico
1328 5215 1536 5285 genu:
1592 5216 1711 5284 pro

165 5279 399 5429 rtealiquis
463 5286 890 5354 functionibus
959 5288 1369 5354 consulantur
1426 5286 1712 5355 Rubrici-

164 5382 188 5426 s
244 5387 277 5434 e
307 5393 366 5437 ›.

1945 419 2043 486 Ad
2071 423 2178 488 60.
2201 440 2239 485 «
2257 422 2567 488 Servetur
2587 418 2855 487 strictim
2872 419 3165 505 Rubrica,
3184 420 3393 507 quoad

1816 509 2100 575 colorem
2131 513 2644 575 Paramentorum
2679 530 2742 574 ».

1944 597 2040 663 Ad
2092 602 2201 664 61.
2250 617 2288 662 «
2322 598 2654 683 Negative,
2680 595 2797 663 nisi
2831 597 2893 664 in
2919 597 3119 664 Festis
3143 597 3390 665 Domini

1815 695 1880 752 et
1925 690 2148 752 Beatae
2196 685 2419 754 Mariae
2466 685 2741 771 Virginis
2773 705 2833 750 ».

1945 773 2041 841 Ad
2090 778 2197 841 62.
2246 796 2285 839 ‹
2318 779 2494 840 quta
2533 778 2875 841 Decretum
2909 774 2973 840 in
3002 779 3385 863 Bergomen.

1812 862 1941 932 diei
1988 866 2069 933 21
2120 861 2320 928 Martii
2372 866 2537 929 1744
2584 862 2869 949 permitti
2902 873 3116 949 potest
3148 885 3209 929 ν.

1942 951 2036 1017 Ad
2087 955 2197 1018 63.
2246 972 2285 1015 ‹
2317 953 2628 1018 Servetur
2669 951 2939 1017 Rubrica
3000 953 3256 1031 missalis
3284 952 3387 1019 vel

1813 1038 2144 1106 laudabilis
2192 1040 2590 1107 consuetudo
2622 1061 2687 1105 ».

1942 1128 2038 1194 Ad
2085 1132 2194 1195 64.
2231 1149 2270 1192 ‹
2306 1126 2735 1212 Affirmative3
2770 1148 2841 1193 ac
2863 1127 3202 1196 retinenda
3234 1148 3389 1196 con·
3440 1150 3445 1159 ·

1813 1217 2090 1284 suetudo
2138 1217 2311 1283 illam
2359 1216 2789 1283 amovendi».

1942 1306 2153 1390 Atque
2201 1305 2283 1371 ita
2327 1304 2619 1372 decrevit
2664 1317 2730 1371 et
2772 1306 3006 1371 servari
3044 1307 3388 1375 mandavit.

1814 1392 1926 1459 Die
1979 1397 2057 1460 12
2089 1394 2465 1461 Novembris
2516 1399 2704 1462 1831.

1815 1535 2075 1604 2683.
2394 1537 2816 1603 merorum.
3163 1538 3389 1628 (4670)

1943 1659 2169 1725 Clerus
2215 1659 2531 1727 Secularis
2577 1658 2908 1726 Pistorien.
2960 1659 3239 1729 Civitatis
3284 1666 3390 1730 Sa-

1812 1764 2070 1815 crorum
2099 1748 2360 1814 Rituum
2391 1748 2884 1835 congregationi
2914 1749 3243 1836 sequentia
3274 1752 3391 1818 du·

1814 1835 1913 1902 bia
1960 1837 2292 1904 enodanda
2341 1835 2710 1922 proposuit:

1948 1929 2011 1990 1.
2058 1925 2263 2003 Quum
2313 1943 2395 1990 ex
2440 1926 2781 1993 Sacrorum
2826 1925 3087 1994 Rituum
3118 1930 3251 1995 Con
3300 1947 3395 1994 re-

1812 2011 2087 2099 gationis
2152 2013 2402 2080 indulto
2472 2012 2580 2079 die
2625 2012 2933 2101 vigesima
2991 2018 3257 2103 Septem
3304 2017 3392 2083 ris

1811 2100 1984 2166 Missa
2032 2100 2348 2169 Solemnis
2394 2100 2763 2168 celebretur
2804 2122 2924 2189 pro
2976 2102 3063 2168 ria
3094 2105 3176 2171 de
3212 2109 3393 2172 Beata

1812 2188 1995 2256 Maria
2044 2189 2305 2275 Virgine
2351 2189 2469 2254 sub
2502 2188 2688 2255 titulo
2720 2192 2919 2258 Humi
2947 2194 3165 2274 itatis,
3201 2194 3393 2260 etiam

1810 2277 1862 2342 si
1917 2287 2209 2345 occurrat
2271 2277 2444 2344 aliud
2503 2277 2791 2344 Officium
2853 2279 3013 2346 ritus
3076 2280 3387 2370 duplicis3

1811 2364 2177 2450 quaeritur:
2227 2368 2323 2434 An
2369 2376 2750 2433 occurrente
2796 2367 3122 2454 praedicta
3167 2369 3276 2438 die
3306 2372 3390 2439 20

1811 2455 2207 2542 Septembris
2264 2472 2414 2521 cum
2464 2454 2682 2521 Officio
2743 2458 3005 2543 Septem
3084 2458 3392 2526 Dolorum

1812 2548 2039 2610 Beatae
2112 2543 2336 2610 Mariae
2397 2542 2677 2629 Virginis
2729 2554 2836 2610 aut
2880 2563 3029 2612 cum
3092 2545 3228 2612 eius
3287 2545 3392 2615 die

1813 2644 2055 2716 octava,
2087 2632 2264 2699 Missa
2303 2649 2452 2699 cum
2482 2640 2670 2699 cantu
2702 2632 3013 2700 celebrari
3045 2633 3275 2701 debeat
3306 2636 3391 2703 de

1811 2721 2241 2801 Humilitate3
2280 2721 2383 2787 vel
2416 2719 2501 2787 de
2532 2723 2724 2788 Festo
2751 2723 3018 2809 Septem
3047 2723 3397 2791 Dolorum‘?

1941 2813 2007 2876 2.
2057 2813 2155 2876 An
2200 2816 2581 2876 occurrente
2628 2808 2733 2876 die
2768 2809 2953 2876 tertia
2981 2812 3269 2880 Octobris
3300 2812 3393 2899 (in

1810 2918 1931 2986 qua
1980 2917 2063 2963 ex
2107 2907 2478 2985 pervetusta
2524 2898 2988 2965 consuetudine
3033 2898 3396 2967 celebratur
3440 2904 3449 2915 “

1814 3006 1961 3054 cum
2006 2995 2195 3053 cantu
2241 2986 2417 3052 Missa
2447 2989 2674 3053 Beatae
2704 2987 2929 3053 Mariae
2961 2988 3239 3075 Virginis
3271 2995 3397 3060 Vo-

1812 3076 1934 3142 tiva
1980 3075 2065 3142 de
2116 3075 2435 3162 tempore)
2483 3092 2633 3140 cum
2677 3074 3094 3143 Solemnitate
3125 3078 3395 3146 Sanctis-

1810 3164 1951 3229 simi
1999 3162 2266 3247 Rosarii,
2298 3163 2474 3229 Missa
2508 3163 2829 3230 decantari
2861 3164 3093 3230 debeat
3124 3164 3209 3231 de
3242 3169 3390 3232 San-

1813 3250 2093 3319 ctissimo
2138 3252 2436 3331 Rosari03
2485 3252 2589 3318 vel
2639 3251 2859 3319 Votiva
2906 3251 2990 3317 de
3052 3252 3393 3353 tempore?

1944 3345 2009 3408 3.
2059 3342 2266 3419 Quum
2316 3339 2706 3428 Antiphonas
2750 3338 3022 3406 maiores
3053 3343 3221 3408 Sacri
3270 3342 3394 3409 Ad·

1813 3439 2045 3496 ventus
2111 3427 2560 3515 praeintonare
2617 3428 2863 3495 soleant
2921 3428 3251 3516 Digniores
3309 3431 3392 3498 de

1812 3520 2049 3600 Choro,
2097 3517 2463 3602 quaeritur:
2514 3519 2609 3583 An
2655 3517 2909 3602 quando
2969 3516 3247 3584 occurrit
3289 3519 3391 3587 Of·

1812 3606 2033 3674 ficium
2080 3605 2350 3689 Fetiale,
2400 3605 2464 3672 in
2512 3623 2639 3690 quo
2672 3606 3030 3693 Antiphone
3064 3606 3264 3673 maior
3298 3618 3390 3674 est

1810 3695 1920 3761 illa
1949 3693 2186 3760 Cantici
2222 3695 2619 3781 Magnificam
2655 3694 3081 3781 praeintonari
3121 3694 3255 3781 ipsa
3278 3696 3392 3763 de-

1814 3783 1959 3849 beat
2003 3782 2082 3848 ab
2125 3783 2328 3848 altero
2393 3802 2475 3849 ex
2528 3782 2933 3878 Dignioribus
2992 3784 3165 3849 iuxta
3222 3783 3390 3852 ordi·

1815 3887 1992 3951 nem;
2039 3872 2145 3938 vel
2193 3872 2270 3938 ab
2314 3868 2862 3938 Hebdomadario?

1944 3964 2027 4027 Et
2073 3962 2257 4027 Sacra
2304 3960 2566 4027 Rituum
2614 3959 3035 4061 Congregatio
3097 3958 3175 4028 ad
3222 3962 3392 4030 Vati·

1815 4047 2184 4116 canumsub
2211 4048 2602 4136 infrascripta
2626 4048 2733 4115 die
2758 4068 2823 4115 in
2840 4048 3166 4115 ordinario
3186 4052 3390 4117 Coetu

1816 4138 2195 4221 coadunata,
2258 4135 2552 4203 omnibus
2613 4146 2862 4203 mature
2927 4137 3264 4226 perpensis
3317 4158 3387 4204 ac

1817 4238 1992 4291 recte
2062 4223 2496 4303 consideratis,
2562 4223 3043 4291 rescribendum
3103 4224 3382 4292 censuit:

1945 4314 2042 4381 Ad
2095 4318 2153 4380 1.
2205 4334 2244 4377 ‹
2276 4316 2475 4379 Detur
2505 4316 2846 4379 Decretum
2876 4312 2940 4379 in
2973 4331 3095 4380 una
3124 4312 3385 4380 Babien.

1816 4401 1944 4470 diei
1974 4405 2058 4468 26
2091 4401 2353 4468 ianuarii
2393 4404 2557 4470 1793
2595 4399 2672 4468 ad
2705 4401 3059 4468 secundum
3091 4399 3383 4480 dubium

1813 4490 2157 4557 nimirum:
2206 4483 2661 4556 celebrandam
2716 4509 2856 4557 esse
2902 4488 3144 4556 Missam
3190 4490 3387 4556 Festi·

1814 4578 2022 4644 vitatis
2069 4589 2387 4665 tamquam
2431 4596 2559 4645 non
2604 4577 2893 4644 Votivam
2927 4599 2989 4643 ιν.

1946 4666 2043 4732 Ad
2091 4670 2158 4732 2.
2206 4688 2244 4731 ι
2278 4665 2371 4732 Ut'
2404 4665 2467 4733 in
2511 4667 2925 4753 praecedenti
2958 4686 3021 4730 ν.

1945 4753 2043 4819 Ad
2092 4759 2155 4820 3.
2206 4776 2244 4819 ι
2278 4753 2482 4822 Etiam
2527 4773 2655 4821 non
2702 4756 2993 4821 obstante
3051 4765 3386 4822 consuetu-

1815 4841 1992 4925 dine,
2039 4839 2105 4907 in
2148 4861 2295 4909 casu
2342 4843 2423 4908 de
2467 4860 2597 4927 quo
2656 4842 2897 4928 agitur,
2959 4843 3384 4930 Antiphonem

1816 4931 2372 5018 praeintonandam
2405 4948 2544 4996 esse
2574 4930 2653 4997 ab
2682 4928 3181 4998 Hebdomadario
3211 4931 3385 4999 iuxta

1813 5019 2280 5106 praescriptum
2322 5038 2354 5082 a
2409 5017 2863 5085 caeremoniali
2924 5018 3384 5107 Episcoporum

1813 5107 1925 5175 lib.
1957 5112 2029 5188 2,
2060 5126 2199 5194 cap.
2229 5110 2295 5191 3,
2331 5108 2368 5191 9
2408 5110 2517 5194 10,
2570 5119 2633 5175 et
2683 5107 2877 5173 detur
2929 5111 3268 5175 Decretum
3317 5110 3382 5177 in

1809 5216 1931 5265 una
1979 5196 2276 5283 Tropien.
2328 5195 2438 5263 die
2466 5199 2551 5263 24
2583 5195 2981 5283 Septembris
3030 5199 3196 5264 1606
3228 5218 3291 5263 ».

1940 5289 2151 5371 Atque
2197 5284 2279 5352 ita
2325 5283 2673 5371 rescripsit,
2722 5293 2787 5352 et
2816 5285 3196 5352 servandum
3244 5305 3383 5353 esse

1812 5373 2156 5442 mandavit.
2203 5374 2317 5441 Die
2371 5377 2448 5441 12
2496 5372 2868 5443 Novembris
2922 5378 3109 5441 1831.
