<?xml version="1.0" encoding="UTF-8"?>
<!DOCTYPE html PUBLIC "-//W3C//DTD XHTML 1.0 Transitional//EN"
    "http://www.w3.org/TR/xhtml1/DTD/xhtml1-transitional.dtd">
<html xmlns="http://www.w3.org/1999/xhtml" xml:lang="en" lang="en">
 <head>
  <title>
</title>
<meta http-equiv="Content-Type" content="text/html;charset=utf-8" />
  <meta name='ocr-system' content='tesseract 3.04.00' />
  <meta name='ocr-capabilities' content='ocr_page ocr_carea ocr_par ocr_line ocrx_word'/>
</head>
<body>
  <div class='ocr_page' id='page_1' title='image "./decretaauthenti00ritugoog_0173.png"; bbox 0 0 4042 5950; ppageno 0'>
   <div class='ocr_carea' id='block_1_1' title="bbox 1551 284 2021 361">
    <p class='ocr_par' dir='ltr' id='par_1_1' title="bbox 1551 284 2021 361">
     <span class='ocr_line' id='line_1_1' title="bbox 1551 284 2021 361; baseline 0 0"><span class='ocrx_word' id='word_1_1' title='bbox 1551 284 2021 361; x_wconf 85' lang='lat'><strong>—139—</strong></span> 
     </span>
    </p>
   </div>
   <div class='ocr_carea' id='block_1_2' title="bbox 60 438 1730 964">
    <p class='ocr_par' dir='ltr' id='par_1_2' title="bbox 60 438 1730 964">
     <span class='ocr_line' id='line_1_2' title="bbox 177 438 1374 507; baseline -0.002 -1"><span class='ocrx_word' id='word_1_2' title='bbox 177 451 202 494; x_wconf 74' lang='lat'><strong><em>⁴</em></strong></span> <span class='ocrx_word' id='word_1_3' title='bbox 267 439 360 507; x_wconf 78' lang='lat' dir='ltr'><strong>Ad</strong></span> <span class='ocrx_word' id='word_1_4' title='bbox 414 444 482 507; x_wconf 75' lang='lat'><strong>4.</strong></span> <span class='ocrx_word' id='word_1_5' title='bbox 532 461 571 504; x_wconf 65' lang='grc' dir='ltr'><strong>ι</strong></span> <span class='ocrx_word' id='word_1_6' title='bbox 603 438 933 505; x_wconf 86' lang='lat' dir='ltr'><strong>Provisum</strong></span> <span class='ocrx_word' id='word_1_7' title='bbox 983 439 1047 503; x_wconf 90' lang='lat' dir='ltr'><strong>in</strong></span> <span class='ocrx_word' id='word_1_8' title='bbox 1093 439 1374 505; x_wconf 81' lang='lat' dir='ltr'><strong>tertio».</strong></span> 
     </span>
     <span class='ocr_line' id='line_1_3' title="bbox 62 523 1728 613; baseline 0 -20"><span class='ocrx_word' id='word_1_9' title='bbox 62 523 106 584; x_wconf 76' lang='grc' dir='ltr'><strong>Ι.</strong></span> <span class='ocrx_word' id='word_1_10' title='bbox 263 529 360 595; x_wconf 71' lang='lat' dir='ltr'><strong>Ad</strong></span> <span class='ocrx_word' id='word_1_11' title='bbox 411 533 478 593; x_wconf 75' lang='grc' dir='ltr'><strong>δ.</strong></span> <span class='ocrx_word' id='word_1_12' title='bbox 532 549 571 592; x_wconf 65' lang='lat'><strong>⁴</strong></span> <span class='ocrx_word' id='word_1_13' title='bbox 605 531 911 595; x_wconf 87' lang='lat' dir='ltr'><strong>Servetur</strong></span> <span class='ocrx_word' id='word_1_14' title='bbox 957 525 1323 598; x_wconf 73' lang='lat' dir='ltr'><strong>distributio</strong></span> <span class='ocrx_word' id='word_1_15' title='bbox 1370 533 1728 613; x_wconf 82' lang='lat' dir='ltr'><strong>Festorum,</strong></span> 
     </span>
     <span class='ocr_line' id='line_1_4' title="bbox 179 614 1730 703; baseline -0.003 -17"><span class='ocrx_word' id='word_1_16' title='bbox 179 629 306 686; x_wconf 79' lang='lat' dir='ltr'><strong>ma</strong></span> <span class='ocrx_word' id='word_1_17' title='bbox 353 626 590 682; x_wconf 88' lang='lat' dir='ltr'><strong>statuta</strong></span> <span class='ocrx_word' id='word_1_18' title='bbox 639 616 1006 703; x_wconf 87' lang='lat' dir='ltr'><strong>Ecclesiae;</strong></span> <span class='ocrx_word' id='word_1_19' title='bbox 1073 616 1138 681; x_wconf 90' lang='lat' dir='ltr'><strong>in</strong></span> <span class='ocrx_word' id='word_1_20' title='bbox 1200 614 1466 700; x_wconf 88' lang='lat' dir='ltr'><strong>reliquis</strong></span> <span class='ocrx_word' id='word_1_21' title='bbox 1519 617 1730 703; x_wconf 89' lang='lat' dir='ltr'><strong>provi-</strong></span> 
     </span>
     <span class='ocr_line' id='line_1_5' title="bbox 60 688 735 774; baseline -0.007 0"><span class='ocrx_word' id='word_1_22' title='bbox 60 688 270 774; x_wconf 60' lang='lat' dir='ltr'><strong>W-‘tm</strong></span> <span class='ocrx_word' id='word_1_23' title='bbox 319 704 385 770; x_wconf 90' lang='lat' dir='ltr'><strong>in</strong></span> <span class='ocrx_word' id='word_1_24' title='bbox 439 704 634 770; x_wconf 86' lang='lat' dir='ltr'><strong>tertio</strong></span> <span class='ocrx_word' id='word_1_25' title='bbox 669 726 735 769; x_wconf 66' lang='grc' dir='ltr'><strong>ιν.</strong></span> 
     </span>
     <span class='ocr_line' id='line_1_6' title="bbox 61 778 1730 878; baseline 0.001 -21"><span class='ocrx_word' id='word_1_26' title='bbox 61 787 94 832; x_wconf 66' lang='lat' dir='ltr'>m</span> <span class='ocrx_word' id='word_1_27' title='bbox 121 778 192 842; x_wconf 50' lang='lat' dir='ltr'><strong>f*</strong></span> <span class='ocrx_word' id='word_1_28' title='bbox 267 796 345 857; x_wconf 87' lang='lat' dir='ltr'><strong>Et</strong></span> <span class='ocrx_word' id='word_1_29' title='bbox 380 795 464 857; x_wconf 90' lang='lat' dir='ltr'><strong>ita</strong></span> <span class='ocrx_word' id='word_1_30' title='bbox 501 791 639 857; x_wconf 80' lang='lat' dir='ltr'><strong>Emi</strong></span> <span class='ocrx_word' id='word_1_31' title='bbox 680 794 891 857; x_wconf 88' lang='lat' dir='ltr'><strong>Patres</strong></span> <span class='ocrx_word' id='word_1_32' title='bbox 926 791 1203 858; x_wconf 89' lang='lat' dir='ltr'><strong>unanimi</strong></span> <span class='ocrx_word' id='word_1_33' title='bbox 1249 792 1550 878; x_wconf 78' lang='lat' dir='ltr'><strong>suffragio</strong></span> <span class='ocrx_word' id='word_1_34' title='bbox 1585 813 1730 858; x_wconf 90' lang='lat' dir='ltr'><strong>cen-</strong></span> 
     </span>
     <span class='ocr_line' id='line_1_7' title="bbox 61 878 1726 964; baseline -0.002 -15"><span class='ocrx_word' id='word_1_35' title='bbox 61 880 430 964; x_wconf 53' lang='lat' dir='ltr'><strong>Quorum,</strong></span> <span class='ocrx_word' id='word_1_36' title='bbox 481 880 891 947; x_wconf 82' lang='lat' dir='ltr'><strong>declararunt</strong></span> <span class='ocrx_word' id='word_1_37' title='bbox 938 890 1003 944; x_wconf 85' lang='lat' dir='ltr'><strong>et</strong></span> <span class='ocrx_word' id='word_1_38' title='bbox 1048 878 1287 945; x_wconf 86' lang='lat' dir='ltr'><strong>servari</strong></span> <span class='ocrx_word' id='word_1_39' title='bbox 1323 882 1726 947; x_wconf 87' lang='lat' dir='ltr'><strong>mandarunt.</strong></span> 
     </span>
    </p>
   </div>
   <div class='ocr_carea' id='block_1_3' title="bbox 61 967 822 1110">
    <p class='ocr_par' dir='ltr' id='par_1_3' title="bbox 61 967 822 1110">
     <span class='ocr_line' id='line_1_8' title="bbox 61 967 822 1110; baseline 0.013 -85"><span class='ocrx_word' id='word_1_40' title='bbox 61 967 244 1110; x_wconf 51' lang='grc' dir='ltr'><strong>ῑὲῖῗξε</strong></span> <span class='ocrx_word' id='word_1_41' title='bbox 300 972 380 1035; x_wconf 76' lang='lat'><strong>12</strong></span> <span class='ocrx_word' id='word_1_42' title='bbox 429 968 575 1034; x_wconf 82' lang='lat' dir='ltr'><strong>tulii</strong></span> <span class='ocrx_word' id='word_1_43' title='bbox 631 972 822 1035; x_wconf 81' lang='lat'><strong>1777.</strong></span> 
     </span>
    </p>
   </div>
   <div class='ocr_carea' id='block_1_4' title="bbox 61 1097 1726 1374">
    <p class='ocr_par' dir='ltr' id='par_1_4' title="bbox 61 1097 1726 1374">
     <span class='ocr_line' id='line_1_9' title="bbox 61 1097 1726 1230; baseline 0 -20"><span class='ocrx_word' id='word_1_44' title='bbox 61 1145 159 1210; x_wconf 56' lang='lat' dir='ltr'><strong>*mu</strong></span> <span class='ocrx_word' id='word_1_45' title='bbox 255 1145 399 1214; x_wconf 77' lang='lat'><strong>07.</strong></span> <span class='ocrx_word' id='word_1_46' title='bbox 730 1146 1147 1212; x_wconf 70' lang='lat' dir='ltr'><strong>vasionen.</strong></span> <span class='ocrx_word' id='word_1_47' title='bbox 1501 1097 1726 1230; x_wconf 63' lang='lat'>(43⁸4)</span> 
     </span>
     <span class='ocr_line' id='line_1_10' title="bbox 61 1235 1350 1374; baseline 0 -59"><span class='ocrx_word' id='word_1_48' title='bbox 61 1235 186 1374; x_wconf 50' lang='lat' dir='ltr'><strong>ffi‘.</strong></span> <span class='ocrx_word' id='word_1_49' title='bbox 515 1249 1350 1316; x_wconf 61' lang='lat' dir='ltr'><strong>raansmuuriannu.</strong></span> 
     </span>
    </p>
   </div>
   <div class='ocr_carea' id='block_1_5' title="bbox 60 1397 1731 2899">
    <p class='ocr_par' dir='ltr' id='par_1_5' title="bbox 60 1397 1731 2899">
     <span class='ocr_line' id='line_1_11' title="bbox 61 1397 1726 1495; baseline -0.001 -21"><span class='ocrx_word' id='word_1_50' title='bbox 61 1397 178 1456; x_wconf 56' lang='grc' dir='ltr'><strong>Μ·</strong></span> <span class='ocrx_word' id='word_1_51' title='bbox 261 1411 479 1495; x_wconf 87' lang='lat' dir='ltr'><strong>Super</strong></span> <span class='ocrx_word' id='word_1_52' title='bbox 539 1407 978 1492; x_wconf 75' lang='lat' dir='ltr'><strong>exequutione</strong></span> <span class='ocrx_word' id='word_1_53' title='bbox 1041 1408 1504 1472; x_wconf 75' lang='lat' dir='ltr'><strong>resolutionum</strong></span> <span class='ocrx_word' id='word_1_54' title='bbox 1554 1407 1726 1474; x_wconf 88' lang='lat' dir='ltr'><strong>data·</strong></span> 
     </span>
     <span class='ocr_line' id='line_1_12' title="bbox 61 1483 1728 1580; baseline -0.002 -16"><span class='ocrx_word' id='word_1_55' title='bbox 61 1483 272 1564; x_wconf 54' lang='lat' dir='ltr'><strong>tesam</strong></span> <span class='ocrx_word' id='word_1_56' title='bbox 316 1495 444 1560; x_wconf 76' lang='lat' dir='ltr'><strong>sub</strong></span> <span class='ocrx_word' id='word_1_57' title='bbox 489 1494 601 1562; x_wconf 81' lang='lat' dir='ltr'><strong>die</strong></span> <span class='ocrx_word' id='word_1_58' title='bbox 655 1499 732 1561; x_wconf 75' lang='lat'><strong>12</strong></span> <span class='ocrx_word' id='word_1_59' title='bbox 767 1495 903 1561; x_wconf 73' lang='lat' dir='ltr'><strong>{uui</strong></span> <span class='ocrx_word' id='word_1_60' title='bbox 943 1498 1135 1578; x_wconf 76' lang='lat'><strong>1777,</strong></span> <span class='ocrx_word' id='word_1_61' title='bbox 1173 1495 1338 1561; x_wconf 74' lang='lat' dir='ltr'><strong>inter</strong></span> <span class='ocrx_word' id='word_1_62' title='bbox 1378 1494 1728 1580; x_wconf 71' lang='lat' dir='ltr'><strong>nignitaies</strong></span> 
     </span>
     <span class='ocr_line' id='line_1_13' title="bbox 115 1582 1730 1666; baseline -0.003 -14"><span class='ocrx_word' id='word_1_63' title='bbox 115 1601 244 1666; x_wconf 49' lang='lat' dir='ltr'><strong>‚teu</strong></span> <span class='ocrx_word' id='word_1_64' title='bbox 297 1587 684 1649; x_wconf 77' lang='lat' dir='ltr'><strong>Pet-senatus</strong></span> <span class='ocrx_word' id='word_1_65' title='bbox 735 1592 799 1648; x_wconf 90' lang='lat' dir='ltr'><strong>et</strong></span> <span class='ocrx_word' id='word_1_66' title='bbox 854 1582 1201 1650; x_wconf 87' lang='lat' dir='ltr'><strong>canonicos</strong></span> <span class='ocrx_word' id='word_1_67' title='bbox 1251 1583 1574 1649; x_wconf 80' lang='lat' dir='ltr'><strong>Ecclesiae</strong></span> <span class='ocrx_word' id='word_1_68' title='bbox 1618 1587 1730 1650; x_wconf 88' lang='lat' dir='ltr'><strong>ca-</strong></span> 
     </span>
     <span class='ocr_line' id='line_1_14' title="bbox 207 1671 1728 1753; baseline 0 -17"><span class='ocrx_word' id='word_1_69' title='bbox 207 1671 444 1738; x_wconf 80' lang='lat' dir='ltr'><strong>edi-alis</strong></span> <span class='ocrx_word' id='word_1_70' title='bbox 495 1671 868 1753; x_wconf 80' lang='lat' dir='ltr'><strong>Vasionen.,</strong></span> <span class='ocrx_word' id='word_1_71' title='bbox 918 1675 1205 1738; x_wconf 87' lang='lat' dir='ltr'><strong>Ponente</strong></span> <span class='ocrx_word' id='word_1_72' title='bbox 1252 1675 1408 1736; x_wconf 79' lang='lat' dir='ltr'><strong>Eme</strong></span> <span class='ocrx_word' id='word_1_73' title='bbox 1458 1681 1522 1736; x_wconf 91' lang='lat' dir='ltr'><strong>et</strong></span> <span class='ocrx_word' id='word_1_74' title='bbox 1570 1675 1728 1738; x_wconf 77' lang='lat' dir='ltr'><strong>Rmo</strong></span> 
     </span>
     <span class='ocr_line' id='line_1_15' title="bbox 61 1749 1728 1827; baseline 0.001 -3"><span class='ocrx_word' id='word_1_75' title='bbox 61 1775 68 1812; x_wconf 85' lang='lat'><em>1</em></span> <span class='ocrx_word' id='word_1_76' title='bbox 103 1749 121 1812; x_wconf 62' lang='lat' dir='ltr'><strong>l</strong></span> <span class='ocrx_word' id='word_1_77' title='bbox 225 1778 311 1824; x_wconf 91' lang='lat' dir='ltr'><strong>m.</strong></span> <span class='ocrx_word' id='word_1_78' title='bbox 350 1761 549 1827; x_wconf 85' lang='lat' dir='ltr'><strong>card.</strong></span> <span class='ocrx_word' id='word_1_79' title='bbox 587 1759 933 1825; x_wconf 74' lang='lat' dir='ltr'><strong>Marefusco</strong></span> <span class='ocrx_word' id='word_1_80' title='bbox 965 1763 1031 1827; x_wconf 89' lang='lat' dir='ltr'><strong>S.</strong></span> <span class='ocrx_word' id='word_1_81' title='bbox 1059 1763 1134 1825; x_wconf 83' lang='lat' dir='ltr'><strong>R.</strong></span> <span class='ocrx_word' id='word_1_82' title='bbox 1162 1763 1233 1825; x_wconf 90' lang='lat' dir='ltr'><strong>c.</strong></span> <span class='ocrx_word' id='word_1_83' title='bbox 1271 1757 1594 1824; x_wconf 75' lang='lat' dir='ltr'><strong>Praefecto</strong></span> <span class='ocrx_word' id='word_1_84' title='bbox 1628 1779 1728 1825; x_wconf 90' lang='lat' dir='ltr'><strong>re-</strong></span> 
     </span>
     <span class='ocr_line' id='line_1_16' title="bbox 60 1846 1726 1933; baseline -0.001 -21"><span class='ocrx_word' id='word_1_85' title='bbox 60 1857 144 1901; x_wconf 57' lang='grc' dir='ltr'><strong>]Ξά</strong></span> <span class='ocrx_word' id='word_1_86' title='bbox 247 1866 437 1913; x_wconf 87' lang='lat' dir='ltr'><strong>nsum</strong></span> <span class='ocrx_word' id='word_1_87' title='bbox 477 1846 631 1913; x_wconf 86' lang='lat' dir='ltr'><strong>fuit:</strong></span> <span class='ocrx_word' id='word_1_88' title='bbox 666 1867 705 1910; x_wconf 65' lang='grc' dir='ltr'><strong><em>ο</em></strong></span> <span class='ocrx_word' id='word_1_89' title='bbox 731 1847 828 1912; x_wconf 84' lang='lat' dir='ltr'><strong>Ad</strong></span> <span class='ocrx_word' id='word_1_90' title='bbox 861 1858 1146 1913; x_wconf 85' lang='lat' dir='ltr'><strong>mentem</strong></span> <span class='ocrx_word' id='word_1_91' title='bbox 1174 1869 1246 1933; x_wconf 78' lang='lat'><strong>»3</strong></span> <span class='ocrx_word' id='word_1_92' title='bbox 1283 1857 1348 1912; x_wconf 89' lang='lat' dir='ltr'><strong>et</strong></span> <span class='ocrx_word' id='word_1_93' title='bbox 1381 1865 1563 1912; x_wconf 90' lang='lat' dir='ltr'><strong>mens</strong></span> <span class='ocrx_word' id='word_1_94' title='bbox 1598 1858 1726 1913; x_wconf 90' lang='lat' dir='ltr'><strong>est:</strong></span> 
     </span>
     <span class='ocr_line' id='line_1_17' title="bbox 209 1933 1727 2020; baseline 0.001 -22"><span class='ocrx_word' id='word_1_95' title='bbox 209 1945 271 2000; x_wconf 91' lang='lat' dir='ltr'><strong>ut</strong></span> <span class='ocrx_word' id='word_1_96' title='bbox 316 1945 730 2020; x_wconf 77' lang='lat' dir='ltr'><strong>exequantur</strong></span> <span class='ocrx_word' id='word_1_97' title='bbox 778 1933 1228 2020; x_wconf 72' lang='lat' dir='ltr'><strong>resolutiones»,</strong></span> <span class='ocrx_word' id='word_1_98' title='bbox 1273 1935 1446 2000; x_wconf 83' lang='lat' dir='ltr'><strong>iuxta</strong></span> <span class='ocrx_word' id='word_1_99' title='bbox 1494 1934 1727 2000; x_wconf 89' lang='lat' dir='ltr'><strong>instru-</strong></span> 
     </span>
     <span class='ocr_line' id='line_1_18' title="bbox 95 2021 1731 2104; baseline 0 -18"><span class='ocrx_word' id='word_1_100' title='bbox 95 2043 110 2075; x_wconf 63' lang='grc' dir='ltr'><strong>τ</strong></span> <span class='ocrx_word' id='word_1_101' title='bbox 205 2021 412 2087; x_wconf 88' lang='lat' dir='ltr'><strong>&#39;onem</strong></span> <span class='ocrx_word' id='word_1_102' title='bbox 462 2021 742 2088; x_wconf 87' lang='lat' dir='ltr'><strong>dandam</strong></span> <span class='ocrx_word' id='word_1_103' title='bbox 789 2022 865 2087; x_wconf 86' lang='lat' dir='ltr'><strong>ab</strong></span> <span class='ocrx_word' id='word_1_104' title='bbox 912 2027 1072 2089; x_wconf 81' lang='lat' dir='ltr'><strong>Emo</strong></span> <span class='ocrx_word' id='word_1_105' title='bbox 1118 2023 1472 2104; x_wconf 77' lang='lat' dir='ltr'><strong>Praefecto,</strong></span> <span class='ocrx_word' id='word_1_106' title='bbox 1513 2022 1731 2089; x_wconf 84' lang='lat' dir='ltr'><strong>audito</strong></span> 
     </span>
     <span class='ocr_line' id='line_1_19' title="bbox 71 2107 1728 2198; baseline 0.002 -26"><span class='ocrx_word' id='word_1_107' title='bbox 71 2123 98 2198; x_wconf 63' lang='lat' dir='ltr'><em>j</em></span> <span class='ocrx_word' id='word_1_108' title='bbox 199 2111 341 2195; x_wconf 87' lang='lat' dir='ltr'><strong>iquo</strong></span> <span class='ocrx_word' id='word_1_109' title='bbox 377 2129 463 2175; x_wconf 81' lang='lat' dir='ltr'><strong>ex</strong></span> <span class='ocrx_word' id='word_1_110' title='bbox 491 2107 798 2195; x_wconf 65' lang='lat' dir='ltr'><strong>magistris</strong></span> <span class='ocrx_word' id='word_1_111' title='bbox 822 2110 1405 2193; x_wconf 87' lang='lat' dir='ltr'><strong>caeremoniarum,</strong></span> <span class='ocrx_word' id='word_1_112' title='bbox 1435 2120 1500 2175; x_wconf 88' lang='lat' dir='ltr'><strong>et</strong></span> <span class='ocrx_word' id='word_1_113' title='bbox 1532 2122 1728 2176; x_wconf 84' lang='lat' dir='ltr'><strong>trans-</strong></span> 
     </span>
     <span class='ocr_line' id='line_1_20' title="bbox 60 2195 1727 2352; baseline 0.001 -91"><span class='ocrx_word' id='word_1_114' title='bbox 60 2195 517 2352; x_wconf 51' lang='lat' dir='ltr'><strong>rtffltiuendam</strong></span> <span class='ocrx_word' id='word_1_115' title='bbox 579 2199 658 2264; x_wconf 88' lang='lat' dir='ltr'><strong>ad</strong></span> <span class='ocrx_word' id='word_1_116' title='bbox 720 2198 1107 2285; x_wconf 82' lang='lat' dir='ltr'><strong>Episcopum</strong></span> <span class='ocrx_word' id='word_1_117' title='bbox 1179 2218 1296 2286; x_wconf 87' lang='lat' dir='ltr'><strong>pro</strong></span> <span class='ocrx_word' id='word_1_118' title='bbox 1362 2197 1727 2266; x_wconf 88' lang='lat' dir='ltr'><strong>omnimoda</strong></span> 
     </span>
     <span class='ocr_line' id='line_1_21' title="bbox 60 2286 1728 2374; baseline 0.001 -26"><span class='ocrx_word' id='word_1_119' title='bbox 60 2295 121 2344; x_wconf 73' lang='grc' dir='ltr'><strong>ιιι·</strong></span> <span class='ocrx_word' id='word_1_120' title='bbox 183 2288 548 2370; x_wconf 62' lang='lat' dir='ltr'><strong>secutione,</strong></span> <span class='ocrx_word' id='word_1_121' title='bbox 588 2286 780 2350; x_wconf 90' lang='lat' dir='ltr'><strong>etiam</strong></span> <span class='ocrx_word' id='word_1_122' title='bbox 814 2288 1025 2372; x_wconf 86' lang='lat' dir='ltr'><strong>quoad</strong></span> <span class='ocrx_word' id='word_1_123' title='bbox 1059 2298 1460 2374; x_wconf 84' lang='lat' dir='ltr'><strong>praetensam</strong></span> <span class='ocrx_word' id='word_1_124' title='bbox 1509 2286 1728 2353; x_wconf 83' lang='lat' dir='ltr'><strong>exclu-</strong></span> 
     </span>
     <span class='ocr_line' id='line_1_22' title="bbox 63 2370 1727 2526; baseline 0.004 -94"><span class='ocrx_word' id='word_1_125' title='bbox 63 2370 379 2526; x_wconf 55' lang='lat' dir='ltr'><strong>eag‘onem</strong></span> <span class='ocrx_word' id='word_1_126' title='bbox 425 2373 891 2440; x_wconf 85' lang='lat' dir='ltr'><strong>Canonicorum</strong></span> <span class='ocrx_word' id='word_1_127' title='bbox 946 2373 1022 2440; x_wconf 92' lang='lat' dir='ltr'><strong>ab</strong></span> <span class='ocrx_word' id='word_1_128' title='bbox 1068 2374 1414 2441; x_wconf 82' lang='lat' dir='ltr'><strong>assistentia</strong></span> <span class='ocrx_word' id='word_1_129' title='bbox 1473 2374 1727 2474; x_wconf 83' lang='lat' dir='ltr'><strong>propria</strong></span> 
     </span>
     <span class='ocr_line' id='line_1_23' title="bbox 61 2460 1724 2554; baseline 0.002 -31"><span class='ocrx_word' id='word_1_130' title='bbox 61 2464 144 2519; x_wconf 61' lang='lat' dir='ltr'><strong>‘eze&#39;</strong></span> <span class='ocrx_word' id='word_1_131' title='bbox 199 2460 571 2527; x_wconf 74' lang='lat' dir='ltr'><strong>inisti-orum</strong></span> <span class='ocrx_word' id='word_1_132' title='bbox 626 2479 771 2526; x_wconf 90' lang='lat' dir='ltr'><strong>cum</strong></span> <span class='ocrx_word' id='word_1_133' title='bbox 829 2463 1213 2548; x_wconf 87' lang='lat' dir='ltr'><strong>paramentis</strong></span> <span class='ocrx_word' id='word_1_134' title='bbox 1257 2482 1372 2528; x_wconf 87' lang='lat' dir='ltr'><strong>seu</strong></span> <span class='ocrx_word' id='word_1_135' title='bbox 1430 2462 1724 2554; x_wconf 80' lang='lat' dir='ltr'><strong>pluviali-</strong></span> 
     </span>
     <span class='ocr_line' id='line_1_24' title="bbox 60 2541 1501 2636; baseline 0.005 -26"><span class='ocrx_word' id='word_1_136' title='bbox 60 2541 284 2626; x_wconf 47' lang='lat' dir='ltr'><strong>mitum</strong></span> <span class='ocrx_word' id='word_1_137' title='bbox 333 2561 405 2614; x_wconf 88' lang='lat' dir='ltr'><strong>et</strong></span> <span class='ocrx_word' id='word_1_138' title='bbox 452 2547 820 2636; x_wconf 83' lang='lat' dir='ltr'><strong>amplius».</strong></span> <span class='ocrx_word' id='word_1_139' title='bbox 869 2551 983 2616; x_wconf 91' lang='lat' dir='ltr'><strong>Die</strong></span> <span class='ocrx_word' id='word_1_140' title='bbox 1029 2555 1068 2617; x_wconf 83' lang='lat'><strong>3</strong></span> <span class='ocrx_word' id='word_1_141' title='bbox 1115 2552 1253 2617; x_wconf 84' lang='lat' dir='ltr'><strong>Iulii</strong></span> <span class='ocrx_word' id='word_1_142' title='bbox 1313 2555 1501 2619; x_wconf 78' lang='lat'><strong>1779.</strong></span> 
     </span>
     <span class='ocr_line' id='line_1_25' title="bbox 60 2637 1725 2725; baseline 0.002 -27"><span class='ocrx_word' id='word_1_143' title='bbox 60 2643 142 2698; x_wconf 61' lang='grc' dir='ltr'><strong>ιιιι·</strong></span> <span class='ocrx_word' id='word_1_144' title='bbox 259 2640 382 2701; x_wconf 86' lang='lat' dir='ltr'><strong>Pro</strong></span> <span class='ocrx_word' id='word_1_145' title='bbox 429 2639 865 2723; x_wconf 78' lang='lat' dir='ltr'><strong>exequutione</strong></span> <span class='ocrx_word' id='word_1_146' title='bbox 912 2639 1173 2724; x_wconf 85' lang='lat' dir='ltr'><strong>quidem</strong></span> <span class='ocrx_word' id='word_1_147' title='bbox 1214 2637 1402 2705; x_wconf 87' lang='lat' dir='ltr'><strong>buius</strong></span> <span class='ocrx_word' id='word_1_148' title='bbox 1435 2638 1725 2725; x_wconf 83' lang='lat' dir='ltr'><strong>rescripti</strong></span> 
     </span>
     <span class='ocr_line' id='line_1_26' title="bbox 61 2724 1729 2812; baseline 0 -20"><span class='ocrx_word' id='word_1_149' title='bbox 61 2742 99 2784; x_wconf 56' lang='grc' dir='ltr'><strong>ψ’</strong></span> <span class='ocrx_word' id='word_1_150' title='bbox 121 2736 392 2810; x_wconf 55' lang='lat' dir='ltr'><strong>{rogatus</strong></span> <span class='ocrx_word' id='word_1_151' title='bbox 424 2724 546 2790; x_wconf 90' lang='lat' dir='ltr'><strong>fuit</strong></span> <span class='ocrx_word' id='word_1_152' title='bbox 569 2725 735 2791; x_wconf 88' lang='lat' dir='ltr'><strong>alter</strong></span> <span class='ocrx_word' id='word_1_153' title='bbox 758 2745 839 2791; x_wconf 81' lang='lat' dir='ltr'><strong>ex</strong></span> <span class='ocrx_word' id='word_1_154' title='bbox 864 2727 1374 2812; x_wconf 81' lang='lat' dir='ltr'><strong>Apostolicarum</strong></span> <span class='ocrx_word' id='word_1_155' title='bbox 1398 2730 1729 2794; x_wconf 88' lang='lat' dir='ltr'><strong>caeremo-</strong></span> 
     </span>
     <span class='ocr_line' id='line_1_27' title="bbox 61 2810 1724 2899; baseline 0.001 -24"><span class='ocrx_word' id='word_1_156' title='bbox 61 2810 381 2877; x_wconf 50' lang='lat' dir='ltr'><strong>›iatuiarum</strong></span> <span class='ocrx_word' id='word_1_157' title='bbox 433 2813 768 2898; x_wconf 74' lang='lat' dir='ltr'><strong>Magistris,</strong></span> <span class='ocrx_word' id='word_1_158' title='bbox 803 2815 912 2899; x_wconf 88' lang='lat' dir='ltr'><strong>qui</strong></span> <span class='ocrx_word' id='word_1_159' title='bbox 952 2833 1139 2880; x_wconf 90' lang='lat' dir='ltr'><strong>suum</strong></span> <span class='ocrx_word' id='word_1_160' title='bbox 1170 2826 1391 2881; x_wconf 90' lang='lat' dir='ltr'><strong>votum</strong></span> <span class='ocrx_word' id='word_1_161' title='bbox 1425 2814 1724 2882; x_wconf 86' lang='lat' dir='ltr'><strong>confecit.</strong></span> 
     </span>
    </p>
   </div>
   <div class='ocr_carea' id='block_1_6' title="bbox 58 1976 209 2186">
    <p class='ocr_par' dir='ltr' id='par_1_6' title="bbox 58 1976 209 2186">
     <span class='ocr_line' id='line_1_28' title="bbox 58 1976 209 2186; baseline 0 0"><span class='ocrx_word' id='word_1_162' title='bbox 58 1976 209 2186; x_wconf 95' lang='lat' dir='ltr'><strong>  </strong></span> 
     </span>
    </p>
   </div>
   <div class='ocr_carea' id='block_1_7' title="bbox 60 2899 1760 2989">
    <p class='ocr_par' dir='ltr' id='par_1_7' title="bbox 60 2899 1760 2989">
     <span class='ocr_line' id='line_1_29' title="bbox 60 2899 1760 2989; baseline 0.004 -28"><span class='ocrx_word' id='word_1_163' title='bbox 60 2899 344 2982; x_wconf 55' lang='lat' dir='ltr'><strong>eps-Partes</strong></span> <span class='ocrx_word' id='word_1_164' title='bbox 394 2913 610 2966; x_wconf 89' lang='lat' dir='ltr'><strong>tamen</strong></span> <span class='ocrx_word' id='word_1_165' title='bbox 657 2919 788 2966; x_wconf 89' lang='lat' dir='ltr'><strong>non</strong></span> <span class='ocrx_word' id='word_1_166' title='bbox 832 2903 1319 2989; x_wconf 88' lang='lat' dir='ltr'><strong>acquieverunt,</strong></span> <span class='ocrx_word' id='word_1_167' title='bbox 1351 2904 1465 2969; x_wconf 88' lang='lat' dir='ltr'><strong>sed</strong></span> <span class='ocrx_word' id='word_1_168' title='bbox 1500 2920 1760 2969; x_wconf 86' lang='lat' dir='ltr'><strong>novam·</strong></span> 
     </span>
    </p>
   </div>
   <div class='ocr_carea' id='block_1_8' title="bbox 60 2987 1730 5467">
    <p class='ocr_par' dir='ltr' id='par_1_8' title="bbox 60 2987 1730 5467">
     <span class='ocr_line' id='line_1_30' title="bbox 60 2987 1730 3080; baseline 0.002 -29"><span class='ocrx_word' id='word_1_169' title='bbox 60 3012 75 3051; x_wconf 81' lang='lat' dir='ltr'><strong>r</strong></span> <span class='ocrx_word' id='word_1_170' title='bbox 105 3038 112 3043; x_wconf 89' lang='lat'><strong>.</strong></span> <span class='ocrx_word' id='word_1_171' title='bbox 153 2987 524 3055; x_wconf 85' lang='lat' dir='ltr'><strong>audientiam</strong></span> <span class='ocrx_word' id='word_1_172' title='bbox 559 2991 964 3077; x_wconf 89' lang='lat' dir='ltr'><strong>postularunt</strong></span> <span class='ocrx_word' id='word_1_173' title='bbox 997 2994 1059 3061; x_wconf 92' lang='lat' dir='ltr'><strong>in</strong></span> <span class='ocrx_word' id='word_1_174' title='bbox 1090 2993 1602 3080; x_wconf 74' lang='lat' dir='ltr'><strong>congregatione</strong></span> <span class='ocrx_word' id='word_1_175' title='bbox 1635 3011 1730 3056; x_wconf 88' lang='lat' dir='ltr'><strong>or-</strong></span> 
     </span>
     <span class='ocr_line' id='line_1_31' title="bbox 60 3074 1727 3168; baseline 0.004 -30"><span class='ocrx_word' id='word_1_176' title='bbox 60 3102 126 3149; x_wconf 68' lang='grc' dir='ltr'><strong>ι,</strong></span> <span class='ocrx_word' id='word_1_177' title='bbox 153 3074 397 3162; x_wconf 70' lang='lat' dir='ltr'><strong>diunt-ia,</strong></span> <span class='ocrx_word' id='word_1_178' title='bbox 427 3079 492 3145; x_wconf 90' lang='lat' dir='ltr'><strong>in</strong></span> <span class='ocrx_word' id='word_1_179' title='bbox 526 3098 650 3163; x_wconf 88' lang='lat' dir='ltr'><strong>qua</strong></span> <span class='ocrx_word' id='word_1_180' title='bbox 683 3081 1021 3148; x_wconf 86' lang='lat' dir='ltr'><strong>remissum</strong></span> <span class='ocrx_word' id='word_1_181' title='bbox 1055 3082 1177 3149; x_wconf 89' lang='lat' dir='ltr'><strong>fuit</strong></span> <span class='ocrx_word' id='word_1_182' title='bbox 1207 3082 1538 3168; x_wconf 74' lang='lat' dir='ltr'><strong>negotium</strong></span> <span class='ocrx_word' id='word_1_183' title='bbox 1572 3085 1727 3146; x_wconf 81' lang='lat' dir='ltr'><strong>Emo</strong></span> 
     </span>
     <span class='ocr_line' id='line_1_32' title="bbox 61 3171 1727 3256; baseline -0.001 -21"><span class='ocrx_word' id='word_1_184' title='bbox 61 3182 118 3223; x_wconf 49' lang='lat' dir='ltr'><strong>it»-</strong></span> <span class='ocrx_word' id='word_1_185' title='bbox 157 3183 208 3236; x_wconf 77' lang='lat' dir='ltr'><strong>et</strong></span> <span class='ocrx_word' id='word_1_186' title='bbox 247 3176 405 3239; x_wconf 73' lang='lat' dir='ltr'><strong>Rffio</strong></span> <span class='ocrx_word' id='word_1_187' title='bbox 442 3178 626 3240; x_wconf 91' lang='lat' dir='ltr'><strong>Dom.</strong></span> <span class='ocrx_word' id='word_1_188' title='bbox 661 3174 852 3239; x_wconf 91' lang='lat' dir='ltr'><strong>card.</strong></span> <span class='ocrx_word' id='word_1_189' title='bbox 886 3171 1210 3239; x_wconf 78' lang='lat' dir='ltr'><strong>Praefecto</strong></span> <span class='ocrx_word' id='word_1_190' title='bbox 1257 3171 1362 3256; x_wconf 91' lang='lat' dir='ltr'><strong>qui</strong></span> <span class='ocrx_word' id='word_1_191' title='bbox 1413 3189 1534 3236; x_wconf 87' lang='lat' dir='ltr'><strong>una</strong></span> <span class='ocrx_word' id='word_1_192' title='bbox 1580 3187 1727 3235; x_wconf 92' lang='lat' dir='ltr'><strong>cum</strong></span> 
     </span>
     <span class='ocr_line' id='line_1_33' title="bbox 155 3258 1724 3349; baseline -0.001 -23"><span class='ocrx_word' id='word_1_193' title='bbox 155 3264 216 3326; x_wconf 81' lang='lat' dir='ltr'><strong>R.</strong></span> <span class='ocrx_word' id='word_1_194' title='bbox 253 3264 318 3326; x_wconf 87' lang='lat' dir='ltr'><strong>P.</strong></span> <span class='ocrx_word' id='word_1_195' title='bbox 358 3266 431 3328; x_wconf 87' lang='lat' dir='ltr'><strong>D.</strong></span> <span class='ocrx_word' id='word_1_196' title='bbox 472 3265 842 3332; x_wconf 79' lang='lat' dir='ltr'><strong>Promotore</strong></span> <span class='ocrx_word' id='word_1_197' title='bbox 891 3259 1092 3346; x_wconf 82' lang='lat' dir='ltr'><strong>Fidei,</strong></span> <span class='ocrx_word' id='word_1_198' title='bbox 1142 3258 1372 3325; x_wconf 91' lang='lat' dir='ltr'><strong>auditis</strong></span> <span class='ocrx_word' id='word_1_199' title='bbox 1417 3261 1724 3349; x_wconf 77' lang='lat' dir='ltr'><strong>partibuS,</strong></span> 
     </span>
     <span class='ocr_line' id='line_1_34' title="bbox 155 3350 1728 3450; baseline 0.002 -37.774"><span class='ocrx_word' id='word_1_200' title='bbox 155 3368 270 3414; x_wconf 86' lang='lat' dir='ltr'><strong>rem</strong></span> <span class='ocrx_word' id='word_1_201' title='bbox 320 3360 785 3437; x_wconf 89' lang='lat' dir='ltr'><strong>componeret;</strong></span> <span class='ocrx_word' id='word_1_202' title='bbox 843 3350 1044 3415; x_wconf 91' lang='lat' dir='ltr'><strong>veluti</strong></span> <span class='ocrx_word' id='word_1_203' title='bbox 1092 3358 1267 3450; x_wconf 87' lang='lat' dir='ltr'><strong>patet</strong></span> <span class='ocrx_word' id='word_1_204' title='bbox 1329 3369 1408 3414; x_wconf 81' lang='lat' dir='ltr'><strong>ex</strong></span> <span class='ocrx_word' id='word_1_205' title='bbox 1454 3367 1728 3435; x_wconf 89' lang='lat' dir='ltr'><strong>sequen-</strong></span> 
     </span>
     <span class='ocr_line' id='line_1_35' title="bbox 61 3436 1727 3526; baseline 0.002 -26"><span class='ocrx_word' id='word_1_206' title='bbox 61 3452 88 3491; x_wconf 59' lang='grc' dir='ltr'><strong>ι</strong></span> <span class='ocrx_word' id='word_1_207' title='bbox 157 3437 300 3501; x_wconf 84' lang='lat' dir='ltr'><strong>tibus</strong></span> <span class='ocrx_word' id='word_1_208' title='bbox 348 3436 851 3504; x_wconf 79' lang='lat' dir='ltr'><strong>resolutionibus</strong></span> <span class='ocrx_word' id='word_1_209' title='bbox 881 3439 956 3504; x_wconf 87' lang='lat' dir='ltr'><strong>ad</strong></span> <span class='ocrx_word' id='word_1_210' title='bbox 989 3441 1374 3526; x_wconf 80' lang='lat' dir='ltr'><strong>Episcopum</strong></span> <span class='ocrx_word' id='word_1_211' title='bbox 1416 3436 1727 3503; x_wconf 85' lang='lat' dir='ltr'><strong>transmit-</strong></span> 
     </span>
     <span class='ocr_line' id='line_1_36' title="bbox 107 3525 367 3591; baseline 0.008 -2"><span class='ocrx_word' id='word_1_212' title='bbox 107 3584 108 3589; x_wconf 73' lang='grc'>,</span> <span class='ocrx_word' id='word_1_213' title='bbox 159 3525 367 3591; x_wconf 86' lang='lat' dir='ltr'><strong>tendis.</strong></span> 
     </span>
     <span class='ocr_line' id='line_1_37' title="bbox 263 3613 1721 3702; baseline 0.001 -23"><span class='ocrx_word' id='word_1_214' title='bbox 263 3614 577 3697; x_wconf 88' lang='lat' dir='ltr'><strong>Primum,</strong></span> <span class='ocrx_word' id='word_1_215' title='bbox 628 3615 800 3698; x_wconf 90' lang='lat' dir='ltr'><strong>quod</strong></span> <span class='ocrx_word' id='word_1_216' title='bbox 862 3613 1258 3702; x_wconf 88' lang='lat' dir='ltr'><strong>propositum</strong></span> <span class='ocrx_word' id='word_1_217' title='bbox 1329 3615 1533 3682; x_wconf 90' lang='lat' dir='ltr'><strong>fuerat</strong></span> <span class='ocrx_word' id='word_1_218' title='bbox 1602 3616 1721 3681; x_wconf 90' lang='lat' dir='ltr'><strong>du-</strong></span> 
     </span>
     <span class='ocr_line' id='line_1_38' title="bbox 61 3700 1720 3789; baseline 0.001 -24"><span class='ocrx_word' id='word_1_219' title='bbox 61 3712 84 3753; x_wconf 58' lang='lat'><em>2</em></span> <span class='ocrx_word' id='word_1_220' title='bbox 157 3700 342 3786; x_wconf 91' lang='lat' dir='ltr'><strong>bium,</strong></span> <span class='ocrx_word' id='word_1_221' title='bbox 393 3701 764 3768; x_wconf 78' lang='lat' dir='ltr'><strong>versabatur</strong></span> <span class='ocrx_word' id='word_1_222' title='bbox 832 3703 995 3768; x_wconf 89' lang='lat' dir='ltr'><strong>circa</strong></span> <span class='ocrx_word' id='word_1_223' title='bbox 1064 3702 1463 3769; x_wconf 82' lang='lat' dir='ltr'><strong>Festivitates</strong></span> <span class='ocrx_word' id='word_1_224' title='bbox 1531 3713 1720 3789; x_wconf 88' lang='lat' dir='ltr'><strong>atque</strong></span> 
     </span>
     <span class='ocr_line' id='line_1_39' title="bbox 69 3789 1722 3876; baseline 0.002 -24"><span class='ocrx_word' id='word_1_225' title='bbox 69 3818 75 3824; x_wconf 83' lang='lat'><em>·</em></span> <span class='ocrx_word' id='word_1_226' title='bbox 155 3789 515 3856; x_wconf 72' lang='lat' dir='ltr'><strong>Functiones</strong></span> <span class='ocrx_word' id='word_1_227' title='bbox 562 3792 625 3856; x_wconf 90' lang='lat' dir='ltr'><strong>in</strong></span> <span class='ocrx_word' id='word_1_228' title='bbox 670 3790 902 3876; x_wconf 88' lang='lat' dir='ltr'><strong>quibus</strong></span> <span class='ocrx_word' id='word_1_229' title='bbox 949 3791 1177 3857; x_wconf 85' lang='lat' dir='ltr'><strong>assumi</strong></span> <span class='ocrx_word' id='word_1_230' title='bbox 1243 3793 1484 3858; x_wconf 89' lang='lat' dir='ltr'><strong>debent</strong></span> <span class='ocrx_word' id='word_1_231' title='bbox 1544 3792 1722 3858; x_wconf 88' lang='lat' dir='ltr'><strong>nobi·</strong></span> 
     </span>
     <span class='ocr_line' id='line_1_40' title="bbox 155 3876 1721 3962; baseline 0.006 -25"><span class='ocrx_word' id='word_1_232' title='bbox 155 3876 289 3941; x_wconf 82' lang='lat' dir='ltr'><strong>liora</strong></span> <span class='ocrx_word' id='word_1_233' title='bbox 329 3898 502 3943; x_wconf 81' lang='lat' dir='ltr'><strong>sacra</strong></span> <span class='ocrx_word' id='word_1_234' title='bbox 549 3877 1023 3946; x_wconf 81' lang='lat' dir='ltr'><strong>celebrantium</strong></span> <span class='ocrx_word' id='word_1_235' title='bbox 1072 3878 1471 3962; x_wconf 86' lang='lat' dir='ltr'><strong>indumenta,</strong></span> <span class='ocrx_word' id='word_1_236' title='bbox 1510 3888 1574 3943; x_wconf 91' lang='lat' dir='ltr'><strong>et</strong></span> <span class='ocrx_word' id='word_1_237' title='bbox 1619 3882 1721 3946; x_wconf 86' lang='grc' dir='ltr'><strong>ΑΙ-</strong></span> 
     </span>
     <span class='ocr_line' id='line_1_41' title="bbox 81 3965 1717 4055; baseline 0.004 -26"><span class='ocrx_word' id='word_1_238' title='bbox 81 3982 94 4015; x_wconf 65' lang='lat'>&lt;</span> <span class='ocrx_word' id='word_1_239' title='bbox 154 3966 282 4030; x_wconf 83' lang='lat' dir='ltr'><strong>taris</strong></span> <span class='ocrx_word' id='word_1_240' title='bbox 323 3965 686 4055; x_wconf 83' lang='lat' dir='ltr'><strong>respective</strong></span> <span class='ocrx_word' id='word_1_241' title='bbox 733 3965 1106 4055; x_wconf 86' lang='lat' dir='ltr'><strong>pretiosiora</strong></span> <span class='ocrx_word' id='word_1_242' title='bbox 1175 3977 1579 4034; x_wconf 82' lang='lat' dir='ltr'><strong>ornamenta:</strong></span> <span class='ocrx_word' id='word_1_243' title='bbox 1657 3969 1717 4036; x_wconf 91' lang='lat' dir='ltr'><strong>id</strong></span> 
     </span>
     <span class='ocr_line' id='line_1_42' title="bbox 154 4054 1715 4142; baseline 0.001 -24"><span class='ocrx_word' id='word_1_244' title='bbox 154 4054 271 4119; x_wconf 85' lang='lat' dir='ltr'><strong>lieri</strong></span> <span class='ocrx_word' id='word_1_245' title='bbox 315 4068 622 4142; x_wconf 84' lang='lat' dir='ltr'><strong>oportere</strong></span> <span class='ocrx_word' id='word_1_246' title='bbox 670 4054 957 4122; x_wconf 77' lang='lat' dir='ltr'><strong>edixerat</strong></span> <span class='ocrx_word' id='word_1_247' title='bbox 1005 4057 1069 4120; x_wconf 90' lang='lat' dir='ltr'><strong>S.</strong></span> <span class='ocrx_word' id='word_1_248' title='bbox 1108 4059 1179 4122; x_wconf 92' lang='lat' dir='ltr'><strong>c.</strong></span> <span class='ocrx_word' id='word_1_249' title='bbox 1219 4056 1294 4121; x_wconf 88' lang='lat' dir='ltr'><strong>in·</strong></span> <span class='ocrx_word' id='word_1_250' title='bbox 1344 4054 1715 4122; x_wconf 82' lang='lat' dir='ltr'><strong>Festivitati-</strong></span> 
     </span>
     <span class='ocr_line' id='line_1_43' title="bbox 157 4141 1718 4229; baseline 0.003 -25"><span class='ocrx_word' id='word_1_251' title='bbox 157 4141 252 4206; x_wconf 87' lang='lat' dir='ltr'><strong>bus</strong></span> <span class='ocrx_word' id='word_1_252' title='bbox 293 4146 535 4229; x_wconf 87' lang='lat' dir='ltr'><strong>primae</strong></span> <span class='ocrx_word' id='word_1_253' title='bbox 561 4144 773 4208; x_wconf 88' lang='lat' dir='ltr'><strong>classis</strong></span> <span class='ocrx_word' id='word_1_254' title='bbox 797 4151 861 4207; x_wconf 86' lang='lat' dir='ltr'><strong>et</strong></span> <span class='ocrx_word' id='word_1_255' title='bbox 895 4144 1345 4210; x_wconf 80' lang='lat' dir='ltr'><strong>Functionibus</strong></span> <span class='ocrx_word' id='word_1_256' title='bbox 1377 4144 1718 4209; x_wconf 82' lang='lat' dir='ltr'><strong>solemnio-</strong></span> 
     </span>
     <span class='ocr_line' id='line_1_44' title="bbox 157 4228 1714 4315; baseline 0.005 -23"><span class='ocrx_word' id='word_1_257' title='bbox 157 4228 336 4315; x_wconf 86' lang='lat' dir='ltr'><strong>ribus,</strong></span> <span class='ocrx_word' id='word_1_258' title='bbox 398 4235 475 4299; x_wconf 91' lang='lat' dir='ltr'><strong>ad</strong></span> <span class='ocrx_word' id='word_1_259' title='bbox 529 4249 812 4305; x_wconf 82' lang='lat' dir='ltr'><strong>normam</strong></span> <span class='ocrx_word' id='word_1_260' title='bbox 863 4231 1352 4298; x_wconf 85' lang='lat' dir='ltr'><strong>caeremonialis</strong></span> <span class='ocrx_word' id='word_1_261' title='bbox 1402 4242 1527 4297; x_wconf 91' lang='lat' dir='ltr'><strong>etc.</strong></span> <span class='ocrx_word' id='word_1_262' title='bbox 1589 4234 1714 4300; x_wconf 89' lang='lat' dir='ltr'><strong>Sed</strong></span> 
     </span>
     <span class='ocr_line' id='line_1_45' title="bbox 157 4318 1721 4409; baseline 0.004 -30"><span class='ocrx_word' id='word_1_263' title='bbox 157 4336 222 4381; x_wconf 86' lang='lat' dir='ltr'><strong>ne</strong></span> <span class='ocrx_word' id='word_1_264' title='bbox 267 4318 324 4385; x_wconf 89' lang='lat' dir='ltr'><strong>in</strong></span> <span class='ocrx_word' id='word_1_265' title='bbox 375 4328 706 4409; x_wconf 85' lang='lat' dir='ltr'><strong>posterum</strong></span> <span class='ocrx_word' id='word_1_266' title='bbox 752 4319 882 4384; x_wconf 90' lang='lat' dir='ltr'><strong>ulla</strong></span> <span class='ocrx_word' id='word_1_267' title='bbox 928 4320 1205 4405; x_wconf 88' lang='lat' dir='ltr'><strong>supersit</strong></span> <span class='ocrx_word' id='word_1_268' title='bbox 1252 4320 1494 4387; x_wconf 88' lang='lat' dir='ltr'><strong>dissidii</strong></span> <span class='ocrx_word' id='word_1_269' title='bbox 1546 4339 1721 4385; x_wconf 89' lang='lat' dir='ltr'><strong>occa-</strong></span> 
     </span>
     <span class='ocr_line' id='line_1_46' title="bbox 155 4407 1721 4487; baseline 0.005 -21"><span class='ocrx_word' id='word_1_270' title='bbox 155 4408 255 4487; x_wconf 84' lang='lat' dir='ltr'><strong>sio,</strong></span> <span class='ocrx_word' id='word_1_271' title='bbox 301 4409 469 4474; x_wconf 80' lang='lat' dir='ltr'><strong>iuxta</strong></span> <span class='ocrx_word' id='word_1_272' title='bbox 520 4407 808 4473; x_wconf 79' lang='lat' dir='ltr'><strong>eiusdem</strong></span> <span class='ocrx_word' id='word_1_273' title='bbox 859 4409 926 4473; x_wconf 91' lang='lat' dir='ltr'><strong>S.</strong></span> <span class='ocrx_word' id='word_1_274' title='bbox 960 4410 1030 4473; x_wconf 87' lang='lat' dir='ltr'><strong>c.</strong></span> <span class='ocrx_word' id='word_1_275' title='bbox 1084 4420 1370 4474; x_wconf 82' lang='lat' dir='ltr'><strong>mentem</strong></span> <span class='ocrx_word' id='word_1_276' title='bbox 1418 4407 1721 4475; x_wconf 83' lang='lat' dir='ltr'><strong>duximus</strong></span> 
     </span>
     <span class='ocr_line' id='line_1_47' title="bbox 157 4492 1715 4583; baseline 0.003 -27"><span class='ocrx_word' id='word_1_277' title='bbox 157 4492 632 4578; x_wconf 79' lang='lat' dir='ltr'><strong>declarandum,</strong></span> <span class='ocrx_word' id='word_1_278' title='bbox 685 4507 955 4580; x_wconf 85' lang='lat' dir='ltr'><strong>utraque</strong></span> <span class='ocrx_word' id='word_1_279' title='bbox 1005 4496 1446 4571; x_wconf 83' lang='lat' dir='ltr'><strong>consentiente</strong></span> <span class='ocrx_word' id='word_1_280' title='bbox 1496 4511 1715 4583; x_wconf 87' lang='lat' dir='ltr'><strong>parte:</strong></span> 
     </span>
     <span class='ocr_line' id='line_1_48' title="bbox 158 4581 1722 4670; baseline 0.003 -27"><span class='ocrx_word' id='word_1_281' title='bbox 158 4581 630 4651; x_wconf 63' lang='lat' dir='ltr'><strong>sumaim-ibus</strong></span> <span class='ocrx_word' id='word_1_282' title='bbox 679 4587 1174 4651; x_wconf 58' lang='lat' dir='ltr'><strong>nativitatibus</strong></span> <span class='ocrx_word' id='word_1_283' title='bbox 1222 4585 1304 4649; x_wconf 82' lang='lat' dir='ltr'><strong>ad</strong></span> <span class='ocrx_word' id='word_1_284' title='bbox 1360 4584 1532 4648; x_wconf 73' lang='lat' dir='ltr'><strong>hunc</strong></span> <span class='ocrx_word' id='word_1_285' title='bbox 1589 4586 1722 4670; x_wconf 79' lang='lat' dir='ltr'><strong>effe·</strong></span> 
     </span>
     <span class='ocr_line' id='line_1_49' title="bbox 73 4674 1720 4753; baseline 0.003 -23"><span class='ocrx_word' id='word_1_286' title='bbox 73 4708 74 4753; x_wconf 74' lang='lat'><em>3</em></span> <span class='ocrx_word' id='word_1_287' title='bbox 159 4678 308 4735; x_wconf 69' lang='lat' dir='ltr'><strong>ctum</strong></span> <span class='ocrx_word' id='word_1_288' title='bbox 353 4674 785 4740; x_wconf 75' lang='lat' dir='ltr'><strong>adnumerari</strong></span> <span class='ocrx_word' id='word_1_289' title='bbox 842 4674 1278 4740; x_wconf 77' lang='lat' dir='ltr'><strong>Nativitatem</strong></span> <span class='ocrx_word' id='word_1_290' title='bbox 1339 4675 1402 4737; x_wconf 90' lang='lat' dir='ltr'><strong>S.</strong></span> <span class='ocrx_word' id='word_1_291' title='bbox 1455 4675 1720 4738; x_wconf 75' lang='lat' dir='ltr'><strong>Ioannis</strong></span> 
     </span>
     <span class='ocr_line' id='line_1_50' title="bbox 160 4758 1723 4844; baseline 0.002 -25"><span class='ocrx_word' id='word_1_292' title='bbox 160 4758 484 4842; x_wconf 73' lang='lat' dir='ltr'><strong>Baptistae,</strong></span> <span class='ocrx_word' id='word_1_293' title='bbox 517 4765 730 4825; x_wconf 77' lang='lat' dir='ltr'><strong>Festos</strong></span> <span class='ocrx_word' id='word_1_294' title='bbox 761 4762 894 4827; x_wconf 79' lang='lat' dir='ltr'><strong>dies</strong></span> <span class='ocrx_word' id='word_1_295' title='bbox 927 4765 1042 4844; x_wconf 81' lang='lat' dir='ltr'><strong>qui</strong></span> <span class='ocrx_word' id='word_1_296' title='bbox 1067 4762 1444 4827; x_wconf 72' lang='lat' dir='ltr'><strong>Paschatem</strong></span> <span class='ocrx_word' id='word_1_297' title='bbox 1477 4772 1532 4825; x_wconf 87' lang='lat' dir='ltr'><strong>et</strong></span> <span class='ocrx_word' id='word_1_298' title='bbox 1568 4762 1723 4824; x_wconf 76' lang='lat' dir='ltr'><strong>Pen-</strong></span> 
     </span>
     <span class='ocr_line' id='line_1_51' title="bbox 159 4844 1719 4931; baseline 0.004 -25"><span class='ocrx_word' id='word_1_299' title='bbox 159 4854 394 4913; x_wconf 77' lang='lat' dir='ltr'><strong>tecosten</strong></span> <span class='ocrx_word' id='word_1_300' title='bbox 429 4844 975 4931; x_wconf 59' lang='lat' dir='ltr'><strong>&#39;subsequuntum</strong></span> <span class='ocrx_word' id='word_1_301' title='bbox 1033 4848 1518 4915; x_wconf 76' lang='lat' dir='ltr'><strong>solemnioribus</strong></span> <span class='ocrx_word' id='word_1_302' title='bbox 1574 4868 1719 4913; x_wconf 83' lang='lat' dir='ltr'><strong>vero</strong></span> 
     </span>
     <span class='ocr_line' id='line_1_52' title="bbox 159 4931 1718 5011; baseline 0.003 -14"><span class='ocrx_word' id='word_1_303' title='bbox 159 4931 580 5011; x_wconf 70' lang='lat' dir='ltr'><strong>[utactionibus</strong></span> <span class='ocrx_word' id='word_1_304' title='bbox 650 4937 913 5002; x_wconf 68' lang='lat' dir='ltr'><strong>Missam</strong></span> <span class='ocrx_word' id='word_1_305' title='bbox 983 4940 1212 5004; x_wconf 79' lang='lat' dir='ltr'><strong>Feriae</strong></span> <span class='ocrx_word' id='word_1_306' title='bbox 1286 4941 1328 5001; x_wconf 58' lang='grc' dir='ltr'><strong>θ’</strong></span> <span class='ocrx_word' id='word_1_307' title='bbox 1382 4941 1452 5002; x_wconf 61' lang='lat' dir='ltr'><strong>iu.</strong></span> <span class='ocrx_word' id='word_1_308' title='bbox 1515 4939 1718 5001; x_wconf 77' lang='lat' dir='ltr'><strong>Coena</strong></span> 
     </span>
     <span class='ocr_line' id='line_1_53' title="bbox 61 5019 1715 5111; baseline 0.003 -27"><span class='ocrx_word' id='word_1_309' title='bbox 61 5020 68 5111; x_wconf 64' lang='lat' dir='ltr'><strong>J,</strong></span> <span class='ocrx_word' id='word_1_310' title='bbox 162 5019 417 5106; x_wconf 52' lang='lat' dir='ltr'><strong>Domina·</strong></span> <span class='ocrx_word' id='word_1_311' title='bbox 463 5029 618 5092; x_wconf 82' lang='lat' dir='ltr'><strong>item</strong></span> <span class='ocrx_word' id='word_1_312' title='bbox 659 5025 917 5091; x_wconf 73' lang='lat' dir='ltr'><strong>Missam</strong></span> <span class='ocrx_word' id='word_1_313' title='bbox 956 5036 1014 5091; x_wconf 90' lang='lat' dir='ltr'><strong>et</strong></span> <span class='ocrx_word' id='word_1_314' title='bbox 1067 5028 1375 5111; x_wconf 70' lang='lat' dir='ltr'><strong>Vesper-as,</strong></span> <span class='ocrx_word' id='word_1_315' title='bbox 1411 5035 1542 5091; x_wconf 85' lang='lat' dir='ltr'><strong>tam</strong></span> <span class='ocrx_word' id='word_1_316' title='bbox 1580 5026 1715 5091; x_wconf 85' lang='lat' dir='ltr'><strong>Sab-</strong></span> 
     </span>
     <span class='ocr_line' id='line_1_54' title="bbox 159 5108 1716 5198; baseline 0.004 -27"><span class='ocrx_word' id='word_1_317' title='bbox 159 5108 275 5173; x_wconf 76' lang='lat' dir='ltr'><strong>batt‘</strong></span> <span class='ocrx_word' id='word_1_318' title='bbox 318 5116 538 5180; x_wconf 71' lang='lat' dir='ltr'><strong>Sancti</strong></span> <span class='ocrx_word' id='word_1_319' title='bbox 586 5131 786 5198; x_wconf 78' lang='lat' dir='ltr'><strong>quam</strong></span> <span class='ocrx_word' id='word_1_320' title='bbox 829 5113 1105 5180; x_wconf 77' lang='lat' dir='ltr'><strong>alterius</strong></span> <span class='ocrx_word' id='word_1_321' title='bbox 1153 5117 1268 5196; x_wconf 80' lang='lat' dir='ltr'><strong>qui</strong></span> <span class='ocrx_word' id='word_1_322' title='bbox 1312 5116 1716 5178; x_wconf 74' lang='lat' dir='ltr'><strong>Pentecosten</strong></span> 
     </span>
     <span class='ocr_line' id='line_1_55' title="bbox 156 5200 1714 5292; baseline 0.006 -31"><span class='ocrx_word' id='word_1_323' title='bbox 156 5203 464 5292; x_wconf 69' lang='lat' dir='ltr'><strong>praecedit.</strong></span> <span class='ocrx_word' id='word_1_324' title='bbox 493 5206 621 5268; x_wconf 81' lang='lat' dir='ltr'><strong>Hoc</strong></span> <span class='ocrx_word' id='word_1_325' title='bbox 652 5215 856 5266; x_wconf 88' lang='lat' dir='ltr'><strong>tamen</strong></span> <span class='ocrx_word' id='word_1_326' title='bbox 888 5200 1100 5267; x_wconf 87' lang='lat' dir='ltr'><strong>habito</strong></span> <span class='ocrx_word' id='word_1_327' title='bbox 1125 5201 1515 5284; x_wconf 86' lang='lat' dir='ltr'><strong>discrimine,</strong></span> <span class='ocrx_word' id='word_1_328' title='bbox 1545 5204 1714 5285; x_wconf 88' lang='lat' dir='ltr'><strong>quod</strong></span> 
     </span>
     <span class='ocr_line' id='line_1_56' title="bbox 162 5288 1721 5372; baseline 0.006 -27"><span class='ocrx_word' id='word_1_329' title='bbox 162 5303 214 5347; x_wconf 88' lang='grc' dir='ltr'><strong>ιιι</strong></span> <span class='ocrx_word' id='word_1_330' title='bbox 235 5288 707 5356; x_wconf 85' lang='lat' dir='ltr'><strong>solemnioribus</strong></span> <span class='ocrx_word' id='word_1_331' title='bbox 735 5288 1226 5372; x_wconf 84' lang='lat' dir='ltr'><strong>Festivitatibus,</strong></span> <span class='ocrx_word' id='word_1_332' title='bbox 1252 5290 1620 5355; x_wconf 87' lang='lat' dir='ltr'><strong>indumenta</strong></span> <span class='ocrx_word' id='word_1_333' title='bbox 1655 5299 1721 5354; x_wconf 91' lang='lat' dir='ltr'><strong>et</strong></span> 
     </span>
     <span class='ocr_line' id='line_1_57' title="bbox 163 5376 1718 5467; baseline 0.003 -30"><span class='ocrx_word' id='word_1_334' title='bbox 163 5388 490 5446; x_wconf 80' lang='lat' dir='ltr'><strong>ornamenta</strong></span> <span class='ocrx_word' id='word_1_335' title='bbox 552 5396 756 5466; x_wconf 86' lang='lat' dir='ltr'><strong>aeque</strong></span> <span class='ocrx_word' id='word_1_336' title='bbox 818 5376 1093 5467; x_wconf 87' lang='lat' dir='ltr'><strong>pretiosa</strong></span> <span class='ocrx_word' id='word_1_337' title='bbox 1154 5387 1594 5456; x_wconf 79' lang='lat' dir='ltr'><strong>assumantur3</strong></span> <span class='ocrx_word' id='word_1_338' title='bbox 1652 5377 1718 5443; x_wconf 89' lang='lat' dir='ltr'><strong>in</strong></span> 
     </span>
    </p>
   </div>
   <div class='ocr_carea' id='block_1_9' title="bbox 1823 441 3423 5460">
    <p class='ocr_par' dir='ltr' id='par_1_9' title="bbox 1834 441 3423 1054">
     <span class='ocr_line' id='line_1_58' title="bbox 1838 441 3423 528; baseline 0.001 -22"><span class='ocrx_word' id='word_1_339' title='bbox 1838 441 2133 528; x_wconf 84' lang='lat' dir='ltr'><strong>praelatis</strong></span> <span class='ocrx_word' id='word_1_340' title='bbox 2163 460 2321 509; x_wconf 89' lang='lat' dir='ltr'><strong>vero</strong></span> <span class='ocrx_word' id='word_1_341' title='bbox 2350 441 2780 508; x_wconf 84' lang='lat' dir='ltr'><strong>functionibus</strong></span> <span class='ocrx_word' id='word_1_342' title='bbox 2815 441 3002 509; x_wconf 90' lang='lat' dir='ltr'><strong>etiam</strong></span> <span class='ocrx_word' id='word_1_343' title='bbox 3038 441 3245 508; x_wconf 87' lang='lat' dir='ltr'><strong>minus</strong></span> <span class='ocrx_word' id='word_1_344' title='bbox 3321 460 3423 507; x_wconf 88' lang='lat' dir='ltr'><strong>re-</strong></span> 
     </span>
     <span class='ocr_line' id='line_1_59' title="bbox 1837 529 3420 617; baseline -0.001 -23"><span class='ocrx_word' id='word_1_345' title='bbox 1837 530 2000 594; x_wconf 82' lang='lat' dir='ltr'><strong>tiosa‘</strong></span> <span class='ocrx_word' id='word_1_346' title='bbox 2035 530 2264 596; x_wconf 85' lang='lat' dir='ltr'><strong>assumi</strong></span> <span class='ocrx_word' id='word_1_347' title='bbox 2314 530 2582 617; x_wconf 88' lang='lat' dir='ltr'><strong>possint,</strong></span> <span class='ocrx_word' id='word_1_348' title='bbox 2631 529 2885 614; x_wconf 87' lang='lat' dir='ltr'><strong>quoties</strong></span> <span class='ocrx_word' id='word_1_349' title='bbox 2949 530 3009 597; x_wconf 91' lang='lat' dir='ltr'><strong>in</strong></span> <span class='ocrx_word' id='word_1_350' title='bbox 3057 530 3252 595; x_wconf 85' lang='lat' dir='ltr'><strong>Cathe</strong></span> <span class='ocrx_word' id='word_1_351' title='bbox 3310 529 3420 593; x_wconf 86' lang='lat' dir='ltr'><strong>rali</strong></span> 
     </span>
     <span class='ocr_line' id='line_1_60' title="bbox 1838 615 3422 706; baseline -0.002 -23"><span class='ocrx_word' id='word_1_352' title='bbox 1838 616 2204 683; x_wconf 81' lang='lat' dir='ltr'><strong>Vasionensi</strong></span> <span class='ocrx_word' id='word_1_353' title='bbox 2228 637 2396 682; x_wconf 89' lang='lat' dir='ltr'><strong>sacra</strong></span> <span class='ocrx_word' id='word_1_354' title='bbox 2445 615 2915 706; x_wconf 87' lang='lat' dir='ltr'><strong>suppellectilia</strong></span> <span class='ocrx_word' id='word_1_355' title='bbox 2952 618 3150 702; x_wconf 78' lang='lat' dir='ltr'><strong>magis</strong></span> <span class='ocrx_word' id='word_1_356' title='bbox 3178 619 3280 683; x_wconf 88' lang='lat' dir='ltr'><strong>vel</strong></span> <span class='ocrx_word' id='word_1_357' title='bbox 3307 616 3422 681; x_wconf 91' lang='lat' dir='ltr'><strong>mi-</strong></span> 
     </span>
     <span class='ocr_line' id='line_1_61' title="bbox 1836 705 3422 791; baseline -0.001 -22"><span class='ocrx_word' id='word_1_358' title='bbox 1836 724 1951 770; x_wconf 89' lang='lat' dir='ltr'><strong>nus</strong></span> <span class='ocrx_word' id='word_1_359' title='bbox 2000 705 2273 791; x_wconf 89' lang='lat' dir='ltr'><strong>pretiosa</strong></span> <span class='ocrx_word' id='word_1_360' title='bbox 2320 724 2446 770; x_wconf 91' lang='lat' dir='ltr'><strong>non</strong></span> <span class='ocrx_word' id='word_1_361' title='bbox 2495 706 2730 774; x_wconf 87' lang='lat' dir='ltr'><strong>desint.</strong></span> <span class='ocrx_word' id='word_1_362' title='bbox 2785 708 2957 771; x_wconf 89' lang='lat' dir='ltr'><strong>lnter</strong></span> <span class='ocrx_word' id='word_1_363' title='bbox 3002 705 3422 772; x_wconf 87' lang='lat' dir='ltr'><strong>solemniores</strong></span> 
     </span>
     <span class='ocr_line' id='line_1_62' title="bbox 1834 792 3416 875; baseline -0.001 -19"><span class='ocrx_word' id='word_1_364' title='bbox 1834 812 1989 858; x_wconf 90' lang='lat' dir='ltr'><strong>vero</strong></span> <span class='ocrx_word' id='word_1_365' title='bbox 2038 792 2433 858; x_wconf 85' lang='lat' dir='ltr'><strong>Festivitates</strong></span> <span class='ocrx_word' id='word_1_366' title='bbox 2481 812 2606 859; x_wconf 87' lang='lat' dir='ltr'><strong>non</strong></span> <span class='ocrx_word' id='word_1_367' title='bbox 2666 805 2761 861; x_wconf 90' lang='lat' dir='ltr'><strong>est</strong></span> <span class='ocrx_word' id='word_1_368' title='bbox 2824 793 3211 861; x_wconf 87' lang='lat' dir='ltr'><strong>recensenda</strong></span> <span class='ocrx_word' id='word_1_369' title='bbox 3285 792 3416 875; x_wconf 92' lang='lat' dir='ltr'><strong>illa,</strong></span> 
     </span>
     <span class='ocr_line' id='line_1_63' title="bbox 1834 879 3423 967; baseline 0 -23"><span class='ocrx_word' id='word_1_370' title='bbox 1834 899 1957 965; x_wconf 90' lang='lat' dir='ltr'><strong>qua</strong></span> <span class='ocrx_word' id='word_1_371' title='bbox 2004 881 2312 945; x_wconf 87' lang='lat' dir='ltr'><strong>memoria</strong></span> <span class='ocrx_word' id='word_1_372' title='bbox 2359 880 2666 947; x_wconf 87' lang='lat' dir='ltr'><strong>recolitur</strong></span> <span class='ocrx_word' id='word_1_373' title='bbox 2714 883 2777 947; x_wconf 89' lang='lat' dir='ltr'><strong>S.</strong></span> <span class='ocrx_word' id='word_1_374' title='bbox 2814 882 3088 947; x_wconf 88' lang='lat' dir='ltr'><strong>ceciliae</strong></span> <span class='ocrx_word' id='word_1_375' title='bbox 3144 879 3423 967; x_wconf 76' lang='lat' dir='ltr'><strong>Virginis</strong></span> 
     </span>
     <span class='ocr_line' id='line_1_64' title="bbox 1834 967 2687 1054; baseline 0.001 -21"><span class='ocrx_word' id='word_1_376' title='bbox 1834 979 1899 1033; x_wconf 88' lang='lat' dir='ltr'><strong>et</strong></span> <span class='ocrx_word' id='word_1_377' title='bbox 1946 967 2253 1053; x_wconf 53' lang='lat' dir='ltr'><strong>Martyris..</strong></span> <span class='ocrx_word' id='word_1_378' title='bbox 2678 1049 2687 1054; x_wconf 18' lang='grc' dir='ltr'>Ὦ</span> 
     </span>
    </p>

    <p class='ocr_par' dir='ltr' id='par_1_10' title="bbox 1833 1055 3420 1845">
     <span class='ocr_line' id='line_1_65' title="bbox 1965 1055 3418 1148; baseline 0.001 -27"><span class='ocrx_word' id='word_1_379' title='bbox 1965 1055 2130 1148; x_wconf 78' lang='lat' dir='ltr'><strong>Nihil</strong></span> <span class='ocrx_word' id='word_1_380' title='bbox 2183 1056 2462 1126; x_wconf 86' lang='lat' dir='ltr'><strong>occurrit</strong></span> <span class='ocrx_word' id='word_1_381' title='bbox 2508 1059 2878 1125; x_wconf 87' lang='lat' dir='ltr'><strong>addendum</strong></span> <span class='ocrx_word' id='word_1_382' title='bbox 2936 1059 3041 1124; x_wconf 85' lang='lat' dir='ltr'><strong>vel</strong></span> <span class='ocrx_word' id='word_1_383' title='bbox 3090 1059 3418 1126; x_wconf 90' lang='lat' dir='ltr'><strong>declaran-</strong></span> 
     </span>
     <span class='ocr_line' id='line_1_66' title="bbox 1834 1145 3420 1230; baseline 0.002 -20"><span class='ocrx_word' id='word_1_384' title='bbox 1834 1145 1990 1210; x_wconf 90' lang='lat' dir='ltr'><strong>dum</strong></span> <span class='ocrx_word' id='word_1_385' title='bbox 2039 1146 2258 1230; x_wconf 59' lang='lat' dir='ltr'><strong>:quoad</strong></span> <span class='ocrx_word' id='word_1_386' title='bbox 2324 1147 2596 1212; x_wconf 87' lang='lat' dir='ltr'><strong>alterum</strong></span> <span class='ocrx_word' id='word_1_387' title='bbox 2668 1147 2936 1214; x_wconf 90' lang='lat' dir='ltr'><strong>dubium</strong></span> <span class='ocrx_word' id='word_1_388' title='bbox 3008 1148 3092 1215; x_wconf 91' lang='lat' dir='ltr'><strong>de</strong></span> <span class='ocrx_word' id='word_1_389' title='bbox 3149 1166 3420 1213; x_wconf 85' lang='lat' dir='ltr'><strong>numero</strong></span> 
     </span>
     <span class='ocr_line' id='line_1_67' title="bbox 1834 1232 3419 1321; baseline 0.003 -25"><span class='ocrx_word' id='word_1_390' title='bbox 1834 1232 2386 1315; x_wconf 82' lang='lat' dir='ltr'><strong>candelabrorum,</strong></span> <span class='ocrx_word' id='word_1_391' title='bbox 2422 1233 2525 1299; x_wconf 90' lang='lat' dir='ltr'><strong>cui</strong></span> <span class='ocrx_word' id='word_1_392' title='bbox 2572 1235 2720 1299; x_wconf 91' lang='lat' dir='ltr'><strong>satis</strong></span> <span class='ocrx_word' id='word_1_393' title='bbox 2752 1236 3020 1321; x_wconf 83' lang='lat' dir='ltr'><strong>provide</strong></span> <span class='ocrx_word' id='word_1_394' title='bbox 3054 1235 3419 1301; x_wconf 84' lang='lat' dir='ltr'><strong>consultum</strong></span> 
     </span>
     <span class='ocr_line' id='line_1_68' title="bbox 1835 1318 3417 1408; baseline 0.003 -24"><span class='ocrx_word' id='word_1_395' title='bbox 1835 1319 1980 1385; x_wconf 87' lang='lat' dir='ltr'><strong>fuit.</strong></span> <span class='ocrx_word' id='word_1_396' title='bbox 2030 1318 2271 1386; x_wconf 83' lang='lat' dir='ltr'><strong>Idcirco</strong></span> <span class='ocrx_word' id='word_1_397' title='bbox 2319 1325 2385 1389; x_wconf 87' lang='lat' dir='ltr'><strong>S.</strong></span> <span class='ocrx_word' id='word_1_398' title='bbox 2433 1325 2502 1387; x_wconf 88' lang='lat' dir='ltr'><strong>c.</strong></span> <span class='ocrx_word' id='word_1_399' title='bbox 2558 1325 2921 1408; x_wconf 83' lang='lat' dir='ltr'><strong>respondit:</strong></span> <span class='ocrx_word' id='word_1_400' title='bbox 2974 1328 3146 1388; x_wconf 80' lang='lat' dir='ltr'><strong>luxta</strong></span> <span class='ocrx_word' id='word_1_401' title='bbox 3199 1334 3417 1388; x_wconf 88' lang='lat' dir='ltr'><strong>votum</strong></span> 
     </span>
     <span class='ocr_line' id='line_1_69' title="bbox 1833 1406 3419 1496; baseline 0.001 -23"><span class='ocrx_word' id='word_1_402' title='bbox 1833 1408 1972 1473; x_wconf 73' lang='lat' dir='ltr'><strong>ami</strong></span> <span class='ocrx_word' id='word_1_403' title='bbox 1999 1406 2323 1496; x_wconf 86' lang='lat' dir='ltr'><strong>Episcopi,</strong></span> <span class='ocrx_word' id='word_1_404' title='bbox 2357 1411 2543 1494; x_wconf 75' lang='lat' dir='ltr'><strong>quod.</strong></span> <span class='ocrx_word' id='word_1_405' title='bbox 2565 1410 3012 1478; x_wconf 84' lang='lat' dir='ltr'><strong>inviolabiliter</strong></span> <span class='ocrx_word' id='word_1_406' title='bbox 3036 1411 3419 1476; x_wconf 87' lang='lat' dir='ltr'><strong>servandum</strong></span> 
     </span>
     <span class='ocr_line' id='line_1_70' title="bbox 1835 1498 3419 1585; baseline 0.003 -25"><span class='ocrx_word' id='word_1_407' title='bbox 1835 1507 1956 1573; x_wconf 84' lang='lat' dir='ltr'><strong>est;</strong></span> <span class='ocrx_word' id='word_1_408' title='bbox 1987 1506 2201 1583; x_wconf 88' lang='lat' dir='ltr'><strong>partes</strong></span> <span class='ocrx_word' id='word_1_409' title='bbox 2234 1509 2450 1564; x_wconf 90' lang='lat' dir='ltr'><strong>autem</strong></span> <span class='ocrx_word' id='word_1_410' title='bbox 2476 1508 2665 1564; x_wconf 88' lang='lat' dir='ltr'><strong>erunt</strong></span> <span class='ocrx_word' id='word_1_411' title='bbox 2695 1498 3112 1566; x_wconf 87' lang='lat' dir='ltr'><strong>solicitudinis</strong></span> <span class='ocrx_word' id='word_1_412' title='bbox 3161 1512 3224 1563; x_wconf 88' lang='lat' dir='ltr'><strong>et</strong></span> <span class='ocrx_word' id='word_1_413' title='bbox 3261 1499 3419 1585; x_wconf 77' lang='lat' dir='ltr'><strong>vigi·</strong></span> 
     </span>
     <span class='ocr_line' id='line_1_71' title="bbox 1834 1582 3415 1673; baseline 0.001 -25"><span class='ocrx_word' id='word_1_414' title='bbox 1834 1582 2060 1649; x_wconf 87' lang='lat' dir='ltr'><strong>lantiae</strong></span> <span class='ocrx_word' id='word_1_415' title='bbox 2096 1595 2239 1650; x_wconf 91' lang='lat' dir='ltr'><strong>tuae</strong></span> <span class='ocrx_word' id='word_1_416' title='bbox 2283 1584 2511 1652; x_wconf 90' lang='lat' dir='ltr'><strong>sedulo</strong></span> <span class='ocrx_word' id='word_1_417' title='bbox 2546 1587 2939 1673; x_wconf 82' lang='lat' dir='ltr'><strong>prospicere,</strong></span> <span class='ocrx_word' id='word_1_418' title='bbox 2977 1605 3059 1651; x_wconf 88' lang='lat' dir='ltr'><strong>ne</strong></span> <span class='ocrx_word' id='word_1_419' title='bbox 3090 1587 3249 1672; x_wconf 84' lang='lat' dir='ltr'><strong>quid</strong></span> <span class='ocrx_word' id='word_1_420' title='bbox 3284 1587 3415 1671; x_wconf 72' lang='lat' dir='ltr'><strong>tint,</strong></span> 
     </span>
     <span class='ocr_line' id='line_1_72' title="bbox 1834 1672 3419 1770; baseline 0.003 -34"><span class='ocrx_word' id='word_1_421' title='bbox 1834 1673 2007 1770; x_wconf 81' lang='lat' dir='ltr'><strong>quod</strong></span> <span class='ocrx_word' id='word_1_422' title='bbox 2057 1692 2091 1737; x_wconf 88' lang='lat' dir='ltr'><strong>a</strong></span> <span class='ocrx_word' id='word_1_423' title='bbox 2163 1683 2336 1739; x_wconf 84' lang='lat' dir='ltr'><strong>recto</strong></span> <span class='ocrx_word' id='word_1_424' title='bbox 2407 1674 2631 1741; x_wconf 89' lang='lat' dir='ltr'><strong>ordine</strong></span> <span class='ocrx_word' id='word_1_425' title='bbox 2702 1672 2859 1740; x_wconf 83' lang='lat' dir='ltr'><strong>absit</strong></span> <span class='ocrx_word' id='word_1_426' title='bbox 2929 1685 2997 1740; x_wconf 85' lang='lat' dir='ltr'><strong>et</strong></span> <span class='ocrx_word' id='word_1_427' title='bbox 3054 1675 3419 1743; x_wconf 81' lang='lat' dir='ltr'><strong>scandalum</strong></span> 
     </span>
     <span class='ocr_line' id='line_1_73' title="bbox 1835 1771 2058 1845; baseline 0.004 -21"><span class='ocrx_word' id='word_1_428' title='bbox 1835 1771 2058 1845; x_wconf 80' lang='lat' dir='ltr'><strong>pariat.</strong></span> 
     </span>
    </p>

    <p class='ocr_par' dir='ltr' id='par_1_11' title="bbox 1823 1848 3423 5460">
     <span class='ocr_line' id='line_1_74' title="bbox 1965 1848 3421 1936; baseline 0.001 -23"><span class='ocrx_word' id='word_1_429' title='bbox 1965 1848 2395 1936; x_wconf 82' lang='lat' dir='ltr'><strong>Rescripserat</strong></span> <span class='ocrx_word' id='word_1_430' title='bbox 2420 1853 2486 1914; x_wconf 86' lang='lat' dir='ltr'><strong>S.</strong></span> <span class='ocrx_word' id='word_1_431' title='bbox 2516 1853 2586 1915; x_wconf 88' lang='lat' dir='ltr'><strong>c.</strong></span> <span class='ocrx_word' id='word_1_432' title='bbox 2611 1850 2834 1935; x_wconf 85' lang='lat' dir='ltr'><strong>dubie,</strong></span> <span class='ocrx_word' id='word_1_433' title='bbox 2863 1853 3032 1936; x_wconf 91' lang='lat' dir='ltr'><strong>quod</strong></span> <span class='ocrx_word' id='word_1_434' title='bbox 3065 1851 3253 1916; x_wconf 87' lang='lat' dir='ltr'><strong>tertio</strong></span> <span class='ocrx_word' id='word_1_435' title='bbox 3282 1851 3421 1915; x_wconf 89' lang='lat' dir='ltr'><strong>loco</strong></span> 
     </span>
     <span class='ocr_line' id='line_1_75' title="bbox 1833 1935 3419 2025; baseline 0.003 -27"><span class='ocrx_word' id='word_1_436' title='bbox 1833 1935 2233 2021; x_wconf 88' lang='lat' dir='ltr'><strong>propositum</strong></span> <span class='ocrx_word' id='word_1_437' title='bbox 2280 1937 2508 2020; x_wconf 84' lang='lat' dir='ltr'><strong>fuerat,</strong></span> <span class='ocrx_word' id='word_1_438' title='bbox 2563 1938 2783 2021; x_wconf 88' lang='lat' dir='ltr'><strong>licere,</strong></span> <span class='ocrx_word' id='word_1_439' title='bbox 2835 1939 3093 2004; x_wconf 89' lang='lat' dir='ltr'><strong>attentis</strong></span> <span class='ocrx_word' id='word_1_440' title='bbox 3140 1938 3419 2025; x_wconf 88' lang='lat' dir='ltr'><strong>peculia-</strong></span> 
     </span>
     <span class='ocr_line' id='line_1_76' title="bbox 1831 2024 3420 2112; baseline 0.003 -26"><span class='ocrx_word' id='word_1_441' title='bbox 1831 2024 2007 2089; x_wconf 88' lang='lat' dir='ltr'><strong>ribus</strong></span> <span class='ocrx_word' id='word_1_442' title='bbox 2052 2025 2374 2090; x_wconf 87' lang='lat' dir='ltr'><strong>Ecclesiae</strong></span> <span class='ocrx_word' id='word_1_443' title='bbox 2438 2026 2963 2109; x_wconf 84' lang='lat' dir='ltr'><strong>circumstantiis,</strong></span> <span class='ocrx_word' id='word_1_444' title='bbox 3013 2039 3285 2112; x_wconf 88' lang='lat' dir='ltr'><strong>quatuor</strong></span> <span class='ocrx_word' id='word_1_445' title='bbox 3327 2047 3420 2091; x_wconf 77' lang='lat' dir='ltr'><strong>as·</strong></span> 
     </span>
     <span class='ocr_line' id='line_1_77' title="bbox 1833 2112 3422 2200; baseline 0.002 -25"><span class='ocrx_word' id='word_1_446' title='bbox 1833 2128 2090 2177; x_wconf 89' lang='lat' dir='ltr'><strong>sumere</strong></span> <span class='ocrx_word' id='word_1_447' title='bbox 2161 2114 2459 2200; x_wconf 82' lang='lat' dir='ltr'><strong>pluvialia</strong></span> <span class='ocrx_word' id='word_1_448' title='bbox 2519 2115 2580 2180; x_wconf 91' lang='lat' dir='ltr'><strong>in</strong></span> <span class='ocrx_word' id='word_1_449' title='bbox 2652 2112 3115 2180; x_wconf 78' lang='lat' dir='ltr'><strong>Festivitatibus</strong></span> <span class='ocrx_word' id='word_1_450' title='bbox 3178 2114 3422 2200; x_wconf 84' lang='lat' dir='ltr'><strong>primae</strong></span> 
     </span>
     <span class='ocr_line' id='line_1_78' title="bbox 1833 2197 3418 2287; baseline 0.002 -24"><span class='ocrx_word' id='word_1_451' title='bbox 1833 2197 2071 2282; x_wconf 78' lang='lat' dir='ltr'><strong>classiS,</strong></span> <span class='ocrx_word' id='word_1_452' title='bbox 2120 2202 2249 2267; x_wconf 91' lang='lat' dir='ltr'><strong>duo</strong></span> <span class='ocrx_word' id='word_1_453' title='bbox 2298 2201 2359 2266; x_wconf 94' lang='lat' dir='ltr'><strong>in</strong></span> <span class='ocrx_word' id='word_1_454' title='bbox 2407 2201 2541 2267; x_wconf 89' lang='lat' dir='ltr'><strong>aliis</strong></span> <span class='ocrx_word' id='word_1_455' title='bbox 2587 2203 2905 2268; x_wconf 84' lang='lat' dir='ltr'><strong>secundae</strong></span> <span class='ocrx_word' id='word_1_456' title='bbox 2932 2202 3166 2287; x_wconf 79' lang='lat' dir='ltr'><strong>classiS,</strong></span> <span class='ocrx_word' id='word_1_457' title='bbox 3203 2201 3418 2268; x_wconf 87' lang='lat' dir='ltr'><strong>obser-</strong></span> 
     </span>
     <span class='ocr_line' id='line_1_79' title="bbox 1832 2287 3414 2376; baseline 0.003 -25"><span class='ocrx_word' id='word_1_458' title='bbox 1832 2297 1968 2352; x_wconf 83' lang='lat' dir='ltr'><strong>vata</strong></span> <span class='ocrx_word' id='word_1_459' title='bbox 2013 2287 2426 2376; x_wconf 86' lang='lat' dir='ltr'><strong>proportione</strong></span> <span class='ocrx_word' id='word_1_460' title='bbox 2470 2291 2545 2356; x_wconf 89' lang='lat' dir='ltr'><strong>ad</strong></span> <span class='ocrx_word' id='word_1_461' title='bbox 2578 2308 2864 2356; x_wconf 89' lang='lat' dir='ltr'><strong>normam</strong></span> <span class='ocrx_word' id='word_1_462' title='bbox 2898 2290 3414 2357; x_wconf 86' lang='lat' dir='ltr'><strong>caeremonialis.</strong></span> 
     </span>
     <span class='ocr_line' id='line_1_80' title="bbox 1830 2375 3419 2465; baseline 0.001 -25"><span class='ocrx_word' id='word_1_463' title='bbox 1830 2375 2038 2453; x_wconf 81' lang='lat' dir='ltr'><strong>Quum</strong></span> <span class='ocrx_word' id='word_1_464' title='bbox 2086 2387 2299 2443; x_wconf 86' lang='lat' dir='ltr'><strong>autem</strong></span> <span class='ocrx_word' id='word_1_465' title='bbox 2361 2379 2688 2465; x_wconf 89' lang='lat' dir='ltr'><strong>proportio</strong></span> <span class='ocrx_word' id='word_1_466' title='bbox 2759 2378 2913 2444; x_wconf 86' lang='lat' dir='ltr'><strong>haec</strong></span> <span class='ocrx_word' id='word_1_467' title='bbox 2976 2379 3237 2444; x_wconf 90' lang='lat' dir='ltr'><strong>omnino</strong></span> <span class='ocrx_word' id='word_1_468' title='bbox 3285 2398 3419 2443; x_wconf 88' lang='lat' dir='ltr'><strong>ser-</strong></span> 
     </span>
     <span class='ocr_line' id='line_1_81' title="bbox 1832 2463 3421 2546; baseline 0.001 -18"><span class='ocrx_word' id='word_1_469' title='bbox 1832 2463 2034 2529; x_wconf 86' lang='lat' dir='ltr'><strong>vanda</strong></span> <span class='ocrx_word' id='word_1_470' title='bbox 2080 2463 2184 2546; x_wconf 92' lang='lat' dir='ltr'><strong>sit,</strong></span> <span class='ocrx_word' id='word_1_471' title='bbox 2233 2466 2643 2533; x_wconf 89' lang='lat' dir='ltr'><strong>decernimus</strong></span> <span class='ocrx_word' id='word_1_472' title='bbox 2692 2477 2755 2532; x_wconf 91' lang='lat' dir='ltr'><strong>et</strong></span> <span class='ocrx_word' id='word_1_473' title='bbox 2800 2466 3197 2532; x_wconf 86' lang='lat' dir='ltr'><strong>declaramus</strong></span> <span class='ocrx_word' id='word_1_474' title='bbox 3247 2467 3421 2533; x_wconf 84' lang='lat' dir='ltr'><strong>iuxta</strong></span> 
     </span>
     <span class='ocr_line' id='line_1_82' title="bbox 1832 2550 3415 2641; baseline 0.001 -25"><span class='ocrx_word' id='word_1_475' title='bbox 1832 2550 2312 2638; x_wconf 82' lang='lat' dir='ltr'><strong>dispositionem</strong></span> <span class='ocrx_word' id='word_1_476' title='bbox 2368 2553 2858 2619; x_wconf 88' lang='lat' dir='ltr'><strong>Caeremonialis</strong></span> <span class='ocrx_word' id='word_1_477' title='bbox 2919 2553 3257 2641; x_wconf 85' lang='lat' dir='ltr'><strong>(quatenus</strong></span> <span class='ocrx_word' id='word_1_478' title='bbox 3304 2558 3415 2621; x_wconf 88' lang='lat' dir='ltr'><strong>ca-</strong></span> 
     </span>
     <span class='ocr_line' id='line_1_83' title="bbox 1832 2639 3417 2708; baseline 0.001 -5"><span class='ocrx_word' id='word_1_479' title='bbox 1832 2639 2140 2706; x_wconf 86' lang='lat' dir='ltr'><strong>tbedralis</strong></span> <span class='ocrx_word' id='word_1_480' title='bbox 2185 2642 2585 2708; x_wconf 72' lang='lat' dir='ltr'><strong>vasionensis</strong></span> <span class='ocrx_word' id='word_1_481' title='bbox 2629 2640 2966 2708; x_wconf 86' lang='lat' dir='ltr'><strong>sufficienti</strong></span> <span class='ocrx_word' id='word_1_482' title='bbox 3003 2661 3275 2708; x_wconf 90' lang='lat' dir='ltr'><strong>numero</strong></span> <span class='ocrx_word' id='word_1_483' title='bbox 3311 2642 3417 2707; x_wconf 74' lang='lat' dir='ltr'><strong>hli-</strong></span> 
     </span>
     <span class='ocr_line' id='line_1_84' title="bbox 1829 2724 3415 2797; baseline 0.002 -6"><span class='ocrx_word' id='word_1_484' title='bbox 1829 2724 2178 2795; x_wconf 86' lang='lat' dir='ltr'><strong>nistrorum</strong></span> <span class='ocrx_word' id='word_1_485' title='bbox 2226 2730 2528 2795; x_wconf 89' lang='lat' dir='ltr'><strong>instructa</strong></span> <span class='ocrx_word' id='word_1_486' title='bbox 2576 2731 2656 2795; x_wconf 88' lang='lat' dir='ltr'><strong>sit</strong></span> <span class='ocrx_word' id='word_1_487' title='bbox 2704 2741 2767 2795; x_wconf 87' lang='lat' dir='ltr'><strong>et</strong></span> <span class='ocrx_word' id='word_1_488' title='bbox 2813 2749 2981 2795; x_wconf 87' lang='lat' dir='ltr'><strong>sacra</strong></span> <span class='ocrx_word' id='word_1_489' title='bbox 3041 2731 3415 2797; x_wconf 88' lang='lat' dir='ltr'><strong>indumenta</strong></span> 
     </span>
     <span class='ocr_line' id='line_1_85' title="bbox 1831 2812 3423 2905; baseline 0.001 -24"><span class='ocrx_word' id='word_1_490' title='bbox 1831 2812 2057 2881; x_wconf 87' lang='lat' dir='ltr'><strong>babeat</strong></span> <span class='ocrx_word' id='word_1_491' title='bbox 2102 2817 2289 2883; x_wconf 90' lang='lat' dir='ltr'><strong>unius</strong></span> <span class='ocrx_word' id='word_1_492' title='bbox 2337 2817 2755 2903; x_wconf 86' lang='lat' dir='ltr'><strong>eiusdemque</strong></span> <span class='ocrx_word' id='word_1_493' title='bbox 2781 2817 3039 2901; x_wconf 88' lang='lat' dir='ltr'><strong>coloris,</strong></span> <span class='ocrx_word' id='word_1_494' title='bbox 3068 2830 3262 2905; x_wconf 88' lang='lat' dir='ltr'><strong>prout</strong></span> <span class='ocrx_word' id='word_1_495' title='bbox 3292 2822 3423 2884; x_wconf 83' lang='lat' dir='ltr'><strong>Ru-</strong></span> 
     </span>
     <span class='ocr_line' id='line_1_86' title="bbox 1831 2901 3423 2993; baseline -0.001 -23"><span class='ocrx_word' id='word_1_496' title='bbox 1831 2901 2041 2970; x_wconf 86' lang='lat' dir='ltr'><strong>bricae</strong></span> <span class='ocrx_word' id='word_1_497' title='bbox 2076 2907 2367 2992; x_wconf 74' lang='lat' dir='ltr'><strong>exigunt,</strong></span> <span class='ocrx_word' id='word_1_498' title='bbox 2399 2906 2459 2970; x_wconf 91' lang='lat' dir='ltr'><strong>in</strong></span> <span class='ocrx_word' id='word_1_499' title='bbox 2484 2906 2856 2973; x_wconf 86' lang='lat' dir='ltr'><strong>diversitate</strong></span> <span class='ocrx_word' id='word_1_500' title='bbox 2882 2905 3242 2991; x_wconf 75' lang='lat' dir='ltr'><strong>Fastorum)</strong></span> <span class='ocrx_word' id='word_1_501' title='bbox 3277 2925 3423 2993; x_wconf 87' lang='lat' dir='ltr'><strong>qua-</strong></span> 
     </span>
     <span class='ocr_line' id='line_1_87' title="bbox 1834 2992 3423 3095; baseline 0.003 -41"><span class='ocrx_word' id='word_1_502' title='bbox 1834 3001 1977 3055; x_wconf 86' lang='lat' dir='ltr'><strong>tuor</strong></span> <span class='ocrx_word' id='word_1_503' title='bbox 2022 3013 2055 3056; x_wconf 89' lang='lat' dir='ltr'><strong>a</strong></span> <span class='ocrx_word' id='word_1_504' title='bbox 2103 2995 2393 3061; x_wconf 79' lang='lat' dir='ltr'><strong>Ministris</strong></span> <span class='ocrx_word' id='word_1_505' title='bbox 2439 2995 2811 3061; x_wconf 89' lang='lat' dir='ltr'><strong>assumenda</strong></span> <span class='ocrx_word' id='word_1_506' title='bbox 2850 3014 2990 3060; x_wconf 87' lang='lat' dir='ltr'><strong>esse</strong></span> <span class='ocrx_word' id='word_1_507' title='bbox 3025 2994 3326 3095; x_wconf 85' lang='lat' dir='ltr'><strong>pluvialia</strong></span> <span class='ocrx_word' id='word_1_508' title='bbox 3361 2992 3423 3059; x_wconf 88' lang='lat' dir='ltr'><strong>in</strong></span> 
     </span>
     <span class='ocr_line' id='line_1_88' title="bbox 1831 3080 3412 3169; baseline 0.003 -26"><span class='ocrx_word' id='word_1_509' title='bbox 1831 3080 2032 3145; x_wconf 80' lang='lat' dir='ltr'><strong>Festis</strong></span> <span class='ocrx_word' id='word_1_510' title='bbox 2055 3080 2568 3169; x_wconf 84' lang='lat' dir='ltr'><strong>solemnioribus,</strong></span> <span class='ocrx_word' id='word_1_511' title='bbox 2586 3083 2825 3149; x_wconf 90' lang='lat' dir='ltr'><strong>scilicet</strong></span> <span class='ocrx_word' id='word_1_512' title='bbox 2844 3084 3041 3148; x_wconf 82' lang='lat' dir='ltr'><strong>Natali</strong></span> <span class='ocrx_word' id='word_1_513' title='bbox 3066 3088 3139 3150; x_wconf 93' lang='lat' dir='ltr'><strong>D.</strong></span> <span class='ocrx_word' id='word_1_514' title='bbox 3153 3087 3295 3150; x_wconf 84' lang='lat' dir='ltr'><strong>N.1.</strong></span> <span class='ocrx_word' id='word_1_515' title='bbox 3310 3086 3379 3149; x_wconf 93' lang='lat' dir='ltr'><strong>c.</strong></span> <span class='ocrx_word' id='word_1_516' title='bbox 3394 3129 3412 3164; x_wconf 92' lang='lat'><strong>,</strong></span> 
     </span>
     <span class='ocr_line' id='line_1_89' title="bbox 1832 3169 3417 3256; baseline 0.002 -23"><span class='ocrx_word' id='word_1_517' title='bbox 1832 3169 2210 3256; x_wconf 86' lang='lat' dir='ltr'><strong>Epiphania,</strong></span> <span class='ocrx_word' id='word_1_518' title='bbox 2260 3173 2554 3239; x_wconf 84' lang='lat' dir='ltr'><strong>Paschate</strong></span> <span class='ocrx_word' id='word_1_519' title='bbox 2598 3172 3135 3255; x_wconf 84' lang='lat' dir='ltr'><strong>Resurrectionis,</strong></span> <span class='ocrx_word' id='word_1_520' title='bbox 3184 3175 3417 3238; x_wconf 72' lang='lat' dir='ltr'><strong>Ascen-</strong></span> 
     </span>
     <span class='ocr_line' id='line_1_90' title="bbox 1830 3258 3416 3345; baseline -0.002 -21"><span class='ocrx_word' id='word_1_521' title='bbox 1830 3259 2033 3343; x_wconf 89' lang='lat' dir='ltr'><strong>sione,</strong></span> <span class='ocrx_word' id='word_1_522' title='bbox 2063 3262 2459 3344; x_wconf 87' lang='lat' dir='ltr'><strong>Pentecoste,</strong></span> <span class='ocrx_word' id='word_1_523' title='bbox 2487 3280 2604 3327; x_wconf 90' lang='lat' dir='ltr'><strong>nec</strong></span> <span class='ocrx_word' id='word_1_524' title='bbox 2638 3280 2767 3326; x_wconf 90' lang='lat' dir='ltr'><strong>non</strong></span> <span class='ocrx_word' id='word_1_525' title='bbox 2801 3260 2861 3326; x_wconf 90' lang='lat' dir='ltr'><strong>in</strong></span> <span class='ocrx_word' id='word_1_526' title='bbox 2894 3258 3089 3325; x_wconf 76' lang='lat' dir='ltr'><strong>Pestis</strong></span> <span class='ocrx_word' id='word_1_527' title='bbox 3118 3258 3416 3345; x_wconf 88' lang='lat' dir='ltr'><strong>Corporis</strong></span> 
     </span>
     <span class='ocr_line' id='line_1_91' title="bbox 1831 3348 3411 3436; baseline -0.002 -21"><span class='ocrx_word' id='word_1_528' title='bbox 1831 3348 2089 3429; x_wconf 88' lang='lat' dir='ltr'><strong>Christi,</strong></span> <span class='ocrx_word' id='word_1_529' title='bbox 2118 3350 2180 3412; x_wconf 88' lang='lat' dir='ltr'><strong>S.</strong></span> <span class='ocrx_word' id='word_1_530' title='bbox 2213 3350 2437 3435; x_wconf 88' lang='lat' dir='ltr'><strong>loseph</strong></span> <span class='ocrx_word' id='word_1_531' title='bbox 2465 3350 2686 3436; x_wconf 90' lang='lat' dir='ltr'><strong>Sponsi</strong></span> <span class='ocrx_word' id='word_1_532' title='bbox 2715 3354 2783 3415; x_wconf 87' lang='lat' dir='ltr'><strong>B.</strong></span> <span class='ocrx_word' id='word_1_533' title='bbox 2804 3352 2884 3414; x_wconf 76' lang='lat' dir='ltr'><strong>M.</strong></span> <span class='ocrx_word' id='word_1_534' title='bbox 2905 3351 3014 3430; x_wconf 65' lang='lat' dir='ltr'><strong>V„</strong></span> <span class='ocrx_word' id='word_1_535' title='bbox 3041 3350 3411 3414; x_wconf 86' lang='lat' dir='ltr'><strong>Sanc-torum</strong></span> 
     </span>
     <span class='ocr_line' id='line_1_92' title="bbox 1831 3437 3415 3522; baseline 0 -22"><span class='ocrx_word' id='word_1_536' title='bbox 1831 3438 2283 3522; x_wconf 80' lang='lat' dir='ltr'><strong>Apostolorum</strong></span> <span class='ocrx_word' id='word_1_537' title='bbox 2331 3437 2496 3503; x_wconf 88' lang='lat' dir='ltr'><strong>Petri</strong></span> <span class='ocrx_word' id='word_1_538' title='bbox 2560 3449 2626 3503; x_wconf 88' lang='lat' dir='ltr'><strong>et</strong></span> <span class='ocrx_word' id='word_1_539' title='bbox 2696 3437 2906 3521; x_wconf 88' lang='lat' dir='ltr'><strong>Pauli,</strong></span> <span class='ocrx_word' id='word_1_540' title='bbox 2973 3437 3415 3501; x_wconf 81' lang='lat' dir='ltr'><strong>lmmaculatae</strong></span> 
     </span>
     <span class='ocr_line' id='line_1_93' title="bbox 1828 3523 3414 3612; baseline -0.001 -23"><span class='ocrx_word' id='word_1_541' title='bbox 1828 3523 2300 3612; x_wconf 77' lang='lat' dir='ltr'><strong>conceptioniS,</strong></span> <span class='ocrx_word' id='word_1_542' title='bbox 2351 3526 2856 3595; x_wconf 76' lang='lat' dir='ltr'><strong>Annuntiationis</strong></span> <span class='ocrx_word' id='word_1_543' title='bbox 2903 3535 2966 3590; x_wconf 90' lang='lat' dir='ltr'><strong>et</strong></span> <span class='ocrx_word' id='word_1_544' title='bbox 3025 3524 3414 3612; x_wconf 79' lang='lat' dir='ltr'><strong>Assumptio·</strong></span> 
     </span>
     <span class='ocr_line' id='line_1_94' title="bbox 1831 3611 3417 3696; baseline -0.001 -19"><span class='ocrx_word' id='word_1_545' title='bbox 1831 3612 1925 3677; x_wconf 88' lang='lat' dir='ltr'><strong>uis</strong></span> <span class='ocrx_word' id='word_1_546' title='bbox 1947 3616 2016 3677; x_wconf 88' lang='lat' dir='ltr'><strong>B.</strong></span> <span class='ocrx_word' id='word_1_547' title='bbox 2040 3616 2123 3681; x_wconf 75' lang='lat' dir='ltr'><strong>M.</strong></span> <span class='ocrx_word' id='word_1_548' title='bbox 2143 3613 2249 3696; x_wconf 59' lang='lat' dir='ltr'><strong>V„</strong></span> <span class='ocrx_word' id='word_1_549' title='bbox 2272 3613 2567 3679; x_wconf 87' lang='lat' dir='ltr'><strong>Omnium</strong></span> <span class='ocrx_word' id='word_1_550' title='bbox 2600 3619 3002 3695; x_wconf 88' lang='lat' dir='ltr'><strong>Sanctorum,</strong></span> <span class='ocrx_word' id='word_1_551' title='bbox 3033 3616 3096 3680; x_wconf 92' lang='lat' dir='ltr'><strong>S.</strong></span> <span class='ocrx_word' id='word_1_552' title='bbox 3125 3611 3417 3679; x_wconf 82' lang='lat' dir='ltr'><strong>Titularis</strong></span> 
     </span>
     <span class='ocr_line' id='line_1_95' title="bbox 1829 3699 3416 3785; baseline -0.001 -20"><span class='ocrx_word' id='word_1_553' title='bbox 1829 3700 2174 3785; x_wconf 88' lang='lat' dir='ltr'><strong>Ecclesiae,</strong></span> <span class='ocrx_word' id='word_1_554' title='bbox 2226 3703 2296 3767; x_wconf 89' lang='lat' dir='ltr'><strong>S.</strong></span> <span class='ocrx_word' id='word_1_555' title='bbox 2350 3702 2596 3767; x_wconf 88' lang='lat' dir='ltr'><strong>Patroni</strong></span> <span class='ocrx_word' id='word_1_556' title='bbox 2653 3702 2933 3769; x_wconf 86' lang='lat' dir='ltr'><strong>civitatis</strong></span> <span class='ocrx_word' id='word_1_557' title='bbox 2983 3711 3049 3765; x_wconf 85' lang='lat' dir='ltr'><strong>et</strong></span> <span class='ocrx_word' id='word_1_558' title='bbox 3094 3699 3416 3768; x_wconf 85' lang='lat' dir='ltr'><strong>Ecclesiae</strong></span> 
     </span>
     <span class='ocr_line' id='line_1_96' title="bbox 1826 3788 3415 3878; baseline -0.002 -23"><span class='ocrx_word' id='word_1_559' title='bbox 1826 3788 2283 3855; x_wconf 83' lang='lat' dir='ltr'><strong>Dedicationis:</strong></span> <span class='ocrx_word' id='word_1_560' title='bbox 2336 3791 2463 3855; x_wconf 89' lang='lat' dir='ltr'><strong>duo</strong></span> <span class='ocrx_word' id='word_1_561' title='bbox 2514 3808 2667 3855; x_wconf 90' lang='lat' dir='ltr'><strong>vero</strong></span> <span class='ocrx_word' id='word_1_562' title='bbox 2716 3789 3013 3878; x_wconf 85' lang='lat' dir='ltr'><strong>pluvialia</strong></span> <span class='ocrx_word' id='word_1_563' title='bbox 3060 3788 3415 3857; x_wconf 83' lang='lat' dir='ltr'><strong>adhibenda</strong></span> 
     </span>
     <span class='ocr_line' id='line_1_97' title="bbox 1829 3875 3417 3963; baseline -0.001 -21"><span class='ocrx_word' id='word_1_564' title='bbox 1829 3895 1964 3942; x_wconf 88' lang='lat' dir='ltr'><strong>esse</strong></span> <span class='ocrx_word' id='word_1_565' title='bbox 2018 3877 2076 3943; x_wconf 91' lang='lat' dir='ltr'><strong>in</strong></span> <span class='ocrx_word' id='word_1_566' title='bbox 2126 3878 2261 3942; x_wconf 88' lang='lat' dir='ltr'><strong>aliis</strong></span> <span class='ocrx_word' id='word_1_567' title='bbox 2318 3878 2518 3942; x_wconf 84' lang='lat' dir='ltr'><strong>Festis</strong></span> <span class='ocrx_word' id='word_1_568' title='bbox 2580 3877 2947 3945; x_wconf 85' lang='lat' dir='ltr'><strong>immediate</strong></span> <span class='ocrx_word' id='word_1_569' title='bbox 3001 3875 3417 3963; x_wconf 85' lang='lat' dir='ltr'><strong>sequentibus</strong></span> 
     </span>
     <span class='ocr_line' id='line_1_98' title="bbox 1827 3963 3417 4050; baseline -0.001 -20"><span class='ocrx_word' id='word_1_570' title='bbox 1827 3963 2000 4030; x_wconf 89' lang='lat' dir='ltr'><strong>diem</strong></span> <span class='ocrx_word' id='word_1_571' title='bbox 2048 3963 2400 4031; x_wconf 82' lang='lat' dir='ltr'><strong>Nativitatis</strong></span> <span class='ocrx_word' id='word_1_572' title='bbox 2453 3967 2726 4050; x_wconf 89' lang='lat' dir='ltr'><strong>Domini,</strong></span> <span class='ocrx_word' id='word_1_573' title='bbox 2776 3965 3069 4050; x_wconf 82' lang='lat' dir='ltr'><strong>Paschae,</strong></span> <span class='ocrx_word' id='word_1_574' title='bbox 3111 3970 3417 4031; x_wconf 88' lang='lat' dir='ltr'><strong>Penteco-</strong></span> 
     </span>
     <span class='ocr_line' id='line_1_99' title="bbox 1823 4051 3413 4132; baseline 0 -16"><span class='ocrx_word' id='word_1_575' title='bbox 1823 4062 1985 4129; x_wconf 85' lang='lat' dir='ltr'><strong>stes;</strong></span> <span class='ocrx_word' id='word_1_576' title='bbox 2037 4054 2191 4119; x_wconf 91' lang='lat' dir='ltr'><strong>item</strong></span> <span class='ocrx_word' id='word_1_577' title='bbox 2241 4054 2301 4118; x_wconf 89' lang='lat' dir='ltr'><strong>in</strong></span> <span class='ocrx_word' id='word_1_578' title='bbox 2348 4053 2548 4118; x_wconf 84' lang='lat' dir='ltr'><strong>Festis</strong></span> <span class='ocrx_word' id='word_1_579' title='bbox 2578 4053 3091 4121; x_wconf 87' lang='lat' dir='ltr'><strong>Circumcisionis</strong></span> <span class='ocrx_word' id='word_1_580' title='bbox 3139 4051 3413 4132; x_wconf 88' lang='lat' dir='ltr'><strong>Domini,</strong></span> 
     </span>
     <span class='ocr_line' id='line_1_100' title="bbox 1828 4138 3415 4222; baseline -0.003 -15"><span class='ocrx_word' id='word_1_581' title='bbox 1828 4140 2278 4207; x_wconf 81' lang='lat' dir='ltr'><strong>Purificationis</strong></span> <span class='ocrx_word' id='word_1_582' title='bbox 2306 4153 2368 4207; x_wconf 91' lang='lat' dir='ltr'><strong>et</strong></span> <span class='ocrx_word' id='word_1_583' title='bbox 2392 4143 2743 4208; x_wconf 81' lang='lat' dir='ltr'><strong>Nativitatis</strong></span> <span class='ocrx_word' id='word_1_584' title='bbox 2775 4148 2843 4209; x_wconf 87' lang='grc' dir='ltr'><strong>Β.</strong></span> <span class='ocrx_word' id='word_1_585' title='bbox 2881 4146 2964 4208; x_wconf 83' lang='grc' dir='ltr'><strong>Μ.</strong></span> <span class='ocrx_word' id='word_1_586' title='bbox 3004 4145 3107 4222; x_wconf 83' lang='lat' dir='ltr'><strong>V.,</strong></span> <span class='ocrx_word' id='word_1_587' title='bbox 3142 4145 3251 4207; x_wconf 89' lang='lat' dir='ltr'><strong>SS.</strong></span> <span class='ocrx_word' id='word_1_588' title='bbox 3283 4138 3415 4207; x_wconf 87' lang='lat' dir='ltr'><strong>Tri-</strong></span> 
     </span>
     <span class='ocr_line' id='line_1_101' title="bbox 1825 4229 3415 4316; baseline -0.001 -20"><span class='ocrx_word' id='word_1_589' title='bbox 1825 4229 2035 4296; x_wconf 89' lang='lat' dir='ltr'><strong>nitatis</strong></span> <span class='ocrx_word' id='word_1_590' title='bbox 2104 4240 2167 4295; x_wconf 89' lang='lat' dir='ltr'><strong>et</strong></span> <span class='ocrx_word' id='word_1_591' title='bbox 2229 4232 2293 4294; x_wconf 91' lang='lat' dir='ltr'><strong>S.</strong></span> <span class='ocrx_word' id='word_1_592' title='bbox 2333 4230 2573 4297; x_wconf 89' lang='lat' dir='ltr'><strong>loannis</strong></span> <span class='ocrx_word' id='word_1_593' title='bbox 2626 4233 2979 4316; x_wconf 83' lang='lat' dir='ltr'><strong>Baptistae:</strong></span> <span class='ocrx_word' id='word_1_594' title='bbox 3043 4230 3301 4295; x_wconf 91' lang='lat' dir='ltr'><strong>tandem</strong></span> <span class='ocrx_word' id='word_1_595' title='bbox 3353 4229 3415 4294; x_wconf 90' lang='lat' dir='ltr'><strong>in</strong></span> 
     </span>
     <span class='ocr_line' id='line_1_102' title="bbox 1826 4316 3408 4404; baseline -0.002 -19"><span class='ocrx_word' id='word_1_596' title='bbox 1826 4317 2168 4385; x_wconf 88' lang='lat' dir='ltr'><strong>Dominicis</strong></span> <span class='ocrx_word' id='word_1_597' title='bbox 2213 4319 2480 4404; x_wconf 90' lang='lat' dir='ltr'><strong>aliisque</strong></span> <span class='ocrx_word' id='word_1_598' title='bbox 2528 4318 2722 4383; x_wconf 82' lang='lat' dir='ltr'><strong>Festis</strong></span> <span class='ocrx_word' id='word_1_599' title='bbox 2756 4337 2953 4384; x_wconf 89' lang='lat' dir='ltr'><strong>unum</strong></span> <span class='ocrx_word' id='word_1_600' title='bbox 2991 4329 3231 4382; x_wconf 87' lang='lat' dir='ltr'><strong>tautum</strong></span> <span class='ocrx_word' id='word_1_601' title='bbox 3268 4316 3408 4403; x_wconf 91' lang='lat' dir='ltr'><strong>plu-</strong></span> 
     </span>
     <span class='ocr_line' id='line_1_103' title="bbox 1827 4403 3415 4489; baseline -0.003 -16"><span class='ocrx_word' id='word_1_602' title='bbox 1827 4406 1991 4473; x_wconf 85' lang='lat' dir='ltr'><strong>viale</strong></span> <span class='ocrx_word' id='word_1_603' title='bbox 2041 4404 2161 4472; x_wconf 90' lang='lat' dir='ltr'><strong>erit</strong></span> <span class='ocrx_word' id='word_1_604' title='bbox 2206 4405 2637 4473; x_wconf 82' lang='lat' dir='ltr'><strong>adhibendum</strong></span> <span class='ocrx_word' id='word_1_605' title='bbox 2663 4429 2694 4471; x_wconf 89' lang='lat' dir='ltr'><strong>a</strong></span> <span class='ocrx_word' id='word_1_606' title='bbox 2734 4405 3141 4489; x_wconf 80' lang='lat' dir='ltr'><strong>celebrante,</strong></span> <span class='ocrx_word' id='word_1_607' title='bbox 3176 4416 3282 4470; x_wconf 90' lang='lat' dir='ltr'><strong>aut</strong></span> <span class='ocrx_word' id='word_1_608' title='bbox 3320 4403 3415 4470; x_wconf 88' lang='lat' dir='ltr'><strong>Di-</strong></span> 
     </span>
     <span class='ocr_line' id='line_1_104' title="bbox 1824 4492 3406 4581; baseline -0.002 -22"><span class='ocrx_word' id='word_1_609' title='bbox 1824 4494 2028 4581; x_wconf 79' lang='lat' dir='ltr'><strong>gnitas</strong></span> <span class='ocrx_word' id='word_1_610' title='bbox 2075 4493 2156 4558; x_wconf 89' lang='lat' dir='ltr'><strong>sit</strong></span> <span class='ocrx_word' id='word_1_611' title='bbox 2187 4508 2293 4561; x_wconf 89' lang='lat' dir='ltr'><strong>aut</strong></span> <span class='ocrx_word' id='word_1_612' title='bbox 2326 4495 2675 4562; x_wconf 81' lang='lat' dir='ltr'><strong>canonicus</strong></span> <span class='ocrx_word' id='word_1_613' title='bbox 2708 4506 2814 4560; x_wconf 90' lang='lat' dir='ltr'><strong>aut</strong></span> <span class='ocrx_word' id='word_1_614' title='bbox 2848 4492 3406 4560; x_wconf 84' lang='lat' dir='ltr'><strong>Hebdomadarius.</strong></span> 
     </span>
     <span class='ocr_line' id='line_1_105' title="bbox 1826 4583 3412 4665; baseline -0.004 -16"><span class='ocrx_word' id='word_1_615' title='bbox 1826 4588 1912 4649; x_wconf 86' lang='lat' dir='ltr'><strong>lta</strong></span> <span class='ocrx_word' id='word_1_616' title='bbox 1960 4583 2365 4649; x_wconf 84' lang='lat' dir='ltr'><strong>decernimus</strong></span> <span class='ocrx_word' id='word_1_617' title='bbox 2413 4594 2478 4647; x_wconf 89' lang='lat' dir='ltr'><strong>et</strong></span> <span class='ocrx_word' id='word_1_618' title='bbox 2525 4583 2946 4665; x_wconf 78' lang='lat' dir='ltr'><strong>declaramuS,</strong></span> <span class='ocrx_word' id='word_1_619' title='bbox 2985 4593 3049 4647; x_wconf 90' lang='lat' dir='ltr'><strong>ut</strong></span> <span class='ocrx_word' id='word_1_620' title='bbox 3095 4602 3164 4646; x_wconf 88' lang='lat' dir='ltr'><strong>ea</strong></span> <span class='ocrx_word' id='word_1_621' title='bbox 3196 4598 3412 4645; x_wconf 85' lang='lat' dir='ltr'><strong>serve-</strong></span> 
     </span>
     <span class='ocr_line' id='line_1_106' title="bbox 1828 4668 3412 4757; baseline -0.003 -22"><span class='ocrx_word' id='word_1_622' title='bbox 1828 4682 1929 4736; x_wconf 90' lang='lat' dir='ltr'><strong>tur</strong></span> <span class='ocrx_word' id='word_1_623' title='bbox 1978 4672 2333 4757; x_wconf 89' lang='lat' dir='ltr'><strong>proporti0,</strong></span> <span class='ocrx_word' id='word_1_624' title='bbox 2382 4690 2572 4756; x_wconf 89' lang='lat' dir='ltr'><strong>quam</strong></span> <span class='ocrx_word' id='word_1_625' title='bbox 2620 4671 2886 4756; x_wconf 87' lang='lat' dir='ltr'><strong>requirit</strong></span> <span class='ocrx_word' id='word_1_626' title='bbox 2933 4668 3412 4736; x_wconf 75' lang='lat' dir='ltr'><strong>caeremoniale</strong></span> 
     </span>
     <span class='ocr_line' id='line_1_107' title="bbox 1825 4756 3414 4848; baseline -0.003 -24"><span class='ocrx_word' id='word_1_627' title='bbox 1825 4758 2330 4843; x_wconf 87' lang='lat' dir='ltr'><strong>Episcoporum;</strong></span> <span class='ocrx_word' id='word_1_628' title='bbox 2381 4778 2541 4843; x_wconf 89' lang='lat' dir='ltr'><strong>quae</strong></span> <span class='ocrx_word' id='word_1_629' title='bbox 2575 4778 2722 4824; x_wconf 91' lang='lat' dir='ltr'><strong>sane</strong></span> <span class='ocrx_word' id='word_1_630' title='bbox 2773 4756 3101 4848; x_wconf 89' lang='lat' dir='ltr'><strong>proportio</strong></span> <span class='ocrx_word' id='word_1_631' title='bbox 3137 4757 3414 4822; x_wconf 89' lang='lat' dir='ltr'><strong>tenenda</strong></span> 
     </span>
     <span class='ocr_line' id='line_1_108' title="bbox 1827 4842 3412 4927; baseline 0 -18"><span class='ocrx_word' id='word_1_632' title='bbox 1827 4857 1947 4927; x_wconf 89' lang='lat' dir='ltr'><strong>est,</strong></span> <span class='ocrx_word' id='word_1_633' title='bbox 2000 4847 2177 4911; x_wconf 89' lang='lat' dir='ltr'><strong>nullo</strong></span> <span class='ocrx_word' id='word_1_634' title='bbox 2229 4846 2437 4911; x_wconf 86' lang='lat' dir='ltr'><strong>habito</strong></span> <span class='ocrx_word' id='word_1_635' title='bbox 2484 4846 2854 4912; x_wconf 82' lang='lat' dir='ltr'><strong>discrimine</strong></span> <span class='ocrx_word' id='word_1_636' title='bbox 2888 4847 3054 4911; x_wconf 88' lang='lat' dir='ltr'><strong>inter</strong></span> <span class='ocrx_word' id='word_1_637' title='bbox 3088 4842 3412 4910; x_wconf 88' lang='lat' dir='ltr'><strong>celebran-</strong></span> 
     </span>
     <span class='ocr_line' id='line_1_109' title="bbox 1827 4931 3409 5018; baseline -0.003 -20"><span class='ocrx_word' id='word_1_638' title='bbox 1827 4933 1981 4998; x_wconf 90' lang='lat' dir='ltr'><strong>tium</strong></span> <span class='ocrx_word' id='word_1_639' title='bbox 2011 4952 2333 5018; x_wconf 85' lang='lat' dir='ltr'><strong>personas,</strong></span> <span class='ocrx_word' id='word_1_640' title='bbox 2363 4953 2508 4999; x_wconf 86' lang='lat' dir='ltr'><strong>cum</strong></span> <span class='ocrx_word' id='word_1_641' title='bbox 2537 4935 2761 4999; x_wconf 83' lang='lat' dir='ltr'><strong>eadem</strong></span> <span class='ocrx_word' id='word_1_642' title='bbox 2788 4951 3056 4999; x_wconf 89' lang='lat' dir='ltr'><strong>numero</strong></span> <span class='ocrx_word' id='word_1_643' title='bbox 3082 4931 3409 5018; x_wconf 86' lang='lat' dir='ltr'><strong>pluvialia,</strong></span> 
     </span>
     <span class='ocr_line' id='line_1_110' title="bbox 1825 5020 3413 5109; baseline -0.002 -23"><span class='ocrx_word' id='word_1_644' title='bbox 1825 5022 2050 5087; x_wconf 88' lang='lat' dir='ltr'><strong>eadem</strong></span> <span class='ocrx_word' id='word_1_645' title='bbox 2116 5020 2386 5106; x_wconf 87' lang='lat' dir='ltr'><strong>pretiosa</strong></span> <span class='ocrx_word' id='word_1_646' title='bbox 2446 5033 2551 5087; x_wconf 84' lang='lat' dir='ltr'><strong>aut</strong></span> <span class='ocrx_word' id='word_1_647' title='bbox 2609 5021 2977 5109; x_wconf 90' lang='lat' dir='ltr'><strong>pretiosiora</strong></span> <span class='ocrx_word' id='word_1_648' title='bbox 3041 5022 3413 5088; x_wconf 88' lang='lat' dir='ltr'><strong>indumenta</strong></span> 
     </span>
     <span class='ocr_line' id='line_1_111' title="bbox 1824 5107 3413 5196; baseline 0.001 -24"><span class='ocrx_word' id='word_1_649' title='bbox 1824 5111 2200 5176; x_wconf 86' lang='lat' dir='ltr'><strong>assumenda</strong></span> <span class='ocrx_word' id='word_1_650' title='bbox 2256 5107 2420 5189; x_wconf 81' lang='lat' dir='ltr'><strong>sint,</strong></span> <span class='ocrx_word' id='word_1_651' title='bbox 2484 5120 2675 5196; x_wconf 90' lang='lat' dir='ltr'><strong>prout</strong></span> <span class='ocrx_word' id='word_1_652' title='bbox 2735 5110 3003 5194; x_wconf 76' lang='lat' dir='ltr'><strong>exigunt</strong></span> <span class='ocrx_word' id='word_1_653' title='bbox 3062 5107 3225 5176; x_wconf 82' lang='lat' dir='ltr'><strong>Festi</strong></span> <span class='ocrx_word' id='word_1_654' title='bbox 3278 5109 3413 5174; x_wconf 85' lang='lat' dir='ltr'><strong>dies</strong></span> 
     </span>
     <span class='ocr_line' id='line_1_112' title="bbox 1825 5197 3412 5284; baseline 0 -22"><span class='ocrx_word' id='word_1_655' title='bbox 1825 5198 1935 5283; x_wconf 88' lang='lat' dir='ltr'><strong>qui</strong></span> <span class='ocrx_word' id='word_1_656' title='bbox 1985 5206 2352 5278; x_wconf 87' lang='lat' dir='ltr'><strong>recurrunt,</strong></span> <span class='ocrx_word' id='word_1_657' title='bbox 2388 5197 2524 5262; x_wconf 89' lang='lat' dir='ltr'><strong>sive</strong></span> <span class='ocrx_word' id='word_1_658' title='bbox 2570 5215 2713 5263; x_wconf 90' lang='lat' dir='ltr'><strong>cum</strong></span> <span class='ocrx_word' id='word_1_659' title='bbox 2764 5197 3040 5284; x_wconf 77' lang='lat' dir='ltr'><strong>Dignitas</strong></span> <span class='ocrx_word' id='word_1_660' title='bbox 3085 5200 3219 5264; x_wconf 85' lang='lat' dir='ltr'><strong>sive</strong></span> <span class='ocrx_word' id='word_1_661' title='bbox 3268 5215 3412 5263; x_wconf 91' lang='lat' dir='ltr'><strong>cum</strong></span> 
     </span>
     <span class='ocr_line' id='line_1_113' title="bbox 1825 5284 3415 5366; baseline -0.002 -14"><span class='ocrx_word' id='word_1_662' title='bbox 1825 5286 2203 5366; x_wconf 77' lang='lat' dir='ltr'><strong>canonicuS,</strong></span> <span class='ocrx_word' id='word_1_663' title='bbox 2241 5284 2410 5350; x_wconf 78' lang='lat' dir='ltr'><strong>iuxta</strong></span> <span class='ocrx_word' id='word_1_664' title='bbox 2460 5285 2780 5353; x_wconf 87' lang='lat' dir='ltr'><strong>Ecclesiae</strong></span> <span class='ocrx_word' id='word_1_665' title='bbox 2816 5286 3215 5353; x_wconf 78' lang='lat' dir='ltr'><strong>vasionensis</strong></span> <span class='ocrx_word' id='word_1_666' title='bbox 3246 5287 3415 5351; x_wconf 89' lang='lat' dir='ltr'><strong>ordi-</strong></span> 
     </span>
     <span class='ocr_line' id='line_1_114' title="bbox 1824 5375 3412 5460; baseline -0.001 -21"><span class='ocrx_word' id='word_1_667' title='bbox 1824 5392 2016 5459; x_wconf 90' lang='lat' dir='ltr'><strong>nem,</strong></span> <span class='ocrx_word' id='word_1_668' title='bbox 2083 5375 2616 5442; x_wconf 89' lang='lat' dir='ltr'><strong>consuetudinem</strong></span> <span class='ocrx_word' id='word_1_669' title='bbox 2677 5384 2866 5460; x_wconf 89' lang='lat' dir='ltr'><strong>atque</strong></span> <span class='ocrx_word' id='word_1_670' title='bbox 2912 5384 3181 5458; x_wconf 82' lang='lat' dir='ltr'><strong>statuta,</strong></span> <span class='ocrx_word' id='word_1_671' title='bbox 3244 5392 3412 5439; x_wconf 84' lang='lat' dir='ltr'><strong>sacra</strong></span> 
     </span>
    </p>
   </div>
  </div>
 </body>
</html>
