4042 5950
1558 285 2031 367 -387-

92 444 479 532 perveniat
537 446 642 513 vel
706 446 1113 533 egrediatur,
1173 445 1391 515 Officio
1451 447 1574 514 iam
1638 446 1733 513 in-

95 533 389 619 choato,
448 542 709 603 tenetur
753 553 835 601 ne
880 534 1034 601 alios
1079 535 1165 602 de
1208 535 1416 603 choro
1448 534 1734 602 circum-

96 630 371 689 stantes
424 620 759 689 salutare'?
820 623 1024 691 Silent
1081 623 1164 690 de
1224 623 1342 690 bac
1387 642 1458 690 re
1506 627 1732 690 Caere—

95 707 416 776 moniale
465 708 932 798 Episcoporum
979 722 1043 778 et
1090 710 1425 779 Rubricae.

240 800 398 865 ΧΠ.
456 803 523 863 ln
583 799 832 866 Sacello
889 798 1144 866 maioris
1212 797 1543 866 seminarii
1608 806 1731 863 stat

100 884 431 952 sacristia
478 896 622 973 post
668 888 924 972 Altare,
976 898 1041 953 et
1095 886 1359 954 Ministri
1422 886 1728 953 accedere

99 984 405 1060 possunt
452 974 530 1040 ad
577 971 793 1041 Altare
842 986 966 1042 tam
1015 994 1098 1041 ex
1160 984 1341 1061 parte
1395 972 1724 1061 Evangelii

99 1079 313 1147 quam
371 1081 462 1129 ex
500 1071 682 1150 parte
716 1063 1057 1151 Epistulae.
1090 1061 1428 1142 Quaeritur
1457 1078 1727 1149 quanam

100 1160 261 1215 ante
314 1148 579 1218 nissam
628 1168 706 1216 ex
756 1160 937 1238 parte
986 1151 1163 1221 exire
1208 1151 1484 1218 debeant
1513 1150 1590 1217 ad
1623 1150 1728 1215 Al-

106 1234 311 1305 tare?
358 1241 452 1305 Et
496 1256 619 1323 qua
666 1249 847 1326 parte
879 1250 1031 1393 post
1078 1237 1322 1305 Missam
1367 1238 1582 1305 redire
1614 1236 1727 1304 de·

105 1324 312 1409 beant
367 1328 452 1396 ad
500 1326 857 1396 sacristiam

242 1417 428 1482 xiil.
480 1417 644 1482 Num
693 1415 937 1482 Thecae
984 1415 1319 1482 deauratae
1352 1416 1723 1482 Sanctorum

103 1501 446 1590 Reliquiis
491 1502 779 1570 addictae
833 1503 910 1569 ad
973 1502 1199 1569 Altaris
1253 1512 1721 1587 ornamentum,

106 1588 291 1657 inter
341 1590 742 1659 candelabra
791 1591 1132 1658 collocatae
1181 1602 1245 1656 et
1298 1601 1553 1677 apertae
1597 1590 1724 1656 sin-

106 1678 289 1779 gulis
353 1678 638 1831 dgebus,
701 1678 839 1746 sine
885 1678 1164 1762 lumine,
1212 1679 1301 1745 sic
1348 1695 1724 1766 permanere

106 1777 378 1852 possint

251 1857 435 1923 XIV.
485 1857 649 1922 Num
711 1854 1008 1925 canonici
1071 1855 1249 1923 Feria
1306 1857 1359 1922 V
1403 1852 1469 1920 in
1514 1856 1721 1921 coena

108 1942 378 2009 Domini
482 1942 818 2011 luvialibus
867 1944 1099 2029 induti,
1135 1943 1414 2010 debeant
1460 1940 1723 2028 insuper

117 2031 375 2097 Stolam
486 2032 679 2099 abere
726 2051 764 2097 e
811 2031 979 2099 collo
1043 2030 1437 2119 pendentem
1495 2028 1572 2095 ad
1628 2048 1722 2094 sa-

118 2136 298 2184 cram
352 2118 897 2187 communionem
943 2114 1462 2204 suscipiendam?

250 2211 407 2276 XV.
456 2209 624 2273 Num
668 2207 734 2274 in
780 2208 886 2275 die
934 2217 1148 2274 octava
1205 2205 1371 2274 Festi
1425 2204 1724 2295 Corporis

119 2294 372 2362 christi
416 2295 769 2363 Canonicus
815 2295 923 2381 qui
971 2293 1445 2362 sanctissimum
1479 2292 1721 2360 Eucha-

122 2383 346 2450 ristiae
399 2385 882 2453 Sacramentum
948 2384 1275 2450 delaturus
1322 2393 1418 2448 est
1466 2381 1530 2447 in
1575 2385 1722 2447 Pro·

122 2471 455 2555 cessione,
505 2489 666 2557 quae
715 2470 787 2537 fit
831 2473 907 2539 ad
975 2471 1135 2538 illud
1184 2470 1244 2537 in
1292 2467 1719 2537 Tabernaculo

122 2559 612 2646 reponendum,
647 2558 880 2626 debeat
926 2577 1123 2645 super
1159 2558 1519 2625 rochettum
1553 2575 1721 2623 assu-

124 2662 311 2714 mere
359 2645 714 2731 Amictum,
762 2646 1033 2729 Albam,·
1063 2646 1430 2733 cingulum,
1480 2643 1718 2714 Stolam

128 2743 193 2800 et
236 2735 535 2823 pluviale
580 2734 700 2801 albi
747 2733 1032 2803 coloris?

255 2824 437 2902 Quae
468 2823 733 2909 quidem
764 2823 977 2907 dubia,
1014 2842 1131 2912 per
1153 2821 1584 2909 subscriptum
1608 2823 1719 2888 Se-

128 2911 483 2978 cretarium
516 2911 735 2995 relata,
773 2920 1019 2979 maturo
1065 2911 1149 2979 de
1195 2927 1377 2978 more
1426 2908 1717 2977 examine

132 3000 516 3086 expendens
559 3002 744 3068 Sacra
810 3000 1071 3067 Rituum
1128 2996 1592 3087 congregatio,
1642 2996 1761 3064 ad·

132 3087 508 3155 Vaticanum
558 3088 863 3156 hodierna
908 3087 1013 3156 die
1060 3088 1399 3154 coadunata
1447 3085 1510 3152 in
1540 3085 1717 3153 Ordi-

130 3176 319 3242 nariis
365 3175 685 3261 comitiis,
734 3174 1213 3243 rescribendum
1262 3174 1555 3242 censuitz

261 3263 360 3332 Ad
419 3267 481 3331 1.
528 3284 567 3327 ι
598 3264 812 3363 Quoad
873 3264 1155 3331 Clericos
1214 3262 1278 3329 in
1343 3261 1552 3361 choro
1607 3261 1719 3328 de-

133 3363 421 3527 3523322
455 3353 761 3507 {3323ss
783 3360 1317 3528 {12⁸1‘330si‘322r‘1?
1325 3349 1718 3504 3ᾉέἓὲῗὲ

138 3537 254 3612 tes,
306 3527 726 3611 Affirmative,
773 3528 823 3594 si
868 3528 1030 3595 adsit
1073 3525 1468 3594 consuetudo
1502 3547 1568 3591 ».

263 3616 360 3684 Ad
409 3620 477 3683 Ξ.
526 3628 593 3683 et
637 3619 701 3684 3.
753 3636 792 3679 ι
824 3614 1239 3699 Affirmative,
1274 3613 1449 3681 iuxta
1493 3613 1717 3682 Rubri·

140 3721 270 3769 cam
305 3726 371 3773 ι».

265 3793 362 3860 Ad
415 3797 484 3860 4.
530 3802 598 3859 et
645 3797 707 3859 5.
758 3812 797 3855 ι
829 3786 1014 3858 Posse
1048 3814 1114 3858 ι.

263 3881 363 3949 Ad
416 3884 480 3948 6.
531 3902 570 3945 ι
601 3882 741 3949 Non
789 3879 1093 3948 teneri».

266 3969 365 4038 Ad
413 3973 478 4037 7.
528 3990 567 4033 ι
601 3974 671 4036 In
715 3967 912 4035 Missis
942 3969 1023 4036 de
1053 3966 1362 4055 Requiem
1397 3985 1543 4034 cum
1574 3986 1715 4033 can-

149 4064 237 4139 tu,
284 4058 515 4125 saltem
559 4066 835 4143 quatuor
863 4077 930 4122 a».

269 4146 362 4214 Ad
413 4149 479 4214 8.
530 4154 596 4211 et
641 4149 706 4214 9.
756 4164 795 4207 ι
828 4146 1041 4228 Posse,
1075 4145 1189 4212 sed
1236 4163 1363 4211 non
1410 4142 1614 4211 teneri
1648 4165 1715 4209 ν.

268 4234 364 4301 Ad
415 4237 519 4303 10.
571 4253 610 4296 ι
641 4230 988 4319 Negative;
1039 4242 1104 4298 et
1149 4249 1228 4299 ex
1273 4234 1554 4300 Decretis
1594 4232 1715 4298 boc

150 4317 278 4422 iure
322 4321 609 4408 gaudere
653 4329 901 4388 tantum
944 4320 1330 4408 Episcopum
1378 4320 1500 4389 loci
1538 4320 1717 4387 Ordi-

152 4424 388 4477 narmm
420 4432 483 4477 ι».

272 4499 365 4568 Ad
415 4503 523 4600 ¹¹:
571 4519 611 4562 ‹
645 4498 996 4566 servandas
1032 4496 1388 4585 peculiares
1432 4497 1715 4564 locorum

156 4598 376 4744 00118Ῑὲ
381 4585 711 4743 aginta,
720 4633 1027 4741 ‘sacristia
1079 4691 1114 4739 e
1161 4684 1342 4764 parte
1390 4671 1717 4758 Evangelii

159 4762 658 4845 egrediendum
721 4782 756 4829 e
802 4773 984 4851 parte
1031 4763 1354 4850 Epistolae
1407 4763 1484 4830 ad
1544 4762 1715 4830 illam

157 4851 575 4921 accedendum
599 4873 659 4917 ι».

274 4940 365 5008 Ad
420 4945 527 5008 13.
572 4961 612 5004 ‹
646 4943 811 5007 Ante
873 4957 1041 5005 sacra
1103 4939 1363 5028 Lipsana
1433 4939 1716 5027 exposita

158 5024 365 5184 {alam
410 5029 541 5097 duo
588 5029 848 5111 lumina,
900 5047 979 5096 ex
1029 5028 1344 5111 Decretis,
1394 5026 1718 5094 collucere

80 5137 85 5143 ·
205 5129 235 5176 θ
316 5138 383 5186 re
416 5139 481 5183 ι.
1677 5137 1681 5144 ·

279 5207 369 5275 Ad
419 5210 524 5275 14.
574 5226 613 5269 ι
645 5207 950 5294 Negative
985 5227 1051 5272 ι.
1366 5231 1375 5242 =

281 5296 369 5363 Ad
421 5299 526 5364 18.
580 5316 616 5360 «
649 5294 1082 5374 Affirmativ03
1128 5309 1244 5360 seu
1276 5291 1482 5359 teneri
1515 5292 1593 5359 ad
1625 5312 1717 5357 as-

168 5385 526 5452 sumendum
596 5383 951 5467 Amictum‚
1024 5382 1284 5468 Albam,
1346 5378 1715 5466 cingulum,

1718 5178 1725 5185 .
1821 5126 1887 5181 et
1931 5111 2189 5180 Missalis
2249 5111 2396 5179 lolia
2440 5119 2687 5195 vertat;
2756 5130 2910 5197 qum

1837 445 2076 515 Stolam
2137 457 2201 513 et
2260 446 2541 532 pluviale
2601 448 2726 517 albi
2788 448 3056 536 coloris,
3114 446 3417 519 comitan-

1836 534 2003 603 tibus
2049 534 2342 602 Ministris
2375 557 2438 601 ».

1963 625 2176 707 Atque
2220 623 2302 689 ita
2348 626 2999 712 Sacra,congregatio
3061 627 3416 694 rescribere

1838 724 1964 777 rata
2010 721 2130 795 est,
2182 711 2631 799 propositaque
2678 712 2868 781 dubia
2916 714 3264 782 declarare.

1965 800 2077 865 Die
2130 803 2208 866 12
2256 800 2526 888 Augusti
2579 805 2769 870 1854.

1831 974 2100 1044 3030.
2389 978 2859 1044 ramnum..
3185 976 3412 1065 (5209)

1959 1149 2342 1217 Benedictus
2408 1151 2549 1217 XIV
2615 1148 2727 1216 fel.
2803 1170 2935 1217 rec.
3009 1168 3172 1216 anno
3246 1151 3407 1217 1741

1829 1237 2034 1322 Bulla,
2083 1256 2244 1323 quae
2291 1234 2513 1323 incipit
2557 1237 2745 1305 Illius
2792 1237 3415 1325 inconprehensibili

1828 1325 2135 1407 bonitate,
2174 1323 2522 1391 Ecclesiam
2554 1326 2761 1394 Sancti
2796 1325 3118 1392 Michaelis
3145 1326 3416 1393 Archan-

1829 1412 1960 1500 geli
1985 1413 2268 1482 civitatis
2295 1413 2603 1480 Tiberiani
2637 1413 3014 1481 Faventinae
3038 1414 3415 1481 Dioeceseos

1828 1502 1895 1568 in
1944 1503 2253 1586 insignem
2315 1500 2751 1588 collegiatam,
2816 1520 2977 1588 quae
3037 1500 3413 1587 Parocbialis

1826 1599 1900 1656 ut
1930 1600 2110 1656 antea
2144 1588 2465 1673 extiterat,
2500 1589 2749 1676 erexit3
2783 1610 2852 1657 ac
2885 1590 2948 1656 in
2982 1608 3052 1655 ea
3077 1589 3413 1678 Archipre-

1826 1677 2220 1765 sbyteratum
2267 1677 2564 1761 instituit,
2598 1677 2706 1764 qui
2737 1679 2943 1766 prima
2992 1691 3160 1743 esset
3191 1677 3412 1744 Eccle-

1826 1764 1951 1831 siae
2013 1764 2290 1866 Dignitas
2338 1775 2405 1831 et
2460 1775 2780 1851 tamquam
2841 1764 3135 1853 Episcopi
3198 1766 3411 1833 locum

1830 1863 2053 1920 tenens
2085 1871 2149 1919 m
2185 1854 2408 1920 eadem
2440 1851 2808 1937 baberetur,
2836 1853 3139 1940 idemque
3162 1854 3413 1942 amplis·
3496 1930 3501 1935 ,

1824 1941 1998 2007 simis
2030 1960 2099 2007 ac
2131 1959 2333 2029 prope
2364 1939 2789 2028 singularibus
2811 1942 3124 2030 gauderet
3154 1941 3412 2027 privile-

1825 2028 1970 2115 giis.
2005 2033 2179 2096 Inter
2210 2027 2366 2095 baec
2397 2027 2744 2114 specialem
2777 2039 3110 2096 merentur
3139 2028 3409 2096 mentio·

1824 2135 1973 2184 nem
2006 2116 2457 2184 indumentum
2504 2115 2935 2203 praelatitium
2982 2116 3148 2204 nigri
3183 2116 3410 2185 coloris

1826 2224 1971 2273 cum
2026 2204 2418 2271 mantelletta
2468 2214 2532 2269 et
2580 2204 2898 2288 rochetto,
2946 2204 3406 2292 pontificalium

1824 2312 1975 2361 usus
2004 2291 2351 2380 praefinitis
2376 2291 2629 2376 diebus,
2659 2290 2986 2359 facultates
3012 2311 3130 2381 pro
3154 2292 3407 2382 quibus-

1823 2384 1968 2451 dam
2034 2379 2607 2460 benedictionibus,
2659 2399 2738 2445 ex
2787 2379 3014 2466 quibus
3059 2381 3405 2449 nonnullae

1825 2470 2017 2536 etiam
2061 2469 2218 2535 sacri
2263 2467 2397 2535 Olei
2444 2468 2812 2534 unctionem
2858 2468 3216 2555 requirunt.
3263 2468 3406 2537 Pius

1823 2578 1975 2626 vero
2002 2560 2109 2625 vu
2133 2576 2295 2624 anno
2324 2559 2489 2625 1800
2516 2556 2579 2622 in
2603 2557 2807 2640 Bulla,
2835 2574 2996 2642 quae
3022 2556 3244 2645 incipit
3266 2553 3408 2645 Opo-

1822 2666 1968 2713 rosa
2021 2644 2552 2731 christifidelium
2591 2647 2826 2729 pietas,
2882 2644 3146 2711 alteram
3196 2644 3259 2710 in
3307 2665 3406 2712 ea-

1822 2734 1971 2802 dem
1996 2733 2341 2821 collegiata
2374 2733 2655 2799 Ecclesia
2687 2730 3065 2819 dignitatem
3095 2731 3401 2821 instituit;

1822 2822 2322 2912 praeposituram
2379 2820 2648 2904 scilicet,
2704 2839 2870 2887 novo
2918 2839 2999 2887 ue
3046 2823 3408 2910 Praeposito

1822 2911 2098 2980 bonores
2145 2928 2363 2977 omnes
2409 2907 2744 2992 concessit,
2795 2926 2903 2995 qui
2951 2928 3024 2976 us
3062 2919 3211 2976 tunc
3249 2920 3406 2978 tem-

1821 2999 1996 3087 poris
2071 2997 2604 3085 Archipresbyter
2678 2995 3056 3081 fruebatur,
3129 3010 3404 3087 excepto

1818 3085 2285 3176 pontificalium
2317 3105 2459 3152 usu.
2488 3086 2656 3165 Quae
2680 3085 3143 3171 Praepositura,
3178 3083 3261 3152 ob
3293 3107 3403 3153 ex-

1821 3185 1987 3242 ortas
2037 3175 2156 3242 hoc
2204 3173 2467 3242 ineunte
2511 3171 2731 3241 seculo
2778 3172 3246 3239 vicissitudines
3294 3194 3405 3241 ex-

1822 3262 2043 3347 tincta,
2090 3283 2122 3327 a
2169 3260 2473 3347 Gregorio
2505 3264 2642 3329 xvi
2688 3280 2743 3326 s.
2778 3277 2865 3325 m.
2904 3279 3068 3327 anno
3104 3262 3268 3328 1837
3301 3262 3405 3329 iis·

1821 3351 1973 3419 dem
2019 3349 2412 3440 privilegiis,
2462 3350 2691 3435 quibus
2751 3348 2903 3414 olim
2967 3348 3172 3415 fuerat
3230 3349 3403 3416 insti·

1819 3449 1979 3524 tuta,
2031 3439 2457 3527 redintegrata
2509 3447 2627 3504 est.
2676 3438 2898 3525 Nuper
2941 3454 3096 3503 vero
3151 3448 3403 3505 contro-

1821 3527 2047 3594 versiis
2095 3528 2334 3593 exortis
2380 3525 2543 3592 circa
2586 3522 2922 3626 privilegia
2981 3534 3047 3592 et
3102 3525 3402 3594 bonorifi-

1823 3616 2084 3699 centias,
2120 3626 2254 3682 tum
2302 3611 2859 3703 Archipresbyten
2894 3623 3029 3680 tum
3060 3614 3404 3702 Praepositi

1821 3703 2206 3804 collegiatae
2235 3703 2588 3786 Ecclesiae,
2619 3701 2906 3769 eiusdem
2930 3701 3251 3786 Canonici,
3283 3722 3404 3794 per

1821 3792 2182 3880 supplicem
2231 3790 2521 3858 libellum
2568 3793 2791 3858 Sacrae
2820 3788 3079 3857 Rituum
3122 3794 3404 3881 congre-

1822 3879 2055 3967 gationi
2105 3878 2435 3965 oblatum,
2483 3876 2815 3966 sequentia
2861 3878 3049 3945 dubia
3097 3879 3403 3948 declarari

1871 3968 2202 4035 etierunt:

1822 3989 1868 4057 p
1955 4062 2001 4124 1.
2055 4058 2152 4124 An
2196 4056 2732 4146 Archipresbyter
2775 4064 2840 4120 et
2885 4055 3281 4143 Ptaepositus
3335 4056 3401 4124 in

1821 4145 1999 4212 Missa
2061 4144 2331 4211 solemni
2404 4145 2698 4231 (excepta
2773 4139 3118 4209 Pontificali
3191 4145 3399 4230 quoad

1822 4231 2131 4323 primum)
2179 4233 2314 4298 sive
2359 4251 2476 4334 pro
2522 4231 2681 4298 vivis
2725 4230 2860 4295 sive
2906 4247 3026 4315 pro
3054 4229 3397 4318 defunctis,

1823 4324 1889 4390 in
1937 4320 2231 4422 vesperis
2275 4318 2538 4406 aliisque
2582 4316 3014 4385 functionibus
3060 4338 3239 4386 mere
3291 4339 3401 4421 pa·

1822 4407 2202 4477 rochialibus
2249 4406 2341 4473 uti
2392 4406 2630 4495 possint
2676 4409 2957 4488 canone,
3004 4407 3395 4508 palmatorna,

1817 4496 2052 4564 annulo
2117 4495 2386 4582 gemmis
2445 4504 2663 4561 ornato
2718 4503 2784 4559 et
2843 4493 3275 4582 pulvinaribus
3319 4495 3395 4563 ad

1823 4584 2050 4670 Sedes,
2099 4594 2171 4650 ut
2218 4583 2548 4670 bucusque
2595 4582 2832 4650 factum
2882 4579 3054 4650 luit?

1948 4678 2025 4741 ll.
2076 4674 2171 4739 An
2218 4671 2413 4739 iidem
2475 4672 2538 4738 in
2600 4670 2796 4737 Missis
2844 4669 3102 4757 privatis
3147 4673 3396 4739 Canone

1821 4772 1886 4829 et
1930 4759 2296 4849 palmatoria
2342 4759 2435 4826 uti
2480 4758 2748 4847 possint,
2792 4759 3065 4827 calicem
3111 4758 3176 4825 in
3221 4769 3398 4826 ante·

1820 4867 2066 4917 cessum
2117 4867 2237 4936 per
2279 4846 2431 4914 alios
2476 4848 2551 4914 ad
2602 4845 2814 4912 Altare
2859 4847 3118 4915 deferre
3165 4858 3230 4913 et
3290 4847 3398 4914 Mi-

1819 4940 2015 5005 nistro
2062 4935 2391 5002 assistente
2437 4935 2529 5001 uti
2575 4934 2683 5021 qui
2730 4935 2953 5003 vinum
3001 4936 3065 5002 in
3126 4932 3397 5003 calicem

1821 5024 2135 5109 infundat,
2171 5024 2449 5092 calicem
2498 5022 2821 5110 cooperiat
2868 5034 2932 5089 et
2977 5023 3398 5111 discooperiat

2849 5109 2862 5124 ’
2968 5110 3196 5199 potius·
3225 5123 3397 5178 stare

1820 5212 2162 5270 teneantur
2204 5204 2474 5267 Decreto
2521 5199 2864 5267 Alexandri
2915 5196 3074 5268 vu?

1951 5294 2054 5357 111.
2104 5293 2201 5356 An
2246 5287 2477 5373 iidem,
2527 5305 2673 5355 cum
2721 5288 2911 5355 sacris
2969 5287 3399 5356 functionibus

1821 5377 1883 5445 in
1927 5374 2330 5466 presbyten‘o
2375 5375 2706 5463 assistunt,
2764 5376 3007 5466 possint
3061 5376 3258 5445 Sedes
3301 5375 3395 5445 di-
