4042 5950
2072 254 2543 336 —418-

664 467 670 474 .
793 419 843 481 1.
915 416 1098 481 Anne
1167 412 1519 567 Episcopus
1583 410 1782 499 possit
1845 412 1949 479 vel
2019 409 2253 478 debeat

664 500 1005 590 iniungere
1051 502 1219 568 omni
1268 521 1341 567 us
1396 501 1985 569 sanctimonialibus
2027 498 2253 566 recita-

659 589 902 657 tionem
965 589 1360 673 Officiorum,
1430 608 1590 674 quae
1653 589 1714 655 in
1779 587 2114 655 enunciato
2175 585 2248 653 li-

661 677 834 745 bello
881 679 1316 760 continentur,
1366 675 1653 762 quamvis
1691 675 1858 763 ipsae
1908 673 2251 743 Sanctimo-

660 764 859 832 niales
904 765 985 831 ob
1033 764 1571 851 multiplicitatem
1615 764 1978 831 Officiorum
2027 763 2249 830 Calen-

664 852 820 920 darii
846 852 1097 922 Ordinis
1130 854 1504 941 quamplura
1534 852 1744 920 Officia
1776 850 2046 939 singulis
2075 849 2250 916 annis

662 941 739 1008 ad
789 942 982 1008 ritum
1030 940 1386 1028 simplicem
1436 940 1734 1026 redigere
1783 935 2165 1006 teneantur?

793 1035 874 1097 11.
920 1032 1124 1107 Quum
1181 1029 1244 1095 in
1291 1029 1491 1096 Festis
1537 1030 1602 1095 8.
1639 1026 1911 1111 Patroni,
1961 1025 2254 1092 Titularis

663 1128 729 1184 et
773 1116 1199 1186 Dedicationis
1244 1116 1568 1184 Ecclesiae
1614 1114 2004 1183 cathedralis
2036 1117 2251 1199 Engu-

664 1205 847 1273 binae
873 1226 954 1273 ex
980 1205 1254 1290 benigna
1285 1206 1352 1272 8.
1381 1204 1564 1273 Sedis
1589 1203 1999 1271 concessione
2022 1202 2247 1268 Clerus

662 1293 976 1362 Secularis
1005 1303 1071 1359 et
1101 1293 1433 1380 Regularis
1462 1292 1687 1358 recitat
1715 1290 1926 1359 Officia
2003 1287 2247 1378 ropria;

662 1381 1028 1467 quaeritur:
1077 1383 1176 1447 An
1225 1380 1573 1469 Episcopus
1634 1380 1829 1467 possit
1889 1397 1969 1445 ve
2057 1376 2244 1444 etiam

660 1469 893 1539 debeat
925 1469 1298 1557 praecipere
1330 1466 1918 1537 Sanctimonialibus
1948 1467 2067 1533 sibi
2099 1465 2251 1532 sub-

661 1558 868 1642 iectis,
903 1571 974 1623 ut
1007 1557 1163 1623 haec
1193 1556 1327 1644 ipsa
1356 1557 1569 1623 Officia
1597 1557 1715 1623 ado
1769 1565 1931 1638 tent,
1959 1551 2246 1641 quamvis

660 1644 999 1714 adhibeant
1045 1645 1284 1732 proprii
1332 1644 1581 1711 Ordinis
1625 1647 1705 1711 Ca
1738 1640 2117 1711 endarium‘?

792 1736 972 1801 Sacra
1020 1751 1212 1819 porro
1259 1732 1517 1799 Rituum
1564 1729 1986 1818 Congregatio
2019 1731 2096 1798 ad
2131 1734 2246 1800 Va-

661 1822 939 1889 ticanum
985 1819 1287 1887 hodierna
1334 1820 1439 1887 die
1487 1819 1832 1887 coadunata
1879 1821 1943 1885 in
1986 1818 2247 1885 Ordina-

661 1909 769 1975 riis
830 1906 1150 1992 Comitiis,
1214 1907 1538 1975 referente
1602 1908 1961 1996 subscripto
2021 1910 2246 1974 Secre-

665 1997 848 2080 tario,
898 1995 1191 2063 omnibus
1237 2006 1528 2063 accurate
1593 1998 1954 2084 perpensis,
2015 1993 2244 2061 rescri-

661 2082 945 2152 bendum
993 2085 1283 2150 censuit:

790 2172 884 2239 Ad
930 2177 984 2239 1.
1017 2195 1056 2238 α
1088 2172 1435 2259 Negative3
1485 2172 1604 2239 nisi
1634 2172 1699 2241 in
1731 2172 2061 2257 Rescripto
2094 2190 2241 2238 con-

660 2261 959 2327 cessionis
1005 2262 1228 2328 eadem
1276 2260 1486 2328 Officia
1528 2262 1841 2329 declarata
1888 2259 2127 2326 fuerint
2157 2260 2242 2326 de

660 2361 1002 2436 praecepto
1047 2349 1240 2415 etiam
1276 2367 1392 2436 pro
1422 2349 1841 2437 Regularibus
1871 2347 2242 2414 Calendario

661 2436 1042 2504 Dioecesano
1089 2436 1349 2502 minime
1398 2438 1724 2504 utentibus
1756 2459 1822 2500 ιο.

788 2525 884 2591 Ad
929 2529 1004 2591 11.
1055 2545 1094 2588 ι
1126 2524 1556 2605 Affirmative3
1604 2524 1958 2592 dummodo
1988 2523 2241 2590 Brevia·

661 2611 853 2697 rium,
902 2630 1031 2698 quo
1075 2611 1374 2678 moniales
1415 2621 1708 2697 utuntur,
1742 2630 1871 2677 non
1914 2613 2242 2698 discrepet

659 2719 692 2765 a
738 2699 936 2766 forma
983 2697 1279 2766 Breviarii
1328 2699 1689 2767 Romani».

789 2788 999 2873 Atque
1033 2787 1114 2852 ita
1153 2787 1479 2873 rescripsit
1511 2798 1576 2854 et
1608 2787 1844 2854 servari
1891 2788 2235 2855 mandavit.

788 2873 900 2941 Die
946 2879 1032 2943 26
1081 2874 1276 2942 Martii
1334 2879 1521 2945 1859.

654 2992 918 3107 3085.
1119 3037 1779 3104 conensseartoms
2008 3034 2234 3122 (sset)

832 3144 1324 3212 ccnslconum
1379 3142 2059 3209 Exeatcsaroaun

726 3250 836 3317 ss.
879 3248 1157 3314 caucis
1201 3249 1302 3313 ΕΤ
1347 3245 1734 3313 Passionis
1777 3248 1850 3310 n.
1885 3246 1962 3312 N.
1999 3248 2049 3310 1.
2085 3247 2159 3312 c,

786 3406 1017 3475 Clerici
1063 3405 1416 3472 Excalceati
1456 3405 1976 3494 congregationis
2006 3410 2235 3476 SSmae

656 3495 872 3563 Crucis
919 3505 983 3559 et
1030 3493 1330 3560 Passionis
1374 3497 1446 3561 D.
1483 3496 1561 3560 N.
1594 3498 1644 3560 l.
1692 3498 1762 3562 C.
1815 3496 2126 3579 degentes
2172 3499 2235 3563 in

654 3600 829 3648 sacro
861 3585 1136 3647 Recessu
1162 3580 1390 3669 Oppidi
1423 3583 1670 3649 Paleani
1694 3584 2067 3650 Dioeceseos
2091 3588 2238 3652 Pre-

652 3669 967 3752 nestinae,
1014 3680 1408 3756 exponentes
1454 3670 1600 3737 huic
1634 3673 1702 3738 S.
1737 3671 1885 3738 Sedi
1919 3674 2235 3759 Apostoli-

653 3776 763 3825 cae
794 3755 861 3823 in
892 3758 1119 3823 eodem
1161 3756 1412 3844 Oppido
1456 3759 1727 3845 eiusque
1773 3759 2097 3827 territorio
2126 3760 2235 3827 die

651 3844 930 3911 secunda
961 3845 1328 3912 Decembris
1357 3845 1482 3933 agi,
1530 3850 1648 3914 sub
1686 3847 1927 3933 duplici
1972 3865 2231 3933 praece-

655 3943 765 4022 pto
794 3932 1079 4001 adstandi
1105 3935 1295 4000 Sacro
1329 3946 1394 3999 et
1422 3956 1455 4000 a
1487 3935 1821 4003 servilibus
1849 3935 2231 4020 abstinendi,

652 4021 974 4109 peculiare
1019 4025 1279 4089 Festum
1325 4023 1768 4090 Translationis
1816 4026 2035 4090 Sacrae
2076 4029 2233 4091 lma-

652 4111 816 4196 ginis
871 4113 943 4176 B.
994 4110 1216 4174 Mariae
1264 4109 1538 4196 Virginis
1585 4113 1658 4177 de
1709 4114 1990 4178 Zancatt‘
2036 4113 2231 4199 vulgo

651 4208 1077 4285 nuncupatae,
1106 4216 1252 4264 cum
1272 4198 1487 4265 Officio
1521 4210 1585 4264 et
1614 4200 1788 4266 Missa
1818 4200 1936 4266 sub
1961 4201 2088 4265 ritu
2114 4201 2229 4267 du-

650 4285 803 4442 Elici
850 4285 1091 4371 maiori,
1126 4307 1159 4352 a
1192 4290 1373 4354 Sacra
1417 4286 1675 4354 Rituum
1722 4288 2229 4373 congregatione

698 4372 1012 4443 umillime
1057 4376 1583 4462 postulaverunt,
1643 4387 1712 4442 ut
1768 4377 2090 4443 declarare
2137 4377 2229 4445 di-

696 4474 998 4531 nareturz
1347 4470 1356 4477 '

627 4479 692 4593 -g
780 4555 1004 4618 Utrum
1049 4550 1391 4638 supradicti
1438 4552 1764 4643 Religiosi,
1798 4553 1960 4621 intra
1989 4553 2226 4620 limites

648 4639 937 4709 eiusdem
983 4639 1309 4707 Territorii
1354 4641 1665 4729 degentes
1710 4654 1775 4709 et
1821 4644 2064 4731 proprii
2116 4644 2226 4710 Or·

646 4727 809 4798 dinis
838 4728 1211 4795 Calendario
1231 4739 1512 4813 utentes,
1540 4730 1812 4798 debeant
1846 4734 2071 4800 eadem
2096 4731 2225 4818 ipsa

645 4818 754 4886 die
799 4818 1078 4883 secunda
1121 4817 1485 4884 Decembris
1513 4819 1801 4887 Officium
1841 4821 2107 4887 recitare
2140 4819 2225 4887 de

645 4903 1071 4973 Translatione
1104 4906 1468 4973 enunciatae
1495 4908 1807 4997 imaginis,
1834 4909 1920 4976 de
1952 4928 2073 4995 qua
2101 4909 2221 4973 iam

644 4997 898 5061 Festum
944 4995 1312 5079 observant,
1382 4998 1676 5063 translato
1724 4997 1788 5063 in
1834 5009 2220 5085 perpetuum

641 5082 854 5149 Officio
885 5084 953 5148 S.
986 5082 1277 5151 Bibianae
1310 5081 1488 5168 Virg.
1517 5090 1695 5152 Mart.
1732 5085 1794 5152 in
1829 5086 2097 5174 primam
2129 5102 2223 5151 se-

641 5183 947 5255 quentem
993 5169 1164 5236 diem
1210 5192 1338 5241 non
1398 5171 1810 5261 impeditam3
1860 5194 1938 5240 an
1983 5172 2217 5261 potius,

641 5267 890 5325 servato
954 5258 1186 5324 ieiunio
1237 5262 1297 5329 in
1345 5261 1685 5351 pervigilio
1746 5274 1809 5329 et
1870 5266 2055 5328 Festo
2101 5257 2219 5325 sub

645 5355 918 5459 utroque
967 5363 1337 5441 praecepto,
1387 5360 1722 5417 teneantur
1769 5349 1894 5417 ritu
1940 5349 2219 5416 semidu-

2354 409 2509 498 plici
2557 411 2927 497 persolvere
2980 409 3268 479 Officium
3315 413 3379 478 S.
3416 408 3705 478 Bibianae
3750 408 3901 499 Vtrg.

2352 498 2649 565 Mat-tuin
2695 497 2956 585 proprio
3001 498 3372 566 Calendario
3416 495 3803 566 occurrens?

2487 589 2669 655 Sacra
2716 604 2908 672 porro
2954 585 3212 653 Rituum
3250 586 3700 675 Congregatio,
3732 584 3790 652 in
3816 588 3907 652 Or·

2355 674 2611 742 dinariis
2657 674 2940 742 Comitiis
2983 674 3289 742 hodierna
3319 673 3427 742 die
3458 674 3536 740 ad
3573 674 3909 740 Vaticanum
3986 709 3987 722 κ

2354 763 2724 845 coadunata,
2775 761 3100 829 referente
3152 761 3511 849 subscripto
3558 759 3908 843 Secretario,

2356 861 2499 939 post
2529 862 2893 917 accuratum
2921 850 3231 936 propositi
3264 849 3441 918 dubii
3494 868 3785 929 examen,
3830 868 3911 914 re·

2348 936 2633 1004 scribere
2678 949 2810 1004 rata
2854 949 3002 1004 est:
3986 951 3987 960 ¹

2482 1048 2521 1091 c
2553 1026 2965 1110 Affirmative‚
2999 1025 3075 1091 ad
3109 1025 3375 1114 primam
3412 1036 3702 1114 partem;
3738 1026 3909 1109 Nega-

2353 1113 2509 1198 tive,
2543 1116 2621 1182 ad
2652 1115 2999 1181 secundam
3021 1136 3087 1179 ».
3137 1119 3345 1199 Atque
3377 1113 3461 1180 ita
3491 1113 3730 1181 servari
3762 1132 3909 1178 man-

2351 1202 2555 1269 davit.

2482 1290 2595 1358 Die
2642 1294 2728 1358 26
2778 1290 2974 1357 Martii
3027 1292 3220 1358 1859.

2346 1432 2614 1501 sose.
2897 1433 3369 1499 Tasuovtsn.
3708 1431 3904 1518 (nass)

2478 1560 2674 1623 Rmus
2720 1559 2792 1621 D.
2828 1555 3058 1643 loseph
3102 1552 3376 1622 Aloisius
3432 1551 3744 1620 Pnkolski
3788 1554 3910 1641 Epi·

2345 1663 2577 1732 scopus
2623 1644 3032 1727 Tarnovien„
3080 1643 3406 1710 desiderio
3451 1640 3727 1728 flagrans
3756 1654 3825 1707 ut
3860 1642 3909 1708 in

2349 1730 2633 1798 Dioecesi
2664 1750 2776 1797 sua
2804 1750 3015 1798 sacrae
3046 1728 3404 1798 functiones
3432 1731 3729 1797 ordinate
3756 1726 3909 1812 flant,

2347 1819 2610 1885 servatis
2656 1818 2945 1886 Rubricis
2973 1838 3042 1884 ac
3075 1817 3358 1885 Decretis
3391 1829 3456 1884 et
3480 1818 3770 1918 praescri
3818 1817 3911 1881 tio·

2346 1907 2532 1974 nibus
2577 1910 2838 1974 Sanctae
2883 1911 3195 1973 Romanae
3250 1905 3625 1984 Ecclesiae;
3677 1926 3709 1971 a
3828 1924 3911 1970 cra

2344 1996 2605 2062 Rituum
2650 1995 3159 2082 congregatione
3206 1993 3569 2062 humillime
3617 1992 3827 2084 petiit,
3856 2003 3913 2059 ut

2342 2101 2540 2169 super
2582 2083 3005 2183 sequentibus
3058 2081 3270 2151 dubiis
3327 2081 3717 2150 sententiam
3762 2099 3914 2147 suam

2346 2171 2588 2238 elicere
2632 2172 3057 2257 dignaretur:

2477 2257 2750 2327 Dubium
2796 2264 2845 2326 l.
2897 2264 2993 2326 An
3038 2258 3103 2326 in
3148 2259 3447 2347 vesperis
3494 2276 3715 2326 coram
3746 2261 3916 2325 SSmo

2346 2351 2751 2415 Sacramento
2782 2347 3073 2435 exposito
3104 2344 3531 2431 celebrandis,
3563 2356 3746 2413 extra
3775 2356 3918 2412 octa·

2341 2454 2482 2502 vam
2530 2434 2828 2523 Corporis
2873 2434 3132 2519 Christi,
3179 2434 3471 2503 addenda
3515 2434 3601 2504 sit
3656 2452 3919 2500 comme-

2343 2522 2610 2590 moratio
2657 2524 2743 2590 de
2791 2523 3060 2603 eodem;
3108 2533 3297 2609 atque
3345 2523 3752 2590 omittendus
3794 2540 3921 2586 ver·

2340 2632 2449 2678 sus
2482 2612 2805 2678 Fidelium
2837 2613 3099 2678 animae
3119 2631 3236 2696 per
3266 2610 3794 2679 misericordia-t
3821 2611 3922 2676 Dei

2342 2703 2748 2784 requiescant
2795 2703 2869 2766 in
2908 2720 3064 2785 paco
3085 2700 3116 2763 5

2474 2787 2746 2854 Dubium
2792 2793 2867 2855 11.
2924 2792 3145 2855 Utrum
3194 2785 3521 2854 occasione
3581 2789 3921 2874 Indulgen-

2346 2875 2598 2961 tiarum,
2649 2877 2753 2942 vel
2801 2875 3016 2961 simili,
3067 2895 3187 2962 qua
3235 2876 3460 2945 fideles
3505 2894 3738 2963 magna
3787 2893 3919 2944 cum

2342 2963 2700 3051 frequentia
2748 2965 2825 3032 ad
2873 2984 3113 3032 sacram
3157 2966 3457 3052 Synaxim
3488 2966 3811 3034 accedere
3837 2984 3923 3031 so-

2343 3053 2503 3136 lent,
2550 3071 2635 3119 ne
2680 3072 2819 3119 sese
2881 3072 3080 3140 penes
3132 3054 3359 3120 Altaris
3415 3053 3743 3122 cancellos
3805 3065 3921 3120 tur·

2340 3143 2560 3209 matim
2618 3141 2997 3225 obtrudant,
3046 3140 3243 3230 possit
3302 3141 3569 3227 iisdem,
3615 3141 3763 3209 sive
3817 3160 3924 3228 per

2342 3228 2727 3314 Ecclesiam,
2763 3229 2902 3296 sive
2946 3242 3124 3296 extra
3172 3230 3368 3314 illam,
3418 3228 3485 3296 in
3531 3248 3747 3316 genua
3796 3249 3923 3319 pro-

2341 3317 2574 3383 volutis
2620 3316 3088 3384 Eucharisticus
3118 3317 3295 3406 panis
3324 3316 3660 3398 distribui;
3696 3339 3782 3386 an
3824 3336 3922 3406 po-

2338 3404 2467 3472 tius
2498 3404 2728 3471 debeat
2761 3408 3204 3474 tautummodo
3235 3406 3527 3473 distribui
3552 3426 3763 3495 penes
3791 3426 3921 3473 can-

2338 3493 2538 3559 cellos
2586 3492 2786 3560 linteo
2834 3494 3073 3563 mundo
3107 3504 3445 3587 ,contectos
3490 3494 3626 3560 sive
3675 3495 3760 3563 ad
3791 3514 3919 3584 gra·

2340 3581 2459 3648 dus
2505 3578 2783 3647 Altaris?

2468 3669 2742 3737 Dubium
2791 3675 2892 3737 111.
2943 3674 3167 3738 Utrum
3216 3671 3548 3756 Sacerdos,
3582 3682 3917 3759 postquam

2337 3757 2816 3827 Sanctissimum
2847 3760 3280 3827 Eucharistiae
3325 3762 3812 3827 Sacramentum
3854 3758 3918 3825 il·

2338 3848 2449 3915 lud
2497 3846 2617 3913 sub
2662 3846 2914 3914 Throno
2959 3866 3073 3914 seu
3115 3846 3488 3915 baldachino
3548 3848 3911 3928 collocavit,

2336 3934 2567 4003 debeat
2609 3935 2837 4001 stando
2882 3935 2986 4001 vel
3032 3935 3216 4003 flexis
3260 3936 3533 4022 genibus
3583 3935 3914 4003 incensum

2336 4025 2400 4089 in
2461 4021 2786 4088 thuribulo
2846 4042 3089 4112 ponere
3153 4044 3223 4091 ac
3287 4023 3524 4091 deinde
3591 4024 3912 4091 Sanctissi-

2334 4129 2510 4177 mum
2539 4113 3016 4178 Sacramentum
3051 4111 3414 4178 thurificare
3444 4109 3677 4180 debeat
3701 4114 3771 4179 in
3796 4130 3915 4177 mo-

2335 4200 2490 4267 dum
2536 4198 2766 4282 crucis,
2815 4218 3049 4268 novem
3082 4200 3186 4266 vel
3222 4199 3413 4266 etiam
3447 4199 3747 4286 pluribus
3782 4200 3915 4266 thu·

2333 4286 2522 4355 ribuli
2581 4286 2876 4354 ductibus
2934 4288 3273 4355 adhibitis:
3322 4308 3401 4355 an
3446 4290 3678 4377 potius,
3740 4306 3913 4375 prae-

2332 4376 2519 4442 missa
2561 4375 2877 4464 profunda
2909 4377 3298 4461 reverentia,
3342 4387 3471 4444 tres
3519 4388 3768 4445 tantum
3804 4376 3914 4442 du-

2333 4465 2566 4531 clusin
2599 4465 2825 4531 eadem
2853 4465 3017 4531 linea
3062 4465 3348 4567 dirigere
3394 4484 3546 4553 erga
3590 4463 3759 4531 illud
3809 4464 3913 4532 de·

2331 4551 2497 4636 beat,
2546 4553 2757 4638 prouti
2805 4552 2877 4619 fit
2923 4552 2989 4620 in
3034 4556 3253 4621 Crucis
3300 4552 3731 4621 incensatione
3758 4551 3794 4621 ⁸?

2461 4640 2731 4707 Dubium
2763 4644 2871 4708 IV.
2918 4646 2988 4708 ln
3017 4641 3251 4709 nostris
3282 4641 3650 4728 regionibus
3678 4639 3765 4707 ab
3805 4641 3914 4706 im·

2328 4727 2724 4795 memorabili
2757 4741 3053 4817 tempore
3087 4730 3353 4798 invaluit
3384 4729 3814 4814 consuetudo,
3850 4740 3913 4795 ut

2327 4816 2392 4883 in
2438 4819 2841 4885 Processione
2888 4837 3050 4904 quae
3084 4819 3156 4885 fit
3187 4836 3335 4885 cum
3367 4818 3778 4887 sanctissimo
3812 4821 3911 4885 Sa·

2327 4917 2676 4991 eramento,
2725 4912 2928 4973 semel
2976 4919 3121 4974 ante
3170 4907 3343 4974 illam
3401 4919 3466 4973 et
3524 4908 3779 4994 saepius
3845 4925 3907 4970 ea

2324 4995 2741 5081 perdurante,
2792 4992 3219 5063 Eucharistica
3269 4993 3627 5063 benedictio
3665 4994 3907 5082 populo

2325 5082 2626 5149 donetur.
2678 5088 2746 5151 ln
2775 5083 3051 5150 solemni
3082 5103 3234 5151 vero
3278 5081 3709 5167 processione,
3742 5100 3908 5169 quae

2323 5170 2533 5256 agitur
2576 5182 2955 5238 occurrente
3004 5176 3191 5239 Festo
3222 5173 3521 5260 Corporis
3551 5172 3783 5240 Christi
3818 5172 3906 5236 in·

2323 5257 2521 5324 valuit
2569 5260 2852 5346 insuper,
2902 5271 2976 5327 ut
3021 5261 3274 5347 quoties
3321 5262 3398 5329 ad
3448 5260 3718 5347 aliquam
3777 5270 3905 5323 sta·
3986 5334 3987 5337 Ἴ

2325 5343 2559 5414 tionem
2607 5348 2935 5416 acceditur
2963 5350 3065 5421 vel
3099 5350 3175 5418 ab
3208 5370 3279 5416 ea
3328 5348 3681 5435 receditur,
3714 5346 3906 5415 toties
3986 5426 3987 5443 χ
