4042 5950
1618 296 2088 378 —297—

205 457 320 546 qui
379 476 558 526 suam
602 458 687 526 de
743 457 1040 526 mandato
1108 457 1302 546 ipsius
1362 458 1584 527 Sacrae
1626 459 1788 526 Con·

203 546 595 635 gregationis
638 550 701 614 in
730 545 984 633 scriptis
1013 545 1391 613 sententiam
1424 540 1631 631 dedit,
1663 563 1791 612 non

204 635 316 701 abs
366 654 436 701 re
480 634 849 723 negativum
882 633 1061 702 dedit
1091 649 1498 723 responsum;
1540 634 1694 702 dum
1725 632 1790 701 in

203 721 354 789 facti
401 723 616 811 specie
661 740 874 810 neque
919 722 1241 790 indultum
1287 741 1500 809 neque
1532 721 1790 811 privile·

202 811 389 898 gium
422 810 766 880 adductum
799 809 1033 893 fuerat,
1065 830 1186 877 nec
1217 810 1301 878 de
1332 811 1793 878 consuetudine

299 897 351 965 is
395 899 790 966 mentionem
835 897 1101 965 fecerat.
1145 899 1314 978 Quae
1360 918 1463 966 res
1508 916 1655 967 cum
1693 899 1788 966 ius

256 1005 294 1053 e
325 987 539 1057 medio
573 986 832 1053 tolleret
862 985 1147 1069 omnino,
1176 1004 1303 1052 non
1333 985 1470 1054 sine
1502 986 1788 1055 omnium

202 1073 629 1143 admiratione
677 1072 952 1142 ludibrio
984 1074 1273 1141 parochis
1302 1072 1451 1162 ipsis
1480 1075 1785 1153 cedebat;

201 1163 318 1248 qui
369 1174 711 1253 eapropter
754 1164 1004 1229 Sacram
1047 1161 1309 1229 adivere
1339 1164 1589 1252 Congre
1636 1162 1788 1229 atio·

201 1269 401 1335 nem,
472 1271 543 1319 ac
610 1268 836 1337 preces
901 1248 1216 1335 praesidio
1285 1261 1592 1319 consuetu
1641 1250 1786 1329 inis,

203 1359 375 1425 quae
418 1337 514 1407 ius
543 1336 857 1423 attribuit,
890 1336 1259 1405 fulciebant.
1294 1340 1590 1406 Attamen
1621 1339 1788 1406 Emi-

202 1425 566 1494 nentissimi
625 1428 837 1492 Patres
898 1423 1100 1492 Sacris
1157 1423 1402 1493 Ritibus
1447 1426 1790 1517 praepositi

204 1524 514 1581 assertam
570 1513 972 1581 solummodo
1040 1514 1611 1599 consuetudinem,
1674 1517 1789 1584 sed

200 1622 336 1670 non
369 1613 567 1670 ratam
592 1600 808 1668 haberi
832 1620 959 1668 non
990 1599 1383 1686 dubitarunt,
1417 1604 1610 1671 tertio
1641 1604 1788 1672 Idus

201 1690 448 1789 Aprilis
503 1696 686 1757 Anno
745 1700 1065 1757 vertente.
1132 1691 1373 1756 Verum
1438 1689 1787 1779 subscripta

200 1780 312 1848 die
359 1779 446 1846 de
491 1797 657 1845 novo
722 1777 914 1844 enixe
978 1777 1343 1844 institerunt
1387 1779 1669 1864 parochi,
1717 1791 1789 1847 ut

199 1876 414 1935 stante
458 1865 900 1933 informatione
949 1874 1014 1931 et
1058 1875 1211 1931 voto
1253 1866 1787 1935 Reverendissimi

201 1951 575 2023 lutinensis
605 1952 928 2041 Episcopi,
961 1951 1071 2039 qui
1118 1952 1439 2020 indubiam
1473 1953 1669 2023 lidem
1702 1955 1786 2022 fa-

201 2043 292 2111 cit
337 2040 404 2109 in
451 2043 736 2109 omnium
798 2060 934 2108 esse
992 2039 1291 2126 opinione
1334 2060 1506 2128 pene
1549 2044 1624 2111 ab
1670 2044 1787 2111 im-

200 2129 604 2199 memorabili
631 2129 907 2218 positum
942 2127 1204 2195 eosdem
1227 2128 1536 2199 Parochos
1559 2150 1784 2200 verum

203 2218 547 2287 efformare
592 2216 977 2304 Collegium,
1026 2216 1103 2283 ab
1161 2215 1386 2284 iisdem
1430 2220 1790 2308 congrega·

203 2307 412 2374 tiones
467 2314 656 2372 statas
700 2304 1076 2388 coadunari,
1124 2304 1494 2373 earumdem
1540 2319 1672 2377 acta
1725 2308 1788 2375 in

205 2415 240 2461 r
328 2394 477 2461 estis
523 2393 740 2476 inseri,
772 2391 985 2479 sigillo
1018 2393 1336 2459 communi
1368 2394 1464 2461 uti
1502 2394 1566 2461 in
1595 2397 1787 2464 rebus

200 2413 564 2570 cffitegium
622 2478 1094 2568 spectantibus,
1156 2500 1225 2547 ac
1282 2500 1540 2571 semper
1598 2482 1787 2551 simili

202 2570 398 2638 modo
446 2568 704 2637 indutos
750 2587 859 2635 eos
903 2567 1170 2657 publicis
1202 2568 1268 2635 in
1301 2569 1788 2670 supplicationi·

202 2659 324 2727 bus
350 2655 679 2725 incessisse
712 2656 902 2745 (quae
935 2656 1143 2723 omnia
1175 2656 1491 2724 enunciati
1515 2658 1787 2749 collegii

200 2745 673 2815 institutionem
715 2744 864 2812 satis
912 2743 1285 2831 ostendunt)
1332 2745 1558 2816 saltem
1603 2752 1787 2817 Sacra

200 2833 629 2924 congregatio
697 2851 979 2901 annuere
1039 2830 1411 2919 dignaretur
1461 2832 1638 2904 idem
1694 2836 1786 2902 in-

201 2922 459 2991 dultum
505 2920 859 2989 oratoribus
906 2923 1293 3005 concedere,
1343 2925 1512 3009 quod
1559 2925 1786 2993 iisdem

203 3011 524 3079 rationum
545 3009 886 3077 momentis
909 3010 1138 3077 ductus
1160 3029 1212 3075 s.
1232 3028 1322 3076 m.
1340 3010 1483 3080 Pius
1502 3017 1660 3101 Papa
1677 3016 1784 3081 Vll

199 3092 682 3185 quintodecimo
727 3097 1032 3166 calendas
1074 3098 1361 3167 Octobris
1398 3102 1580 3169 Anno
1617 3105 1783 3171 1822

199 3189 627 3255 parochorum
668 3185 956 3273 collegio
984 3189 1418 3256 Ravennaten.
1452 3191 1781 3258 concessit.

335 3273 834 3342 Eminentissimi
882 3274 1094 3360 itaque
1140 3285 1204 3340 et
1247 3276 1779 3346 Reverendissimi

198 3369 414 3432 patres
458 3362 524 3430 in
565 3361 907 3431 ordinariis
964 3360 1250 3430 comitiis
1311 3365 1388 3434 ad
1434 3365 1785 3444 Quirinales

200 3453 410 3520 Aedes
457 3449 812 3529 coadunati,
853 3448 930 3517 ad
981 3449 1357 3520 relationem
1402 3452 1781 3541 infrascripti

199 3538 565 3624 Secretarii,
595 3538 897 3639 expositis
927 3538 1222 3605 omuibus
1250 3541 1373 3607 rite
1399 3539 1639 3608 libratis
1661 3560 1785 3608 ma·

201 3640 478 3716 tuteque
509 3626 946 3710 consideratis,
968 3626 1353 3715 attentisque
1384 3627 1781 3717 potissimum

197 3713 741 3783 Reverendissimi
798 3712 1166 3781 Mutinensis
1236 3716 1527 3818 Episcopi
1588 3716 1782 3784 infor·

202 3803 482 3871 matione
527 3813 591 3871 et
636 3813 831 3886 voto,
879 3802 963 3870 de
1008 3802 1267 3890 speciali
1357 3815 1508 3871 ratia
1556 3805 1781 3873 rescri-

200 3901 510 3981 pserunt:
560 3913 599 3958 ‹
632 3896 811 3958 quta
857 3908 1107 3979 preces,
1156 3904 1225 3961 et
1270 3913 1304 3960 a
1391 3892 1586 3961 instar
1632 3912 1780 3961 con·

199 3980 502 4047 cessionis
543 3980 743 4046 factae
786 3977 1080 4046 parochis
1124 3981 1614 4066 Ravennatibus,
1660 3983 1776 4050 sed

196 4068 410 4136 solum
453 4068 610 4137 dum
657 4066 1083 4153 collegialiter
1113 4069 1418 4138 incedunt
1449 4093 1513 4137 ι.

329 4157 443 4223 Die
496 4161 574 4224 12
619 4154 1016 4245 Septembris
1061 4161 1251 4225 1840.

198 4299 463 4368 2825.

328 4424 398 4488 ln
455 4418 705 4509 Oppido
761 4418 1178 4487 Valliscursae
1237 4422 1780 4489 Reverendissimi

193 4507 472 4579 Caietani
520 4507 817 4596 Episcopi
860 4505 1282 4575 iurisdictioni
1329 4508 1616 4577 subiecto
1648 4521 1778 4577 tres

195 4597 522 4665 institutae
567 4606 716 4662 sunt
760 4595 1138 4680 paroeciae,
1187 4615 1310 4664 una
1355 4596 1475 4664 sub
1532 4597 1780 4666 invoca-

195 4686 374 4752 tione
403 4686 669 4752 Sanctae
701 4684 927 4751 Hariae
973 4683 1039 4750 in
1082 4683 1347 4752 coelum
1380 4689 1779 4775 Assumptae,

193 4774 394 4841 altera
453 4772 662 4838 Sancti
730 4770 1050 4838 Michaelis
1107 4772 1529 4861 Archangeli,
1595 4774 1778 4841 tertia

191 4860 403 4928 Sancti
472 4860 714 4926 Martini
785 4858 1126 4946 Episcopi:
1204 4871 1395 4948 atque
1462 4880 1780 4948 unaquae-

189 4968 320 5036 que
379 4966 526 5015 suos
584 4946 773 5016 habet
832 4948 1215 5034 canonicos,
1263 4951 1374 5036 qui
1420 4969 1540 5017 una
1583 4951 1774 5020 simul

187 5034 427 5124 Oppidi
475 5036 763 5104 eiusdem
811 5035 1223 5124 collegiatam
1254 5038 1670 5106 constituunt.
1705 5042 1775 5105 ln

188 5123 382 5191 sacris
450 5141 604 5189 vero
672 5122 1101 5191 functionibus
1173 5127 1556 5213 peragendis
1626 5144 1772 5193 cum

188 5218 517 5279 conventu
585 5212 868 5280 omnium
937 5212 1400 5281 canonicorum
1467 5215 1773 5301 quaedam

782 4298 1200 4364 omnum,
1548 4298 1775 4386 (tais)

75 5377 82 5386 ,
186 5309 486 5367 servatur
557 5300 946 5380 methodus;
1023 5300 1087 5365 vi
1164 5303 1342 5370 cuius
1416 5302 1774 5371 functiones

185 5387 365 5475 ipsae
390 5433 410 5472 ,
479 5406 642 5475 quae
712 5397 845 5455 toto
907 5388 1053 5455 anni
1122 5388 1399 5458 decursu
1468 5389 1610 5459 fieri
1671 5410 1770 5458 so-

1891 455 2052 540 lent,
2105 455 2189 522 ita
2234 466 2383 523 sunt
2437 454 2779 544 uuicuique
2832 455 3303 544 praedictarum
3347 461 3466 527 Ec·

1892 540 2227 612 clesiarum
2294 544 2671 629 attributae,
2742 555 2814 611 ut
2872 543 3150 612 liberum
3209 565 3339 614 non
3391 548 3472 614 sit

1893 630 2239 718 unicuique
2283 631 2604 699 Ecclesiae
2636 651 2798 719 quae
2830 632 3011 717 velit,
3045 633 3157 700 sed
3193 652 3354 721 quae
3387 653 3470 702 ex

1892 719 2285 808 praescripto
2316 718 2659 806 debentur,
2695 738 3030 808 peragere.
3067 723 3229 789 Haec
3262 722 3470 791 omnia

1895 827 1972 875 ex
2018 807 2481 895 capitularibus
2524 808 2801 897 Legibus
2843 827 2958 876 seu
3002 808 3473 878 constitutioni-

1895 896 2010 963 bus
2054 894 2408 982 profluunt.
2459 902 2722 964 lstarum
2754 915 2947 984 porro
2978 895 3466 983 inobservantia,

1892 986 2047 1052 dum
2106 983 2309 1051 multa
2364 982 2479 1050 alia
2538 984 2672 1052 iura
2730 997 2796 1052 et
2842 985 3307 1073 praerogativas
3351 985 3468 1054 sibi

1893 1070 2166 1140 invicem
2214 1071 2532 1140 vindicant
2590 1072 2891 1157 Parochi,
2940 1074 3159 1141 multis
3219 1086 3470 1141 contro-

1892 1160 2115 1228 versiis
2163 1160 2375 1227 locum
2422 1160 2610 1239 fecit;
2645 1180 2806 1247 quae
2837 1179 3036 1247 quum
3085 1161 3147 1227 in
3180 1160 3471 1229 concilia·

1894 1247 2081 1315 tionis
2126 1246 2292 1315 viam
2336 1248 2631 1337 componi
2678 1250 3046 1336 nequirent,
3092 1248 3316 1317 iterato
3360 1268 3470 1317 au-

1892 1335 2044 1402 ditis
2103 1334 2543 1403 informatione
2602 1347 2669 1403 et
2730 1346 2879 1404 voto
2933 1336 3467 1405 Reverendissimi

1891 1421 2222 1512 Episcopi,
2283 1442 2402 1510 per
2461 1425 2864 1514 Rescriptum
2915 1424 3045 1492 diei
3105 1429 3185 1494 31
3236 1425 3470 1493 mensis

1892 1511 2090 1581 Martii
2149 1511 2288 1579 anni
2364 1515 2567 1596 18:3⁷,
2636 1532 2670 1579 a
2737 1513 3136 1581 sanctissimo
3204 1512 3471 1581 Domino

1891 1602 2131 1703 Nostro.
2149 1601 2457 1686 Gregorio
2481 1603 2636 1689 Papa
2659 1604 2797 1703 {Vl
2828 1602 3126 1702 deputata
3158 1601 3277 1702 fuit
3307 1603 3470 1670 Con-

1890 1699 2183 1843 {3533}
2220 1690 2556 1844 {xm
2587 1693 2985 1862 3232&
2989 1689 3178 1862 ‘4:1⁰3ss
3183 1699 3467 1864 ²¹13-ssAEss

1890 1876 2040 1932 sunt
2084 1863 2365 1931 exhibita
2416 1864 2767 1952 praeloque
2824 1884 3009 1950 cusa,
3059 1864 3469 1934 consideratis

1892 1952 2284 2038 libratisque,
2320 1971 2438 2041 per
2481 1970 2660 2020 suam
2687 1952 3064 2021 sententiam
3096 1952 3353 2022 dissidia
3381 1954 3468 2021 de

1892 2040 2105 2108 medio
2153 2040 2413 2107 tolleret
2458 2040 2716 2108 omnino
2761 2039 3057 2109 iuridice.
3096 2039 3469 2110 Huiusmodi

1887 2126 2310 2215 Congregatio
2340 2126 2758 2218 particularis,
2782 2128 3047 2196 servatis
3069 2128 3362 2197 omnibus
3383 2131 3467 2198 de

1891 2216 2057 2300 iure,
2103 2216 2252 2283 stilo
2298 2228 2364 2284 et
2410 2216 2870 2286 consuetudine
2913 2216 3267 2301 servandis,
3318 2237 3467 2285 con·

1888 2301 2315 2393 cordatisque,
2349 2303 2787 2394 praesentibus
2816 2304 3331 2373 procuratoribus
3373 2306 3466 2373 le-

1888 2391 2156 2480 gitimis,
2190 2411 2399 2461 coram
2443 2391 2799 2495 subwripto
2830 2393 3185 2462 secretario
3216 2403 3465 2481 septem

1888 2477 2126 2563 dubiis,
2161 2480 2503 2549 coadunata
2535 2479 2656 2547 fuit
2684 2479 2967 2548 infrascri
3019 2491 3078 2549 ta
3124 2480 3232 2550 die
3262 2500 3467 2570 penes

1889 2567 2472 2637 Eminentissimum
2534 2578 2598 2635 et
2663 2572 2956 2637 Reveren
3006 2569 3286 2637 issimum
3345 2574 3468 2638 Do-

1889 2657 2135 2723 minum
2180 2654 2577 2725 Cardinalem
2619 2657 2919 2725 carolum
2981 2658 3235 2725 latiam
3280 2656 3462 2727 pedi·

1889 2743 2013 2811 cini
2076 2745 2461 2832 Episcopum
2525 2748 2979 2831 portuensem,
3028 2750 3290 2815 Sanctae
3342 2749 3467 2813 Ru·

1889 2832 2053 2899 linae
2097 2842 2166 2899 et
2207 2832 2816 2919 Centumcellarum,
2851 2835 3111 2902 Sanctae
3156 2837 3469 2903 Romanae

1888 2920 2213 2989 Ecclesiae
2256 2919 2897 2990 Vico-Cancellarium
2949 2922 3292 3010 eidemque
3360 2924 3469 2991 Sa·

1887 3028 2035 3077 crae
2076 3008 2339 3077 Rituum
2368 3007 2858 3098 congregationi
2905 3012 3323 3098 Praefectum,
3355 3009 3467 3098 qni

1892 3098 1980 3166 uti
2026 3098 2284 3166 Relator
2326 3098 2657 3182 sequentia
2687 3099 3064 3167 concordata
3094 3097 3286 3168 dubia
3319 3117 3466 3187 pro·

1886 3185 2136 3274 posuit;
2183 3184 2525 3253 nimirum:

2026 3278 2084 3341 1.
2136 3274 2231 3340 An
2290 3273 2785 3342 constitutiones
2843 3275 3271 3343 Ecclesiarum
3336 3279 3460 3363 Op-

1883 3361 2018 3449 pidi
2064 3362 2507 3445 Valliscursae,
2557 3364 2876 3432 communi
2922 3363 3092 3432 Cleri
3156 3379 3464 3431 consensu

1886 3449 2318 3533 confirmatae,
2366 3447 2491 3518 sint
2536 3449 2917 3519 adamussim
2961 3451 3307 3519 servandae
3328 3448 3362 3518 ‘i’

2018 3542 2082 3605 2.
2132 3541 2229 3607 An
2293 3537 2375 3605 sit
2430 3538 2634 3607 danda
2703 3538 3099 3608 manutentio
3163 3538 3464 3608 Ecclesiis

1883 3627 2091 3696 Sancti
2138 3624 2456 3694 Michaelis
2503 3637 2570 3693 et
2599 3631 2868 3697 Sanctae
2898 3625 3124 3695 Mariae
3168 3627 3262 3694 eri
3312 3627 3462 3695 endi

1882 3719 2159 3784 cereum
2219 3715 2576 3783 paschalem
2604 3764 2622 3800 ,
2674 3715 2852 3784 cuius
2906 3715 3208 3784 solemnis
3313 3734 3464 3782 ene·

1881 3801 2079 3873 dictio
2126 3812 2190 3957 ⁶⁴3
2235 3802 2478 3871 erectio
2526 3804 2836 3894 competit
2880 3802 3203 3874 Ecclesiae
3249 3804 3460 3874 Sancti

1883 3890 2128 3959 Martini

2013 3983 2081 4048 3.
2128 3981 2252 4064 An,
2299 3990 2366 4047 et
2409 3981 2731 4068 quomodo
2798 3985 2979 4049 Festa
3023 3978 3465 4049 Translatiouis

1883 4067 2093 4139 sancti
2154 4067 2396 4135 Martini
2455 4068 2775 4138 Dominica
2820 4072 2902 4138 IV
2947 4070 3087 4138 lulii
3150 4079 3217 4138 et
3278 4067 3464 4136 Dolo-

1882 4175 2027 4225 rum
2056 4155 2455 4223 Beatissimae
2479 4157 2706 4226 Mariae
2731 4156 3005 4246 Virginis
3031 4156 3353 4227 Dominica
3386 4159 3463 4224 111

1882 4241 2279 4333 Septembris
2323 4243 2598 4312 debeant
2642 4243 3006 4313 celebrari?

2015 4335 2079 4398 4.
2137 4335 2296 4416 An,
2365 4331 2814 4402 deficientibus
2888 4334 3463 4422 Archipresbytero

1883 4421 2093 4489 Sancti
2139 4419 2380 4487 Martini
2427 4431 2619 4508 atque
2685 4421 3032 4490 Abbatibus
3096 4424 3307 4490 Sancti
3353 4420 3463 4488 ni-

1881 4508 2117 4576 chaelis
2164 4519 2230 4575 et
2275 4510 2541 4577 Sanctae
2594 4510 2858 4595 Mariae,
2906 4510 2971 4577 in
3030 4509 3464 4579 functionibus

1880 4596 2227 4685 unicuique
2273 4598 2592 4665 Ecclesiae
2637 4598 3151 4687 competentibus
3178 4647 3196 4683 ,
3243 4619 3465 4668 succe-

1882 4686 2030 4752 dant
2078 4703 2301 4752 eorum
2349 4682 2695 4753 canonici?

2011 4778 2078 4841 ts.
2126 4778 2221 4839 An
2267 4771 2777 4842 processionibus
2807 4774 2965 4843 infra
2997 4784 3279 4843 octavam
3312 4781 3461 4844 Cor·

1879 4860 2053 4950 poris
2096 4859 2354 4945 Christi,
2402 4861 2828 4949 Apparitionis
2874 4863 3080 4931 Sancti
3144 4864 3466 4932 Michaelis

1882 4948 2289 5035 Archangeli,
2337 4954 2563 5017 Beatae
2609 4949 2836 5017 Mariae
2886 4952 3161 5040 Virginis
3207 4951 3272 5018 in
3302 4956 3462 5023 Coe·

1882 5038 2016 5106 lum
2063 5041 2440 5124 Assumptae
2472 5047 2537 5103 et
2567 5037 2703 5104 aliis
2749 5038 2813 5105 in
2860 5039 3090 5126 quibus
3138 5041 3458 5130 integrum

1879 5122 2226 5192 intervenit
2292 5125 2693 5212 Capitulum,
2753 5126 2836 5194 sit
2905 5126 3208 5216 erigenda
3277 5131 3458 5198 unica

1879 5217 2049 5282 Crux
2098 5213 2306 5280 Sancti
2354 5210 2654 5281 Martini?

2006 5305 2075 5369 6.
2126 5302 2248 5388 An,
2285 5313 2351 5369 et
2382 5300 2483 5369 cui
2516 5313 2837 5389 competat
2883 5303 2982 5371 ius
3026 5304 3282 5377 ferendi
3322 5310 3460 5378 Sto·

1877 5389 2002 5457 lam
2047 5391 2113 5457 in
2157 5388 2668 5459 processionibus
2713 5391 3175 5481 generalibus?
