4042 5950
1980 199 2454 280 —472—

579 363 1069 454 congregationi
1101 381 1379 449 sequens
1409 360 1677 429 dubium
1713 357 2168 426 declarandum

627 454 939 543 reposuit,
985 452 1330 518 nimirum:
1380 455 1475 516 An
1521 447 1936 537 praescriptio
1968 448 2169 533 Syno-

578 477 741 610 galis
784 542 998 607 favore
1044 539 1440 607 Clericorum
1484 537 1550 602 in
1597 547 1928 622 posterum
1974 533 2165 600 etiam

576 629 887 696 servanda
930 628 1035 709 sit,
1084 626 1188 692 vel
1239 630 1578 693 Decretum
1627 627 1850 690 Sacrae
1905 623 2164 688 Rituum

578 715 1101 803 congregationis
1167 713 1230 778 in
1290 713 1600 780 Andrien.
1670 709 1802 777 diei
1867 714 1946 777 21
2012 712 2166 774 Mar·

581 805 651 872 tii
703 806 868 872 1620
915 802 1157 890 pluries
1204 800 1674 882 confirmatum,
1726 796 2014 864 Alumnis
2054 799 2164 864 se-

580 890 828 958 minarii
882 891 1118 973 favens,
1166 889 1248 954 sit
1294 888 1358 955 in
1405 908 1549 956 casu
1594 881 2081 973 adoptandum?

710 978 852 1047 Emi
900 998 1092 1066 porro
1136 996 1206 1043 ac
1252 976 1392 1042 Rmi
1437 979 1647 1041 Patres
1678 974 1879 1041 sacris
1909 971 2165 1039 tuendis

580 1067 825 1135 Ritibus
870 1064 1250 1153 praepositi,
1299 1064 1362 1129 in
1422 1061 1748 1131 ordinario
1803 1065 2004 1128 coetu
2051 1061 2166 1127 ho-

579 1157 799 1223 dierna
846 1154 953 1221 die
999 1154 1076 1221 ad
1125 1151 1495 1219 Vaticanum
1541 1151 1919 1232 coadunato,
1953 1147 2032 1214 ad
2066 1166 2165 1213 re·

580 1243 881 1309 lationem
926 1238 1266 1326 subscripti
1315 1238 1688 1321 secretarii,
1750 1237 1960 1304 audita
2020 1254 2165 1301 sen-

582 1331 776 1397 tentia
822 1329 887 1394 in
932 1329 1184 1414 scriptis
1229 1327 1490 1394 alterius
1537 1346 1618 1394 ex
1663 1324 2165 1412 Apostolicarum

579 1417 1135 1485 Caeremoniarum
1159 1415 1490 1502 Magistris,
1516 1434 1586 1480 ac
1609 1433 1679 1480 re
1707 1425 1952 1480 mature
1982 1430 2164 1477 accu-

580 1517 846 1590 rateque
878 1522 1220 1592 perpensa,
1255 1502 1757 1590 rescripserunt:
1792 1522 1831 1566 ι
1858 1502 2166 1567 Servetur

579 1599 921 1660 Decretum
988 1591 1052 1657 in
1119 1589 1436 1678 Rodigen.
1486 1589 1789 1662 Andrien.
1848 1585 2165 1654 Dioecesis

579 1680 706 1748 diei
740 1683 820 1746 21
858 1680 1055 1747 Martii
1094 1681 1300 1756 16203
1335 1689 1401 1744 et
1446 1677 1962 1765 praecedentiam
1993 1693 2163 1740 com-

580 1778 804 1855 petere
852 1767 1110 1834 omnino
1156 1767 1418 1833 clericis
1478 1764 1904 1832 seminarii».
1953 1767 2162 1847 Atque

581 1858 663 1920 ita
709 1855 1188 1942 rescripserunt,
1226 1862 1289 1921 et
1333 1853 1571 1920 servari
1621 1852 2022 1928 mandarunt.

709 1944 820 2009 Die
868 1946 952 2011 20
999 1941 1198 2008 Martii
1252 1945 1442 2011 1869.

580 2083 834 2152 3201.
1041 2084 1320 2150 monus
1366 2084 1719 2151 seems.
1934 2077 2161 2170 (asso)

710 2204 1018 2274 xaverius
1079 2203 1331 2287 Lorito,
1389 2202 1683 2290 Magister
1727 2202 2162 2271 caeremonia-

582 2312 722 2361 rum
768 2290 1035 2378 Insignis
1066 2292 1448 2378 collegiatae
1484 2290 1806 2358 Ecclesiae
1835 2291 1996 2359 Ssmi
2031 2290 2160 2358 Sal-

577 2381 812 2448 vatoris
858 2379 1156 2448 crucifixi
1206 2378 1486 2447 civitatis
1533 2378 1756 2446 Montis
1803 2378 2052 2466 Regalis
2100 2378 2163 2444 in

575 2468 811 2554 Sicilia,
861 2468 945 2534 de
991 2465 1302 2534 ordinarii
1369 2467 1466 2533 sui
1524 2484 1836 2533 consensu
1898 2486 1931 2531 a
1977 2469 2161 2533 Sacra

575 2557 836 2624 Rituum
893 2556 1405 2642 congregatione
1465 2554 1796 2622 humiliter
1854 2553 2160 2622 declarari

574 2643 918 2731 postulavit
961 2641 1154 2709 dubia
1197 2641 1565 2728 sequentia:
1615 2641 1710 2729 (1)

707 2731 980 2798 Dubium
1023 2734 1075 2796 1.
1135 2732 1230 2795 An
1289 2730 1494 2795 valeat
1553 2750 1701 2797 usus
1766 2731 1847 2798 de
1909 2729 2162 2797 licentia

576 2816 1057 2906 Arcbiepiscopi
1123 2817 1548 2886 transferendi
1607 2817 1893 2885 Officium
1952 2822 2162 2884 Patro-

578 2906 727 2973 cinii
787 2909 850 2975 S.
916 2906 1166 2995 Iosepbi
1226 2906 1609 2995 assignatum
1671 2908 2029 2974 Dominicae
2083 2910 2161 2975 111

575 3005 719 3082 post
762 2995 989 3062 Pascha
1035 2994 1101 3061 in
1146 3014 1267 3062 una
1312 3014 1394 3062 ex
1437 2996 1853 3082 sequentibus
1886 2993 2161 3063 Domini-

576 3083 691 3167 cis,
726 3093 1107 3150 occurrente
1155 3102 1307 3150 cum
1340 3082 1451 3149 illo
1484 3095 1697 3173 octava
1732 3085 1939 3151 Sancti
1970 3088 2158 3150 Fran·

575 3171 721 3238 cisci
768 3171 852 3238 de
896 3172 1082 3240 Paula
1127 3180 1233 3237 aut
1279 3175 1463 3238 Festo
1508 3171 1743 3239 altioris
1773 3170 1987 3238 ritus?

703 3260 980 3327 Dubium
1025 3263 1100 3326 11.
1150 3259 1350 3338 Quale
1394 3278 1475 3325 ex
1522 3258 1772 3329 duobus
1816 3260 2047 3327 Officiis
2094 3259 2156 3326 in

571 3353 757 3417 Festo
805 3348 1214 3415 sacratissimi
1261 3347 1482 3415 cordis
1535 3352 1675 3414 lesu
1721 3347 1953 3415 debeat
1997 3348 2159 3413 reci-

575 3434 743 3503 tari?
787 3435 947 3502 illud
980 3454 1064 3503 ne
1098 3454 1471 3501 concessum
1517 3456 1552 3501 a
1596 3435 1700 3501 Pio
1734 3437 1812 3502 Vl
1844 3438 1950 3503 vel
1981 3436 2155 3503 aliud

573 3544 605 3589 a
651 3523 988 3590 clemente
1047 3520 1232 3591 XIII?
1298 3533 1362 3588 et
1427 3541 1737 3609 quaenam
1795 3525 1974 3590 Missa
2029 3524 2155 3612 legi

574 3610 805 3762 debea,t
865 3630 945 3676 ex
1004 3611 1248 3678 duabus
1308 3612 1707 3678 Miseremini
1765 3621 1831 3677 et
1891 3612 2155 3699 E'qredi·

574 3717 744 3765 mim

704 3784 978 3852 Dubium
1025 3789 1124 3852 III.
1175 3787 1270 3851 An
1317 3790 1575 3854 Festum
1609 3791 1675 3854 8.
1710 3789 1989 3858 Rosaliae
2022 3789 2158 3857 Vir·

572 3873 738 3962 ginis
782 3873 888 3941 die
936 3878 975 3941 4
1021 3873 1452 3961 Septembris,
1502 3894 1665 3961 quae
1735 3888 1829 3945 est
1895 3881 2155 3944 Patrona

573 3963 781 4030 minus
828 3960 1215 4050 principalis,
1267 3960 1576 4029 celebrari
1622 3967 1826 4031 valeat
1860 3984 1938 4031 ex
1978 3965 2155 4031 inve-

573 4060 772 4117 terata
816 4050 1277 4117 consuetudine
1320 4049 1440 4116 sub
1483 4052 1611 4118 ritu
1655 4052 1898 4142 duplici
1928 4073 2156 4119 secun-

572 4138 690 4293 ξεῖ
736 4137 948 4292 ⁶¹2³⁸⁵⁸
979 4155 1126 4205 cum
1156 4149 1373 4205 octava
1406 4149 1470 4205 et
1501 4139 1568 4205 in
1598 4143 1772 4208 Missa
1803 4141 1949 4209 addi
1978 4143 2158 4228 Sym-

617 4245 654 4292 o
683 4244 792 4292 um

702 4313 977 4381 Dubium
1024 4318 1123 4382 tv.
1176 4316 1274 4381 An
1318 4334 1350 4380 a
1397 4315 1814 4402 Dignitatibus
1859 4330 1923 4384 et
1954 4322 2157 4386 cano·

570 4402 729 4470 uicis
786 4403 1058 4488 capituli
1116 4403 1505 4489 collegiatae
1565 4406 1882 4493 praefatae
1938 4406 2156 4474 obser-

572 4492 703 4557 vari
762 4490 996 4559 debeat
1051 4496 1393 4559 Decretum
1457 4505 1815 4561 emanatum
1870 4516 1902 4561 a
1969 4499 2153 4562 sacra

569 4579 826 4647 Rituum
874 4580 1380 4666 congregatione
1427 4580 1510 4647 de
1558 4582 1920 4650 obediendo
1967 4583 2156 4668 Magi-

567 4667 714 4733 stris
759 4667 1315 4735 caeremoniarum
1347 4667 1412 4735 in
1443 4668 1518 4735 iis
1548 4689 1711 4756 quae
1742 4671 1820 4737 ad
1862 4670 2153 4738 divinum

569 4754 828 4821 cultum
872 4752 1222 4842 spectant?

697 4843 971 4910 Dubium
1016 4847 1097 4912 V.
1144 4845 1240 4910 An
1286 4844 1494 4911 valeat
1524 4864 1967 4933 quaecumque
2002 4867 2154 4915 con-

562 4931 842 4998 suetudo
887 4932 1059 5017 quod
1105 4931 1433 5018 dispositio
1484 4935 1836 5001 calendarii
1879 4956 1997 5025 pro
2055 4955 2155 5002 re-

567 5019 866 5087 citatione
897 5020 1101 5087 Divini
1133 5020 1330 5088 Officii
1364 5021 1441 5088 ad
1475 5023 1744 5110 primam
1769 5023 2150 5110 Dignitatem

564 5116 838 5196 spectet,
886 5118 994 5177 aut
1039 5110 1351 5177 committi
1400 5110 1598 5196 possit
1635 5110 2018 5197 cuicumque
2065 5113 2149 5180 de

710 5301 791 5381 (t)
829 5304 890 5358 e.
925 5305 1070 5360 nub.
1109 5305 1149 5371 1,
1187 5305 1237 5365 v
1273 5312 1327 5361 ei
1367 5304 1512 5365 xm.

2275 354 2592 446 Capitulo,
2641 366 2750 422 aut
2793 364 3045 442 spectet
3091 375 3171 423 ex
3217 353 3426 422 officio
3469 364 3539 421 et
3587 373 3852 421 munere

2272 445 2349 512 ad
2393 444 2720 531 Magistros
2765 443 3319 511 caeremoniarum
3365 452 3437 509 ut
3496 441 3855 510 Dii-actores

2271 529 2780 634 Capitularium?
2844 540 2913 598 et
2968 542 3276 616 quatenus
3333 529 3712 596 affirmative
3778 530 3845 596 ad

2271 638 2504 706 primas
2548 633 2799 709 partes;
2847 621 2945 684 An
2989 618 3265 705 Magistri
3296 619 3849 686 caeremoniarum

2270 710 2368 775 ius
2415 708 2684 775 babeant
2730 706 3092 794 corrigendi
3140 725 3390 773 errores
3411 704 3447 770 ἱ)

2399 795 2673 864 Dubium
2719 798 2825 863 Vl.
2873 798 2969 862 An
3000 796 3207 861 valeat
3249 795 3649 862 consuetudo
3682 792 3849 879 quod

2271 883 2617 971 Dignitates
2648 895 2713 949 et
2745 884 3064 968 canonici,
3112 883 3176 948 in
3210 881 3651 965 candelarum,
3688 882 3851 948 cino-

2270 990 2414 1037 rum
2464 982 2531 1038 et
2578 971 2925 1059 palmarum
2971 969 3425 1039 benedictione
3470 981 3539 1035 et
3586 972 3653 1036 in
3706 988 3851 1054 qua·

2271 1078 2547 1144 cumque
2592 1059 2997 1126 Processione
3024 1060 3160 1126 sive
3191 1055 3648 1125 benedictione
3680 1055 3848 1124 88ῶὶ

2270 1148 2658 1214 sacramenti
2707 1158 2773 1212 et
2817 1149 2884 1213 s.
2921 1147 3138 1214 Crucis
3182 1144 3455 1229 Domini,
3488 1164 3657 1230 quae
3692 1145 3851 1212 sole—

2273 1234 2510 1301 mniter
2549 1236 2771 1321 peragi
2817 1235 2982 1300 solet
3039 1234 3376 1321 quotannis
3436 1233 3501 1300 in
3560 1231 3853 1300 omnibus

2269 1322 2467 1388 Feriis
2535 1327 2614 1392 Vl
2683 1322 2918 1389 mensis
2985 1323 3224 1404 Martii,
3290 1322 3587 1388 incedant
3659 1318 3854 1407 parati

2269 1410 2562 1496 Amictu,
2611 1411 2780 1479 Stola
2827 1421 2892 1476 et
2952 1409 3215 1497 pluviali
3273 1427 3471 1497 super
3512 1408 3849 1484 rochetto;

2270 1498 2374 1564 vel
2422 1502 2633 1651 potius
2666 1497 2771 1652 ‘pti
2815 1499 3095 1565 debeant
3139 1497 3418 1581 Amictu,
3461 1497 3645 1578 Alba,
3681 1495 3853 1563 stola

2272 1596 2338 1650 et
2455 1587 2643 1654 uviali

2384 1607 2671 1742 IDubium
2719 1678 2852 1742 VII.
2899 1677 2996 1741 An
3042 1675 3247 1741 valeat
3293 1673 3695 1740 consuetudo
3725 1689 3853 1738 non

2271 1762 2744 1848 genuflectendi
2794 1782 2828 1827 a
2873 1761 3082 1830 cboro
3129 1764 3192 1829 iu
3241 1763 3504 1828 transitu
3554 1773 3705 1826 ante
3748 1758 3857 1825 a}-

2270 1862 2404 1915 tare
2451 1849 2554 1916 ubi
2600 1861 2697 1917 est
2744 1850 3030 1937 exposita
3059 1850 3350 1938 Reliquia
3380 1852 3446 1916 S.
3480 1849 3708 1916 crucis
3736 1851 3857 1914 Do·

2267 1938 2456 2018 mini;
2504 1949 2696 2023 atque
2741 1958 2775 2002 a
2832 1938 3213 2006 celebrante
3269 1936 3332 2003 in
3392 1935 3854 2018 incensatione,

2268 2026 2336 2092 in
2393 2045 2649 2093 accessu
2713 2035 2779 2091 et
2808 2037 3096 2094 ‘recessu
3154 2046 3224 2093 ac
3281 2025 3533 2110 quoties
3581 2033 3856 2090 transeat

2267 2125 2413 2181 ante
2459 2114 2746 2181 medium
2794 2114 3021 2180 Altaris
3062 2134 3180 2181 seu
3223 2135 3259 2180 a
3304 2118 3504 2180 latere
3552 2111 3853 2189 adlatus,

2270 2213 2340 2269 ut
2387 2202 2451 2269 in
2499 2198 2980 2269 incensatione?

2398 2289 2672 2357 Dubium
2718 2291 2873 2356 vm.
2924 2292 3022 2355 An
3066 2290 3206 2358 fleri
3254 2290 3455 2378 possit
3509 2301 3657 2377 post
3710 2287 3857 2353 nis-

2268 2398 2399 2446 sam
2444 2377 2800 2444 solemnem
2846 2377 3158 2445 absolutio
3205 2381 3283 2447 ad
3329 2379 3702 2461 Tumulum,
3750 2393 3861 2441 re-

2267 2468 2412 2534 licta
2458 2485 2539 2531 ex
2599 2465 3012 2554 dispositione
3070 2467 3269 2533 nostri
3329 2465 3680 2534 fundatoris
3736 2468 3859 2530 Ar-

2222 2553 2654 2640 ·cbiepiscopi
2721 2552 2969 2620 Domini
3038 2555 3404 2642 Hieronymi
3465 2557 3716 2621 Venero
3790 2553 3859 2618 in

2264 2647 2451 2709 Festo
2499 2645 2561 2710 s.
2614 2640 2979 2728 Hieronymi
3027 2644 3335 2729 Doctoris,
3369 2651 3757 2710 occurrente
3790 2639 3856 2707 in

2262 2731 2370 2798 die
2417 2728 2797 2799 Dominica'?

2399 2817 2672 2885 Dubium
2722 2822 2825 2886 lx.
2877 2820 2975 2886 An
3004 2817 3277 2884 ministri
3312 2817 3536 2906 parati,
3562 2816 3720 2884 dum
3753 2837 3857 2883 ca-

2263 2908 2437 2976 nitur
2480 2905 2658 2971 Missa
2702 2907 3004 2974 solemnis
3050 2907 3526 2990 conventualis,
3554 2905 3857 2996 privatim

2266 2998 2533 3063 recitare
2582 2995 2828 3062 valeant
2872 3001 3065 3062 Horas
3108 2993 3501 3063 canonicas?

2392 3082 2669 3151 Dubium
2712 3085 2790 3148 X.
2864 3088 3160 3151 Potestne
3228 3083 3515 3151 adbiberi
3582 3083 3855 3150 Pallinm

2262 3174 2427 3259 nigri
2488 3172 2712 3238 coloris
2774 3171 2836 3238 in
2895 3171 3168 3239 solemni
3228 3171 3856 3241 commemoratione

2263 3274 2330 3328 et
2394 3258 2692 3345 exequiis
2748 3260 3206 3328 Defunctorum
3265 3261 3342 3328 ad
3410 3262 3626 3327 Altare
3672 3261 3854 3327 ssmi

2262 3346 2698 3416 Sacramenti?

2389 3439 2555 3502 Haec
2600 3448 2816 3502 autem
2863 3435 3057 3503 dubia
3109 3436 3439 3504 referente·
3487 3436 3852 3523 subscripto

2262 3523 2650 3608 Secretario,
2684 3523 2911 3591 eadem
2952 3527 3134 3607 Sacra
3178 3525 3440 3592 Rituum
3488 3529 3854 3612 congrega-

2263 3613 2378 3695 tio,
2428 3610 2638 3678 audita
2684 3611 2872 3678 etiam
2914 3613 3230 3679 sententia
3278 3613 3344 3678 in
3394 3612 3651 3700 scriptis
3692 3612 3853 3678 alte·-

2262 3701 2394 3768 rius
2425 3718 2507 3765 ex
2538 3699 3041 3787 Apostolicarum
3073 3701 3629 3769 caeremoniarum
3659 3701 3855 3789 Hagi-

2261 3788 2429 3874 stris,
2479 3806 2688 3872 eaque
2735 3800 2980 3855 mature
3027 3799 3454 3877 accurateque
3498 3807 3851 3876 perpensa,

2262 3875 2749 3943 rescribendum
2792 3878 3085 3943 censuit:

2395 3965 2489 4031 Ad
2559 3968 2607 4030 Ι.
2680 3985 2719 4029 ι
2751 3968 3010 4032 Festum
3079 3965 3410 4033 Patrociuii
3477 3968 3547 4034 S.
3594 3964 3850 4052 Iosepbi

2263 4052 2588 4120 transferri
2635 4071 2765 4119 non
2813 4051 3009 4121 debet
3056 4065 3436 4121 occurrente
3481 4054 3590 4121 die
3631 4062 3853 4119 octava

2260 4144 2331 4208 8.
2378 4140 2713 4226 Francisci,
2763 4140 2881 4206 nisi
2930 4141 3086 4209 baec
3130 4141 3408 4231 speciale
3456 4143 3680 4210 babeat
3725 4140 3855 4229 pri-

2260 4227 2602 4315 vilegium;
2653 4239 3035 4297 occurrente
3079 4248 3239 4296 vero
3283 4228 3408 4296 alio
3451 4229 3671 4297 Officio
3713 4248 3851 4295 ma-

2260 4318 2407 4383 ioris
2462 4317 2621 4383 ritus
2680 4316 2783 4384 vel
2840 4315 3202 4403 dignitatis,
3253 4317 3579 4384 transferri
3645 4317 3851 4385 debet

2260 4405 2337 4471 ad
2393 4406 2569 4472 diem
2615 4405 2883 4492 primam
2948 4405 3208 4472 liberam
3270 4406 3444 4472 iuxta
3500 4410 3850 4473 Decretum

2258 4493 2569 4561 cenerale
2615 4493 2743 4560 diei
2797 4498 2875 4563 10
2922 4495 3318 4582 Septembris
3370 4497 3534 4561 1847
3570 4517 3636 4559 ν.

2388 4582 2484 4649 Ad
2556 4585 2627 4651 II.
2699 4603 2738 4647 ι
2782 4582 3052 4650 Recitari
3122 4582 3360 4651 debent
3424 4582 3713 4650 Officium
3782 4593 3849 4647 et

2257 4670 2435 4741 Missa
2482 4668 2695 4736 eidem
2741 4671 3026 4737 Dioecesi
3075 4690 3369 4738 concessa
3398 4692 3467 4737 ».

2388 4757 2486 4825 Ad
2531 4761 2630 4824 III.
2667 4781 2706 4823 ι
2740 4762 2954 4825 Potest
2984 4757 3270 4843 tolerari,
3304 4769 3547 4826 attento
3579 4777 3701 4826 usu
3734 4758 3851 4828 im-

2261 4845 2683 4932 memorabili,
2732 4848 2959 4914 omisso
3008 4857 3219 4915 tamen
3262 4845 3566 4935 symbolo
3596 4870 3663 4913 ».

2389 4934 2484 5001 Ad
2531 4937 2638 5002 tv.
2692 4957 2728 5001 «
2759 4935 3148 5003 Affirmative
3180 4957 3246 5001 ν.

2388 5023 2483 5089 Ad
2532 5025 2612 5090 V.
2648 5048 2700 5089 ‚a
2726 5029 2825 5092 Ius
2857 5022 3140 5111 eligendi
3173 5042 3510 5113 personam
3540 5044 3661 5113 pro
3693 5045 3847 5093 con·

2257 5111 2534 5178 tectione
2582 5112 2936 5181 calendarii
2982 5124 3229 5201 spectat
3286 5114 3363 5180 ad
3423 5114 3842 5203 Episcopum,
