4042 5950
2023 273 2494 352 ...εμμ3...

616 431 788 517 quod
836 452 865 493 a
917 431 1155 520 populo
1204 440 1523 518 tamquam
1570 436 1827 499 Festum
1879 452 1959 496 ex
2005 428 2205 498 devo-

618 519 815 603 tione,
849 519 964 587 sed
1009 526 1138 586 non
1168 522 1286 587 snb
1319 531 1664 607 praecepto
1698 518 1989 600 ducitur;
2027 520 2202 587 unde

616 607 981 692 quaeritur:
1031 609 1127 675 An
1157 608 1443 675 monachi
1476 608 1775 676 Abbatiae
1809 607 2017 687 Sancti
2049 611 2201 674 Ber·

616 695 794 762 nardi
856 707 1194 763 teneantur
1252 696 1315 763 in
1369 696 1537 765 dicta
1597 697 1775 765 Feria
1827 700 1874 763 11
1932 697 2200 764 recitare

612 782 900 850 Officium
946 785 1026 852 de
1076 789 1304 852 Sancto
1348 782 1795 873 Leodegario‘?

748 877 813 940 3.
845 873 1105 950 Quando
1135 878 1394 940 Festum
1436 876 1501 942 S.
1536 873 1723 941 Marci
1761 872 2200 961 avangelistae

614 960 892 1026 occurrit
921 960 1083 1028 intra
1110 961 1580 1029 Hebdomadam
1613 963 1904 1046 Paschae,
1933 963 1995 1028 in
2026 962 2204 1028 Dioc-

614 1047 740 1114 cesi
787 1048 1222 1116 mechliniensi
1272 1050 1651 1119 transfertur
1698 1051 1774 1117 ad
1820 1050 2070 1116 Feriam
2118 1054 2197 1117 tv

612 1148 756 1222 post
789 1137 1177 1206 Dominicam
1209 1137 1272 1205 in
1310 1138 1505 1222 Albis,
1547 1150 1866 1224 tamquam
1898 1141 1972 1208 ad
2026 1136 2199 1205 diem

660 1227 959 1313 ropriam.
1010 1230 1091 1293 At
1136 1227 1513 1312 quaeritura
1574 1232 1802 1296 Utrum
1870 1225 2201 1315 Regulari-

615 1243 761 1395 Em,
828 1314 1088 1414 proprio
1135 1313 1510 1383 calendario
1562 1316 1926 1401 utentibuS,
1990 1314 2200 1382 adhuc

612 1400 859 1467 licitum
925 1415 1004 1469 sit
1064 1404 1212 1470 huic
1283 1403 1672 1471 translationi
1738 1423 1879 1471 sese
1948 1404 2196 1470 confor-

612 1506 787 1555 mare
849 1491 929 1556 ob
990 1492 1312 1578 antiquam
1372 1492 1930 1571 consuetudinem,
1994 1510 2194 1578 quum

612 1596 779 1643 nunc
827 1582 1085 1647 Festum
1135 1578 1343 1647 Sancti
1384 1580 1570 1647 Marci
1601 1600 1730 1647 non
1760 1581 2036 1667 amplius
2064 1599 2196 1645 ser-

610 1676 799 1819 ¹igetur
844 1667 906 1821 i?n
956 1668 1234 1757 populo,
1284 1668 1471 1736 sicuti
1515 1670 1839 1754 quondam
1885 1668 2076 1736 fiebat
2128 1667 2194 1733 in

661 1774 696 1819 e
726 1771 831 1840 gio

742 1842 1114 1911 Huiusmodi
1148 1845 1335 1913 dubia
1369 1865 1566 1933 quum
1615 1846 2053 1934 infrascriptus
2084 1846 2194 1911 Se·

612 1930 919 1998 cretarius
971 1931 1253 1999 fideliter
1298 1934 1382 2001 de
1429 1954 1607 2001 more
1667 1932 2079 2034 proposuerit
2132 1931 2198 1998 in

609 2019 947 2086 Ordinariis
979 2024 1313 2088 Sacrorum
1346 2023 1607 2090 Rituum
1631 2023 1916 2089 comitiis
1948 2022 2025 2089 ad
2051 2020 2196 2100 Qui-

609 2105 810 2174 rinale
855 2109 1216 2194 subsignata
1262 2111 1367 2178 die
1414 2110 1664 2195 habitis,
1713 2114 1896 2178 Sacra
1932 2111 2195 2177 Rituum

607 2198 1056 2284 Congregatio,
1098 2198 1391 2267 omnibus
1427 2210 1676 2266 maturo
1725 2200 2016 2266 examine
2048 2217 2197 2285 per·

609 2285 849 2372 pausia,
900 2287 1254 2355 rescribere
1300 2284 1596 2355 censuit:

743 2373 837 2440 Ad
907 2379 967 2440 1.
1015 2395 1053 2438 ‹
1087 2375 1183 2442 Ad
1247 2386 1644 2462 utrumque:
1710 2375 2052 2461 Negative,
2117 2374 2195 2441 ad

606 2461 879 2615 {rimam
946 2475 1241 2551 partem;
1312 2464 1744 2548 Affirmative,
1814 2465 1891 2532 ad
1967 2481 2195 2531 secun·

655 2555 756 2615 am
788 2571 854 2615 ι.

740 2638 834 2705 Ad
883 2644 947 2706 2.
998 2659 1039 2704 ι
1070 2639 1423 2726 Negativ03
1484 2641 1600 2707 sed
1666 2642 1869 2707 teneri
1924 2640 2001 2707 ad
2051 2638 2196 2707 offi-

608 2724 776 2792 cium
823 2727 1066 2794 Patroni
1114 2727 1428 2794 Dioecesis
1459 2751 1527 2795 ».

740 2816 833 2882 Ad
884 2820 948 2884 3.
1013 2838 1051 2881 α
1095 2818 1404 2884 Servetur
1466 2817 1862 2904 particularis
1923 2816 2193 2885 Rubrica

607 2903 903 2974 Breviarii
938 2925 1003 2971 ».
1960 2920 1966 2929 “

740 2996 951 3083 Atque
999 2996 1078 3060 ita
1127 2994 1475 3096 rescripsit.

738 3084 850 3149 Die
899 3087 982 3151 27
1029 3084 1351 3151 Februarii
1404 3087 1598 3151 1847.

606 3260 866 3329 2935.
1230 3262 1566 3329 MASSEN.
1961 3262 2192 3350 (5072)

739 3436 1063 3519 Superiori
1111 3455 1272 3502 anno
1312 3440 1477 3504 1846
1523 3459 1554 3503 a
1603 3441 1786 3505 Sacra
1833 3442 2195 3526 congrega·

607 3524 776 3590 tione
810 3522 1511 3592 [levet-endissimorum
1543 3530 1796 3592 Patrum
1831 3527 1999 3594 Sacri
2034 3531 2196 3596 con-

604 3609 732 3678 cilii
800 3608 1152 3678 Tridentini
1222 3617 1653 3701 Interpretum
1723 3616 1797 3681 ad
1867 3615 2028 3682 banc
2089 3617 2193 3683 Sa·

604 3717 772 3765 cram
832 3696 1093 3764 Rittium
1154 3701 1731 3786 congregationem
1796 3703 2191 3772 transmissae

605 3787 868 3854 fuerunt
896 3805 1125 3872 preces
1171 3789 1703 3858 Reverendissimi
1735 3794 2008 3859 Hassen.
2039 3792 2190 3880 Epi·

603 3873 806 3963 scopi,
855 3877 1038 3961 queis
1084 3878 1445 3963 exponebat
1498 3880 1669 3963 quod
1723 3880 1782 3946 in
1822 3879 2191 3966 Principatu

604 3963 985 4030 Carrariensi
1030 3982 1164 4029 mos
1197 3966 1405 4051 vigeat
1454 3978 1524 4032 ut
1570 3967 1795 4036 Clerus
1828 3970 2188 4052 universus,

603 4071 687 4118 ne
749 4053 1036 4137 exceptis
1097 4054 1359 4140 quidem
1422 4055 1703 4141 parvulis
1753 4054 2041 4139 clericis,
2093 4076 2192 4121 ro-

603 4143 821 4210 chetto
868 4152 1082 4208 utatur
1129 4143 1221 4229 (et
1272 4143 1391 4210 hoc
1431 4143 1693 4210 fortasse
1720 4144 1883 4231 ‚quia
1912 4145 2066 4210 olim
2101 4144 2192 4211 iu·

605 4230 956 4299 risdictioni
1004 4233 1465 4298 canonicorum
1524 4233 1936 4316 Regularium
1984 4232 2194 4299 Sancti

606 4318 919 4407 Frigdiani
975 4319 1297 4386 subiectae
1357 4332 1536 4387 erant
1594 4320 1916 4387 Ecclesiae
1973 4338 2195 4386 omnes

604 4408 998 4495 Principatus
1060 4406 1283 4496 ipsius)
1341 4429 1410 4476 ac
1458 4409 1732 4495 proinde
1793 4409 1982 4476 huius
2045 4412 2195 4475 San-

606 4507 742 4563 ctae
803 4496 1200 4584 Apostolicae
1259 4497 1442 4564 Sedis
1506 4498 1833 4564 oraculum
1896 4498 2196 4584 exquire-

606 4586 756 4653 bat:
827 4588 992 4653 Num
1052 4585 1259 4652 adhuc
1319 4604 1515 4672 super
1576 4586 1697 4653 hoc
1760 4606 1875 4653 usu
1935 4585 2195 4652 silentio

607 4675 1030 4742 insistendum
1079 4673 1193 4740 sibi
1241 4674 1348 4758 sit,
1400 4693 1481 4740 ne
1532 4674 1744 4740 turbas
1799 4675 2066 4759 excitet,
2114 4674 2195 4741 si·

604 4762 868 4850 quidem
892 4763 1235 4830 admodum
1259 4762 1512 4848 antiqua
1537 4764 1936 4830 consuetudo
1962 4765 2198 4850 isthaec

604 4851 1017 4939 perhibetur3
1067 4851 1170 4917 vel
1221 4851 1433 4938 potius
1465 4860 1761 4918 teneatur
1792 4852 1962 4919 hunc
2011 4872 2195 4920 usum

608 4940 868 5025 tollere,
917 4939 1258 5008 deficiente
1306 4938 1703 5028 privilegio?

734 5031 823 5094 De
885 5027 1247 5117 praemissis
1310 5050 1343 5093 a
1410 5030 1768 5117 subscripto
1838 5030 2197 5097 Secretario

608 5115 784 5182 fideli
832 5116 1112 5184 instituta
1162 5117 1471 5183 relatione
1505 5118 1564 5183 in
1598 5117 1941 5185 Ordinariis
1973 5123 2196 5187 Sacrae

601 5203 862 5272 Rituum
895 5204 1420 5292 congregationis
1450 5206 1736 5272 comitiis
1767 5203 1843 5270 ad
1877 5206 2197 5284 Quirinale

605 5292 913 5360 hodierna
959 5291 1068 5358 die
1114 5291 1361 5379 habitis,
1414 5292 1913 5360 Eminentissimi
1962 5307 2028 5361 et
2076 5296 2195 5358 Re·

2301 429 2648 519 praepositi
2710 430 2774 497 in
2834 441 2982 497 voto
3043 430 3274 498 fuere:
3337 452 3375 496 α
3408 433 3548 497 Non
3607 452 3746 498 esse
3796 432 3888 498 in-

2306 518 2686 605 quietandos
2719 542 2783 587 ι.

2433 608 2644 693 Atque
2692 607 2773 675 ita
2820 607 3305 675 rescribendum
3358 609 3761 676 mandarunt.

2433 695 2547 762 Die
2595 698 2677 762 27
2727 695 3050 763 Februarii
3103 699 3297 763 1847.

2308 836 2567 908 2936.
2918 838 3266 903 ROMANA.

2431 966 2594 1030 Dum
2640 960 2954 1048 superiori
3000 981 3163 1029 anno
3202 963 3396 1045 1846,
3432 958 3752 1027 Dominica
3793 980 3892 1026 se·

2300 1050 2504 1120 cunda
2538 1061 2680 1135 post
2704 1051 2930 1117 Pascha
2959 1050 3495 1132 Resurrectionis,
3530 1049 3607 1115 ad
3644 1047 3890 1202 proprii

2303 1138 2594 1207 beneficii
2665 1138 3128 1226 possessionem
3200 1139 3264 1204 in
3333 1136 3561 1223 insigni
3629 1136 3767 1202 Basi
3801 1136 3890 1201 ica

2303 1231 2564 1297 Sanctae
2613 1224 2840 1293 Mariae
2896 1225 2959 1292 in
3020 1225 3362 1294 cosmedin
3407 1225 3592 1293 Urbis
3654 1224 3894 1291 immit-

2304 1315 2479 1382 tendi
2530 1326 2710 1381 erant
2756 1316 2883 1382 duo
2929 1313 3077 1381 novi
3139 1314 3539 1393 Beneficiati,
3587 1331 3716 1379 non
3769 1333 3894 1379 una

2301 1403 2420 1471 fuit
2445 1403 2907 1472 Canonicorum
2940 1402 3002 1468 in
3028 1401 3318 1489 capitulo
3350 1413 3896 1489 congregatorum

2298 1493 2615 1559 sententia
2650 1510 2766 1579 pro
2799 1489 3188 1576 designanda
3233 1509 3525 1577 persona,
3575 1489 3680 1555 cui
3710 1489 3894 1555 iuxta

2303 1580 2798 1648 Eminentissimi
2846 1588 2911 1646 et
2957 1577 3496 1647 Reverendissimi
3543 1576 3900 1645 cardinalis

2301 1670 2364 1736 in
2397 1668 2568 1736 Urbe
2600 1668 2855 1752 Vicarii,
2886 1666 3197 1733 Diaconali
3234 1667 3343 1733 illo
3381 1667 3564 1735 titulo
3595 1674 3895 1750 vacante,

2299 1758 2566 1825 Litteras
2615 1775 2729 1845 pro
2775 1754 3082 1823 canonica
3130 1752 3518 1822 immissione
3557 1753 3902 1841 expeditas

2300 1846 2821 1915 committebatur
2881 1841 3126 1911 dandae
3239 1844 3600 1910 ossessionis
3659 1853 3900 1915 actus;

2301 1953 2441 2001 nam
2509 1944 2751 2001 tantum
2800 1933 2864 1999 in
2909 1930 2983 2001 iis
3048 1930 3192 2019 lege
3241 1942 3426 1998 atnrz
3491 1933 3774 2015 Diqnior
3819 1950 3901 1994 aa·

2305 2025 2677 2090 Canonicis.
2729 2020 3059 2107 Siquidem
3108 2019 3511 2106 opinantibus
3562 2017 3902 2087 nonnullis

2302 2131 2420 2199 per
2452 2108 2816 2179 huiusmodi
2851 2105 3041 2175 verba
3079 2107 3396 2196 designari
3439 2107 3767 2175 seniorem
3807 2106 3902 2171 in·

2296 2212 2398 2267 ter
2431 2209 2799 2287 praesentes
2828 2196 3201 2280 canonicos,
3238 2194 3710 2264 contendebant
3747 2194 3901 2261 nnl-

2303 2288 2543 2355 limode
2586 2297 2878 2374 spectare
2910 2286 2988 2353 ad
3019 2283 3662 2440 archipresbyterum
3711 2280 3905 2349 iuxta

2297 2387 2587 2443 veterem
2633 2374 2906 2463 praxim,
2956 2390 3152 2460 quem
3246 2391 3282 2439 e
3329 2371 3493 2439 facto
3532 2370 3905 2439 excludere

2299 2484 2426 2532 non
2473 2463 2869 2531 dubitarunt.
2918 2463 3010 2528 Ne
3057 2480 3209 2527 vero
3264 2461 3611 2529 hodiernus
3665 2460 3906 2527 Archi-

2297 2551 2638 2641 presbyter
2682 2551 3050 2619 laederetur
3082 2550 3145 2615 in
3175 2548 3422 2618 iuribus
3466 2548 3581 2616 sibi
3627 2566 3908 2636 compe-

2299 2639 2609 2724 tentibuS,
2635 2659 2705 2706 se
2729 2637 3032 2707 abstinuit
3060 2638 3136 2705 ab
3170 2637 3535 2705 interventu
3559 2636 3636 2703 ad
3669 2635 3906 2703 huius-

2298 2729 2472 2796 modi
2493 2728 2989 2817 possessionem
3024 2747 3093 2793 ac
3122 2725 3360 2796 deinde
3380 2729 3605 2793 Sacrae
3627 2723 3906 2793 Ritnnm

2297 2815 2786 2905 congregationi
2824 2834 2963 2882 rem
2988 2832 3247 2881 omnem
3276 2833 3631 2902 exponens,
3660 2813 3905 2878 institit

2295 2918 2368 2973 ut
2417 2905 2707 2971 formiter
2752 2904 3196 2971 declararetur
3226 2916 3442 2971 utrum
3490 2905 3779 2987 Dignior
3823 2921 3906 2967 ca:

2302 2998 2652 3062 Canania-is
2720 2992 3116 3080 intelligatur
3172 2987 3771 3081 Archipresbyter‘?
3831 3011 3907 3056 ac

2301 3083 2617 3169 proinde:
2678 3085 2775 3148 An
2831 3082 3196 3150 huiusmodi
3244 3081 3308 3148 in
3356 3080 3599 3147 casibus
3663 3079 3905 3145 Archi-

2350 3172 2680 3259 resbytero
2748 3170 3009 3237 omnino
3077 3181 3400 3258 competat
3470 3167 3902 3254 exequutioni

2344 3260 2686 3327 emandare
2728 3258 3195 3347 possessionum
3228 3259 3305 3327 ad
3339 3256 3736 3324 Praebendas
3769 3255 3905 3322 Lit-

2301 3357 2503 3425 teras,
2554 3347 2805 3434 quoties
2852 3346 2916 3414 in
2966 3345 3116 3435 ipsis
3161 3367 3292 3414 non
3335 3344 3716 3433 designatur
3777 3362 3901 3410 seu

2298 3434 2663 3502 nominatur
2712 3435 3061 3503 canonicus
3108 3434 3333 3522 aliquis
3387 3431 3896 3521 particulariter,

2297 3522 2500 3600 sicuti=
2531 3541 2792 3611 semper
2837 3534 3049 3592 actum
3095 3535 3215 3590 est.
3266 3522 3530 3591 Interim
3576 3539 3786 3607 quum
3816 3520 3900 3587 ad

2297 3623 2684 3680 memoratae
2716 3612 3011 3680 Basilicae
3044 3613 3442 3679 Diaconalem
3481 3610 3774 3676 Titulnm
3804 3630 3898 3674 as-

2295 3709 2589 3789 sumptus
2634 3700 2832 3767 fuerit
2882 3700 3434 3768 Eminentissimus
3467 3710 3532 3766 et
3566 3704 3897 3767 Reveren-

2297 3789 2592 3856 dissimus
2639 3792 2714 3855 D.
2749 3789 3095 3858 Cardinalis
3144 3793 3403 3856 loannes
3449 3786 3750 3869 Serafini,
3789 3789 3898 3851 Ar-

2299 3875 2766 3965 chipresbyteri
2811 3895 3040 3963 preces
3099 3875 3313 3945 eidem
3369 3874 3894 3944 Eminentissimo

2300 3966 2450 4036 ,Viro
2500 3967 2896 4040 transmissae
2945 3966 3202 4034 fuerunt
3263 3986 3379 4056 pro
3444 3963 3896 4034 informatione

2299 4067 2365 4122 et
2413 4067 2600 4142 voto;
2653 4065 2723 4120 ut
2766 4056 3147 4142 praesertim
3198 4055 3466 4123 doceret
3500 4055 3583 4122 de
3617 4050 3892 4140 Capituli

2300 4149 2548 4211 Statuto
2594 4165 2663 4210 ac
2711 4145 2793 4212 de
2843 4145 3310 4212 consuetudine
3356 4144 3421 4209 in
3470 4161 3616 4208 casu
3653 4158 3892 4228 propo·

2297 4233 2442 4298 sito.
2496 4231 2761 4299 lninncti
2811 4234 3098 4300 muneris
3150 4246 3363 4334 partes
3424 4232 3693 4319 explens
3762 4229 3892 4316 ipse

2303 4320 2850 4388 Eminentissimus
2903 4322 3221 4408 Titularis,
3272 4322 3551 4406 ingenue
3593 4317 3894 4406 exposuit

2298 4419 2443 4496 post
2489 4409 2731 4476 aditum
2777 4410 3170 4497 capitulum,
3220 4409 3391 4496 quod
3442 4407 3559 4473 etsi
3619 4408 3682 4472 in
3731 4408 3891 4472 con·

2298 4497 2735 4565 stitutionibus
2771 4498 3242 4587 capitularibus
3269 4498 3360 4566 nil
3393 4495 3779 4563 enuncietur
3809 4491 3891 4558 de

2299 4585 2825 4670 possessionibus,
2874 4599 3152 4654 attamen
3199 4607 3278 4654 ex
3327 4586 3556 4652 iisdem
3603 4580 3894 4650 dilucide

2301 4673 2621 4740 evincitur
2664 4675 3314 4764 Archipresbyterum
3378 4692 3583 4759 usque
3631 4692 3665 4737 a
3710 4669 3890 4756 Capi·

2302 4762 2416 4830 tuli
2481 4763 2843 4849 erectione,
2896 4765 2985 4830 nti
3051 4784 3132 4829 ex
3192 4761 3574 4849 Apostolicis
3634 4756 3892 4825 Litteris

2301 4850 2527 4918 Leonis
2586 4855 2783 4940 Papae
2830 4856 2886 4919 X
2931 4853 3090 4920 datis
3151 4851 3444 4920 calendis
3504 4849 3639 4915 Maii
3697 4849 3888 4930 1813,

2300 4959 2440 5007 esse
2495 4940 2744 5008 unicam
2802 4941 3071 5028 capituli
3130 4941 3552 5026 Dignitatem,
3600 4937 3889 5021 adeoque

2300 5047 2559 5117 semper
2605 5041 2670 5095 et
2719 5031 2783 5096 in
2844 5031 3138 5099 omnibus
3199 5028 3592 5118 praecedere
3646 5023 3890 5093 debere

2303 5119 2674 5201 Canonicos,
2722 5118 3416 5207 praeter-canonicum
3452 5115 3890 5183 Hebdomada·

2305 5204 2490 5272 rium.
2554 5209 2687 5273 lmo
2750 5206 2856 5273 uni
2913 5206 3490 5305 Archipresbytero
3553 5205 3890 5271 inhaerere

2301 5295 2809 5380 presbyteralem
2869 5295 3210 5380 Ordinem,
3272 5293 3592 5380 siqnidem
3656 5310 3889 5358 novem

3656 838 3888 925 (5073)

604 5379 1046 5450 verendissimi
1107 5383 1318 5445 Patres
1379 5378 1583 5450 Sacris
1646 5378 1902 5447 tuendis
1948 5381 2200 5453 Ritibus
2304 5381 2410 5446 alii
2439 5381 2734 5449 canonici
2768 5402 2850 5448 ex
2882 5383 3113 5450 eodem
3160 5383 3464 5451 Pontifice
3511 5382 3658 5448 satis
3692 5389 3789 5446 est
3820 5390 3886 5444 ut
