4042 5950
1550 171 2015 304 -215-

144 381 613 468 infrascriptum
650 381 1076 449 Secretarium
1115 380 1449 466 relatione,
1489 379 1725 449 Sancti·

148 485 227 538 tas
280 474 403 538 Sua
466 472 697 536 Sacrae
760 468 1284 557 Congregationis
1347 488 1721 568 responsum

143 557 509 647 approbavit
540 568 610 624 et
642 558 1066 625 confirmavit.
1098 556 1208 624 Die
1249 561 1326 625 10
1360 558 1497 625 Maii
1529 560 1723 625 1826.

148 729 399 800 2645.
736 729 1126 800 ALBANEN.
1494 730 1718 817 (aeto)

256 911 323 973 ln
369 906 742 974 cathedrali
798 906 1136 974 Albanensi
1197 906 1479 974 Ecclesia
1522 910 1719 974 Gano-

140 994 368 1062 nicatus
424 1013 560 1061 non
626 996 820 1063 iidem
880 1013 1104 1061 omnes
1170 994 1340 1061 inter
1392 1013 1460 1062 se
1521 1003 1716 1062 sunt:

142 1083 236 1149 alii
287 1083 462 1149 enim
522 1085 838 1169 primam,
900 1082 1005 1148 alii
1066 1102 1220 1150 vero
1287 1081 1719 1152 recentiorem

142 1169 598 1238 institutionem
645 1179 1035 1259 agnoscunt3
1085 1170 1264 1238 cuius
1316 1170 1581 1257 quidem
1627 1169 1722 1238 in-

144 1258 470 1326 stitutionis
548 1260 847 1327 Canonici
878 1309 895 1343 ,
972 1258 1123 1326 licet
1191 1261 1587 1347 postremum
1654 1257 1719 1324 in

145 1346 334 1413 Chore
380 1347 602 1414 locum
650 1346 944 1436 accipere
977 1365 1057 1413 ex
1089 1345 1563 1415 conditionibus
1607 1345 1721 1414 de·

147 1436 341 1521 beant,
362 1434 783 1502 nihilominus
816 1456 848 1502 a
871 1435 1163 1521 Capitulo
1195 1434 1437 1524 primae
1471 1433 1719 1501 institu-

148 1521 315 1588 tionis
356 1524 435 1591 ad
478 1522 819 1610 superiora
861 1526 1040 1592 stalla
1086 1522 1474 1592 ascendendi
1504 1522 1569 1589 in
1601 1522 1721 1590 eis·

151 1629 260 1695 que
313 1611 589 1679 sedendi
647 1612 907 1679 facultas
966 1610 1309 1688 tribuitur;
1356 1608 1447 1688 ⁴ita
1507 1620 1720 1677 tamen

150 1709 211 1764 ut
236 1700 456 1781 Decani
489 1719 610 1766 seu
643 1698 1225 1786 Archipresbyteri,
1253 1698 1572 1784 huiusque
1605 1698 1717 1764 im·

150 1785 401 1854 mediate
432 1788 767 1874 sequentis
796 1786 1089 1856 Canonici
1134 1785 1578 1858 Archidiaconi
1609 1790 1720 1854 Se·

150 1874 250 1939 des
294 1876 737 1945 tantummodo
785 1875 1213 1963 excipiantur.
1261 1878 1386 1941 Hac
1419 1874 1717 1941 facultate

150 1963 469 2030 instructus
528 1968 799 2032 loannes
852 1963 1128 2053 Baptista
1188 1962 1565 2031 Silvestroni
1618 1980 1716 2029 se-

152 2050 368 2116 cundae
416 2051 764 2119 erectionis
810 2052 1164 2121 Canonicus
1209 2069 1405 2137 super
1441 2060 1714 2137 quatuor

154 2136 270 2202 aliis
309 2138 640 2206 eanonicis
696 2139 1001 2219 sedebat,
1048 2139 1301 2225 quando
1360 2139 1498 2225 ipse
1545 2139 1712 2204 inter

156 2226 366 2312 primae
417 2227 762 2296 erectionis
808 2228 1152 2297 Canonicos
1198 2238 1295 2294 est
1342 2236 1709 2314 cooptatus:

153 2332 318 2399 quare
360 2325 724 2402 postremus
767 2335 938 2384 nunc
983 2315 1003 2381 i
1086 2334 1121 2382 e
1167 2315 1338 2381 inter
1366 2316 1482 2382 bos
1513 2316 1711 2383 adnu-

156 2413 426 2486 meratur,
474 2424 543 2471 ac
593 2404 670 2471 ad
728 2423 1002 2491 quorum
1053 2423 1152 2470 am
1196 2421 1466 2471 onerum
1513 2403 1713 2470 adim·

154 2489 525 2574 piamentum
589 2504 915 2580 postremo
970 2511 1051 2561 ex
1109 2490 1438 2559 Canonicis
1499 2492 1713 2558 inhae-

158 2577 400 2644 rentium
435 2590 719 2648 tenetur.
772 2580 867 2647 Ad
903 2579 1057 2647 baec
1088 2579 1416 2666 implenda
1454 2577 1713 2667 paratis·

156 2664 344 2751 simus,
376 2668 557 2748 dum,
597 2688 724 2736 uno
756 2668 1042 2753 dimisso,
1069 2669 1344 2738 alterum
1376 2666 1711 2734 canonica-

162 2761 273 2818 tum
314 2757 611 2841 obtinuit,
644 2757 1006 2846 supplicem
1038 2778 1091 2824 s·
1123 2776 1209 2824 ιιι.
1239 2757 1346 2822 Pio
1379 2759 1579 2843 Papae
1608 2757 1713 2822 Vll

159 2840 255 2905 snb
293 2842 396 2910 die
442 2850 525 2915 21
564 2844 891 2914 Februarii
931 2850 1094 2914 1823
1126 2843 1443 2914 Libellum
1492 2861 1712 2932 porre-

162 2928 238 2995 xit
276 2943 335 2998 et
378 2934 451 3002 ab
505 2939 597 3002 Eo
652 2933 868 3019 idem,
920 2934 985 3002 in
1027 2952 1154 3021 quo
1207 2931 1511 3017 sedebat,
1560 2930 1712 2998 reti-

162 3018 326 3085 nendi
385 3023 642 3090 stallum
706 3022 1031 3090 indultum
1104 3020 1475 3111 postulavit.
1540 3024 1713 3086 Tunc

162 3107 473 3201 accedente
532 3110 677 3178 Emi
730 3130 799 3177 ac
856 3111 998 3178 Rmi
1060 3109 1359 3210 Episcopi
1420 3108 1717 3176 informa·

166 3200 308 3260 tione
352 3207 414 3263 et
456 3209 610 3267 voto
666 3198 990 3288 ipsiusque
1045 3198 1319 3287 Capituli
1373 3214 1711 3280 consensu,

164 3280 359 3349 Ssnus
389 3288 653 3354 oratoris
682 3286 985 3374 precibus
1032 3286 1294 3355 indulsit
1327 3285 1533 3372 quoad
1565 3283 1715 3349 stal-

167 3367 275 3435 lum
314 3370 662 3442 dumtaxat.
712 3379 833 3442 Per
880 3374 1040 3442 hanc
1088 3374 1333 3442 Summi
1393 3370 1715 3440 Pontificis

164 3461 601 3556 concessionem
624 3463 920 3532 Canonici
949 3464 1304 3531 Velletrani
1338 3474 1403 3528 et
1435 3459 1711 3544 Scalchi,

167 3561 254 3643 qut
294 3546 352 3613 in
392 3551 789 3637 possessione
835 3552 1249 3620 Canonicatus
1296 3550 1541 3639 primae
1575 3568 1715 3615 ere-

166 3635 356 3701 ctionis
384 3640 768 3728 antiquiores
790 3652 941 3708 sunt
965 3640 1279 3710 canonico
1307 3636 1709 3720 Silvestroni,

169 3724 340 3818 quoad
376 3728 630 3797 stallum
662 3740 873 3797 tamen
908 3730 1320 3819 posteriores,
1358 3724 1527 3794 baud
1579 3723 1712 3791 exi·

168 3820 449 3883 stimantes
524 3837 599 3884 er
630 3830 1060 3886 memoratum
1092 3816 1415 3885 indultum
1449 3814 1526 3880 ab
1559 3831 1709 3879 exe·

171 3900 399 3979 quendis
428 3924 461 3968 ο
533 3906 647 3972 ciis
679 3906 757 3973 ad
788 3918 1149 3994 postremos
1182 3906 1339 3972 duos
1365 3903 1711 3973 canonicos

172 3987 534 4085 peculiariter
581 3995 1013 4083 spectantibus
1062 3992 1528 4064 immunitatem
1559 4010 1711 4059 con·

174 4071 309 4170 cedi,
350 4079 499 4150 inito
544 4102 695 4149 cum
759 4083 1074 4150 canonico
1137 4082 1510 4149 Silvestroni
1561 4099 1709 4148 con-

174 4159 309 4245 ³¹¹¹⁰2
330 4170 650 4255 sequentia
681 4171 873 4239 dubia
897 4174 1233 4239 Sacrorum
1258 4170 1520 4237 Rituum
1546 4171 1707 4237 Con·

176 4255 478 4335 erogationi
526 4257 855 4328 enodanda
900 4277 1339 4346 proposuere:
1456 4294 1461 4305 ·

285 4343 336 4404 1.
392 4348 480 4413 An
541 4347 877 4417 conveniat
945 4346 1261 4416 Canonico
1331 4344 1707 4413 Silvestroni

180 4432 602 4584 praeceperitis,
671 4455 870 4523 quum
926 4437 1008 4503 sit
1076 4433 1538 4503 canonicorum
1610 4432 1709 4498 ul-

205 4527 336 4580 lmus

207 4681 217 4692 ‚
281 4604 334 4669 Ξ.
381 4611 468 4676 An
521 4611 1014 4680 Hebdomadarii
1081 4610 1280 4678 officia
1340 4609 1706 4698 peragenda

181 4695 278 4751 ⁸¹³1
314 4711 343 4756 a
382 4699 684 4768 Canonico
730 4701 1109 4770 Silvestroni
1159 4720 1234 4766 eo
1288 4699 1517 4767 ordine
1621 4716 1705 4765 uo

181 4778 347 4863 sedet,
388 4804 458 4852 an
501 4809 655 4856 vero
705 4799 774 4857 ut
820 4788 1053 4856 ultimo
1099 4809 1181 4856 ex
1228 4786 1554 4856 canonicis

286 4868 339 4933 3·
360 4874 480 4968 ῥυ,
512 4897 711 4966 quum
759 4888 1013 4965 spectet
1044 4878 1121 4945 ad
1155 4877 1316 4944 duos
1348 4885 1707 4964 postremos

184 4947 473 5052 Cffnentcos
501 4965 755 5036 Diaconi
799 4978 865 5033 et
896 4964 1283 5033 Subdiaconi
1331 4964 1609 5031 officium
1642 4962 1707 5030 in

187 5034 342 5106 ¹²⁸&ss
379 5050 781 5140 solemnibus,
831 5064 896 5120 et
941 5053 1264 5122 associatio
1311 5051 1706 5120 celebrantis

187 5119 244 5218 ³5¹
278 5127 775 5233 thurificationem
807 5161 968 5230 quae
1003 5141 1073 5208 fit
1104 5141 1169 5209 in
1200 5140 1524 5228 vesperis,
1558 5158 1706 5206 con·

188 5209 399 5286 suderat·
421 5225 640 5298 debeat
665 5232 1014 5300 Canonicus
1039 5230 1420 5298 Silvestroni
1444 5239 1516 5296 ut
1539 5246 1704 5295 unus

194 5310 255 5360 θλ
278 5300 493 5383 duobus
522 5316 817 5387 ultimis?

1958 383 2022 448 4.
2062 382 2158 449 An
2188 379 2254 454 in
2285 379 2528 449 actibus
2550 379 3018 469 capitularibus
3040 379 3408 470 suffragium

1824 468 1976 536 dare
2023 467 2255 536 debeat
2299 481 2445 537 ante
2493 469 2839 538 canonicos
2886 469 2996 555 qui
3043 469 3105 537 ei
3160 477 3408 557 priores

1820 566 1969 624 sunt
2032 557 2097 623 in
2150 556 2479 643 capitulo,
2531 567 2596 623 et
2642 566 2792 624 ante
2855 574 2964 623 eos
3026 558 3407 645 capitulares

1823 642 2021 714 libros
2068 644 2494 730 subsignare?
3379 693 3386 702 -

1955 737 2018 800 δ.
2061 736 2157 800 An
2188 733 2253 798 in
2285 732 2698 800 associatione
2744 733 3151 818 cadaverum,
3184 733 3408 800 absen-

1821 818 1988 888 tibus
2034 818 2388 888 senioribus
2433 819 2784 905 canonicis,
2833 820 3030 908 possit
3060 821 3408 890 canonicus

1820 908 2198 976 Silvestroni
2231 907 2472 976 stolam
2519 909 2817 992 induere,
2850 928 2970 996 pro
3003 930 3124 995 qua
3157 910 3406 997 duplex

1823 1008 1918 1063 est
1967 997 2477 1065 emolumentum
2539 1006 2606 1062 et
2658 1016 2837 1063 cerae
2898 995 3292 1081 distributio,
3342 997 3408 1065 in

1819 1082 1992 1152 illius
2038 1082 2501 1184 praeiudicium
2546 1085 2654 1172 qui
2701 1103 2840 1151 eam
2886 1084 3159 1160 induere
3207 1086 3402 1154 debe-

1820 1182 1947 1256 ret,
1996 1172 2116 1239 msi
2161 1172 2511 1242 Canonicus
2568 1170 2945 1242 Silvestroni
2996 1172 3164 1240 stalli
3210 1171 3403 1262 privi-

1821 1259 2067 1347 legium
2115 1258 2549 1328 obtinuisset?
2691 1281 2694 1284 ·

1952 1353 2033 1416 Et
2094 1349 2233 1414 Ειῖιί
2291 1350 2503 1415 Patres
2564 1348 2768 1417 Sacris
2824 1347 3073 1416 Ritibus
3140 1346 3403 1416 tuendis

1820 1435 2192 1525 praepositi,
2219 1454 2290 1501 re
2316 1447 2564 1504 mature
2590 1436 3066 1523 diligenterque
3096 1437 3402 1519 discussa,

1819 1524 2169 1610 auditoque
2228 1535 2377 1590 voto
2436 1524 2699 1592 alterius
2739 1543 2834 1591 ex
2891 1524 3403 1612 Apostolicarum

1820 1612 2127 1700 Magistris
2185 1611 2740 1682 Caeremoniarum
2799 1611 3054 1697 scriptis
3118 1611 3403 1679 exhibito

1820 1701 2172 1788 praeloque
2219 1718 2397 1785 cuso,
2447 1711 2640 1786 atque
2699 1700 2774 1767 ad
2832 1699 3213 1772 relationem
3260 1699 3402 1767 Emi

1821 1798 1887 1854 et
1930 1789 2072 1856 Rmi
2127 1792 2312 1854 Dom.
2359 1787 2547 1858 Gard.
2598 1787 2877 1856 Pedicini
2932 1787 3255 1873 Ponentis,
3306 1806 3405 1854 re·

1814 1875 2268 1963 spondendum
2314 1886 2752 1946 censuerunt:

1948 1965 2049 2034 Ad
2100 1967 2157 2032 1.
2208 1984 2246 2028 α
2277 1967 2454 2030 quta
2500 1973 2760 2050 votum3
2809 1963 3096 2032 scilicet:
3146 1965 3212 2032 in
3258 1982 3403 2032 casu

1813 2052 2331 2139 praecedentiam
2353 2050 2578 2119 deberi
2600 2050 2915 2120 canonico
2937 2052 3312 2120 Silvestroni
3333 2072 3398 2117 ιν.

1946 2142 2044 2212 Ad
2077 2144 2145 2208 2.
2192 2160 2231 2205 ‹
2263 2143 2334 2206 ln
2362 2140 2630 2227 eodem;
2665 2139 3010 2208 nimirum:
3046 2139 3398 2208 Hebdoma-

1813 2227 1971 2296 darii
2018 2247 2252 2295 munus
2296 2227 2670 2295 obeundum
2704 2247 2842 2298 esse
2871 2248 2905 2292 a
2936 2228 3249 2297 canonico
3277 2227 3399 2296 Sil·

1813 2315 2098 2383 vestroni
2142 2315 2318 2383 iuxta
2359 2314 2658 2384 ordinem
2704 2314 2872 2383 stalli
2907 2338 2973 2383 r.
3115 2319 3122 2328 ‘

1944 2403 2042 2474 Ad
2092 2406 2156 2471 3.
2207 2423 2246 2468 ‹
2278 2403 2586 2490 Negative
2620 2425 2687 2472 ι.

1944 2492 2042 2559 Ad
2092 2494 2154 2558 4.
2208 2511 2247 2556 ‹
2279 2496 2458 2559 quta
2505 2502 2751 2576 votum,
2802 2493 3145 2562 videlicet:
3202 2495 3399 2560 Gano-

1813 2581 1958 2649 nico
2004 2579 2385 2649 Silvestroni
2439 2580 2665 2648 deberi
2730 2581 3025 2651 ultimum
3073 2580 3288 2647 locum
3334 2577 3398 2647 in

1813 2669 2057 2737 actibus
2103 2666 2556 2756 capitularibus
2588 2690 2650 2737 ι.

1945 2756 2042 2824 Ad
2093 2759 2158 2821 5.
2209 2775 2248 2820 ‹
2281 2757 2586 2843 Negative
2622 2779 2684 2825 ιν.

1944 2849 2155 2931 Atque
2182 2843 2265 2909 ita
2289 2844 2763 2931 responderunt
2786 2866 2857 2914 ac
2880 2845 3122 2913 servari
3145 2844 3401 2913 manda·

1816 2941 1965 3002 runt
1997 2931 2060 3000 in
2094 2930 2453 3000 cathedrali
2483 2932 2792 3002 Albanen.
2828 2933 2943 3002 Die
2969 2939 3009 3002 6
3035 2932 3172 3001 Maii
3201 2935 3393 3001 1826.

1945 3025 2129 3088 Facta
2152 3028 2368 3086 autem
2393 3022 2474 3089 de
2498 3022 2861 3107 praemissis
2887 3021 3184 3089 omnibus
3205 3024 3397 3089 88ιῖιο

1813 3109 2079 3178 Domino
2119 3110 2347 3175 Nostro
2386 3107 2581 3177 Leoni
2614 3113 2722 3179 XII
2752 3114 2934 3179 Pont.
2961 3112 3121 3176 Max.
3161 3128 3277 3197 per
3306 3107 3397 3174 in·

1814 3196 2219 3286 trascriptum
2266 3197 2693 3264 Secretarium
2727 3198 3061 3282 relatione,
3095 3196 3398 3264 Sanctitas

1812 3289 1934 3353 Su‘a
1981 3288 2204 3352 Sacrae
2251 3285 2776 3371 congregationis
2821 3303 3122 3371 responsa
3167 3302 3398 3372 appro-

1812 3373 1983 3440 bavit
2026 3382 2090 3439 et
2121 3372 2541 3445 confirmavit.
2592 3373 2704 3439 Die
2742 3378 2820 3440 10
2850 3372 2987 3439 Maii
3026 3374 3217 3439 1826.

1814 3513 2079 3584 2646.
2314 3514 2898 3580 ALEXANnmNA.
3165 3511 3394 3598 (tezo)

1944 3636 2248 3706 Nonnulli
2296 3632 2510 3726 paucis
2557 3635 2636 3703 ab
2681 3637 2827 3705 hinc
2864 3638 3043 3706 annis
3075 3639 3140 3706 in
3171 3637 3396 3707 Cathe-

1808 3726 1973 3801 drali
2044 3726 2367 3793 Ecclesiae
2421 3725 2844 3803 Alexandriae
2912 3726 2977 3793 in
3037 3725 3397 3814 subalpinis

1807 3816 2040 3882 abusus
2090 3816 2410 3902 irrepsere
2456 3823 2673 3881 contra
2720 3815 3209 3883 caeremonialis
3245 3813 3395 3902 Epi-

1807 3922 2150 3995 scoporum
2174 3925 2244 3970 ac
2268 3902 2646 3970 Pontificalis
2677 3902 2857 3990 leges
2882 3916 2947 3971 et
2970 3902 3392 3992 praescripta;

1807 3992 1918 4079 qui
1948 3990 2028 4057 ab
2059 4012 2186 4058 uno
2229 3993 2512 4059 alterove
2553 4009 2634 4056 ex
2670 3990 2961 4058 eiusdem
3002 3991 3398 4061 cathedralis

1806 4080 2162 4163 Canonicis,
2183 4079 2441 4147 nemine
2466 4078 2884 4167 approbante,
2913 4080 3156 4147 inducti
3179 4078 3391 4147 fuere.

1802 4170 2006 4248 Quare
2054 4168 2258 4256 prima
2304 4166 2697 4236 cathedralis
2742 4167 3024 4255 Dignitas
3069 4166 3394 4234 Arcbidia-

1806 4274 2040 4340 conus,
2089 4274 2311 4324 mense
2370 4254 2706 4323 Decembri
2757 4257 2965 4339 1824,
3014 4253 3391 4323 humillimis

1805 4345 1969 4412 datis
2017 4343 2343 4432 precibuS,
2393 4342 2749 4430 quaesivit:
2803 4343 2890 4409 ias
2936 4362 3018 4410 ne
3063 4342 3181 4411 sibi
3225 4351 3393 4409 esset

1804 4433 2223 4535 permittere,
2286 4442 2357 4498 ut
2416 4443 2804 4501 memoratus
2873 4450 3024 4503 usus
3095 4439 3393 4519 recenter

1805 4520 2107 4589 inductus
2153 4520 2601 4603 invalesceret,
2653 4520 2752 4586 vel
2800 4519 3015 4606 potius
3061 4529 3134 4586 ut
3162 4518 3393 4585 abusus

1806 4618 1974 4677 esset
2023 4605 2501 4678 eliminandus?
2544 4607 2635 4675 Ac
2681 4607 2800 4675 sub
2844 4606 2950 4674 die
2998 4611 3078 4675 21
3127 4609 3392 4674 Decem-

1809 4695 1936 4764 bris
2002 4697 2290 4769 eiusdem
2350 4695 2495 4764 anni
2541 4698 2701 4765 Rffio
2748 4697 3063 4784 Episcopo
3123 4694 3391 4763 Alexan-

1805 4785 1994 4854 drino
2044 4785 2237 4852 rescri
2287 4794 2425 4852 tum
2480 4783 2599 4852 fuit
2644 4795 2833 4870 atque
2879 4781 3272 4865 mandatnm,
3322 4790 3394 4849 ut

1807 4890 2064 4941 omnem
2127 4891 2245 4939 con
2277 4881 2450 4939 erret
2509 4890 2770 4959 operam
2830 4880 3186 4957 quatenuse
3251 4888 3289 4932 α
3322 4873 3392 4935 In

1805 4959 2199 5049 quibuslibet
2246 4959 2690 5027 ecclesiasticis
2733 4957 3163 5027 functionibus
3223 4974 3392 5023 sem-

1803 5068 1926 5137 per
1984 5058 2049 5114 et
2095 5070 2129 5114 a
2181 5067 2594 5136 quocumque
2652 5045 3034 5115 adamussim
3093 5054 3391 5112 servetur

1804 5136 2283 5205 Caeremoniale
2315 5157 2376 5202 ».
2441 5140 2580 5226 Ipse
2634 5147 2871 5220 autem,
2921 5132 3394 5202 ecclesiasticae

1805 5235 1877 5292 ut
1910 5236 2006 5292 est
2036 5225 2408 5312 disciplinae
2438 5225 2785 5291 acerrimus
2811 5232 3252 5379 propugnator
3281 5223 3387 5290 Sa·

1807 5332 2194 5399 crorumque
2253 5313 2513 5387 Rituum
2571 5322 2882 5398 assertor,
2982 5310 3106 5378 aud
3159 5309 3386 5379 immo-
