4042 5950
1508 0 1656 124 Υ..

1785 34 2090 114 ,κων

1543 225 1961 299 ...99-

120 379 448 463 bricarum,
485 391 550 445 et
583 378 838 465 quidem
873 382 992 445 sub
1029 380 1150 445 ritu
1176 379 1421 465 duplici
1452 380 1696 468 primae

119 466 335 548 classis,
389 470 452 534 in
501 469 772 534 Civitate
823 487 965 534 cum
1016 479 1258 549 octava,
1304 466 1366 534 in
1413 469 1695 534 Dioecesi

119 577 254 619 vero
298 556 439 622 sine
488 568 743 626 octava;
793 557 1141 642 Regulares
1171 567 1382 620 autem
1419 554 1537 620 sub
1569 556 1695 621 ritu

119 643 346 730 duplici
397 645 726 710 secundae
772 644 1010 728 classis,
1045 644 1157 708 sed
1195 645 1330 708 sine
1381 653 1596 708 octava
1635 667 1694 708 ».

123 737 308 814 Atque
357 733 440 795 ita
490 733 778 798 decrevit
826 743 890 797 et
936 732 1169 796 servari
1205 732 1543 797 mandavit.
1582 731 1696 796 Die

127 822 191 886 19
232 821 634 906 Septembris
686 823 878 886 1750.

123 979 354 1046 suo.
748 979 1054 1046 onnmis
1391 935 1406 950 ⁹
1466 980 1693 1065 (42¹2)

402 1086 757 1151 monum
803 1086 1404 1152 OBSERVANTIUM

341 1191 816 1256 PROVINClAE
855 1191 1446 1286 ι(ΞΒΑΝΑἸῈΝΒΙΒ.

235 1351 389 1414 Cum
457 1351 559 1413 Fr.
630 1347 934 1435 losepbus
980 1346 1356 1413 Laurentius
1412 1346 1697 1413 Vicarius

126 1434 512 1500 provincialis
575 1435 935 1502 Provinciae
998 1434 1395 1501 Granatensis
1447 1433 1698 1501 Ordinis

129 1523 418 1589 nium-um
467 1524 954 1590 observantium
995 1527 1058 1590 S.
1096 1523 1407 1590 Francisci
1442 1522 1698 1588 bumili-

129 1625 211 1674 ter
240 1613 616 1696 exposuerit
650 1611 841 1677 fuisse
882 1625 1177 1678 recenter
1208 1633 1237 1674 a
1266 1614 1329 1676 S.
1352 1615 1425 1678 R.
1445 1614 1521 1677 C.
1551 1617 1700 1677 con·-

129 1718 277 1762 ‹tessa
326 1700 645 1782 quaedam
685 1698 895 1765 Officia
929 1702 1329 1781 Sanctorum,
1364 1698 1482 1763 alia
1514 1699 1698 1765 Urbis
1741 1751 1752 1756 -

130 1795 182 1850 et
201 1786 400 1868 Orbis,
429 1789 546 1853 alia
575 1806 693 1872 pro
726 1785 1040 1871 aliquibus
1064 1788 1323 1872 Regnis,
1353 1785 1701 1851 Ditionibus

131 1874 514 1960 statibusque
567 1875 1048 1962 particularibus
1097 1873 1447 1956 recitanda,
1486 1887 1618 1939 tum
1668 1893 1701 1938 a

128 1962 516 2029 Secularibus
564 1976 701 2028 tum
748 1984 777 2026 a
825 1961 1245 2046 Regularibus
1292 1961 1398 2046 qui
1446 1964 1519 2027 ad
1587 1966 1704 2027 Ro-

134 2071 210 2113 tas
241 2050 566 2116 canonicas
603 2061 942 2116 tenentur:
980 2069 1056 2114 ex
1091 2049 1324 2133 quibus
1355 2051 1499 2114 cum'
1535 2067 1706 2136 pene

63 2207 76 2218 ⁸
131 2136 524 2223 quadraginta
572 2138 782 2204 Officia
829 2140 1164 2222 quotannis
1222 2149 1544 2223 perpetuo
1606 2157 1705 2202 su·

131 2226 354 2309 pei-sint
419 2226 573 2310 quin
623 2225 739 2291 ulli
800 2225 937 2290 dies
981 2243 1111 2292 non
1160 2224 1450 2311 impediti
1503 2235 1704 2290 rema·

134 2323 343 2386 neant;
395 2332 564 2379 nunc
616 2315 908 2380 eamdem
957 2315 1023 2379 S.
1071 2316 1148 2379 R.
1190 2315 1263 2378 C.
1323 2323 1704 2378 reverenter

133 2399 518 2487 supplicavit,
569 2411 637 2466 ut
685 2400 964 2485 benigne
1012 2400 1352 2465 deveniret
1380 2401 1458 2466 ad
1489 2398 1705 2486 singu-

137 2489 312 2553 larem
355 2489 898 2574 designationem,
934 2488 1383 2553 admissionem
1433 2506 1546 2552 seu
1597 2507 1706 2551 ex-

138 2577 467 2641 clusionem
530 2576 1002 2663 praedictorum
1060 2574 1462 2659 officiorum,
1515 2585 1707 2662 prout

141 2665 316 2747 magis
360 2663 711 2730 convenire
760 2664 1174 2739 iudicaverit3

252 2754 327 2817 Et
371 2755 438 2816 8.
468 2756 541 2819 R.
571 2755 648 2818 C.
692 2752 1064 2837 respondit:
1114 2756 1316 2816 Detur
1361 2756 1699 2817 Decretum

141 2838 240 2903 iam
280 2842 355 2905 ab
385 2859 549 2905 anno
587 2843 756 2907 1738
786 2838 892 2905 die
923 2843 964 2904 6
998 2838 1394 2924 Septembris
1428 2838 1700 2922 editum,

61 2961 62 2970 κ
141 2927 357 2993 tenoris
389 2928 760 3013 sequentis:
794 2925 1046 2994 Ordinis
1077 2927 1386 2992 Minorum
1423 2929 1493 2995 S.
1526 2931 1710 2994 Fran-

61 3270 64 3305 l

61 3316 62 3341 l

61 3352 64 3405 'l

61 3010 62 3045 ³
140 3014 306 3080 cisci:
353 3021 443 3081 Ex
495 3027 676 3101 parte
707 3020 777 3081 P.
810 3018 887 3081 V.
928 3014 1348 3080 commissarii
1383 3015 1710 3081 Generalis

138 3102 361 3168 Ordinis
408 3104 721 3169 Minorum
765 3102 1248 3169 observantium
1297 3106 1362 3169 S.
1398 3102 1706 3168 Francisci

141 3191 299 3292 apud·
336 3195 399 3258 S.
436 3195 628 3290 R.·C.
682 3210 800 3277 pro
849 3191 1302 3290 declaratione·
1328 3188 1705 3289 infrascripti

141 3277 298 3344 dubii
327 3280 757 3365 supplicatum
791 3279 948 3343 fuit:
977 3281 1071 3343 An
1099 3283 1332 3360 Sancti,
1360 3278 1443 3343 de
1478 3277 1711 3363 quibus

61 3430 64 3435 .
144 3366 194 3429 in
239 3377 362 3431 toto
406 3368 550 3432 anni
600 3367 881 3433 decursu
915 3365 1225 3432 celebrari
1258 3364 1705 3432 Officiumnon

61 3508 64 3567 ᾇ
145 3454 349 3607 potuit,
389 3454 810 3520 transferendi
860 3455 989 3520 sint
1034 3454 1110 3518 ad
1159 3472 1395 3520 annum
1436 3472 1710 3538 sequen·

149 3552 260 3605 tem

259 3634 326 3695 Et
356 3633 424 3697 S.
462 3631 691 3696 eadem
724 3634 796 3696 R.
826 3633 930 3713 C.,
967 3630 1359 3696 inhaerendo
1393 3627 1577 3694 alteri
1611 3648 1710 3693 re·

61 3716 62 3727 ’
147 3719 416 3783 solutioni
469 3719 531 3784 in
579 3717 894 3784 similibus
940 3718 1177 3800 editae,
1227 3715 1707 3782 rescribendum

61 3806 64 3857 ὲ
151 3807 412 3872 censuit:
467 3828 502 3869 ‹
539 3809 829 3887 Sanctos,
864 3807 970 3891 qui
1023 3805 1085 3870 in
1133 3804 1263 3871 fine
1309 3805 1452 3869 anni
1485 3822 1710 3892 super-

61 3920 62 3925 *
149 3904 294 3976 sunt,
326 3912 453 3959 non
502 3913 637 3960 esse
686 3895 766 3961 ad
810 3913 1042 3959 annum
1093 3902 1472 3977 sequentem
1525 3902 1715 3957 trans-

61 4010 62 4013 *
153 3981 460 4065 lerendos;
511 3983 653 4064 sed,
690 3982 941 4067 quoties
973 3992 1107 4046 toto
1139 3981 1282 4045 anni
1316 3980 1594 4045 decursu
1628 3979 1711 4044 de

155 4067 254 4132 illis
296 4069 629 4137 celebrare
673 4087 798 4134 non
846 4071 1075 4152 valeat,
1115 4078 1264 4133 tunc
1312 4069 1375 4134 in
1410 4067 1519 4132 illo
1552 4086 1712 4132 anno

155 4154 350 4222 diebus
376 4174 602 4222 eorum
626 4157 902 4245 propriis
926 4155 1419 4222 considerandos
1443 4173 1551 4218 eos
1577 4173 1712 4220 esse

158 4252 443 4329 tamquam
491 4245 844 4332 simplices,
897 4242 1188 4310 faciendo
1239 4244 1496 4308 illorum
1546 4262 1718 4308 com-

157 4332 683 4411 memorationem,
735 4350 879 4398 cum
930 4350 1094 4398 nona
1139 4331 1444 4396 Lectione
1484 4331 1560 4396 ad
1596 4334 1716 4395 Ma·

157 4419 399 4484 tatinum
452 4419 800 4506 composita
851 4438 928 4485 ex
979 4419 1272 4485 omnibus
1319 4437 1541 4483 eorum
1598 4422 1718 4483 Le-

61 4556 62 4569 ,
158 4505 440 4573 ctionibus
483 4506 760 4595 propriis
806 4508 1070 4573 secundi
1118 4508 1422 4572 Nocturni
1474 4506 1549 4571 ad
1585 4524 1718 4571 mo-

61 4602 62 4659 }
161 4592 285 4658 dum
333 4595 524 4662 unius
559 4617 623 4659 ι.
675 4598 881 4680 Atque
929 4593 1012 4659 ita
1060 4597 1124 4661 S.
1161 4599 1238 4662 R.
1271 4598 1341 4660 C.
1393 4594 1540 4659 satis
1573 4613 1716 4681 pro·

159 4679 331 4747 visum
392 4684 708 4750 decrevit.
773 4682 882 4748 Die
947 4684 1024 4749 19
1070 4679 1465 4767 Septembris
1517 4684 1710 4747 1750.

161 4820 359 4890 2411.
695 4825 1142 4908 cunmouuu.
1486 4820 1711 4907 (4213)

265 4946 551 5013 Priorissa
603 4958 667 5011 et
715 4947 1012 5013 Moniales
1054 4950 1119 5013 S.
1153 4944 1400 5031 losepbi
1436 4945 1715 5012 Civitatis

161 5034 480 5100 Cremonae
538 5035 789 5101 Ordinis
850 5039 915 5102 S.
968 5035 1343 5120 Augustini,
1392 5032 1715 5098 subiectae

161 5120 483 5207 ordinario,
519 5144 549 5187 a
586 5126 650 5189 S.
687 5127 763 5189 R.
798 5128 869 5190 C.
907 5122 1237 5189 humiliter
1276 5120 1716 5205 supplicarunt

165 5206 602 5297 infrascriptum
637 5210 898 5277 dubium
935 5210 1268 5292 declarari,
1302 5210 1585 5274 scilicet:
1621 5211 1716 5272 An

61 5302 62 5333 ³
169 5294 430 5362 ttoniates
476 5317 638 5383 quae
687 5298 958 5365 militant
1005 5297 1123 5364 snb
1171 5296 1410 5380 Regula
1473 5298 1536 5362 S.
1586 5298 1717 5361 Au-

61 5398 64 5501 l

1796 382 2071 467 gustini,
2136 381 2255 447 loci
2316 381 2641 450 ordinario
2704 382 3071 468 subiectae,
3137 383 3228 451 uti
3276 406 3379 450 va·

1800 471 1968 535 leant
2013 470 2330 535 Breviario
2378 469 2889 558 Augustiniano‘?

1928 561 2008 622 Et
2041 560 2108 623 S.
2145 561 2221 623 R.
2248 561 2321 625 C.
2370 560 2738 645 respondit:
2789 581 2824 622 ‹
2854 559 3285 645 Affirmative3
3323 571 3389 625 et

1798 645 1988 711 detur
2022 650 2368 713 Decretum
2402 647 2465 712 in
2498 665 2618 712 una
2665 645 2911 713 Ordinis
2962 648 3383 714 Eremitarum

1800 736 1864 800 S.
1915 732 2294 819 Augustini,
2344 736 2462 800 sub
2520 734 2623 800 die
2673 738 2753 800 27
2806 736 3065 801 lanuarii
3117 739 3285 805 1680
3320 758 3382 799 ν.

1801 824 1877 885 Et
1924 821 2006 885 ita
2054 822 2423 887 declar-avit.
2483 823 2596 887 Die
2651 827 2726 889 12
2774 823 3143 889 Decembris
3192 827 3385 890 ¹750.

1927 911 2289 988 Decretum,
2340 911 2417 976 de
2460 928 2586 993 quo
2630 919 2723 977 ost
2768 929 2999 988 servite,
3049 923 3139 977 est
3185 923 3261 976 ut
3307 930 3395 975 se—

1799 999 2072 1082 quitur.-
2218 1075 2227 1080 ι

1928 1088 2090 1151 Cum
2137 1097 2257 1170 pro
2304 1095 2485 1170 parte
2533 1090 2605 1151 R.
2658 1089 2725 1150 P.
2778 1086 3085 1153 Dominici
3135 1088 3388 1154 Valvas·

1800 1173 1935 1238 soni
1987 1172 2444 1255 Mediolanen.,
2494 1173 2822 1239 Generalis
2889 1174 3081 1240 totius
3139 1175 3392 1242 Ordinis

1799 1261 2228 1326 Eremitarum
2291 1262 2357 1326 S.
2418 1259 2780 1347 Augustini,
2829 1262 3253 1352 supplicatum
3313 1261 3393 1326 sit

1796 1367 1914 1433 pro
1963 1348 2432 1415 declaratione:
2484 1350 2576 1413 An
2617 1349 2952 1432 Moniales,
3002 1369 3164 1435 quae
3220 1349 3389 1414 mili-

1805 1449 1937 1502 tant
1975 1436 2094 1502 sub
2126 1436 2368 1521 Regula
2402 1438 2466 1501 S.
2502 1436 2865 1522 Augustini,
2905 1449 2969 1502 et
3001 1438 3153 1504 licet
3184 1437 3390 1503 subie-

1803 1536 1940 1592 ctae
1986 1524 2331 1592 Ordinariis
2382 1523 2698 1605 locorum,
2735 1525 2959 1590 vivunt
3004 1525 3122 1591 sub
3170 1541 3390 1590 eorum

1803 1613 2269 1699 Religiosorum
2305 1631 2479 1684 cura,
2519 1612 2761 1699 possint
2792 1611 2885 1677 uti
2915 1613 3239 1678 Breviario
3271 1615 3394 1676 Au-

1804 1702 2163 1789 gustiniano
2234 1701 2430 1786 (quod
2498 1700 2706 1765 solum
2771 1699 2986 1766 differt
3033 1721 3063 1764 a
3112 1704 3391 1766 Romano

1808 1810 1885 1856 ex
1934 1809 2011 1854 eo
2067 1788 2215 1873 quia
2273 1785 2355 1851 ibi
2419 1799 2567 1853 sunt
2630 1787 2914 1874 apposita
2976 1801 3041 1852 et
3101 1789 3391 1853 adiuncta

1803 1877 2110 1944 nonnulla
2164 1875 2282 1940 alia
2327 1873 2534 1940 Officia
2584 1878 2695 1941 SS.
2747 1873 3392 1956 eiusdem'Ordinis),

1802 1964 1965 2031 sicut
2014 1965 2244 2031 eodem
2293 1961 2611 2028 Breviario
2659 1973 2931 2029 utuntur
2968 1964 3133 2028 aliae
3166 1962 3394 2028 Munia-

1813 2055 1905 2119 les
1966 2070 2129 2137 quae
2188 2065 2336 2116 sunt
2380 2049 2499 2115 sub
2544 2050 2859 2135 gubernio
2930 2051 3410 2138 Religiosorum‘

1768 2135 2467 2225 -Augustinianorum2
2512 2141 2588 2203 Et
2636 2140 2701 2204 S.
2749 2141 2819 2204 R.
2867 2141 2977 2221 C.,·
3021 2137 3392 2226 respondit:

1810 2250 1847 2291 ι
1873 2227 2273 2295 ‘Affirmative
2307 2248 2369 2291 ν.

1812 2369 2054 2440 2412.
2413 2370 2793 2435 casinen,
3161 2371 3390 2456 (ωε)

1938 2495 2099 2558 Cum
2147 2492 2223 2555 ab
2268 2491 2531 2575 antiquo
2581 2503 2645 2558 et
2692 2492 3177 2559 immemorabili
3232 2505 3394 2559 tem·

1808 2598 1967 2668 pore
2015 2579 2309 2646 canonici
2358 2580 2681 2645 Ecclesiae
2729 2580 3122 2647 Gathedralis
3169 2580 3396 2647 diebus

1808 2667 2147 2734 Dominicis
2194 2666 2459 2750 aliisque
2520 2666 2718 2733 Festis
2781 2668 2936 2734 infra
2999 2685 3234 2756 'annum
3292 2689 3399 2732 oc-

1809 2754 2241 2836 currentibus,
2276 2755 2530 2837 quando
2574 2776 2605 2819 a
2654 2755 2910 2820 musicis
2943 2759 3263 2840 vesperae
3295 2757 3401 2821 de-

1809 2853 2167 2924 cantantur,
2194 2842 3064 2930 consueverint-eo·tempore
3093 2843 3156 2908 in
3187 2843 3398 2908 Cboro

1808 2929 1937 2998 bini
1985 2941 2051 2996 et
2097 2929 2222 2996 bini
2274 2932 2585 3015 vesperas
2630 2940 2696 2995 et
2743 2931 3248 3016 completorium
3298 2950 3399 2996 re·

1815 3018 2052 3101 citare;
2103 3036 2270 3083 nunc
2320 3029 2616 3083 exortum
2671 3028 2764 3083 est
2797 3018 3105 3085 dubium:
3157 3020 3252 3085 An
3287 3038 3405 3104 per

1811 3124 1959 3173 eum
2006 3106 2270 3171 modum
2322 3105 2626 3171 recitandi
2674 3106 3174 3191 completorium
3224 3106 3401 3170 satis-

1812 3194 2038 3260 faciant
2084 3194 2376 3261 Ganonici
2427 3193 2674 3257 muneri
2722 3189 2885 3258 suo?
2910 3194 3112 3269 Quare
3146 3211 3262 3280 pro
3294 3193 3401 3259 de-

1812 3281 2154 3348 claratione
2221 3280 2573 3367 Episcopus
2636 3280 2916 3347 Casalen.
2977 3290 3043 3344 et
3102 3280 3397 3346 canonici

1814 3370 2127 3456 praedicti
2175 3369 2251 3433 ad
2298 3370 2365 3434 S.
2396 3371 2469 3434 R.
2505 3371 2575 3434 C.
2629 3385 2960 3434 recursum
3010 3365 3398 3433 babuerunt.

1950 3463 2026 3522 Et
2070 3459 2138 3523 S.
2176 3457 2402 3523 eadem
2435 3459 2506 3520 R.
2545 3457 2648 3539 C.,
2699 3455 2771 3520 iis
2815 3454 3106 3521 omnibus
3148 3463 3403 3520 mature

1813 3542 2148 3631 perpensis
2192 3562 2353 3629 quae
2404 3544 2465 3608 in
2514 3544 2670 3609 banc
2715 3562 2853 3609 rem
2906 3543 3179 3609 deducta
3224 3554 3399 3626 sunt,

1813 3634 1889 3699 ad
1943 3632 2320 3697 relationem
2368 3632 2504 3696 Emi
2555 3642 2620 3696 et
2665 3633 2800 3698 Rffii
2852 3635 2922 3697 D.
2974 3630 3167 3697 Card.
3224 3634 3402 3696 Tam-

1816 3719 2022 3786 burini
2057 3717 2379 3801 Ponentis,
2416 3719 2776 3805 rescripsit:
2826 3740 2863 3782 α
2896 3717 3240 3784 canonicos
3274 3737 3401 3785 non

1811 3807 2173 3873 satisfacere
2204 3805 2571 3892 obligationi
2605 3807 2821 3889 Chori,
2849 3806 3177 3872 recitando
3210 3807 3401 3872 modo

1816 3892 2147 3983 praedicto
2206 3894 2753 3981 completorium,
2829 3906 3121 3979 tempore
3189 3912 3316 3978 quo
3371 3915 3401 3958 a

1815 3984 2426 4139 rlnusfftsssvesperae
2457 3982 2871 4048 decantantur
2899 4003 2959 4046 ».
3005 3982 3115 4046 Die
3150 3985 3187 4047 3
3219 3982 3403 4067 Apri-

1849 4091 1901 4135 1s
2131 4121 2144 4135 .

1827 4246 2072 4313 2413.
2473 4245 2754 4311 BAREN.

2160 4334 2431 4418 mnium
2477 4351 3075 4417 Panocmatmu.

3175 4244 3397 4330 (4216)

1950 4507 2207 4572 Exortis
2254 4506 2702 4573 controversiis
2748 4524 2944 4592 super
2990 4503 3233 4570 iuribus
3297 4526 3404 4593 pa·

1822 4594 2205 4661 rocbialibus
2254 4595 2419 4660 inter
2465 4593 2743 4659 Felicem
2786 4594 2869 4658 de
2904 4590 3153 4657 Iulianis
3184 4595 3404 4660 Archi-

1823 4684 2276 4769 presbyterum
2318 4683 2549 4771 Oppidi
2612 4678 2737 4746 Pali
2798 4678 3113 4746 Dioecesis
3175 4684 3399 4746 Baren.

1825 4790 1902 4834 ex
1967 4790 2127 4852 una,
2190 4780 2255 4835 et
2311 4774 2523 4835 Patres
2575 4768 2826 4834 Ordinis
2890 4766 3399 4835 Praedicatorum

1824 4858 2107 4943 partibus
2153 4876 2235 4922 ex
2281 4857 2511 4937 altera,
2561 4856 2813 4940 illisque
2858 4855 2936 4920 ad
2985 4856 3256 4921 S.R.C.
3291 4857 3404 4923 de-

1802 4945 2002 5019 ·latis;
2055 4948 2244 5010 Emus
2307 4955 2371 5009 et
2429 4947 2622 5009 Rmus
2677 4946 2749 5009 D.
2799 4942 3148 5008 Cardinalis
3193 4945 3406 5010 Caval-

1826 5033 2048 5099 chinus
2091 5036 2332 5098 Ponens
2380 5030 2774 5117 infrascripta
2820 5030 3035 5113 dubia,
3072 5050 3104 5095 a
3150 5048 3217 5093 se
3260 5050 3406 5097 con·

1826 5120 2103 5203 cordata,
2154 5119 2508 5187 decidenda
2557 5117 2911 5203 proposuit,
2959 5136 3235 5204 nempe=

1963 5211 2022 5272 1.
2075 5209 2171 5272 An
2219 5207 2405 5273 liceat
2448 5204 2729 5271 Patribus
2775 5206 3027 5272 Ordinis
3086 5207 3407 5272 Praedica-

1830 5304 2040 5360 torum
2087 5297 2317 5361 Terrae
2361 5295 2485 5360 Pali
2533 5293 2792 5359 deferre
2842 5293 3075 5360 Stolam
3138 5295 3198 5358 in
3264 5298 3407 5359 Pro-

1751 5712 2182 5827 „2955st
