4042 5950
1990 254 2253 331 ...244
2305 291 2417 314 ...

578 424 643 479 et
697 433 857 479 voce
924 413 1297 479 informante
1364 413 1596 495 audita,
1659 410 2142 478 rescribendum

576 501 863 567 censuit:

703 587 798 653 Ad
853 594 910 654 1.
960 610 997 652 ‹
1032 588 1360 674 Negative,
1409 588 1486 655 ad
1535 586 1801 676 primam
1850 596 2137 674 partem;

573 676 987 759 Affirmative,
1035 675 1110 741 ad
1158 676 1501 743 secundam
1535 698 1595 740 ».

704 761 798 829 Ad
845 767 909 828 2.
959 784 997 827 ι
1031 766 1335 829 Servetur
1381 767 1720 830 Decretum
1752 785 1783 828 a
1818 765 1900 830 cl.
1940 780 2138 829 mem.

574 850 760 917 Card.
809 849 1010 917 Casini
1061 850 1305 917 editum
1349 870 1509 916 anno
1562 855 1729 917 1714
1762 873 1823 917 ›.

703 938 1075 1005 Huiusmodi
1140 957 1294 1003 vero
1355 937 1729 1005 resolutioni
1778 935 2143 1026 Capitulum

573 1026 964 1092 Cathedralis
1009 1025 1269 1091 minime
1324 1024 1680 1111 acquievit,
1745 1037 1809 1092 et
1860 1023 2145 1112 quamvis

572 1113 769 1200 petita
814 1132 973 1179 nova
1021 1112 1338 1180 audientia
1392 1131 1595 1199 eaque
1642 1115 1942 1195 obtenta,
1991 1121 2145 1177 atta-

574 1219 722 1266 men
789 1200 853 1265 in
911 1200 1420 1289 repropositione
1488 1221 1710 1267 causae
1780 1219 2147 1288 comparere

574 1286 837 1355 minime
878 1287 1118 1372 voluit,
1166 1290 1283 1355 sed
1327 1288 1405 1355 ad
1454 1288 1807 1355 instantiam
1873 1286 2149 1374 Capituli

575 1376 958 1461 collegiatae
1002 1375 1238 1442 iterum
1309 1396 1488 1441 cansa
1546 1396 1742 1465 super
1806 1373 2148 1464 praedictis

573 1463 779 1530 dubiis
823 1464 1150 1551 proposita
1196 1463 1340 1529 fuit.
1934 1462 1947 1477 “

704 1556 782 1619 Et
830 1554 892 1617 S.
947 1551 1171 1617 eadem
1216 1555 1291 1617 R.
1328 1554 1402 1619 C.
1448 1552 1525 1621 ad
1579 1552 1959 1619 relationem
2005 1549 2145 1617 Emi

577 1647 638 1701 et
684 1638 822 1705 Rmi
871 1642 946 1703 Ι).
993 1638 1179 1705 Card.
1229 1638 1519 1725 Belluga,
1568 1658 1685 1727 pro
1716 1644 1874 1706 Emo
1904 1638 2143 1705 Zonda-

572 1724 750 1792 dario
801 1727 1084 1809 absente,
1139 1725 1439 1813 inspectis
1478 1728 1927 1813 praerogativis
1975 1742 2145 1792 com-

444 1820 461 1835 ⁶
572 1813 939 1899 petentibus
992 1812 1283 1900 Capitulo
1339 1815 1661 1883 Ecclesiae
1730 1815 2146 1902 collegiatae,

572 1919 733 1984 quae
781 1920 863 1967 ex
908 1901 1247 1989 privilegio
1294 1902 1465 1969 Pauli
1510 1906 1584 1970 111
1631 1903 1695 1969 in
1727 1903 1948 1970 multis
1993 1920 2144 1989 gau·

572 1989 685 2054 det
727 1987 1081 2076 privilegiis
1146 1990 1690 2059 Catbedralitatis:
1748 2014 1786 2057 ‹
1824 1991 2013 2060 Stetit
2078 1988 2143 2055 in

572 2075 837 2160 decisiS,
906 2078 1111 2162 quoad
1180 2089 1565 2163 utrumque;
1637 2090 1703 2145 et
1769 2078 2041 2167 amplius
2076 2099 2139 2142 ».

574 2163 687 2229 Die
737 2168 814 2231 10
861 2163 1093 2253 Aprilis
1144 2168 1337 2233 1728.

573 2302 831 2372 2286.
1106 2307 1618 2372 PLACENTINA.

1912 2308 2139 2397 (asso)

702 2430 870 2492 lnter
915 2428 1274 2514 Capitulum
1321 2440 1387 2495 et
1432 2429 1776 2497 Canonicos
1821 2430 2141 2497 Ecclesiae

570 2514 959 2581 Cathedralis
1011 2518 1076 2583 S.
1128 2517 1398 2584 Iustinae
1458 2517 1738 2585 Civitatis
1792 2517 2141 2584 Placentiae

572 2620 653 2667 ex
699 2621 846 2679 una,
895 2613 1084 2687 atque
1128 2605 1488 2689 Capitulum
1536 2615 1600 2671 et
1645 2607 1987 2672 Canonicos
2027 2609 2144 2672 Ec-

574 2688 801 2755 clesiae
848 2690 1233 2776 collegiatae
1279 2695 1347 2758 S.
1382 2692 1679 2760 Antonini
1711 2693 2000 2761 eiusdem
2044 2693 2144 2760 Ci-

574 2775 781 2842 vitatis
811 2777 1092 2862 partibus
1125 2799 1203 2844 ex
1235 2781 1456 2863 altera,
1489 2779 1643 2846 ortis
1693 2780 2145 2848 controversiis

573 2862 827 2947 illisque
872 2865 948 2931 ad
999 2868 1064 2933 S.
1100 2869 1173 2932 R.
1210 2869 1283 2933 C.
1332 2867 1586 2952 delatis,
1622 2873 1815 2935 Emus
1856 2877 1921 2935 et
1945 2872 2141 2934 Rmus

573 2954 647 3049 ,⁰⁸
707 2953 895 3020 Card.
968 2954 1263 3022 Salernus
1331 2956 1802 3042 infrascriptum
1876 2955 2143 3023 dubium

572 3048 750 3140 inter·
785 3053 997 3128 partes
1027 3044 1480 3111 concordatum
1515 3044 1964 3112 declarandum
1994 3063 2141 3130 pro-

572 3140 820 3212 posuit:

700 3226 797 3285 An
829 3217 1121 3305 Magister
1153 3219 1708 3286 caeremoniarum
1727 3218 2002 3306 Capituli
2025 3222 2141 3285 Ec-

574 3302 801 3372 clesiae
848 3309 915 3373 S.
950 3306 1248 3374 Antonini
1291 3306 1644 3374 Placentiae
1689 3308 1994 3374 associare
2039 3327 2141 3372 va-

574 3393 701 3458 leat
756 3392 1000 3462 dictum
1058 3395 1426 3481 Capitulum
1483 3412 1631 3462 cum
1677 3394 1894 3462 habitu
1949 3394 2142 3460 viola·

576 3497 688 3546 ceo
735 3491 798 3546 et
844 3500 991 3548 cnm
1038 3482 1392 3567 gestatione
1438 3481 1683 3548 ferulae
1728 3482 1793 3547 in
1838 3482 1966 3548 illis
1993 3486 2142 3548 Pro·

576 3567 961 3634 cessionibus
1004 3568 1277 3655 publicis
1320 3568 1683 3654 ceterisque
1714 3568 2146 3636 functionibus

575 3654 1003 3743 generalibus,
1040 3656 1103 3723 in
1135 3655 1366 3741 quibus
1398 3657 1745 3723 intervenit
1783 3657 2147 3743 Capitulum

573 3743 894 3809 Ecclesiae
936 3742 1375 3811 cathedralis?
1419 3743 1515 3832 (1)

703 3834 782 3896 Et
826 3832 895 3897 S.
927 3835 1003 3899 R.
1031 3833 1132 3915 C.,
1180 3831 1327 3898 visis
1371 3831 1613 3898 iuribus
1661 3832 1988 3900 hincinde
2036 3832 2146 3899 de-

574 3918 780 3984 ductis
829 3928 895 3983 et
940 3930 1065 3984 tam
1123 3920 1373 4006 scriptis
1428 3938 1616 4005 quam
1669 3938 1827 3988 voce
1856 3921 2141 4005 'utraque

572 4015 752 4092 parte
797 4005 1178 4074 informante
1215 4008 1450 4093 audita,
1485 4008 1967 4076 rescribendum
1997 4027 2147 4074 cen-

573 4092 742 4160 suit:
792 4116 829 4158 ‹
861 4094 1206 4180 Negative;
1261 4107 1325 4161 et
1368 4095 1640 4182 amplius
1672 4117 1735 4162 ».
1788 4101 1867 4162 Et
1914 4096 1997 4163 ita
2031 4096 2143 4162 de·

574 4181 777 4248 crevit
804 4201 873 4247 ac
904 4183 1139 4250 servari
1172 4183 1517 4250 mandavit.
1552 4183 1666 4249 Die
1698 4188 1737 4252 3
1769 4184 1909 4251 lulii
1947 4187 2141 4250 1728.

574 4323 824 4393 2287.
1178 4317 1553 4389 PAn‘tsOEN.

943 4411 1769 4478 PRAEEMINENTIARUM.
1820 4480 1824 4483 ⁴

700 4536 861 4601 Cum
906 4532 972 4601 in
1016 4531 1296 4599 Ecclesia
1344 4531 1672 4616 Collegiali
1708 4544 1772 4598 et
1804 4531 2144 4618 parochiali

576 4624 639 4688 S.
690 4621 933 4689 Ioannis
977 4621 1043 4687 in
1089 4624 1392 4688 Laterano
1438 4618 1717 4686 Civitatis
1763 4618 2143 4703 Parisiensis,

575 4708 750 4776 cuius
795 4709 1146 4776 animarum
1193 4728 1340 4775 cura
1386 4708 1559 4795 prius
1605 4728 1637 4772 a
1676 4707 1878 4774 tribus
1924 4706 2150 4774 Priori-

575 4793 691 4861 bus
738 4799 981 4863 Curatis
1024 4801 1253 4864 Ioanne
1299 4796 1569 4883 Baptista
1601 4798 1905 4880 Moysant,
1940 4798 2148 4863 Hono-

574 4891 708 4946 rato
752 4884 986 4950 Marion
1032 4895 1097 4949 et
1143 4885 1467 4951 Francisco
1503 4886 1789 4968 Languet
1817 4882 2148 4970 Religiosis

573 4968 820 5036 Ordinis
846 4972 1362 5057 lerosolymitani,
1384 4972 1744 5039 alternatim
1769 4983 1833 5039 et
1859 4991 1974 5060 per
2000 4970 2148 5039 beb-

573 5056 871 5123 domadas
926 5060 1384 5141 exercebatur,
1432 5057 1758 5126 occasione
1818 5059 2151 5127 renuncia·

574 5144 763 5210 tionis
808 5164 927 5230 per
979 5145 1188 5232 ipsum
1246 5149 1529 5214 Fratrem
1592 5151 1883 5216 loannem
1941 5149 2147 5236 Bapti-

1920 4322 2141 4410 (assa)

714 5339 792 5411 (t)
828 5342 890 5398 n.
928 5343 1069 5401 nub.
1104 5342 1154 5409 2,
1192 5344 1226 5400 a
1260 5353 1317 5401 et
1351 5344 1401 5401 4.

2236 420 2394 476 stam
2443 415 2719 498 noysant
2763 413 3040 499 primum
3091 424 3156 478 et
3189 408 3615 497 antiquiorem
3649 413 3810 479 Prio-

2242 518 2379 565 rem
2424 502 2727 565 Curatum
2796 500 2993 566 factae
3063 501 3284 587 vigore
3348 501 3740 568 Concordiae
3783 522 3813 566 a

2243 587 2495 652 Baition
2530 590 2773 654 floreae
2805 588 3114 676 praedicti
3156 586 3432 670 Ordinis,
3477 590 3598 654 sub
3641 587 3814 654 cuins

2243 672 2679 741 iurisdictione
2744 676 2908 742 dicta
2954 674 3236 741 Ecclesia
3295 674 3538 757 existit,
3591 694 3817 763 appro-

2242 760 2420 827 batae
2465 781 2658 848 super
2705 762 3027 831 nonnullis
3074 761 3633 849 praeeminentiis,
3684 763 3815 848 qui-

2243 848 2359 915 bus
2404 849 2612 915 dictus
2661 855 2940 938 Moysant
2971 861 3287 935 tamquam
3322 849 3566 936 primus
3601 860 3670 916 et
3714 871 3816 917 an·

2244 935 2476 1020 tiquior
2523 938 2588 1002 in
2632 940 3008 1026 receptione
3054 938 3116 1004 in
3165 937 3271 1003 illa
3315 937 3602 1005 Ecclesia
3649 939 3819 1003 frue-
3911 985 3916 988 -

2241 1022 2452 1107 batur,
2500 1024 2670 1091 inter
2714 1031 2999 1092 Fratrem
3043 1030 3427 1091 Honoratum
3471 1028 3713 1092 Marion
3757 1035 3820 1092 et

2239 1114 2524 1178 Fratrem
2569 1113 2974 1182 Franciscum
3019 1118 3306 1199 Languet
3334 1112 3580 1179 ratione
3630 1113 3818 1179 antia*

2242 1198 2455 1266 nitatis
2497 1201 2742 1267 multae
2787 1212 3046 1268 exortae
3075 1201 3318 1267 fuerint
3352 1201 3822 1266 controversiae

2245 1295 2310 1350 et
2340 1287 2416 1353 ad
2445 1290 2511 1354 S.
2532 1293 2608 1355 Β.
2628 1292 2699 1355 C.
2731 1299 2950 1376 postea
2982 1289 3269 1365 delatae;
3302 1292 3497 1354 Emus
3529 1299 3598 1353 et
3627 1293 3822 1356 Rmus

2243 1379 2315 1439 D.
2374 1376 2562 1443 Card.
2628 1378 2712 1444 de
2762 1377 3054 1462 Pelignac
3121 1380 3361 1442 Ponens
3428 1374 3825 1462 infrascripta

2244 1461 2437 1553 dubia
2502 1465 2671 1530 inter
2725 1475 2937 1551 partes
3006 1464 3377 1532 concordata
3442 1462 3822 1529 declaranda

2244 1551 2624 1638 proposuit:

2383 1643 2443 1703 1.
2501 1642 2592 1705 An
2664 1640 2936 1725 quilibet
2997 1660 3078 1706 ex
3136 1639 3379 1706 Curatis
3445 1637 3823 1725 parochialis

2245 1727 2567 1793 Ecclesiae
2627 1731 2697 1794 S.
2759 1728 3001 1795 Ioannis
3045 1728 3110 1794 in
3169 1732 3474 1793 Laterano
3538 1725 3823 1794 Civitatis

2245 1814 2541 1880 Parisien.
2592 1817 2963 1883 alternative
2996 1826 3062 1882 et
3091 1835 3209 1902 per
3237 1814 3669 1881 hebdomadas
3718 1833 3823 1880 cu-

2242 1920 2348 1966 rae
2394 1903 2746 1970 animarum
2795 1902 3307 1971 incumbentibus
3339 1902 3465 1968 frui
3492 1901 3732 1968 debeat
3763 1900 3824 1965 in

2240 2009 2351 2055 sua
2397 1989 2796 2059 hebdomada
2844 1992 3135 2060 omnibus
3166 1990 3535 2074 honoribus,
3570 2007 3823 2077 praero-

2242 2078 2469 2163 gativis
2516 2090 2581 2144 et
2641 2079 3157 2166 praeeminentiis
3214 2079 3533 2145 attributis
3596 2087 3666 2144 et
3718 2074 3823 2141 ad·

2242 2166 2426 2232 nexis
2471 2167 2663 2234 titulo
2710 2166 2978 2236 Cureti?

2374 2258 2440 2320 2.
2493 2258 2588 2322 An
2620 2256 2718 2322 ius
2751 2254 3104 2343 occupandi
3151 2254 3433 2343 primum
3465 2253 3728 2319 stallum
3761 2251 3823 2315 in

2242 2342 2450 2409 Choro
2505 2345 2830 2411 Ecclesiae
2896 2343 3269 2431 parochialis
3328 2344 3392 2409 S.
3455 2340 3704 2407 loannis
3760 2338 3823 2404 in

2243 2433 2550 2497 Laterano
2623 2431 2907 2499 Civitatis
2980 2430 3310 2497 Parisiens.
3335 2476 3353 2512 ‚
3424 2427 3822 2514 recipiendi,

2241 2528 2389 2584 ante
2436 2517 2614 2603 alios,
2650 2520 2899 2586 nobiles
2945 2523 3251 2585 Matronas
3283 2518 3725 2602 eleemosynas
3747 2515 3822 2579 ad

2241 2606 2379 2705 pios
2427 2625 2578 2672 usus
2621 2609 2686 2674 in
2733 2607 2961 2674 eadem
2990 2606 3272 2672 Ecclesia
3319 2604 3698 2690 colligentes
3759 2610 3823 2666 et

2242 2693 2582 2760 incedendi
2645 2695 2876 2761 ultimo
2920 2695 3064 2760 loco
3107 2693 3362 2778 quando
3406 2691 3537 2759 itur
3582 2692 3661 2757 ad
3709 2699 3821 2757 sta-

2241 2780 2486 2846 tionem
2516 2781 2739 2849 subtus
2784 2783 3077 2849 eamdem
3123 2780 3514 2863 Ecclesiam,
3559 2796 3821 2866 compe·

2238 2878 2323 2934 tat
2349 2868 2660 2956 privative
2678 2875 2914 2938 Curato
2936 2868 3436 2936 hebdomadario
3471 2867 3817 2947 Ecclesiae,

2243 2958 2346 3024 vel
2395 2956 2607 3047 potius
2653 2961 2884 3026 Curato
2952 2957 3151 3045 magis
3215 2956 3464 3024 antiano
3509 2955 3576 3022 in
3645 2973 3820 3021 rece·

2243 3046 2465 3200 ptione
2512 3057 2576 3111 et
2624 3046 3184 3129 conventualitate,
3234 3043 3519 3130 quamvis
3571 3062 3702 3110 non
3745 3041 3824 3107 sit

2291 3133 2777 3202 ebdomadarius
2797 3133 2832 3199 ⁴?

2374 3226 2438 3288 3.
2489 3224 2584 3288 An
2646 3233 2925 3307 uterque
2971 3222 3238 3287 Curatus
3282 3229 3577 3285 teneatur
3621 3218 3822 3285 inter-

2242 3328 2381 3376 esse
2413 3310 2643 3377 Officiis
2673 3308 2931 3392 diviniS,
2969 3319 3092 3374 tam
3140 3307 3203 3373 in
3250 3326 3359 3374 sna
3404 3325 3593 3391 quam
3641 3315 3818 3372 extra

2241 3416 2417 3463 suam
2464 3395 2986 3464 hebdomadam?

2373 3488 2437 3550 4.
2489 3488 2584 3550 An
2639 3484 2827 3552 liceat
2886 3483 3069 3550 dictis
3135 3481 3381 3550 Curatis
3449 3481 3512 3547 in
3578 3480 3820 3546 actibus

2241 3572 2774 3639 concernentibus
2842 3575 3073 3639 Curam
3120 3570 3315 3635 alium
3358 3568 3477 3635 sibi
3523 3583 3819 3655 arrogare

2245 3659 2502 3727 titulum
2549 3678 2739 3746 quam
2786 3660 3015 3725 Prioris
3063 3655 3322 3725 Curati‘?

2378 3752 2456 3813 Et
2502 3751 2567 3814 S.
2602 3752 2676 3814 R.
2713 3750 2815 3832 C.,
2857 3745 3148 3832 ⁴partibus
3195 3755 3322 3811 tam
3351 3740 3599 3831 scriptis
3631 3757 3817 3839 quam

2243 3854 2402 3902 voce
2472 3833 2958 3901 informantibus
3025 3832 3254 3901 auditis
3321 3830 3597 3915 visisque
3669 3831 3815 3895 iuri-

2245 3922 2362 3989 bus
2407 3922 2555 3989 hinc
2600 3922 2750 3989 inde
2796 3921 3118 4003 deductiS,
3151 3918 3636 3987 rescribendum
3666 3935 3814 3984 cen-

2246 4009 2413 4077 suit:

2373 4098 2470 4164 Ad
2523 4102 2581 4164 1.
2632 4118 2670 4161 ‹
2704 4096 3099 4163 Affirmative
3132 4117 3196 4161 ».

2373 4184 2467 4251 Ad
2517 4190 2581 4251 2.
2634 4207 2671 4249 ‹
2704 4188 3089 4273 competere
3120 4187 3435 4249 Honorato
3468 4180 3727 4263 Marion,
3755 4177 3817 4243 in

2247 4293 2390 4339 casu
2437 4274 2520 4340 de
2564 4292 2690 4359 quo
2737 4293 2771 4337 a
2820 4273 2950 4338 itur
2981 4293 3049 4338 ».

2374 4362 2468 4428 Ad
2517 4365 2581 4427 3.
2634 4382 2671 4424 ‹
2706 4362 2756 4425 A
2828 4359 3100 4425 rmative
3137 4380 3198 4425 ».

2350 4449 2471 4515 ’Ad
2519 4453 2581 4515 4.
2634 4470 2671 4512 ‹
2705 4447 3057 4533 Negative3
3110 4457 3175 4512 et
3217 4445 3487 4533 amplius
3519 4444 3583 4511 in
3614 4441 3815 4510 omni·

2249 4537 2363 4603 bus
2399 4559 2461 4601 ».

2379 4628 2453 4690 Et
2497 4625 2580 4689 ita
2613 4622 2901 4691 decrevit
2934 4643 3002 4688 ac
3027 4623 3265 4688 servari
3312 4618 3654 4688 mandavit.
3704 4617 3812 4686 Die

2253 4715 2327 4778 11
2377 4712 2740 4779 Decembris
2791 4714 2982 4777 1728.

2249 4852 2505 4923 2288.
2855 4851 3226 4916 FIRMANA.

2375 4973 2595 5041 Habito
2642 4994 2716 5041 ex
2757 4983 2937 5061 parte
2970 4969 3361 5057 Magistratus
3391 4969 3621 5058 Oppidi
3652 4973 3811 5037 Mur·

2252 5061 2471 5130 rovalli
2516 5063 2838 5129 Firmanae
2883 5059 3196 5126 Dioecesis
3237 5060 3314 5126 ad
3358 5063 3421 5126 S.
3470 5062 3545 5125 R.
3580 5062 3653 5124 C.
3719 5075 3810 5122 re·

2251 5171 2439 5218 cursu
2484 5151 2783 5219 adversus
2828 5148 3191 5235 Capitulum
3236 5147 3555 5215 Ecclesiae
3608 5145 3809 5214 Colle·

3591 4845 3807 4932 (asse)
