4042 5950
2037 368 2141 383 ...
2196 324 2297 402 66
2353 366 2456 383 ...

611 482 1058 551 Gathedralem
1115 481 1494 549 solemniter
1556 481 1836 568 Missam,
1888 485 2199 570 vesperas

611 581 678 637 et
720 572 993 656 Laudes,
1040 572 1346 638 mercede
1391 567 1642 637 soluta?

543 733 550 740 ,
743 663 810 726 3.
857 662 992 744 An,
1040 660 1409 726 celebrante
1470 658 2003 747 Archiepiscopo,
2053 657 2197 723 assi-

608 759 781 812 stere
829 758 1169 815 teneantur
1218 747 1282 812 in
1313 747 1568 813 Throno
1615 765 1764 813 cum
1810 744 2196 833 pluvialibus

608 835 736 903 duo
786 854 868 901 ex
914 836 1256 903 duodecim
1302 834 1822 901 Hebdomadariis
1865 832 2198 920 Presbyte-

613 922 694 987 ris
741 940 890 990 cum
933 923 1187 990 duobus
1233 922 1656 988 mansionariis
1702 922 2032 1008 Diaconis;
2091 921 2196 987 vel

607 1008 828 1163 potius?
890 1022 1165 1097 quatuor
1212 1029 1292 1076 ex
1353 1022 1495 1076 octo
1566 1009 1994 1078 mansionariis
2064 1008 2198 1075 Dia-

609 1116 783 1165 coms

743 1189 808 1252 4.
841 1189 939 1253 An
967 1185 1475 1254 Hebdomadario
1509 1187 1858 1254 celebranti
1892 1186 2032 1253 sine
2063 1186 2204 1271 plu-

609 1273 756 1340 viali
802 1285 1131 1363 competat
1184 1275 1464 1362 primum
1509 1275 1764 1341 stallum
1821 1274 1988 1341 inter
2035 1274 2200 1339 Heb-

610 1362 1010 1515 domadarieos
1035 1374 1100 1429 et
1120 1362 1443 1429 Lectorile
1475 1363 1745 1445 nudum,
1782 1362 2201 1430 dissentiente

609 1450 901 1535 Capitulo

744 1544 810 1604 ὅ.
861 1542 957 1605 An
1017 1536 1558 1605 Hebdomadarius
1629 1539 1861 1606 faciens
1921 1537 2197 1605 officium

608 1626 973 1712 Presbyteri
1019 1625 1364 1692 assistentis
1409 1627 1491 1691 sit
1541 1625 2000 1694 thurificandus
2049 1637 2196 1692 ante

609 1710 995 1780 Canonicos‘?

745 1805 813 1867 6.
862 1807 1001 1887 An,
1052 1802 1416 1868 celebrante
1486 1801 1984 1889 Archiepiscopo
2016 1851 2032 1884 ,
2108 1811 2200 1867 te·

609 1898 885 1955 neantur
929 1888 1227 1956 Canonici
1257 1889 1515 1955 deferre
1548 1894 1863 1968 Crucem;
1901 1897 1965 1955 et
1994 1890 2061 1955 in
2094 1889 2202 1955 die

609 1975 1004 2062 Epiphaniae
1049 1979 1433 2043 annunciare
1479 1979 1723 2064 populo
1769 1982 1947 2044 Festa
1995 1976 2197 2043 mobi-

612 2064 736 2141 lia;
783 2065 889 2130 vel
937 2065 1149 2152 potius
1195 2075 1544 2149 utrumque
1594 2075 1934 2132 teneantur
1985 2066 2199 2131 facere

609 2152 1119 2237 Hebdomadarii,
1169 2152 1428 2217 arbitrio
1475 2150 2000 2240 Archiepiscopi‘?

744 2243 807 2306 7.
883 2243 979 2308 An
1046 2239 1414 2308 celebrante
1474 2241 1831 2323 Canonico,
1905 2250 2201 2306 teneatur

611 2327 774 2393 alter
833 2347 918 2394 ex
969 2327 1300 2396 canonicis
1351 2328 1626 2393 Psalmos
1685 2328 1972 2395 intonare
2002 2377 2018 2410 ,
2071 2339 2199 2395 tam

611 2414 676 2482 in
722 2416 930 2482 Chore
976 2434 1166 2502 quam
1213 2414 1278 2480 in
1322 2415 1872 2494 processionibus3
1921 2418 2026 2482 vel
2082 2436 2196 2502 po·

619 2503 740 2568 tius
788 2503 1077 2570 intonare
1125 2512 1468 2569 teneantur
1514 2502 2052 2569 Hebdomadarii‘?

744 2594 806 2656 8.
858 2596 980 2674 An,
1032 2591 1095 2656 in
1141 2589 1571 2656 functionibus
1618 2589 1682 2656 in
1729 2589 1959 2676 quibus
2002 2596 2200 2662 Cano·

614 2677 737 2743 nici
787 2697 917 2744 non
963 2686 1234 2743 utuntur
1281 2679 1498 2760 mitra,
1549 2688 1889 2745 teneantur
1924 2678 2043 2765 ipsi
2089 2684 2198 2748 Ca·

613 2765 823 2833 nonici
893 2784 1119 2832 canere
1177 2765 1238 2830 in
1306 2765 1515 2831 Choro
1564 2785 1647 2832 ex
1692 2765 1955 2853 proprio
2008 2768 2196 2834 stallo

613 2873 736 2921 una
797 2871 946 2920 cum
1015 2852 1532 2920 Hebdomadariis
1590 2856 1652 2920 in
1708 2863 1899 2921 cantu
1960 2857 2197 2941 Grego-

612 2942 815 3022 riano;
851 2942 952 3009 vel
983 2940 1196 3030 potius
1230 2959 1389 3008 onus
1421 2942 1689 3010 canendi
1720 2951 1970 3032 spectet
2002 2944 2192 3009 etiam

614 3041 766 3096 tunc
830 3029 909 3183 ‘3ss
977 3030 1148 3096 solos
1217 3028 1754 3097 Hebdomadarios
1814 3041 1879 3096 et
1937 3033 2198 3097 Mansio·

610 3136 818 3185 nanos

741 3210 808 3273 9.
858 3210 977 3291 An,
1033 3208 1330 3273 translato
1375 3205 1454 3272 ad
1518 3205 1690 3272 diem
1746 3228 1873 3275 non
1922 3207 2192 3294 impedi-

611 3305 734 3361 tam
785 3297 969 3361 Festo
1019 3294 1081 3360 iu
1129 3313 1258 3380 quo
1307 3294 1634 3360 celebrare
1704 3295 2053 3365 canonicus
2102 3306 2194 3361 te·

611 3394 868 3467 neatur,
918 3382 1125 3448 adhuc
1173 3380 1522 3449 canonicus
1579 3382 1905 3448 celebrare
1962 3381 2195 3450 debeat

614 3469 676 3534 in
722 3470 830 3537 die
879 3469 1340 3548 translationis;
1407 3469 1510 3533 vel
1557 3469 1770 3554 potius
1816 3490 1976 3537 onus
2021 3471 2193 3536 cele·

612 3555 833 3622 brandi
906 3555 970 3619 in
1037 3555 1573 3623 Hebdomadarios
1640 3558 1839 3644 possit
1905 3557 2188 3639 refundi,

616 3641 923 3708 mercede
968 3640 1222 3707 soluta?

740 3732 821 3794 Et
882 3733 952 3796 S.
999 3732 1076 3795 R.
1124 3732 1195 3796 C.
1230 3779 1247 3813 ,
1303 3731 1453 3795 visis
1525 3730 1766 3797 iuribus
1825 3731 1972 3797 binc
2042 3732 2191 3798 inde

609 3816 940 3901 deductis,
997 3826 1062 3880 et
1117 3827 1244 3883 tam
1288 3835 1448 3882 voce
1502 3834 1692 3901 quam
1744 3819 1995 3903 scriptis
2048 3837 2191 3904 par-

611 3902 778 3970 tibus
831 3902 1314 3970 informantibus
1371 3902 1637 3986 auditis,
1704 3903 2188 3972 rescribendum

611 3993 894 4058 censuit:

742 4079 839 4146 Ad
906 4083 965 4145 1.
1030 4098 1068 4141 «
1099 4082 1405 4145 Servetur
1459 4083 1802 4145 Decretum
1859 4079 2190 4167 Arcbiepi-

607 4187 784 4255 scop1
815 4188 882 4231 ».

739 4255 836 4321 Ad
882 4257 951 4320 2.
999 4275 1037 4318 α
1070 4252 1501 4336 Affirmative,
1551 4253 1883 4321 canonicis
1948 4254 2189 4340 capitu-

609 4342 831 4409 lariter
872 4339 1321 4425 accedentibus
1354 4362 1414 4405 ».
2126 4384 2135 4395 .

742 4429 839 4495 Ad
886 4432 949 4496 3.
998 4450 1037 4491 ς
1072 4426 1609 4495 Hebdomadarios
1638 4445 1766 4494 non
1797 4428 2004 4494 teneri
2031 4450 2097 4493 a».

737 4516 833 4583 Ad
885 4521 952 4583 4.
1001 4539 1039 4582 α
1072 4515 1461 4581 Affirmative
1495 4537 1556 4580 s».

742 4606 837 4673 Ad
885 4610 947 4672 tt.
1000 4626 1038 4666 ι
1069 4603 1376 4688 Negative
1408 4623 1471 4668 ».

737 4691 831 4757 Ad
880 4697 946 4759 6.
996 4712 1034 4755 α
1068 4690 1485 4771 Affirmative,
1512 4688 1717 4774 quoad
1744 4693 2010 4774 primam
2041 4710 2184 4777 par·

2430 447 2526 547 Ad
2573 482 2642 548 9.
2690 502 2731 548 ς
2761 479 3105 547 canonicos
3150 497 3277 544 non
3322 475 3555 559 teneri,
3592 473 3712 541 nisi
3748 473 3888 539 dies

2303 569 2779 636 translationum
2827 567 3175 635 habeantur
3211 586 3327 653 pro
3364 563 3632 631 Festivis
3663 563 3731 628 in
3764 565 3888 627 Me·

2302 658 2677 744 tropolitana
2711 679 2774 723 ιν.

2432 748 2511 811 Et
2559 745 2639 809 ita
2670 744 2961 811 decrevit
2995 753 3058 808 et
3089 740 3328 810 servari
3374 739 3725 807 mandavit.
3778 738 3893 803 Die
4014 727 4016 736 ’

2302 836 2341 899 3
2389 833 2655 920 Augusti
2712 836 2898 899 1737.

2302 974 2562 1043 2329.
2964 973 3246 1039 AESINA

2755 1062 3427 1128 PRAECEDENTIAE.

3662 968 3889 1054 (4060)

2431 1186 2591 1250 Cum
2638 1184 2894 1250 nomine
2963 1180 3317 1249 Nobilitatis
3386 1179 3658 1247 Aesinae
3722 1176 3895 1264 apud
4014 1203 4016 1208 ·

2303 1274 2369 1338 S.
2409 1275 2485 1338 R.
2536 1275 2610 1339 C.
2658 1272 3023 1358 expositum
3080 1270 3273 1336 luerit
3334 1267 3678 1335 nonnullas
3728 1277 3899 1330 ortas
4014 1337 4016 1360 ι

2305 1360 2495 1425 luisse
2544 1359 2987 1426 contentiones
3031 1359 3204 1425 inter
3269 1357 3540 1424 famulos
3585 1353 3897 1441 Episcopi
4014 1385 4016 1390 ·

2300 1446 2583 1533 aliosque
2653 1447 2923 1512 famulos
2984 1445 3337 1512 Nobilitatis
3406 1442 3782 1531 praedictae
3838 1442 3897 1505 in
4014 1509 4016 1526 Ι

2299 1533 2705 1600 associatione
2730 1534 3162 1601 Sanctissimae
3187 1530 3622 1600 Eucharistiae
3654 1547 3782 1615 pro
3811 1530 3900 1594 in·

2301 1622 2501 1688 firmis
2547 1631 2613 1688 et
2658 1621 2721 1688 in
2767 1622 2902 1687 aliis
2944 1619 3454 1688 Processionibus
3486 1619 3628 1684 fieri
3662 1616 3897 1697 solitis,
4014 1649 4016 1654 ·

2300 1708 2867 1796 praetendentibus
2897 1709 3023 1776 illis
3070 1710 3453 1795 quandoque
3494 1706 3902 1795 praecedere
4014 1749 4016 1752 -

2304 1796 2494 1862 etiam
2543 1797 3109 1864 confraternitates
3159 1809 3225 1863 et
3268 1795 3676 1882 Religiones3

2432 1889 2502 1952 S.
2549 1888 2628 1951 R.
2677 1886 2789 1968 C.,
2854 1886 3064 1952 audita
3108 1883 3526 1970 praecedenti
3576 1880 3899 1947 relatione
4014 1949 4016 1960 ¹

2304 1972 2628 2060 Episcopi,
2678 1972 2929 2038 censuit
2966 1970 3495 2038 rescribendum:
3546 1990 3584 2033 α
3620 1972 3904 2055 Compe-
4014 1989 4016 1996 ·

2299 2070 2438 2125 tere
2484 2060 2738 2126 famulis
2783 2059 3079 2159 Episcopi
3127 2060 3406 2147 primum
3458 2059 3674 2124 locum
3732 2056 3908 2122 inter

2302 2147 2457 2212 alios
2504 2148 2771 2213 famulos
2804 2170 2867 2212 ».
2916 2151 2996 2213 Et
3026 2157 3109 2212 1ta
3139 2147 3491 2215 declaravit
3534 2164 3604 2211 ac
3652 2142 3902 2210 servari
4014 2157 4016 2214 ζ

2303 2235 2649 2301 mandavit.
2698 2235 2808 2301 Die
2857 2239 2895 2303 3
2944 2235 3213 2321 Augusti
3265 2238 3457 2303 1737.

2301 2377 2562 2448 2330.
2953 2376 3241 2445 RIPANA

2678 2466 3511 2531 PRAEEMINENTIARUM.

3660 2373 3900 2460 (4061)

2389 2595 2636 2678 ,Super
2683 2592 2927 2659 iuribus
2971 2590 3675 2679 praeeminentialibus,
3734 2590 3908 2655 inter
4014 2609 4016 2618 ·

2298 2678 2662 2766 Capitulum
2722 2691 2785 2745 et
2831 2679 3180 2747 canonicos
3249 2678 3575 2745 Ecclesiae
3636 2677 3910 2742 maioris

2296 2787 2367 2832 ac
2412 2768 2661 2832 Priores
2694 2777 2899 2833 terrae
2932 2767 3156 2834 Montis
3188 2767 3537 2833 Brandonis
3567 2764 3911 2832 Dioecesis

2297 2854 2574 2940 Ripanae
2621 2875 2701 2920 ex
2749 2875 2897 2938 una,
2954 2865 3147 2938 atque
3193 2859 3408 2921 Patres
3455 2852 3745 2919 Minores
3792 2851 3909 2919 Ob-

2294 2953 2623 3009 servantes
2688 2947 3053 3010 Conventus
3106 2946 3176 3011 S.
3239 2942 3463 3010 Mariae
3534 2939 3909 3008 Gratiarum

2297 3030 2590 3098 eiusdem
2618 3036 2852 3097 Terrae
2900 3030 3186 3118 partibus
3234 3050 3314 3096 ex
3360 3030 3598 3107 altera;
3650 3028 3912 3094 exortis

2299 3118 2746 3185 controversiis
2822 3119 3150 3184 occasione
3225 3116 3650 3186 Processionis
3736 3135 3909 3201 quae

2300 3205 2440 3272 fieri
2498 3206 2665 3271 solet
2724 3215 2850 3271 tam
2906 3205 2969 3271 in
3031 3204 3505 3272 Festivitatibus
3558 3208 3625 3272 S.
3686 3200 3910 3271 lacobi

2299 3294 2382 3360 de
2428 3292 2693 3358 Marchia
2741 3311 2930 3378 quam
2977 3292 3042 3358 in
3088 3293 3207 3358 alia
3254 3292 3626 3359 Festivitate
3662 3295 3911 3359 SSffiae

2295 3379 2744 3467 Conceptionis
2788 3384 2856 3446 B.
2891 3384 2972 3445 Μ.
3013 3384 3121 3463 V„
3171 3380 3570 3466 aliarumque
3610 3379 3906 3447 functio-

2295 3485 2450 3535 num
2497 3467 3103 3550 ecclesiasticarum;
3147 3468 3511 3553 iisdemque
3546 3467 3793 3535 delatis
3826 3466 3907 3532 ad

2296 3558 2361 3622 S.
2414 3559 2487 3621 R.
2541 3559 2612 3622 C.
2662 3556 2739 3621 ad
2789 3574 2891 3620 eas
2939 3555 3196 3642 penitus
3252 3555 3641 3638 evellendis,
3694 3559 3907 3620 Effius
4014 3558 4016 3565 '

2297 3651 2362 3706 et
2406 3644 2601 3707 Rfflus
2648 3646 2826 3708 Dom.
2872 3642 3062 3708 Card.
3097 3642 3524 3709 Zondadarius
3570 3641 3909 3709 infrascri-

2296 3739 2402 3814 pta
2433 3728 2622 3795 dubia
2656 3731 2823 3795 inter
2852 3741 3064 3815 partes
3096 3731 3477 3796 concordata
3507 3730 3910 3797 declaranda

2294 3816 2659 3904 proposuit:

2435 3906 2497 3967 1.
2547 3904 2642 3970 An
2687 3903 3012 3971 canonicis
3060 3913 3125 3970 et
3168 3905 3357 3971 Clero
3406 3904 3598 3971 liceat
3660 3905 3733 3971 in
3786 3910 3912 3973 Ec·

2296 3987 2485 4056 clesia
2544 3995 2795 4058 Patrum
2861 3992 3175 4058 Minorum
3234 3993 3736 4059 observantium
3769 4045 3788 4080 ,
3844 3995 3909 4060 in

2297 4095 2698 4164 quacumque
2745 4098 2827 4144 ex
2874 4080 3194 4145 consuetis
3244 4079 3761 4166 FestivitatibuS,
3800 4102 3910 4148 oc-

2295 4182 2532 4248 cupare
2579 4166 2859 4231 chorum
2919 4167 3305 4233 eorumdem
3361 4170 3624 4234 Patrum
3681 4180 3755 4235 et
3808 4190 3911 4236 ca·

2293 4269 2451 4317 nere
2497 4249 2929 4337 Antiphonas‘?

2424 4341 2485 4402 2.
2539 4339 2633 4403 An
2681 4340 2799 4424 ipsi
2847 4339 3137 4407 canonici
3188 4341 3252 4407 in
3300 4341 3530 4407 eadem
3598 4344 3909 4412 Ecclesia

2294 4433 2360 4489 et
2406 4427 2733 4490 occasione
2767 4426 3039 4492 debeant
3089 4428 3439 4495 thurificari
3476 4440 3629 4498 ante
3665 4451 3913 4499 omnes

2290 4510 2442 4576 alios
2470 4512 2823 4598 Religiosos
2852 4524 3128 4599 paratos,
3159 4524 3433 4601 excepto
3458 4519 3915 4588 celebrante?

2422 4600 2484 4663 3.
2536 4599 2631 4663 An
2676 4600 2923 4665 Priores
2953 4603 3435 4667 communitatis
3470 4603 3906 4677 thurificandi

2286 4683 2411 4748 sint
2472 4685 2841 4753 immediate
2900 4698 3045 4773 post
3104 4689 3455 4756 canonicos
3504 4703 3571 4758 et
3620 4705 3782 4762 ante
3836 4717 3909 4763 o·
4014 4732 4016 4745 ·

605 4786 765 4858 tem,
797 4778 1089 4863 deposita
1117 4779 1345 4861 mitra;
1396 4777 1602 4861 quoad
1646 4778 2013 4860 secundam,
2057 4798 2185 4844 ser·
2283 4789 2464 4837 mnes
2509 4772 2885 4859 Religiosos,
2937 4773 3126 4841 etiam
3173 4775 3472 4863 paratos?

603 4870 798 4927 vetur
839 4862 1141 4947 solitum,
1191 4881 1469 4949 nempe,
1521 4863 1691 4948 quod
1741 4865 2037 4930 Canonici
2083 4875 2181 4929 te-

2417 4862 2481 4925 4.
2530 4860 2631 4924 An
2673 4865 2882 4927 Patres
2941 4862 3250 4946 praedicti
3322 4865 3605 4932 Minores
3658 4871 3909 4938 Obser-

603 4956 873 5013 neantur
929 4951 1311 5015 annunciare
1373 4952 1554 5015 Festa
1616 4949 1902 5029 nobilia;
1972 4953 2177 5036 quoad
2283 4956 2502 5010 vantes
2570 4954 2907 5013 teneantur
2975 4948 3199 5014 ultima
3269 4951 3379 5016 die
3447 4956 3907 5039 Rogationum

603 5033 881 5115 tertiam,
931 5033 1225 5117 negative
1255 5056 1324 5098 ».

733 5119 830 5184 Ad
880 5123 947 5183 7.
996 5137 1034 5180 ‹
1066 5117 1278 5192 Quoad
1328 5122 1594 5206 primam
1642 5132 1926 5204 partem,
1976 5123 2177 5204 Nega-

605 5206 774 5292 tive3
826 5216 889 5271 et
938 5203 1145 5288 quoad
1193 5205 1566 5284 secundam,
1602 5205 1988 5268 Affirmative
2020 5224 2086 5267 ι».

731 5294 826 5361 Ad
875 5297 941 5359 8.
987 5309 1025 5352 α
1058 5288 1468 5366 Affirmative,
1503 5289 1708 5369 quoad
1735 5290 2001 5368 primam
2034 5305 2173 5370 par-

603 5392 772 5475 tem;
823 5374 1156 5465 Negative,
1206 5375 1413 5461 quoad
1458 5373 1802 5436 secundam
1835 5393 1897 5436 ν.

2286 5031 2538 5095 tradere
2596 5032 2876 5115 pluviale
2945 5036 3307 5123 Praeposito
3377 5041 3899 5132 canonicorum,

2279 5117 2610 5263 ἓοῗειείοῑᾷθ
2644 5137 2931 5187 accessus
2976 5123 3052 5187 ad
3104 5125 3456 5192 Ecclesiam
3493 5134 3903 5201 eorumdem

2325 5221 2355 5261 a
2390 5218 2527 5263 rum

2412 5288 2476 5347 δ.
2527 5288 2622 5347 An
2672 5284 2734 5351 in
2782 5288 2946 5357 binis
3009 5293 3489 5367 Festivitatibus
3552 5307 3628 5373 S.
3680 5310 3898 5376 iacobi

2287 5371 2367 5434 de
2415 5366 2708 5450 marchia,
2742 5382 2808 5433 et
2857 5378 3213 5461 respective
3256 5385 3320 5450 in
3350 5391 3901 5465 processionibus
