4042 5950
2138 352 2609 431 —436—

862 515 1137 584 Dubium
1188 517 1350 584 XVI.
1409 521 1477 583 ln
1544 515 1648 583 die
1716 511 2136 598 depositionis
2198 510 2311 577 de-

733 603 930 672 functi
997 603 1324 672 debentne
1390 603 1513 672 dici
1586 614 1715 669 tres
1759 599 2065 669 Nocturni
2112 598 2311 667 Officii

733 691 1185 763 defunctorum
1208 689 1242 757 ’ἒ
1274 693 1367 779 (1)

863 778 1138 847 Dubium
1184 782 1370 848 xvn.
1406 785 1475 846 ln
1507 776 1834 864 Exequiis,
1869 777 2058 843 etiam
2090 774 2153 841 in
2183 777 2310 841 An·

730 866 1114 952 niversariis,
1156 878 1492 953 antequam
1541 865 1794 933 liniatur
1824 863 2014 932 lectio
2046 861 2314 929 secundi

730 953 1056 1042 Evangelii
1088 954 1306 1022 Missae
1342 964 1407 1022 et
1436 954 1802 1043 priusquam
1833 951 2178 1019 celebrans
2207 969 2314 1035 pa-

733 1052 904 1109 ratus
950 1042 1211 1130 pluviali
1256 1042 1516 1111 accedat
1560 1042 1638 1109 ad
1682 1041 2050 1123 Tumulum,
2083 1040 2311 1104 Canto·

735 1149 836 1196 res
880 1140 1229 1216 possuntne
1275 1130 1558 1219 incipere
1605 1139 1899 1195 cantum:
1949 1127 2174 1194 Libera
2219 1145 2314 1192 mo

731 1220 1038 1299 Bonane,-
1084 1220 1188 1285 vel
1236 1229 1577 1306 expectare
1622 1215 1923 1298 debeant,
1958 1214 2164 1281 donec
2196 1214 2311 1279 Ar-

731 1303 1139 1372 cbidiaconus
1186 1306 1387 1394 prima
1433 1305 1709 1406 Dignitas
1755 1314 2044 1402 tempore
2090 1300 2312 1367 debito

732 1402 799 1458 et
844 1392 1250 1460 convenienti
1312 1390 1768 1480 praecinuerit,
1823 1392 1927 1460 vel
1982 1407 2163 1476 signo
2212 1407 2311 1454 or·

730 1479 1046 1547 dinaverit
1090 1478 1400 1549 cantum?

862 1568 1136 1635 Dubium
1180 1572 1395 1638 xvm.
1444 1567 1706 1648 Quinam
1756 1567 2081 1633 Ecclesiae
2129 1565 2308 1631 locus

729 1655 1202 1744 praeparandus
1247 1655 1328 1723 sit
1373 1676 1491 1745 pro
1537 1655 1827 1723 faciendo
1889 1653 2184 1720 mandato
2246 1651 2311 1717 in

732 1747 942 1814 Coena
986 1740 1285 1810 Domini?

859 1831 1133 1899 Dubium
1178 1834 1340 1900 x1x.
1390 1831 1740 1901 canonicus
1794 1828 2169 1896 solemniter
2214 1846 2312 1894 ce·

729 1919 979 1986 lebrans
1021 1924 1332 2007 vesperas
1363 1931 1426 1988 et
1455 1919 1702 1987 Laudes
1745 1918 2029 1986 debetne
2074 1915 2313 1982 babere

729 2024 943 2072 coram
986 2026 1055 2073 se
1109 2026 1430 2075 scamnum
1492 2008 1597 2074 vel
1653 2005 1967 2073 Lecton-ile
2021 2014 2312 2071 ornatum

732 2104 943 2183 tapete
991 2114 1139 2162 cum
1187 2094 1374 2178 libro,
1425 2095 1487 2163 in
1535 2113 1661 2181 quo
1709 2094 1954 2161 intonet
2002 2091 2310 2180 Antipho-

728 2201 861 2267 nas‚
911 2186 1229 2271 Hymnum
1276 2193 1341 2248 et
1387 2179 1809 2271 Capitulum?

859 2270 1131 2338 Dubium
1193 2274 1330 2341 XX.
1394 2274 1480 2337 lta
1543 2289 1625 2336 ne
1687 2268 2150 2355 intelligendus
2214 2277 2313 2335 est

649 2437 656 2444 ,
727 2359 957 2426 ductus
1004 2358 1248 2445 duplex
1311 2358 1653 2442 thuribuli,
1705 2376 1831 2443 quo
1878 2356 2185 2422 Diaconus
2243 2355 2310 2422 in

724 2443 932 2513 Cboro
980 2444 1306 2513 incensare
1354 2446 1548 2514 debet
1598 2446 1883 2533 singulos
1935 2444 2305 2527 canonicos,

725 2542 797 2599 ut
827 2534 1264 2684 ugusquisque
1287 2533 1518 2601 ductus
1551 2533 1780 2601 debeat
1810 2530 2032 2617 perfici
2066 2531 2309 2619 duplici

727 2620 859 2686 ictu
1607 2627 1612 2632 ’

854 2707 1130 2774 Dubium
1148 2712 1310 2777 xxl.
1339 2707 1716 2796 Episcopus,
1750 2707 1987 2776 babens
2020 2706 2305 2773 habitum

724 2796 1109 2862 cameralem
1155 2807 1220 2864 et
1265 2795 1562 2882 privatim
1616 2796 1913 2863 assistens
1954 2795 2174 2861 Missae
2209 2815 2305 2861 so-

724 2883 922 2949 lemni
951 2894 1059 2949 aut
1091 2883 1473 2971 expositioni
1502 2883 1887 2951 sanctissimi
1921 2882 2305 2951 Sacramenti

723 2970 976 3126 ssltlargs,
1011 2969 1208 3041 debet
1238 2992 1322 3040 ne
1367 2991 1611 3059 ponere
1642 2971 1976 3040 incensum
2009 2970 2074 3038 in
2107 2971 2305 3039 thuri-

770 3079 810 3126 u
839 3079 876 3125 o

852 3147 1128 3216 Dubium
1158 3150 1349 3217 XXII.
1400 3153 1469 3216 ln
1513 3149 1839 3249 proposito
1886 3167 2057 3232 casu,
2090 3147 2304 3215 Diaco-

719 3255 839 3303 nus
886 3247 952 3302 et
996 3235 1436 3305 subdiaconus
1465 3236 1530 3302 in
1574 3239 1752 3303 Missa
1795 3236 2158 3303 assistentes
2188 3236 2304 3302 de-

720 3324 876 3391 bent
940 3342 1025 3391 ne
1093 3335 1321 3413 petere
1388 3323 1907 3392 benedictionem
1975 3342 2092 3390 seu
2159 3343 2305 3413 per·

719 3410 1088 3481 missionem
1147 3432 1264 3501 pro
1322 3412 1611 3479 canendo
1677 3410 2025 3500 Evangelio
2087 3422 2151 3478 et
2213 3411 2302 3477 le-

716 3499 927 3585 genda
969 3497 1301 3586 Epistola?
1352 3503 1589 3567 Rursus
1635 3500 1911 3568 debetur
1956 3518 2040 3565 ne
2089 3498 2302 3567 eidem

716 3586 1033 3674 Episcopo
1059 3587 1295 3654 delatio
1322 3587 1646 3676 Evangelii
1671 3607 1789 3676 pro
1822 3606 1898 3654 eo
1931 3587 2300 3672 osculando,

720 3672 1065 3741 incensatio
1111 3685 1234 3741 etc.
1251 3673 1286 3742 ’ἒ
1738 3736 1741 3740 Α

844 3761 1119 3829 Dubium
1143 3764 1357 3830 xxm.
1396 3763 1881 3846 Archidiacono,
1910 3783 2026 3830 seu
2059 3764 2300 3851 primae

718 3847 1038 3936 Dignitati,
1065 3852 1371 3938 competit
1402 3871 1483 3918 ne
1514 3852 1805 3919 intimare
1830 3854 2027 3918 Pater
2055 3863 2296 3933 noster,

718 3944 785 4002 et
817 3935 1101 4007 indicere
1133 3950 1321 4024 nutu,
1354 3950 1425 4006 ut
1459 3939 1796 4026 incipiatur
1828 3941 2094 4007 Domine
2125 3939 2300 4006 labia

715 4041 853 4089 moa
885 4032 1128 4110 aperies
1172 4029 1275 4095 vel
1322 4030 1489 4093 Deus
1537 4030 1609 4093 in
1648 4027 2062 4093 adiutorium
2093 4047 2300 4094 meum

715 4112 1026 4179 intende?
1079 4119 1238 4183 Item
1287 4117 1364 4183 ad
1426 4115 1696 4180 Primam
1760 4114 1979 4181 dicere
2037 4118 2186 4183 Dies
2239 4127 2298 4183 et

715 4209 904 4265 actus
949 4215 1197 4269 nostros
1245 4212 1436 4289 atque
1482 4203 1905 4269 Adiutorium
1952 4214 2249 4269 nostrum
2271 4228 2299 4285 ,-

715 4286 790 4351 ad
847 4290 1400 4377 completorium:
1450 4292 1707 4357 Noctem
1750 4292 2062 4374 quietam,
2110 4293 2297 4356 Bene-

712 4375 895 4441 dicat
945 4388 1006 4444 ct
1050 4381 1426 4460 custodian
1481 4386 1546 4443 et
1593 4379 1657 4444 in
1703 4378 1833 4445 line
1877 4381 2189 4445 Horarum
2233 4389 2299 4446 et

714 4463 1035 4534 Matutini:
1085 4469 1399 4535 Dominus
1434 4468 1537 4533 dot
1584 4465 1815 4533 nobis?
1859 4467 2147 4553 Denique
2192 4488 2296 4535 an-

714 4563 970 4637 tequam
1018 4574 1138 4642 per
1176 4554 1388 4643 ipsum
1432 4555 1628 4622 detur
1659 4553 1800 4621 finis
1831 4553 2035 4622 Divini
2067 4555 2292 4640 Officii,

711 4649 1010 4796 ροῑὲῗίιρξ
1051 4641 1305 4729 aliquis,
1341 4643 1599 4731 expleta
1631 4641 1988 4728 functione,
2023 4665 2055 4710 a
2086 4643 2295 4711 Gboro

714 4745 832 4816 egr
921 4749 939 4793 1

845 4816 1115 4886 Dubium
1161 4820 1379 4887 XXIV.
1429 4816 1783 4886 canonicus
1844 4819 1908 4885 in
1956 4820 2167 4888 Chore
2228 4831 2294 4888 et

710 4901 776 4969 in
844 4922 959 4992 pro
1008 4905 1103 4973 rio
1176 4906 1359 4972 stallo
1436 4917 1733 4995 potestne
1806 4909 1898 4974 uti
1976 4909 2291 4995 pulvinari

708 4992 904 5080 vulgo
997 4993 1120 5061 icto
1166 4998 1430 5060 cuscino
1474 4995 1545 5062 di
1583 4993 1795 5081 pelle?

840 5083 1005 5148 Haec
1048 5099 1244 5169 porro
1304 5082 1531 5166 dubia,
1580 5102 1781 5171 super
1837 5086 2072 5171 quibus
2133 5083 2298 5149 alter

710 5184 795 5233 ex
836 5169 1341 5256 Apostolicarum
1386 5172 1941 5240 Caeremoniarum
1983 5171 2294 5258 magistris

705 5273 892 5324 suum
939 5257 1207 5345 protulit
1238 5268 1460 5325 votum
1493 5259 1658 5348 typis
1692 5260 1881 5327 etiam
1930 5261 2286 5347 vulgatum,

839 5444 923 5519 (¹)
956 5448 1018 5506 lt.
1059 5447 1194 5506 nub.
1235 5448 1409 5508 xvn.

2413 528 2616 596 quum
2676 514 2866 577 mus
2915 518 2980 574 et
3032 514 3227 577 Rmus
3286 509 3597 578 Dominus
3659 510 3993 578 cardinalis

2413 596 2705 665 Nicolaus
2759 596 3017 665 Clarelli
3076 598 3424 665 Paracciani
3479 600 3900 687 proposuerit
3944 600 3991 666 in

2413 683 2757 753 Ordinariis
2803 685 3086 753 comitiis
3144 687 3484 753 Sacrorum
3533 688 3811 755 [lituum
3854 689 3994 754 cm·

2414 772 2803 861 gregationis
2851 772 3156 841 hodierna
3204 772 3310 839 die
3357 773 3435 841 ad
3484 774 3868 841 Vaticanum
3912 773 3995 840 ba·

2416 859 2608 946 bitis;
2658 862 2798 927 Emi
2830 870 2896 927 et
2924 862 3064 928 Rmi
3103 865 3316 928 Patres
3362 863 3569 929 Sacris
3616 863 3885 930 tuendis
3914 863 3995 929 lli·

2416 947 2583 1048 tibus
2629 947 2997 1051 praepositi,
3047 948 3342 1017 omnibus
3386 960 3688 1017 accurate
3736 971 3995 1039 pet-pm-

2414 1056 2523 1119 ms’
2546 1036 3743 1224 ggsclzrntzesscaeffiiggpsggrzgxfflmr
3788 1129 3997 1195 Caere-

2414 1212 2706 1278 momalts
2754 1213 2931 1299 leges
2979 1221 3049 1279 et
3088 1217 3355 1279 Decreta
3388 1234 3454 1278 ν.

2548 1299 2643 1366 Ad
2683 1305 2758 1368 ll.
2807 1323 2844 1366 α
2877 1302 3108 1368 Omnes
3140 1300 3387 1368 debere
3416 1319 3723 1388 surgere,
3754 1314 3997 1402 praeter

2418 1386 2992 1456 Hebdomadarium
3049 1397 3386 1475 paratum;
3458 1390 3576 1457 nisi
3634 1392 3808 1459 adsnt
3868 1410 3997 1456 con·

2414 1476 2693 1542 suetudo
2725 1486 2796 1543 ut
2827 1496 2949 1543 una
2996 1494 3139 1561 pars
3188 1487 3433 1543 tantum
3476 1491 3774 1564 assurgat
3809 1500 3874 1546 ι.

2547 1561 2643 1629 Ad
2693 1568 2792 1632 ΙΙΙ.
2842 1586 2883 1630 ι
2915 1567 3199 1631 Tenetur
3251 1565 3807 1634 Hebdomadarius
3849 1586 3997 1633 sem-

2416 1671 2535 1740 per
2591 1669 2908 1740 surgere:
2976 1662 3044 1717 et
3102 1651 3203 1718 alii
3265 1651 3352 1719 de
3411 1653 3625 1721 Chore
3675 1665 3997 1738 tenentur,

2415 1739 2667 1826 quando
2711 1739 3000 1808 Officium
3044 1739 3423 1806 solemniter
3467 1751 3766 1809 cantatur
3799 1766 3867 1809 ».

2549 1826 2644 1893 Ad
2700 1832 2804 1896 IV.
2867 1849 2904 1892 α
2939 1825 3371 1905 Affirmative;
3440 1827 3562 1894 nisi
3633 1829 3803 1898 adsit
3870 1831 3999 1917 Epi·

2414 1934 2646 2071 80οᾖηέ
2678 1938 2769 2072 21.
2819 2025 2860 2069 ι
2891 2002 3220 2104 Provisum
3266 2002 3332 2070 in
3376 2004 3803 2092 praecedenti
3839 2028 3903 2072 ν.

2543 2091 2637 2158 Ad
2689 2095 2791 2160 Vl.
2842 2114 2879 2157 ι
2912 2091 3339 2176 Affirmativ03
3366 2092 3625 2178 quando
3650 2094 4001 2183 Episcopus

2416 2183 2727 2267 vesperas
2773 2199 2900 2246 non
2948 2179 3357 2267 persolvit».

2546 2267 2640 2334 Ad
2690 2271 2821 2335 Vll.
2872 2288 2910 2333 ‹
2944 2266 3332 2335 Affirmative
3364 2290 3429 2332 ι.

2544 2356 2640 2423 Ad
2688 2357 2843 2423 VIII.
2896 2377 2933 2420 α
2968 2359 3168 2422 Detur
3197 2359 3544 2423 Decretum
3576 2357 3645 2424 in
3680 2378 3811 2426 una
3840 2364 4000 2427 Hon-

2415 2443 2494 2510 tis
2537 2443 2824 2510 Politiani
2871 2443 3001 2511 diei
3047 2447 3089 2510 9
3137 2441 3274 2509 Maii
3328 2447 3495 2512 1739
3527 2467 3593 2512 ι.

2543 2533 2639 2599 Ad
2690 2535 2796 2599 [X.
2844 2553 2885 2597 ι
2916 2529 3307 2599 Affirmative
3338 2553 3398 2598 ι.

2545 2619 2641 2687 Ad
2687 2622 2766 2687 X.
2817 2641 2854 2684 c
2889 2619 3194 2706 Negative
3227 2640 3291 2685 ν.

2543 2707 2637 2774 Ad
2685 2710 2796 2774 xt.
2845 2729 2883 2774 ‹
2914 2705 3359 2775 Faldistorium
3385 2712 3773 2796 ponendum
3802 2713 3873 2780 in
3898 2713 4005 2799 pri-

2412 2816 2516 2863 mo
2550 2797 2751 2884 gradu
2796 2795 3024 2863 Altaris
3070 2795 3135 2863 in
3180 2798 3398 2864 Cornu
3445 2797 3781 2885 Epistolae
3832 2822 4001 2868 versa

2412 2884 2567 2952 facie
2598 2884 2676 2951 ad
2710 2902 2910 2950 cornu
2957 2885 3282 2971 Evangelii
3344 2884 3422 2951 ad
3455 2884 3733 2953 formam
3782 2892 4002 2955 Caere-

2411 2971 2696 3039 monialis
2726 2969 3214 3060 Episcoporum,
3244 2935 3356 3040 lib.
3381 2977 3608 3062 2,cap.
3630 2979 3751 3060 25,
3773 2982 3818 3058 s
3851 2981 3935 3046 10
3951 2984 4025 3073 »ᾗ

2542 3060 2637 3129 Ad
2692 3063 2825 3127 xll.
2876 3080 2914 3125 ‹
2948 3060 3300 3147 Negative;
3358 3072 3423 3128 et
3472 3064 3740 3130 exclusa
3788 3067 4025 3151 quavis:

2408 3148 2655 3217 scenica
2702 3148 3312 3235 repraesentatione,
3346 3148 3572 3215 Altaris
3608 3150 3831 3239 imago
3868 3162 4025 3219 con-1

2415 3247 2579 3304 tecta
2621 3237 2703 3303 sit
2747 3235 2893 3303 velo
2938 3235 3210 3324 simplici
3275 3236 3556 3305 violaceo
3602 3237 3680 3306 ad
3735 3240 4025 3307 formam

2408 3324 2921 3406 Caeremonialis,
2970 3324 3372 3392 demittendo
3410 3325 3487 3393 ad
3529 3326 3763 3414 hymni
3796 3330 4005 3416 Ange·

2410 3414 2511 3479 lici
2548 3412 3011 3479 intonationem
3048 3412 3223 3479 iuxta
3253 3431 3441 3480 usum
3470 3415 3929 3484 Ecclesiarmn
3951 3440 4003 3480 ›.

2539 3501 2637 3568 Ad
2682 3504 2839 3568 Xlll.
2890 3519 2928 3564 ‹
2962 3500 3271 3588 Negative
3306 3521 3370 3567 »-

2541 3589 2636 3656 Ad
2682 3590 2844 3657 XIV.
2895 3607 2933 3652 ‹
2967 3591 3198 3656 Cantus
3256 3589 3320 3655 in
3376 3598 3523 3656 actu
3577 3591 4007 3678 expositionis

2405 3675 2689 3765 permitti
2740 3684 2983 3742 tantum
3038 3687 3250 3767 potest
3311 3677 3548 3743 iudicio
3596 3676 3916 3768 Episcopi
3949 3704 4003 3744 ».

2535 3765 2630 3832 Ad
2676 3766 2813 3833 XV.
2863 3784 2900 3827 α
2933 3763 3239 3849 Negative
3273 3787 3340 3831 ›-

2535 3852 2630 3920 Ad
2679 3856 2840 3921 XVI.
2883 3872 2920 3915 α
2953 3852 3381 3938 Affirmativ03
3417 3852 3537 3919 nisi
3565 3854 3893 3923 accedant
3928 3877 4008 3923 ra-

2406 3940 2736 4009 tionabiles
2782 3960 3005 4007 causae
3051 3961 3085 4007 a
3131 3940 3362 4008 Rituali
3409 3940 3721 4008 indicatae
3755 3965 3823 4009 ».

2533 4031 2628 4097 Ad
2658 4032 2847 4096 xvll.
2901 4049 2938 4092 α
2970 4027 3186 4106 Quoad
3226 4029 3493 4115 primam
3525 4027 3705 4096 dubii
3742 4046 4003 4116 partem

2403 4117 2757 4272 rf’v‘aa
2778 4134 2896 4270 »ετ
2941 4115 3598 4272 amaranti
3628 4120 4006 4277 arsat·

2448 4225 2532 4271 ris
3212 4226 3230 4269 ι
3603 4226 3644 4272 ιι
3692 4228 3712 4271 ι
3990 4258 4005 4271 .

2400 4293 2611 4372 Quoad
2657 4292 3001 4359 secundam
3047 4222 3329 4378 ¹partem,
3377 4302 3668 4379 spectare
3717 4294 3799 4361 ad
3858 4300 4005 4364 Cae-

2401 4380 2829 4448 remoniarum
2879 4379 3241 4469 Magistrum
3289 4382 3442 4448 dare
3477 4381 3739 4468 signum
3772 4384 4000 4452 Canto·

2399 4467 2573 4535 ribus
2622 4478 2692 4534 ut
2737 4468 3234 4556 Responsorium
3284 4469 3588 4554 incipiant
3619 4490 3685 4534 ν.

2529 4556 2625 4623 Ad
2661 4559 2875 4624 XVIII.
2927 4577 2964 4620 α
2997 4555 3125 4622 Nisi
3159 4556 3443 4624 Ecclesia
3476 4568 3603 4623 tam
3634 4560 3866 4647 ampla
3904 4560 3999 4640 sit,

2397 4655 2471 4711 ut
2514 4642 2580 4710 in
2628 4645 2904 4731 quodam
2953 4643 3201 4711 sacello
3250 4644 3405 4711 lotio
3464 4643 3711 4732 pedum
3763 4652 4001 4734 exequi

2398 4731 2597 4822 possit
2665 4732 2902 4816 absque
2974 4732 3107 4798 ullo
3170 4732 3628 4799 irreverentiae
3701 4736 4001 4821 periculo

2400 4836 2548 4904 erga
2576 4818 3048 4888 sanctissimum
3080 4822 3556 4887 Sacramentum
3586 4823 3998 4909 expositum

2397 4908 2755 4975 Mandatum
2792 4907 3153 4975 faciendum
3187 4908 3308 4975 erit
3339 4908 3403 4975 in
3435 4907 3754 4994 Sacrario,
3791 4922 3913 4977 aut
3942 4912 3997 4976 in

2395 4996 2519 5062 alio
2564 4993 2873 5063 Cubiculo
2919 5014 3122 5085 prope
3169 4996 3519 5064 Ecclesiam
3561 5018 3629 5064 »-

2528 5085 2623 5152 Ad
2655 5086 2818 5151 XIX.
2858 5108 2899 5152 ι
2932 5083 3367 5165 Affirmative3
3416 5096 3481 5152 et
3511 5098 3824 5156 servetur
3856 5092 3993 5156 Cae—
4024 5142 4025 5145 ,

2395 5171 2746 5239 remoniale
2779 5193 2847 5239 ›-

2529 5260 2625 5328 Ad
2672 5264 2812 5331 XX.
2861 5282 2899 5327 ι
2933 5260 3322 5330 Affirmative
3354 5284 3415 5329 »-
