4042 5950
1987 212 2456 291 -360-

588 369 978 439 Sacrificium
1017 371 1080 437 in
1111 369 1377 438 Sabbato
1422 367 1701 439 Sancto?
1745 381 1810 437 et
1854 382 2167 458 quatenus

588 457 986 542 affirmative,

2399 373 2467 436 2.
2514 375 2610 435 An
2654 367 2966 434 Parocbus
3021 364 3370 433 canonicus
3429 380 3866 453 supranume-

2269 457 2471 523 rarius
2497 455 2913 537 cathedralis,
2949 455 3015 521 in
3044 456 3301 541 propria
3321 452 3638 534 Ecclesia,
3674 468 3870 536 prae-

722 549 791 612 2.
837 549 933 610 An
978 548 1352 614 Sacerdotes
1400 546 1518 634 ipsi
1576 545 1898 614 indultarii
1943 565 2017 612 ea
2064 544 2170 611 die
2264 555 2447 611 sente
2491 543 2688 630 ipsius
2715 542 3111 610 Catbedralis
3135 540 3453 627 capitulo,
3490 540 3585 607 ius
3620 539 3869 606 habeat

595 632 923 700 celebrare
1036 632 1217 718 ssim,
1252 644 1589 718 antequam
1624 636 1700 702 ab
1731 633 2014 700 Ecclesia
2044 652 2171 699 ma-

597 720 754 787 trice
782 738 932 787 cum
989 721 1190 787 estivo
1220 720 1432 790 sonitu
1474 721 1761 788 nolarum
1809 720 2006 811 gloria
2050 725 2175 787 Re-

596 807 1006 874 surrectionis
1049 809 1472 877 annuncietur
1492 805 1526 874 ‘a’

731 899 795 963 3.
846 899 941 962 An
990 897 1160 964 idem
1204 896 1441 963 servari
1487 895 1685 982 possit
1729 897 1802 964 iis
1850 898 1913 964 in
1953 897 2176 964 Eccle-

600 981 742 1067 siis,
791 982 856 1049 in
902 984 1131 1068 quibus
1188 1003 1270 1051 ex
1326 984 1693 1072 Apostolico
1746 984 1996 1053 indulto
2055 1003 2179 1051 una

604 1070 881 1136 alterave
928 1072 1104 1138 Missa
1150 1069 1564 1139 celebratur?
1674 1094 1679 1099 ·

738 1162 804 1224 4.
843 1164 939 1225 An
972 1158 1335 1226 huiusmodi
1363 1158 1559 1226 Missis
1589 1158 1851 1248 privatis
1881 1159 2179 1246 praemit·

607 1245 798 1311 tenda
827 1246 909 1313 sit
937 1246 1132 1312 lectio
1160 1246 1638 1332 prophetiarum
1662 1258 1729 1312 et
1760 1246 2178 1328 Litaniarum3

608 1352 685 1398 an
731 1351 887 1399 vero
933 1333 1102 1420 ipsae
1133 1333 1535 1421 incipiendae
1579 1335 1703 1401 sint
1749 1333 1824 1400 ab
1864 1333 2189 1402 introitu?

742 1425 809 1487 ὅ.
855 1426 951 1487 An
997 1421 1278 1487 Ecclesia
1323 1421 1699 1507 parochialis
1746 1421 2005 1489 omniuo
2051 1422 2183 1490 adi-

612 1516 795 1594 gatur
852 1509 931 1576 ad
990 1507 1372 1576 Functiones
1430 1506 1678 1576 Sabbati
1724 1510 1969 1593 Sancti,
2012 1508 2188 1577 iuxta

612 1614 879 1682 parvum
924 1595 1398 1664 caeremoniale
1439 1617 1491 1662 s.
1527 1613 1616 1662 m.
1652 1596 1979 1664 Benedicti
2025 1599 2185 1681 xlll,

611 1682 665 1747 si
718 1682 1055 1751 sufficienti
1115 1683 1302 1750 clero
1359 1684 1786 1771 destituatur3
1842 1695 1907 1752 et
1951 1704 2031 1752 an
2074 1685 2191 1752 hu·

616 1767 891 1838 iusmodi
952 1771 1017 1838 in
1077 1790 1222 1838 casu
1273 1770 1452 1837 Missa
1496 1772 1840 1841 ordinanda
1883 1773 1964 1838 sit
2010 1783 2081 1839 ut
2128 1773 2192 1840 in

616 1858 1028 1944 praecedenti
1072 1857 1271 1925 dubio
1315 1856 1592 1944 quarto?

746 1948 828 2011 Et
872 1949 1056 2015 Sacra
1097 1946 1358 2015 Rituum
1396 1948 1849 2035 congregatim
1882 1948 1960 2015 ad
1990 1949 2193 2028 Quiri-

617 2032 762 2098 nale
822 2032 1128 2102 hodierna
1194 2033 1301 2100 die
1371 2033 1437 2100 in
1501 2034 1843 2102 ordinariis
1909 2036 2195 2104 comitiis

620 2120 1003 2208 coadunata,
1065 2121 1277 2189 habito
1344 2121 1519 2211 prius
1581 2134 1743 2188 voto=
1790 2123 2051 2190 alterius
2113 2143 2194 2190 ex

619 2207 1124 2306 Apostolicarum
1162 2209 1717 2278 caeremoniarum
1753 2211 2061 2300 magistris
2091 2231 2199 2278 au·

622 2294 883 2382 ditaque
922 2296 1098 2366 fideli
1135 2297 1446 2364 relatione
1473 2318 1507 2361 a
1537 2298 1919 2381 Secretario,
1968 2300 2193 2366 rescri-

623 2380 909 2452 bendum
947 2388 1240 2453 censuit:

746 2473 844 2540 Ad
883 2477 946 2540 1.
991 2494 1033 2539 ι
1056 2476 1364 2541 Servetur
1392 2478 1759 2557 Decretum,
1807 2492 1927 2559 per
1960 2480 2041 2542 'se
2072 2475 2196 2542 cla-

626 2577 795 2643 rum,
846 2559 911 2626 in
954 2579 1076 2627 una
1120 2559 1544 2628 Resolutionis
1589 2560 1932 2627 dubiorum
1983 2563 2050 2630 in
2096 2582 2197 2630 re-

626 2647 969 2737 sponsione
1026 2649 1104 2716 ad
1169 2646 1456 2731 tertium,
1505 2646 1635 2713 diei
1682 2651 1768 2716 28
1812 2648 1953 2715 lulii
2004 2654 2198 2734 1821,

627 2732 1072 2802 confirmatum
1117 2755 1150 2800 a
1194 2736 1388 2803 SSmo
1433 2733 1698 2802 Domino
1745 2740 1971 2805 Nostro
2015 2758 2069 2804 s.
2105 2756 2197 2805 m.

626 2822 735 2889 Pio
793 2824 953 2909 Papa
997 2825 1129 2905 vn,
1175 2821 1295 2888 sub
1340 2822 1443 2890 die
1493 2826 1573 2889 31
1624 2824 1910 2892 eiusdem
1965 2826 2204 2893 mensis

631 2918 697 2978 et
741 2911 885 2977 anni
916 2930 979 2977 ›-

759 2999 858 3066 Ad
905 3002 977 3065 2.
1019 3019 1058 3065 ι
1089 3000 1294 3078 Quum
1354 2999 1677 3069 indultum
1734 3000 2033 3091 respiciat
2082 3007 2203 3070 Ec-

633 3085 897 3153 clesias:
944 3085 1360 3172 Affirmative,
1407 3101 1552 3188 post
1595 3090 1953 3156 solemnem
1987 3111 2050 3157 ν.

761 3173 859 3240 Ad
907 3177 971 3241 3.
1024 3179 1219 3241 «lam
1262 3193 1590 3261 provisum
1634 3177 1701 3244 in
1745 3177 2030 3246 secundo
2055 3198 2117 3243 ι.

764 3261 862 3328 Ad
907 3265 976 3329 4.
1025 3282 1063 3325 ι
1094 3268 1271 3330 quta
1304 3262 1477 3331 idem
1508 3269 1849 3332 Decretum
1890 3283 2071 3333 more
2110 3287 2208 3333 so-

637 3348 777 3432 lito,
810 3350 923 3417 sed
982 3349 1118 3417 sine
1178 3349 1445 3417 introitu
1499 3361 1643 3439 post
1698 3352 2057 3420 Psalmum:
2107 3357 2211 3421 Iu-

634 3436 785 3504 dica
828 3455 923 3503 me
969 3441 1135 3504 Deus
1182 3446 1247 3504 et
1290 3438 1763 3506 confessionem
1797 3461 1860 3506 ι.
1944 3501 1949 3506 .

767 3523 864 3591 Ad
891 3528 953 3590 ὅ.
991 3545 1029 3588 «
1054 3525 1475 3605 Affirmative;
1512 3537 1577 3593 et
1598 3538 1893 3594 servetur
1924 3526 1988 3593 in
2012 3529 2210 3596 omni·
2251 3571 2256 3576 ‚

641 3608 756 3675 bus
812 3611 1104 3695 solitum,
1169 3612 1343 3678 iuxta
1408 3632 1673 3699 parvum
1740 3616 2212 3685 caeremoniale

639 3697 967 3765 Benedicti
1014 3703 1213 3787 Papae
1258 3702 1391 3766 xm
1426 3721 1490 3764 ι.
1658 3737 1665 3746 -

772 3788 982 3872 Atque
1027 3787 1109 3853 ita
1153 3787 1351 3852 rescri
1428 3787 1476 3853 it
1521 3797 1587 3854 et
1631 3788 2000 3858 declaravit.

774 3872 887 3939 Die
933 3876 1016 3940 22
1061 3873 1203 3940 Iulii
1253 3877 1333 3942 18
1427 3922 1446 3942 .

647 4051 888 4121 2971.
935 4015 1401 4118 ΡιτωΑΝΕΝζ
1442 4054 1543 4116 ET
1589 4054 1920 4122 SOANEN.
1989 4057 2215 4146 (5133)

778 4226 981 4304 Quum
1014 4226 1319 4293 Sacerdos
1361 4232 1585 4297 Petrus
1619 4233 1926 4298 Bonasera
1955 4235 2219 4301 canoni-

650 4333 760 4381 cus
801 4315 1390 4399 supranumerarius
1432 4316 1824 4385 cathedralis
1863 4317 2214 4391 Pitilianen.

651 4400 936 4503 itemque
967 4402 1286 4468 Ecclesiae
1318 4406 1575 4471 Sanctae
1596 4407 1831 4504 'Mariae
1863 4407 1927 4474 in
1957 4406 2223 4477 civitate

650 4506 810 4675 &331
842 4488 1192 4676 ξὲξῗιοοᾞῗέ
1226 4492 2228 4666 (ιῗῖἶῗῑζᾶἶιῗιζῖἶῗηιῗιῗῖἷιΐξῇἷῖ

545 4724 549 4728 ,
651 4672 892 4731 ratione
943 4663 1343 4744 exhibuerim
1392 4664 1737 4734 nimirum:

789 4755 846 4818 1.
896 4755 994 4820 An
1037 4751 1101 4817 in
1147 4751 1501 4837 funeribus,
1551 4753 1707 4821 facta
1735 4754 1813 4821 ab
1842 4755 2225 4828 haeredibus

653 4839 995 4923 electione,
1027 4839 1183 4906 dum
1216 4850 1424 4907 orator
1469 4841 1563 4907 uti
1607 4843 1919 4911 Parochus
1960 4846 2226 4915 advocat

650 4926 728 4994 ad
759 4925 947 4993 funus
978 4926 1366 4994 cathedralis
1399 4928 1784 5015 Capitulum,
1819 4934 2016 5020 possit
2047 4954 2226 5021 prae·

654 5013 1009 5081 cedentiam
1043 5013 1275 5081 babere
1317 5014 1672 5084 incedendo
1703 5037 1850 5086 cum
1881 5021 2050 5089 Stola
2081 5032 2225 5091 ante

653 5099 968 5168 feretrum
1015 5102 1357 5188 locumque
1404 5104 1468 5170 in
1511 5105 1696 5172 stallo
1740 5126 1930 5193 supra
1974 5110 2226 5195 capitu-

654 5185 792 5254 lum
826 5205 1174 5272 assumere,
1208 5189 1386 5257 cuius
1429 5190 1567 5279 ipse
1614 5203 1708 5259 est
1740 5195 2090 5263 Canonicus
2120 5216 2226 5264 su—

656 5275 1167 5363 pranumerarius
1185 5273 1217 5342 ’ἓ

2277 631 2520 699 lissam
2572 628 2895 698 canendi?

2408 723 2476 786 3.
2508 721 2604 786 An
2624 717 2935 785 Parocbus
2965 716 3347 785 constitutus
3367 714 3736 783 canonicus
3767 731 3876 778 su·

2275 806 2786 892 pranumerarius
2828 825 2976 872 cum
3022 804 3422 892 plenitudine
3470 801 3632 871 iuris
3665 804 3876 869 Cano-

2276 893 2493 961 nicalis
2526 913 2823 982 expressa
2853 912 3044 961 voce:
3085 892 3315 959 audito
3362 890 3709 977 capitulo,
3763 908 3877 953 vo-

2280 1000 2419 1049 cem
2467 981 2693 1048 habeat
2736 980 2800 1046 in
2845 979 3312 1065 capitularibus
3340 977 3682 1046 comitiis?

2367 1084 2384 1095 ²
2415 1073 2596 1136 Sacra
2649 1069 2875 1136 eadem
2919 1067 3178 1136 Rituum
3227 1065 3688 1152 congregatio,
3733 1074 3882 1151 post

2282 1168 2605 1246 acceptam
2650 1155 3190 1224 Reverendissimi
3223 1155 3582 1221 Pitilianen.
3613 1164 3694 1221 et
3729 1158 3884 1220 Soa·

2284 1265 2439 1313 nen.
2487 1242 2997 1312 informationem
3045 1261 3192 1310 cum
3236 1252 3414 1327 voto,
3455 1241 3886 1328 auditamque

2284 1354 2319 1399 a
2349 1332 2708 1420 subscripto
2752 1331 3105 1400 Secretario
3147 1329 3413 1396 fidelem
3455 1329 3887 1409 relationem,

2287 1420 2353 1488 in
2407 1420 2716 1487 hodierno
2769 1419 3099 1486 ordinario
3157 1420 3365 1484 coetu
3419 1418 3498 1484 ad
3541 1414 3892 1495 Quirinale

2291 1508 2661 1590 coadunata,
2711 1506 3001 1574 omnibus
3060 1515 3310 1573 maturo
3370 1506 3674 1574 examine
3739 1522 3892 1590 per·

2290 1595 2528 1684 pensis,
2576 1593 3060 1661 rescribendum
3107 1594 3403 1661 censuit:

2416 1683 2517 1750 -Ad
2570 1687 2630 1748 1.
2680 1703 2718 1746 «
2750 1681 3165 1767 Affirmative,
3207 1681 3270 1745 in
3316 1679 3742 1749 associatione
3793 1698 3890 1744 ca·

2293 1771 2650 1848 daverum;
2700 1771 2766 1837 in
2806 1767 3052 1852 Officio,
3086 1766 3324 1857 pariter
3367 1767 3808 1850 Affirmative,
3841 1764 3890 1831 si

2294 1857 2780 1927 Hebdomadarii
2823 1876 3054 1925 munus
3099 1866 3492 1923 exerceat».

2424 1946 2522 2013 Ad
2554 1950 2623 2013 2.
2670 1966 2708 2009 ι
2740 1945 3158 2027 Affirmative,
3193 1953 3530 2030 praesente
3559 1945 3890 2041 corpore,

2299 2046 2365 2101 et
2407 2033 2473 2100 in
2519 2032 2746 2101 diebus
2790 2032 3009 2117 tertio,
3042 2032 3340 2119 septimo,
3391 2042 3456 2098 et
3501 2031 3889 2119 trigesimo;

2294 2121 2361 2188 in
2390 2122 2846 2188 Anniversariis
2877 2121 3145 2206 aliisque
3179 2118 3643 2203 functionibus,
3677 2118 3893 2202 Nega·

2302 2208 2478 2288 tive;
2526 2209 2643 2276 sed
2679 2219 2974 2295 spectare
3003 2209 3080 2276 ad
3111 2204 3696 2274 Hebdomadarium
3732 2225 3807 2269 ι.

2429 2298 2528 2365 Ad
2574 2301 2637 2365 3.
2690 2318 2728 2361 «
2762 2299 3003 2366 Vocem
3047 2293 3288 2362 babere
3333 2305 3576 2361 tantum
3627 2290 3895 2379 quando

2301 2385 2510 2474 agitur
2554 2385 2639 2452 de
2682 2384 3051 2471 disciplina,
3106 2382 3216 2449 vel
3263 2400 3429 2449 novo
3480 2382 3740 2449 honore
3789 2388 3896 2445 aut

2304 2491 2502 2540 onere
2546 2472 2951 2572 suscipiendo
2983 2493 3049 2537 ι.

2433 2565 2642 2648 Atque
2718 2570 2802 2626 ita
2875 2558 3202 2647 rescripsit
3268 2557 3640 2642 servarique
3719 2571 3893 2622 man·

2306 2649 2504 2717 davit.
2943 2714 2952 2727 ,

2437 2736 2550 2807 Die
2597 2740 2681 2803 22
2726 2735 2868 2803 Iulii
2919 2738 3112 2803 1848.

2310 2914 2560 2986 29⁷2.
2739 2911 3446 2981 SANchomAnluu

2545 3021 2850 3087 ORDINIS
2904 3015 3260 3084 SANGTAE
3305 3015 3644 3082 cmm.

2442 3179 2605 3243 Dum
2669 3170 2737 3241 in
2803 3178 2987 3242 Sacra
3050 3172 3314 3242 Rituum
3380 3171 3890 3260 congregatione

2312 3265 2477 3333 serio
2526 3262 2815 3330 examine
2863 3260 3391 3349 expendebantur
3424 3279 3678 3349 preces,
3715 3258 3892 3346 queis

2314 3350 2831 3421 Sanctimoniales
2874 3348 3125 3417 Ordinis
3184 3352 3446 3418 Sanctae
3490 3348 3715 3416 Clarae
3773 3350 3892 3413 Ho-

2315 3439 2570 3507 nasterii
2631 3436 2912 3507 Civitatis
2970 3440 3256 3503 Havanae
3309 3435 3371 3504 in
3431 3435 3641 3504 Insula
3701 3435 3892 3522 vulgo

2315 3528 2483 3595 dicta
2545 3525 2631 3592 de
2686 3524 2860 3595 cuba
2920 3524 3342 3611 efflagitabant
3401 3523 3769 3608 indultum,
3830 3531 3891 3588 ut

2317 3616 2622 3703 deinceps
2677 3632 2910 3681 nomen
2954 3615 3218 3681 Sanctw
3274 3610 3484 3679 Matris
3529 3612 3754 3679 Clarae
3796 3609 3892 3677 ad·

2316 3704 2473 3773 dere
2518 3704 2809 3769 valerent
2851 3701 2919 3768 in
2966 3702 3301 3788 Confiteor,
3355 3700 3418 3767 in
3462 3697 3658 3766 Officii
3716 3703 3894 3769 Com·

2319 3788 2883 3858 memorationibus
2943 3787 3302 3888 ceterisque
3354 3788 3419 3855 in
3459 3786 3890 3867 Orationibus,

2322 3879 2389 3945 in
2416 3876 2646 3965 quibus
2678 3875 2886 3944 Sancti
2916 3876 3227 3943 Francisci
3258 3894 3492 3944 nomen
3519 3875 3890 3962 apponitur;

2320 3966 2594 4033 innotuit
2646 3963 3176 4031 Eminentissimis
3222 3973 3287 4030 et
3329 3961 3894 4032 Reverendissimis

2319 4051 2601 4120 Patribus
2660 4051 2861 4120 Sacris
2915 4051 3169 4119 tuendis
3226 4051 3473 4119 Ritibus
3525 4048 3892 4139 praepositis

2323 4159 2526 4226 usque
2557 4139 2635 4206 ab
2659 4159 2819 4206 anno
2850 4141 3016 4207 1825
3044 4159 3096 4206 s.
3118 4158 3208 4206 m.
3234 4143 3514 4206 Leonem
3544 4141 3775 4225 Papam
3797 4138 3892 4233 Xll

2327 4228 2582 4317 propria
2613 4246 2803 4294 manu
2834 4247 2950 4316 pro
2981 4225 3570 4296 sanctimonialibus
3593 4223 3891 4294 Asceterii

2325 4319 2701 4384 Sanctorum
2733 4318 2996 4384 cosmae
3041 4329 3107 4383 et
3149 4314 3425 4384 Damiani
3460 4318 3810 4401 Martyrum
3837 4314 3890 4377 in

2325 4404 2494 4472 Urbe
2547 4404 2829 4492 signasse
2885 4405 3147 4505 gratiam
3202 4403 3697 4471 confirmationis
3761 4417 3891 4471 oon·

2325 4491 2710 4577 suetudinis,
2760 4493 2847 4561 ibi
2891 4502 3178 4561 invectae
3237 4503 3304 4557 et
3362 4490 3576 4558 eidem
3639 4493 3891 4560 Summo

2324 4579 2609 4648 Pontifici
2655 4579 3007 4681 expositae,
3046 4577 3323 4647 addendi
3371 4595 3608 4665 nempe
3655 4578 3722 4645 in
3767 4578 3892 4648 Sui·

2326 4669 2566 4757 fragiis,
2600 4679 2848 4757 quoties
2892 4667 3108 4734 locum
3154 4667 3388 4734 habent
3431 4665 3495 4734 in
3543 4666 3762 4734 divino
3803 4665 3890 4733 01·

2329 4756 2500 4839 ficio,
2535 4755 3213 4826 commemorationem
3259 4757 3526 4822 Sanctae
3572 4755 3791 4823 Clarae
3832 4753 3891 4819 il·

2330 4844 2580 4932 liusque
2625 4861 2863 4911 nomen
2909 4842 3342 4943 exprimendi,
3390 4843 3454 4911 in
3499 4841 3745 4931 privata
3780 4859 3892 4908 non

2330 4933 2538 5001 minus
2589 4950 2774 5017 quam
2834 4930 3089 5018 publica
3154 4932 3465 5017 Confiteor
3533 4929 3888 4997 recitatione

2334 5029 2603 5088 tantum.

2464 5110 2533 5173 ln
2576 5105 2919 5174 ordinariis
2962 5107 3256 5194 quocirca
3311 5105 3595 5173 comitiis
3641 5105 3719 5173 ad
3764 5104 3889 5184 Qui·

2332 5194 2531 5262 rinale
2563 5192 2928 5264 coadunatis
2956 5194 3127 5262 subsi
3217 5204 3312 5261 ata
3343 5193 3476 5281 die,
3513 5194 3709 5262 iidem
3739 5192 3889 5261 Emi·

2330 5282 2682 5352 nentissimi
2729 5293 2795 5352 et
2837 5284 3131 5352 Reveren
3180 5281 3371 5351 issimi
3414 5287 3656 5367 Patres,
3693 5282 3890 5350 audita

3654 2905 3883 2993 (5134)
