4042 5950
2000 279 2476 356 ..468-

598 442 771 508 suit:
819 462 858 506 ι
888 439 1369 507 Consulendum
1427 441 1617 507 SSmo
1682 457 1798 528 pro
1845 437 2046 525 petita
2091 455 2185 503 sa-

601 530 897 614 natione,
949 539 1012 594 et
1059 537 1269 594 orator
1313 545 1443 593 non
1490 527 1765 613 amplius
1828 524 1989 592 illud
2055 524 2190 591 effi·

605 617 727 683 ciat
760 640 824 684 ν.

735 705 850 772 Die
896 708 935 770 5
983 704 1349 771 Decembris
1402 706 1593 771 1868.

736 796 920 858 Facta
966 803 1207 875 autem,
1254 790 1363 858 die
1401 793 1480 858 10
1514 790 1806 858 eiusdem
1853 788 2095 856 mensis
2126 798 2192 853 et

607 880 752 946 anni
789 883 979 963 1868,
1029 880 1113 946 de
1160 878 1515 966 praemissis
1558 897 1678 965 per
1721 877 2196 964 infrascriptum

608 968 1038 1035 Secretarium
1085 969 1278 1035 SSsno
1322 969 1458 1033 Dno
1490 967 1716 1032 Nostro
1746 965 1853 1031 Pio
1882 969 2080 1051 Papae
2112 965 2197 1030 IX

612 1055 951 1137 relatione,
986 1055 1289 1123 Sanctitas
1325 1057 1449 1122 Sua
1481 1054 1743 1140 petitam
1773 1052 2194 1133 sanationem,

610 1153 925 1228 quatenus
970 1161 1133 1234 opus
1179 1141 1288 1226 sit,
1333 1140 1598 1210 indulsit
1643 1140 1722 1207 ad
1770 1158 2059 1206 normam
2095 1158 2198 1205 su·

615 1230 885 1318 perieris
930 1229 1271 1317 Rescripti.

614 1406 859 1476 3191.
1261 1407 1549 1473 SYREN.
1970 1404 2197 1491 (6419)

747 1585 941 1648 Rffius
987 1581 1159 1647 Dnus
1206 1579 1509 1667 Iosephus
1556 1580 1741 1645 Maria
1775 1577 2021 1645 Alberti
2055 1576 2203 1663 Epi-

617 1688 851 1755 scopus
880 1672 1105 1756 Syren.
1135 1688 1166 1732 a
1191 1670 1373 1735 Sacra
1403 1667 1664 1735 Rituum
1694 1664 2204 1753 congregatione

617 1755 1096 1842 insequentium
1141 1754 1484 1821 dubiorum
1529 1755 1914 1822 solutionem
1970 1752 2205 1821 humil·

620 1844 775 1910 lime
823 1842 1202 1931 postulavit3
1250 1842 1599 1909 nimirum:
1639 1841 1735 1930 (1)

751 1930 1026 1998 Dubium
1055 1936 1107 1998 l.
1138 1931 1348 2011 Quum
1381 1930 1686 2031 Superior
1715 1928 2072 2018 Regularis,
2100 1937 2208 1995 aut

623 2020 781 2087 alius
812 2037 929 2107 pro
960 2039 1067 2103 eo,
1104 2017 1332 2106 recipit
1377 2022 1763 2106 Episcopum
1807 2017 2211 2086 ordinarium

623 2107 701 2174 ad
749 2107 1108 2191 ingressum
1137 2107 1460 2173 Ecclesiae
1505 2126 1659 2173 suae
1702 2126 1773 2172 ac
1818 2105 1878 2172 ei
1926 2123 2212 2192 asperso-

625 2195 794 2261 rium
839 2194 1136 2282 porrigit,
1193 2205 1448 2282 praeter
1493 2192 2039 2282 superpelliceum
2099 2193 2213 2259 de·

626 2281 799 2349 ferre
843 2301 928 2348 ne
973 2282 1171 2349 debet
1217 2283 1407 2348 etiam
1453 2278 1747 2349 stolam?
1789 2285 1870 2347 Et
1900 2290 2214 2367 quatenus

628 2368 1026 2452 affirmative,
1074 2380 1285 2470 potest
1314 2388 1397 2435 ne
1429 2369 1550 2436 hoc
1585 2370 1794 2437 lacere
1826 2387 2214 2454 percurrens

626 2476 751 2524 una
782 2476 928 2524 cum
977 2461 1292 2546 Episcopo
1340 2468 1587 2542 partem
1634 2460 2000 2525 conventus
2034 2474 2216 2521 causa

628 2544 970 2613 comitandi
1031 2546 1216 2611 illum
1269 2562 1474 2634 usque
1520 2546 1600 2612 ad
1648 2554 1897 2632 portam
1953 2542 2216 2610 interio-

630 2651 770 2730 rem
812 2633 1164 2784 Ecclesiae,
1214 2631 1277 2698 in
1322 2650 1445 2717 qua
1493 2632 1553 2697 ei
1597 2631 1879 2719 porrigat
1931 2649 2217 2719 asperso·

631 2737 801 2785 rium

764 2805 1041 2873 Dubium
1078 2812 1152 2875 ll.
1199 2809 1338 2873 Non
1384 2804 1779 2874 obstantibus
1824 2806 2108 2875 Decretis
2153 2807 2221 2872 in

634 2894 1021 2961 contrarium
1064 2897 1399 2964 Sacrorum
1450 2896 1712 2963 Rituum
1766 2892 2219 2981 congregatio·

633 2982 758 3067 nis,
809 2993 1021 3071 potest
1065 3003 1148 3050 ne
1197 2983 1453 3049 tolerari
1500 2985 1896 3052 consuetudo
1927 2983 2222 3070 pluribus

637 3070 713 3137 ab
776 3070 953 3137 annis
1021 3070 1384 3138 introducta
1452 3071 1516 3139 in
1583 3072 1867 3139 Dioecesi
1937 3069 2219 3160 Syrensi,

636 3158 809 3244 quod
861 3158 924 3224 in
971 3159 1245 3248 publicis
1289 3160 1802 3227 Processionibus
1852 3157 2223 3248 cappellani

637 3247 887 3335 piarum
909 3248 1415 3331 associationum,
1443 3247 1816 3315 comitantes
1851 3247 2222 3315 earumdem

637 3334 1023 3403 Consodales
1082 3335 1202 3403 sub
1254 3336 1509 3423 propria
1556 3338 1760 3402 Cruce
1821 3334 2223 3418 incedentes,

638 3421 931 3490 deserant
978 3422 1217 3490 Stolam
1262 3440 1459 3509 super
1503 3441 1672 3523 supe·
1748 3420 2026 3489 elliceo?

771 3509 1044 3576 Dubium
1076 3513 1176 3578 111.
1225 3514 1293 3576 In
1340 3509 1678 3596 publica,1
1766 3523 1863 3576 est
1911 3510 1974 3577 in
2022 3514 2226 3578 Gene-

639 3596 755 3664 rali
784 3596 1221 3680 Ordinatione,
1256 3616 1400 3664 cum
1443 3598 1875 3667 Diacouandus
1919 3598 2003 3664 ob
2051 3598 2225 3665 inad-

642 3682 1024 3751 vertentiam
1091 3684 1378 3785 tetigerit
1437 3705 1627 3753 manu
1689 3686 1939 3753 sinistra
1988 3687 2229 3754 librum

645 3770 1165 3857 Evangeliorum,
1213 3771 1307 3839 illi
1352 3774 1429 3839 ab
1472 3773 1815 3841 Ordinante
1846 3774 1922 3841 ad
1973 3784 2229 3862 tangen-

644 3858 803 3926 dum
849 3871 1245 3960 porrectum,
1292 3873 1473 3928 estne
1522 3859 1638 3927 hac
1686 3862 1749 3927 in
1796 3880 1866 3928 re
1914 3862 2100 3929 alicui
2136 3882 2229 3929 sa-

645 3947 884 4014 natiom
932 3945 1166 4014 locus?
2160 3974 2168 3987 ·

777 4034 1051 4101 Dubium
1084 4039 1192 4104 lv.
1224 4038 1587 4102 Paramenta
1619 4037 1848 4103 coloris
1885 4036 2055 4122 flavi,
2094 4048 2230 4105 tum

646 4122 847 4189 serica
895 4130 1031 4189 tum
1066 4142 1146 4189 ex
1178 4143 1332 4189 auro
1365 4132 1685 4209 contexta,
1736 4137 2085 4212 possuntne
2131 4127 2234 4194 ad-

647 4209 854 4278 hiberi
902 4230 1015 4299 pro
1061 4211 1229 4297 albo,
1283 4211 1500 4295 viridi,
1558 4212 1750 4279 rubro
1805 4233 1874 4279 ac
1921 4212 2231 4300 violaceo,

651 4296 1029 4389 praesertim
1059 4299 1125 4365 in
1157 4300 1455 4367 Ecclesiis
1485 4300 1994 4389 pauperioribus,
2025 4301 2234 4369 lacere

649 4403 778 4453 non
820 4385 1176 4454 valentibus
1205 4398 1571 4476 paramenta
1617 4389 2017 4474 singulorum
2066 4389 2234 4456 colo-

650 4493 798 4542 rum
830 4494 864 4540 a
893 4475 1162 4544 Rubrica
1194 4474 1781 4564 praescriptorum?

782 4562 1055 4630 Dubium
1085 4566 1161 4631 V.
1211 4570 1307 4631 An
1355 4564 1421 4631 in
1465 4565 1753 4633 Tobaleis
1789 4563 2130 4650 Altarium,
2175 4567 2237 4634 in

650 4648 828 4718 Albis
885 4662 949 4717 et
1007 4652 1072 4718 in
1128 4652 1618 4740 superpelliceis
1678 4652 1934 4718 tolerari
1994 4651 2238 4739 possint

650 4738 793 4807 vela
839 4741 1321 4825 transparentia,
1357 4759 1520 4826 quae
1567 4752 2052 4827 repraesentent
2083 4744 2238 4808 Cru-

653 4844 783 4912 ces,
830 4828 1214 4912 Ostensoria,
1262 4827 1503 4897 calices
1549 4846 1696 4894 cum
1734 4829 1971 4911 Hostia,
2006 4828 2240 4917 figuras

651 4915 1044 5003 Angelorum
1089 4928 1154 4982 et
1199 4916 1317 4983 alia
1361 4916 1591 4982 similia
1635 4936 1807 4983 sacra
1855 4915 2156 4984 obiecta?

785 5006 969 5070 Sacra
999 5022 1154 5071 vero
1184 5004 1408 5071 eadem
1431 5006 1883 5091 congregatio,
1915 5005 2241 5075 referente

652 5090 1008 5180 subscripto
1031 5092 1385 5159 Secretario
1413 5104 1478 5159 et
1500 5093 1708 5160 audita
1734 5093 1909 5182 prius
1929 5095 2247 5170 sententia

656 5176 917 5245 alterius
977 5197 1060 5245 ex
1120 5180 1623 5267 Apostolicarum
1685 5181 2242 5250 caeremoniarum

792 5368 876 5441 (ι)
913 5370 978 5426 n.
1016 5370 1158 5427 nuh.
1196 5373 1237 5429 1.

2294 434 2627 523 magistris,
2650 453 2722 500 re
2751 444 3000 500 mature
3028 451 3367 521 perpensa,
3396 433 3743 522 propositis
3763 432 3862 500 du·

2297 522 2413 596 biis
2459 520 2941 589 rescribendum
2986 522 3281 588 censuit:

2425 610 2523 677 Ad
2570 613 2618 676 1.
2654 631 2693 675 ι
2717 608 3025 694 Negative
3058 631 3123 675 ν.

2426 698 2524 766 Λᾶ
2570 701 2647 764 11.
2680 719 2719 763 ι
2753 695 3059 785 Negative
3091 718 3160 763 »-

2429 786 2525 852 Ad
2560 789 2659 853 111.
2710 807 2749 849 α
2780 786 2879 854 Ad
2922 786 3175 851 Sacram
3206 785 3695 871 inquisitionem
3742 788 3877 854 Dni-

2300 874 2613 941 versalem
2646 895 2713 941 ».

2430 963 2527 1029 Ad
2577 965 2684 1030 tv.
2731 983 2770 1027 ι
2801 961 3018 1040 Quoad
3056 972 3419 1049 paramenta
3450 962 3693 1028 coloris
3724 961 3879 1044 davi,

2301 1049 2654 1137 Negative3
2716 1050 2927 1135 quoad
2985 1061 3346 1135 paramenta
3402 1069 3489 1117 ex
3538 1069 3704 1117 auro
3750 1069 3881 1116 con·

2306 1148 2514 1221 texta,
2578 1137 3015 1222 Affirmativ03
3077 1138 3341 1204 excluso
3407 1147 3631 1204 tamen
3685 1140 3885 1204 colore

2302 1225 2588 1292 violaceo
2627 1248 2691 1293 ν.

2437 1313 2532 1380 Ad
2581 1317 2657 1381 V.
2709 1334 2748 1378 ι
2780 1317 2965 1380 Posse
3008 1313 3296 1399 permitti
3329 1336 3393 1380 ι.

2439 1404 2649 1489 Atque
2694 1402 2777 1467 ita
2822 1400 3173 1488 rescripsit.

2440 1490 2551 1555 Die
2601 1493 2640 1555 5
2687 1488 3058 1557 Decembris
3109 1493 3301 1559 1868.

2313 1663 2567 1733 3192.
2877 1666 3321 1732 unGELLEN.
3674 1667 3899 1753 (5420)

2442 1842 2511 1904 In
2560 1849 2878 1929 postrema
2931 1840 3259 1908 Relatione
3313 1852 3514 1909 status
3574 1843 3900 1910 Ecclesiae

2312 1926 2650 2012 Urgellen.
2699 1927 2774 1994 ad
2825 1932 3075 1995 Sacram
3122 1930 3711 2014 congregationem
3743 1934 3903 1999 con·

2314 2013 2442 2081 cilii
2487 2014 2876 2099 transmissa,
2923 2014 3091 2082 inter
3136 2016 3248 2084 alia
3293 2018 3618 2085 habentur
3656 2019 3790 2086 duo
3820 2039 3907 2086 se-

2315 2102 2575 2188 quentia
2618 2103 2972 2181 Postulata;
3020 2103 3369 2172 nimirum:
4008 2169 4009 2178 2

2447 2193 2495 2255 Ι.
2546 2194 2614 2257 ln
2645 2194 2907 2278 ³corona
2940 2193 3288 2278 Aragoniae
3335 2193 3613 2262 habetur
3646 2194 3911 2281 privile-
4008 2213 4009 2290 ζ

2319 2278 2497 2367 gium
2522 2278 2888 2347 celebrandi
2913 2280 3385 2348 Processionem
3407 2284 3714 2369 corporis
3736 2281 3917 2349 Chri·

2319 2365 2398 2432 sti
2428 2376 2576 2453 post
2605 2370 2919 2453 vesperas
2945 2377 3010 2433 et
3034 2369 3323 2438 cantandi
3347 2369 3594 2437 Missam
3617 2373 3915 2437 Conven-

2320 2456 2557 2521 tualem
2605 2473 2754 2521 cnm
2798 2454 3216 2541 Expositione
3264 2457 3439 2540 SSmi
3484 2456 3914 2525 sacramenti.

2318 2541 2501 2621 Quod
2546 2553 2618 2609 ut
2666 2552 2841 2608 recte
2890 2543 2996 2609 liat
3044 2555 3109 2609 et
3154 2543 3525 2612 celebretur
3566 2544 3772 2632 digne
3823 2548 3919 2611 ln·

2320 2629 2565 2697 stitutio
2613 2628 2768 2698 tanti
2813 2629 3119 2717 mysterii,
3168 2631 3324 2699 dum
3369 2644 3656 2700 cantatur
3708 2633 3919 2698 Prima

2324 2720 2388 2785 in
2433 2719 2670 2802 Choro,
2719 2728 3007 2785 cantatur
3050 2718 3243 2786 etiam
3279 2718 3460 2787 Missa
3503 2720 3827 2788 solemnis
3859 2720 3921 2787 in

2324 2806 2622 2892 Gappella
2682 2806 2853 2872 dicta
2909 2807 3153 2891 corpus
3203 2807 3482 2891 Christi,
3548 2808 3657 2876 ubi
3720 2808 3925 2876 habe-

2324 2893 2553 2960 bantur
2600 2893 2876 2962 concilia
2924 2894 3369 2977 Provincialia;
3420 2906 3485 2963 et
3531 2898 3595 2964 in
3638 2916 3716 2964 ea
3768 2915 3924 2963 con·

2325 2992 2611 3049 secratur
2676 2983 2890 3049 Hostia
2961 2985 3361 3067 exponenda.
3430 2990 3575 3053 Post
3640 2985 3924 3052 Primam

2326 3068 2507 3137 venit
2551 3070 2776 3137 clerus
2808 3083 2875 3137 et
2903 3071 2981 3139 ad
3029 3070 3248 3138 Altare
3292 3073 3491 3141 maius
3537 3071 3925 3140 solemniter

2327 3156 2646 3227 defertur.
2690 3158 2893 3226 Simili
2941 3178 3096 3227 vero
3144 3159 3336 3228 modo
3374 3161 3628 3229 Getam
3658 3160 3773 3238 fit;
3809 3161 3923 3228 ubi

2329 3265 2484 3313 vero
2532 3246 2882 3333 exponitur
2921 3247 3086 3315 sicut
3118 3248 3182 3314 in
3213 3247 3347 3315 aliis
3384 3248 3923 3336 expositionibus,

2329 3335 2395 3401 id
2428 3345 2524 3401 est
2557 3354 2636 3400 ex
2665 3335 3233 3422 praeconsecratis.
3279 3337 3561 3404 Tolerari
3590 3356 3676 3403 ne
3709 3347 3927 3424 potest

2329 3423 2485 3491 haec
2533 3421 2989 3489 consuetudo?

2460 3514 2535 3576 ll.
2586 3510 3054 3597 Praescriptum
3113 3521 3210 3577 est
3269 3522 3342 3579 ut
3395 3513 3662 3579 SSmum
3708 3516 3927 3582 Sacra-

2332 3609 2621 3664 mentum
2646 3616 2774 3665 non
2797 3609 3157 3665 asservetur
3180 3600 3246 3667 in
3270 3599 3520 3667 duobus
3553 3600 3714 3667 locis
3738 3601 3811 3667 in
3835 3620 3928 3666 ea-

2331 3686 2482 3753 dem
2517 3685 2820 3753 Ecclesia.
2854 3687 2971 3753 Hic
2998 3698 3290 3755 servatur
3331 3690 3395 3754 in
3438 3686 3664 3754 maiori
3697 3688 3925 3772 Altari,

2335 3785 2399 3841 et
2429 3796 2463 3839 a
2495 3772 2807 3861 principio
2852 3773 3043 3841 huius
3088 3775 3292 3843 seculi
3336 3776 3415 3844 ad
3463 3776 3626 3844 latus
3673 3777 3927 3862 Templi

2329 3861 2723 3930 Gathedralis
2743 3862 3046 3950 cappella
3080 3873 3440 3931 constructa
3467 3875 3564 3929 est
3587 3883 3709 3951 pro
3732 3866 3929 3933 SSmo

2333 3951 2777 4031 Sacramento;
2828 3971 2992 4037 quae
3040 3971 3185 4018 cum
3229 3951 3593 4019 cathedrali
3645 3970 3933 4020 commu-

2333 4037 2526 4120 nicat,
2574 4047 2824 4125 portam
2870 4046 3084 4105 tamen
3130 4039 3368 4106 habens
3412 4057 3530 4126 pro
3583 4038 3775 4123 riam,
3815 4059 3936 4128 per

2336 4142 2527 4211 quam
2573 4123 2908 4211 aliquoties
2955 4126 3268 4195 Viaticum
3329 4127 3406 4194 ad
3465 4127 3484 4193 i
3686 4146 3760 4194 os
3826 4129 3935 4196 de-

2336 4215 2568 4281 fertur.
2620 4215 2833 4280 Potest
2876 4234 2959 4281 ne
3005 4214 3297 4302 permitti
3356 4225 3429 4282 ut
3482 4216 3675 4281 simul
3730 4236 3935 4283 asser-

2337 4312 2528 4369 vetur
2574 4301 2639 4368 in
2686 4302 2881 4368 Altari
2930 4301 3207 4370 maiori?

2467 4392 2673 4467 Quum
2732 4402 2946 4458 autem
3007 4390 3235 4458 eadem
3297 4391 3608 4459 Postulata
3665 4412 3700 4456 a
3750 4411 3937 4480 prae-

2339 4477 2502 4544 dicta
2548 4481 2730 4545 Sacra
2778 4478 3294 4566 Congregatione
3349 4479 3430 4547 ad
3475 4478 3663 4545 aliam
3711 4481 3939 4547 Sacro·

2341 4584 2485 4632 rum
2552 4566 2813 4634 Rituum
2848 4567 3108 4635 ‚fuerint
3168 4586 3283 4654 pro
3342 4577 3702 4655 opportuna
3767 4568 3941 4635 solu-

2344 4653 2519 4720 tione
2551 4655 2940 4733 transmissa;
2991 4654 3174 4738 haec,
3208 4654 3538 4722 referente
3574 4655 3940 4757 subscripto

2342 4740 2699 4808 Secretario
2729 4742 3071 4828 auditaque
3103 4742 3294 4808 etiam
3324 4741 3641 4810 sententia
3672 4742 3941 4812 alterius

2344 4848 2423 4894 ex
2471 4830 2979 4918 Apostolicarum
3011 4831 3570 4898 caeremoniarum
3599 4831 3938 4916 Magistris,

2344 4917 2420 4984 ad
2456 4927 2800 5004 utrumque
2833 4919 3225 4985 Postulatum
3257 4917 3616 4987 rescribere
3648 4928 3787 4985 rata
3810 4930 3936 4986 est:

2346 5028 2384 5069 ι
2419 5008 2724 5075 Servetur
2756 5007 3157 5073 consuetudo
3204 5006 3328 5073 loci
3363 5029 3430 5073 ν.
3482 5008 3693 5093 Atque
3723 5006 3814 5073 ita
3846 5027 3939 5073 re-

2348 5092 2626 5180 scripsit.

2480 5179 2592 5247 Die
2640 5185 2679 5247 ῦ
2724 5182 3096 5251 Decembris
3149 5185 3340 5250 1868.
