4042 5950
2031 237 2507 328 —352—

712 401 835 473 tius
882 404 1170 475 votivam
1222 402 1360 475 sine
1418 406 1683 490 Gloria,
1734 407 2023 496 exceptis
2076 405 2216 473 sab·

671 493 812 580 atis,
860 506 926 563 et
970 496 1109 566 sine
1160 494 1402 562 Credo?

751 588 816 653 8.
851 588 902 651 A
932 583 1165 652 Rituali
1196 585 1519 651 Mexicano
1551 584 2007 672 praescribitur
2083 584 2212 651 uod

621 673 934 740 Parochus
981 676 1242 741 Sacrum
1290 673 1601 742 viaticum
1647 672 1903 740 infirmo
1948 672 2047 740 col
2078 683 2215 738 atu-

622 776 753 845 rus,
803 761 979 851 prius
1025 781 1215 849 quam
1250 761 1412 828 illud
1458 761 1770 847 conferat,
1819 761 1902 827 de
1951 760 2080 828 fide
2111 781 2216 827 ae-

618 849 785 937 groti
832 850 1190 918 sciscitetur
1235 869 1354 937 per
1389 852 1728 937 quamdam
1761 848 1937 915 Fidei
1969 848 2214 936 profes-

618 939 909 1020 sionem,
959 957 1125 1026 quae
1170 937 1253 1005 ibi
1298 937 1465 1005 sicut
1508 939 1576 1005 in
1621 939 1964 1022 Toletano,
2013 939 2214 1004 conti-

619 1036 835 1093 netur.
873 1025 1031 1093 Hinc
1062 1027 1350 1113 quaestio
1396 1037 1529 1094 est:
1581 1031 1677 1094 An
1722 1038 1974 1113 sumpta
2005 1026 2212 1093 semel

620 1113 1011 1182 Eucharistia
1060 1135 1179 1216 per
1210 1115 1475 1183 modum
1509 1115 1765 1198 Viatici,
1811 1114 1863 1179 si
1910 1124 2211 1202 aegrotus

618 1204 865 1271 diutino
914 1202 1084 1270 letali
1132 1204 1354 1270 morbo
1401 1205 1688 1272 laborans
1737 1222 1955 1271 rursus
1996 1214 2063 1269 et
2095 1203 2213 1270 ite-

617 1311 762 1359 rum
822 1302 1044 1379 poscat
1089 1291 1490 1359 Sanctissimo
1537 1297 1942 1360 sacramento
1990 1291 2209 1374 refici,

618 1390 913 1448 teneatur
978 1380 1289 1447 Parocbus
1342 1380 1611 1467 singulis
1656 1378 1902 1446 vicibus
1959 1379 2214 1467 praedi·

618 1478 782 1536 ctam
813 1469 990 1536 Fidei
1025 1468 1485 1557 professionem
1517 1479 1868 1558 expetere3
1919 1468 2025 1534 vel
2071 1488 2214 1555 pos-

618 1558 699 1623 sit
745 1557 917 1624 illam
967 1555 1311 1640 omittere,
1360 1557 1751 1625 conserendo
1799 1567 2047 1622 tantum
2096 1577 2215 1645 per

618 1648 848 1714 verba:
898 1647 1146 1729 Accipe,
1198 1648 1438 1731 frater,
1506 1644 1875 1714 Viaticum?

751 1740 816 1804 9.
868 1738 964 1801 An
1009 1732 1074 1800 in
1122 1734 1521 1820 expositione
1569 1734 1951 1803 sanctissimi
2000 1737 2214 1802 Sacra-

621 1824 821 1890 menti
847 1833 1027 1891 extra
1054 1822 1328 1905 Missam,
1356 1824 1664 1890 Diaconus
1687 1824 1861 1890 solus
1892 1824 2092 1910 possit
2122 1824 2213 1890 vi·

619 1930 761 1980 cem
795 1930 1026 2000 gerere
1073 1910 1431 1979 Sacerdotis
1466 1913 1529 1979 in
1564 1911 1950 1999 exponendo
1999 1924 2066 1977 et
2112 1931 2212 1978 re·

619 2000 993 2086 condend03
1042 2021 1113 2067 ac
1160 2019 1307 2073 cum
1353 2001 1758 2069 Sanctissimo
1807 2003 2214 2067 Sacramento

619 2088 1007 2156 benedicere
1061 2088 1346 2177 populo,
1395 2100 1732 2176 antequam
1777 2090 2213 2156 Ostensorium

621 2178 685 2244 in
732 2176 1014 2248 Sacrario
1058 2177 1367 2263 reponat?

755 2270 861 2334 10.
912 2269 1007 2334 An
1039 2265 1348 2335 Diacouus
1394 2285 1542 2333 cum
1575 2266 1837 2355 pluviali
1884 2266 2083 2356 possit
2115 2287 2213 2333 ca-

618 2354 854 2422 davera
900 2354 1189 2422 comitari
1233 2368 1310 2421 ‘ac
1360 2357 1444 2423 de
1492 2354 1746 2421 licentia
1794 2355 2052 2422 Parochi
2103 2356 2215 2423 be-

618 2444 924 2511 nedicere
971 2443 1417 2530 sepulturam?
1718 2441 1729 2447 ’

757 2535 858 2598 11.
904 2534 1001 2598 An
1041 2533 1106 2598 in
1138 2532 1442 2600 Ecclesiis
1474 2532 1853 2615 minoribus,
1888 2531 1996 2598 ubi
2031 2542 2216 2598 extra
2259 2562 2264 2567 ·

618 2629 899 2687 octavam
948 2621 1313 2687 celebratur
1353 2623 1610 2687 Festum
1643 2619 2033 2687 Sanctissimi
2062 2623 2215 2687 Gor·

620 2708 792 2796 poris
845 2708 1116 2793 Christi,
1165 2710 1344 2775 Missa
1400 2728 1540 2775 esse
1594 2710 1827 2777 debeat
1888 2709 1972 2776 de
2027 2711 2214 2775 Festo

620 2808 1002 2863 occurrente
1067 2816 1215 2886 cum
1278 2799 1882 2865 commemoratione
1945 2797 2215 2864 Sanctis-

618 2883 761 2950 simi
796 2886 1220 2965 Sacramenti;
1254 2884 1360 2952 vel
1393 2884 1568 2952 Missa
1601 2886 1686 2953 de
1718 2885 1823 2956 die
1858 2885 2017 2952 infra
2051 2899 2214 2953 octa·

500 3027 509 3034 .
617 2992 762 3040 vam
810 2974 1196 3042 Sanctissimi
1241 2975 1541 3064 Corporis
1571 2977 1803 3044 Christi
1850 2995 1997 3042 cum
2030 2975 2212 3043 unica

616 3062 949 3149 Oratione,
1004 3065 1269 3144 Gloria,
1326 3066 1520 3130 Credo
1575 3078 1642 3132 et
1686 3064 2080 3131 Praelatione
2126 3063 2213 3131 de

621 3150 1005 3219 Nativitate‘?

756 3244 858 3308 12.
911 3246 1008 3310 An
1054 3248 1314 3310 Festum
1356 3242 1565 3310 Sancti
1596 3242 1874 3326 Patroni,
1923 3241 2096 3327 quod
2131 3260 2211 3307 ex

619 3331 1033 3419 dispositione
1061 3352 1118 3399 s.
1150 3350 1239 3397 m.
1275 3330 1563 3417 Gregorii
1597 3335 1796 3419 Papae
1828 3327 1993 3399 XVl'
2015 3341 2214 3397 trans-

618 3421 770 3487 ferri
817 3419 1014 3486 debet
1059 3420 1137 3487 ad
1166 3420 1554 3487 Dominicam
1600 3420 1895 3507 proxime
1940 3437 2215 3505 sequen-

619 3520 778 3590 tem,
813 3508 864 3573 si
900 3510 1056 3576 haec
1087 3508 1410 3575 Dominica
1457 3508 1831 3596 praepedita
1862 3506 1970 3591 sit,
2005 3526 2213 3574 aman·

619 3596 757 3663 dari
817 3599 1012 3683 possit
1073 3597 1149 3664 ad
1207 3596 1389 3663 aliam
1443 3597 1889 3682 insequentem
1936 3596 2213 3662 Domini-

620 3701 799 3770 cam3
847 3686 952 3752 vel
980 3685 1108 3752 die
1154 3685 1408 3773 propria
1465 3685 1925 3753 celebrandum
1970 3682 2098 3750 sit‘?

755 3776 863 3840 13.
912 3780 1008 3840 An
1056 3778 1321 3840 Decreta
1369 3775 1592 3840 Sacrae
1637 3774 1900 3841 Rituum
1932 3775 2215 3860 Congre-

619 3860 888 3948 gationis
935 3862 1094 3929 dum
1136 3861 1421 3929 eduntur
1466 3862 1781 3947 derogent
1826 3860 2213 3948 cuicumque

620 3949 971 4020 contrariae
1021 3952 1308 4018 invectae
1356 3949 1832 4036 consuetudini,
1873 3948 2065 4016 etiam
2098 3951 2214 4016 im-

619 4038 1057 4120 memorabili3
1096 4049 1160 4105 et
1193 4039 1256 4106 in
1299 4059 1446 4105 casu
1477 4036 1876 4123 affirmativo,
1927 4035 2215 4125 obligent

622 4128 811 4195 etiam
859 4130 1060 4216 quoad
1115 4124 1609 4194 conscientiam?

757 4220 858 4284 14.
910 4219 1116 4296 Quum
1172 4215 1440 4284 Sacrista
1492 4217 1830 4303 Presbyter
1875 4216 2214 4302 superpel-

619 4305 784 4373 liceo
833 4316 898 4372 et
944 4306 1114 4374 81013
1162 4304 1426 4371 indutus
1489 4306 1700 4373 adstet
1753 4304 2066 4372 canonico
2112 4322 2214 4369 so-

621 4395 926 4462 lemniter
967 4393 1342 4477 celebranti,
1393 4393 1549 4460 dum
1599 4392 1660 4460 in
1706 4392 2069 4461 Ostensorio
2119 4411 2216 4459 re·

619 4484 882 4570 ponitur
938 4482 1144 4549 Hostia
1208 4500 1324 4569 pro
1385 4482 1797 4564 renovatione
1851 4492 1917 4547 et
1964 4482 2217 4570 exposi-

620 4572 795 4639 tione
826 4571 1216 4639 Sanctissimi
1249 4572 1659 4655 Sacramenti,
1693 4570 1935 4659 poterit
1965 4588 2049 4636 ne
2081 4571 2217 4637 Dia-

621 4679 820 4728 conus
865 4661 984 4727 hoc
1033 4660 1097 4727 in
1146 4678 1291 4727 casu
1339 4677 1598 4726 manere
1643 4660 1721 4727 ad
1754 4657 2069 4726 sinistram
2101 4662 2219 4726 Ce-

621 4750 949 4835 lebrantis,
989 4769 1064 4817 eo
1097 4747 1270 4839 quod
1305 4747 1479 4814 idem
1512 4748 1780 4816 Sacrista
1812 4768 1889 4815 eo
1924 4758 2219 4835 tempore

622 4837 760 4904 eius
804 4839 977 4907 vices
1023 4848 1248 4926 gerat3
1297 4835 1404 4903 vel
1452 4856 1716 4905 necesse
1764 4848 1858 4904 est
1902 4847 1974 4904 ut
2006 4836 2219 4903 veniat

620 4926 698 4993 ad
747 4945 948 4995 cornu
996 4927 1318 5016 Epistolae
1366 4924 1454 4991 nil
1503 4925 1588 4991 ibi
1634 4923 1959 4993 facturus?

753 5020 935 5086 Sacra
983 5016 1244 5084 Rituum
1275 5015 1726 5115 congregatio,
1774 5015 1851 5082 ad
1899 5015 2220 5092 Quirinale

620 5102 983 5191 subsignata
1014 5103 1121 5172 die
1153 5103 1502 5171 coadunata
1533 5124 1597 5171 ιη
1627 5104 1956 5171 Ordinario
1990 5107 2219 5186 coetu,

619 5203 764 5280 post
795 5192 1074 5281 diligens
1108 5192 1572 5278 cuiuscumque
1605 5192 1780 5260 dubii
1814 5210 2108 5275 examen,
2144 5191 2221 5258 ad

621 5280 1004 5350 relationem
1049 5279 1389 5369 subscripti
1432 5279 1792 5365 secretarii,
1826 5279 2222 5369 responden-

627 5371 784 5438 dum
833 5368 1118 5438 censuit:

2451 406 2546 473 Ad
2617 411 2676 473 1.
2747 427 2785 470 ‹
2833 404 3342 495 Intelligendum
3409 408 3490 475 de
3559 404 3912 494 Reliqniis3

2320 493 2529 581 quoad
2562 494 2976 584 Episcopum,
3010 506 3308 562 servetur
3336 494 3817 563 Gaeremoniale
3848 519 3914 560 ».

2451 583 2548 651 Ad
2596 588 2661 651 2.
2712 583 3094 669 ‹‚Negative
3129 605 3192 650 ».

2449 673 2547 741 Ad
2596 675 2662 738 3.
2712 695 2750 738 ‹
2783 670 3174 741 Affirmative
3206 697 3268 742 ».

2448 760 2546 828 Ad
2596 765 2660 829 4.
2713 783 2751 826 ‹
2783 766 2855 830 In
2899 779 3045 827 casu
3091 780 3234 829 esse
3276 760 3635 830 sedendum
3667 784 3730 826 v.

2446 849 2545 916 Ad
2595 854 2662 917 5.
2713 872 2751 915 α
2785 850 3040 917 Servari
3087 869 3272 938 posse
3306 872 3370 915 t.

2449 939 2545 1006 Ad
2595 941 2658 1004 6.
2710 962 2749 1002 ι
2783 938 3045 1017 Licere;
3094 938 3209 1007 sed
3257 940 3616 1006 cavendum
3674 959 3766 1006 ne
3819 941 3916 1004 At-

2319 1024 3517 1183 tareApogtatiqusepplcro·ixndmihniieat
3551 1052 3612 1095 ».
3641 1120 3686 1182 F
3768 1116 3812 1182 t·

2639 1163 2656 1180 .
2706 1136 2747 1181 ι
2835 1134 2917 1184 on
2991 1133 3169 1182 enen
3225 1136 3258 1181 a
3412 1134 3592 1183 issam
3689 1136 3914 1182 esi».

2350 1291 2359 1302 Ο
2443 1204 2540 1271 Ad
2588 1208 2653 1271 8.
2705 1198 3088 1272 (standum
3138 1223 3280 1271 esse
3331 1204 3639 1290 peculiari
3697 1205 3919 1293 dispo-

2312 1292 2526 1361 sitioni
2560 1317 2622 1362 ».

2445 1380 2542 1448 Ad
2591 1384 2655 1449 9.
2707 1402 2745 1445 α
2781 1387 2848 1449 ιιι
2883 1380 3272 1469 exponendo
3315 1391 3561 1451 tantum
3591 1395 3660 1449 et
3689 1401 3919 1451 recon-

2315 1469 2531 1537 dendo
2577 1469 2983 1537 sanctissimo
3030 1471 3435 1537 sacramento
3455 1490 3524 1537 7».
3867 1506 3874 1515 ·

2447 1558 2542 1625 Ad
2598 1562 2703 1625 1⁰.
2754 1580 2792 1623 α
2825 1556 3133 1643 negative
3168 1581 3235 1624 r.

2447 1647 2543 1714 Ad
2598 1650 2698 1715 11.
2749 1669 2790 1711 ι
2823 1650 2912 1714 De
2949 1651 3138 1715 Festo
3172 1659 3590 1727 occurrente;
3638 1646 3770 1715 nisi
3819 1650 3922 1716 ba·

2318 1735 2542 1804 beatur
2589 1733 2916 1803 indultum
2951 1758 3015 1803 »-

2446 1823 2543 1891 Ad
2622 1827 2724 1889 12.
2797 1845 2835 1888 α
2891 1823 3432 1891 Transferendum
3511 1843 3656 1893 cum
3741 1825 3923 1893 mssa

2315 1923 2561 2068 11301οω
2622 1913 2699 1980 ad
2759 1913 3024 1979 alteram
3078 1910 3469 1981 Dominicam
3531 1932 3661 1983 non
3711 1912 3926 2002 impe-

2363 2012 2512 2067 ttam
2544 2023 2608 2066 ».

2445 2090 2543 2157 Ad
2593 2093 2698 2157 13.
2750 2111 2788 2155 ‹
2821 2088 3251 2169 Affirmative;
3293 2090 3409 2159 sed
3444 2090 3926 2159 recurrendum

2317 2176 2383 2243 in
2427 2177 2796 2263 particulari
2830 2201 2893 2244 ι.

2450 2266 2548 2333 Ad
2600 2269 2703 2333 14.
2756 2288 2794 2332 ‹
2832 2271 2984 2333 Esse
3030 2266 3310 2337 officium
3354 2266 3636 2349 Diaconi,
3685 2280 3764 2333 et
3798 2290 3928 2337 non

2320 2353 2629 2421 Sacristae
2664 2377 2729 2421 ».

2447 2443 2660 2528 Atque
2687 2443 2769 2511 ita
2802 2444 3158 2511 rescribere
3193 2456 3322 2512 rata
3347 2456 3534 2512 estet
3558 2445 3929 2514 declarare.

2451 2530 2562 2596 Die
2615 2534 2689 2597 11
2741 2531 3140 2621 Septembris
3188 2536 3381 2602 1847.

2321 2672 2579 2742 2952.
2953 2644 3280 2745 sLsssN.
3621 2700 3630 2707 ·
3686 2676 3931 2762 (sios)

2441 2798 2647 2875 Quum
2703 2798 3302 2868 Reverendissimus
3348 2799 3601 2867 Blesen.
3651 2802 3934 2888 Episco-

2313 2905 2436 2975 pus
2469 2888 2696 2953 Sacrae
2725 2886 2989 2953 Rituum
3021 2886 3510 2977 congregationi
3543 2892 3936 2976 exposuerit

2315 2975 2490 3061 quod
2537 2976 2602 3042 in
2647 2994 2759 3042 sua
2805 2976 3089 3044 Blesensi
3134 2976 3447 3061 Dioecesi,
3479 2976 3649 3045 sicut
3679 2979 3757 3044 in
3790 2979 3934 3066 qui-

2316 3063 2583 3131 busdam
2630 3064 2767 3129 aliis
2804 3065 3147 3132 Galliarum
3177 3063 3611 3150 Dioecesibus,
3645 3086 3932 3134 consue·

2317 3150 2475 3219 tudo
2526 3151 2792 3218 invaluit
2836 3152 3038 3220 sicubi
3084 3152 3322 3220 desunt
3368 3153 3625 3220 Diaconi
3659 3165 3733 3220 et
3769 3156 3934 3224 Sub·

2314 3239 2564 3307 diaconi
2615 3260 2732 3328 pro
2786 3240 3218 3309 caeremoniis
3278 3241 3605 3309 missarum
3664 3245 3932 3312 Solem·

2321 3327 2500 3394 nium
2530 3328 2693 3396 duos
2737 3328 2955 3397 Laicos
2985 3328 3119 3396 sive
3152 3329 3418 3398 iuvenes
3449 3330 3583 3396 sive
3617 3351 3698 3398 ur
3719 3345 3934 3400 oratos

2321 3416 2632 3484 induendi
2682 3416 2962 3484 vestibus
3005 3418 3222 3502 sacris,
3279 3416 3583 3486 nimirum
3634 3419 3930 3504 Anniam,

2316 3503 2498 3589 Alba,
2548 3505 2846 3591 Cingulo,
2895 3506 3130 3574 Tunica
3168 3507 3271 3573 vel
3319 3506 3687 3591 Dalmatica,
3740 3530 3931 3577 num-

2316 3612 2507 3679 quam
2557 3605 2767 3664 tamen
2828 3595 3000 3662 Stola
3050 3607 3116 3662 et
3162 3596 3510 3684 Manipulo,
3568 3615 3690 3683 pro
3745 3597 3930 3666 atissa

2316 3683 2581 3767 maiore,
2630 3702 2907 3769 quorum
2941 3684 3106 3750 alter
3150 3683 3408 3751 Diaconi
3452 3702 3732 3754 munere
3781 3687 3929 3754 fun·

2314 3769 2404 3858 gi,
2455 3771 2616 3837 alter
2662 3771 3046 3839 Subdiaconi
3081 3772 3509 3840 ministerium
3554 3772 3926 3862 adimplere

2318 3870 2658 3943 censetur,
2709 3858 2863 3944 quin
2927 3873 3141 3928 tamen
3186 3859 3462 3946 aliquam
3518 3861 3924 3930 functionem

2312 3949 2390 4016 ad
2440 3949 2553 4015 bos
2601 3951 2823 4016 Sacros
2851 3949 3117 4020 Ordines
3162 3950 3603 4036 pertinentem
3641 3950 3923 4030 obeant;

2318 4056 2462 4104 nam
2521 4035 2885 4105 celebranti
2945 4046 3190 4104 tantum
3243 4038 3582 4121 assistunt,
3633 4049 3710 4106 ut
3771 4040 3922 4108 inde

2287 4125 2518 4191 ‘maior
2573 4125 2654 4192 sit
2713 4125 2934 4192 Missae
2981 4125 3230 4193 maioris
3287 4126 3701 4203 solemnitas;
3754 4147 3922 4198 nunc

2313 4213 2583 4301 proinde
2633 4214 2808 4282 idem
2841 4215 3191 4314 Episcopus
3232 4218 3484 4283 Sacram
3515 4215 3726 4301 ipsam
3761 4220 3920 4286 Gon·

2311 4302 2755 4388 gregationem
2799 4302 3175 4389 requisivit:
3224 4306 3321 4370 An
3372 4304 3694 4372 invectam
3763 4306 3921 4376 hanc

2314 4390 2855 4457 consuetudinem
2907 4407 3329 4471 conservare;
3393 4392 3501 4460 vel
3564 4391 3783 4479 potius
3837 4394 3921 4460 de

2320 4477 2540 4545 medio
2587 4478 2822 4546 tollere
2866 4477 3144 4546 debeat?

2449 4567 2949 4635 Eminentissimi
3009 4578 3075 4633 01
3120 4567 3660 4638 Reverendissimi
3709 4573 3925 4640 Patres

2317 4656 2520 4725 Sacris
2569 4655 2827 4723 tuendis
2873 4655 3120 4724 Ritibus
3165 4658 3541 4746 praepositi,
3591 4658 3670 4725 ad
3719 4659 3924 4736 Quiri—

2321 4744 2465 4812 nale
2510 4744 2873 4831 subsignata
2916 4744 3023 4812 die
3072 4745 3404 4814 coadunati
3467 4746 3532 4813 in
3574 4746 3922 4814 ordinariis

2316 4832 2625 4920 comitiis,
2672 4844 2816 4921 post
2860 4833 3140 4901 auditam
3185 4855 3217 4899 a
3249 4832 3607 4904 Secretario
3651 4833 3920 4902 fidelem

2319 4922 2720 5008 relationem,
2744 4920 3228 4991 rescribendum
3253 4933 3680 4990 censuerunt:
3709 4926 3925 4990 ‹Con-

2316 5012 2593 5080 suetudo
2642 5022 2935 5098 tanquam
2981 5009 3248 5080 abusum
3290 5012 3551 5079 omnino
3584 5021 3681 5078 est
3713 5010 3924 5078 elimi-

2323 5100 2569 5179 nanda3
2620 5098 2782 5168 etin
2811 5120 2960 5167 casu
3006 5101 3181 5169 Missa
3225 5111 3524 5168 cantetur
3559 5119 3677 5186 per
3707 5101 3922 5169 solum
4003 5137 4004 5140 π

2322 5189 2772 5342 gresbyterum
2804 5212 2873 5258 ι.
2921 5190 3134 5276 Atque
3179 5187 3261 5254 ita
3306 5188 3696 5256 servandum
3747 5208 3923 5256 man·
4003 5231 4004 5262 l

2372 5286 2582 5344 arunt.
4003 5293 4004 5296 ’

2456 5364 2570 5431 Die
2625 5368 2699 5430 11
2750 5366 3147 5454 Septembris
3200 5369 3389 5432 1847.
