4042 5950
1945 226 2417 305 -344-

533 385 795 472 sitisque
850 383 1063 452 dubiis
1117 394 1363 451 maturo
1417 386 1712 452 examine
1764 385 2127 474 perpensis,

537 473 765 540 iisdem
814 471 1295 540 rescribendum
1342 473 1632 540 censuit:

666 562 767 629 Ad
820 564 878 627 1.
942 560 1367 647 «Νθςοιίνο;
1440 561 1553 628 sed
1625 563 1811 628 mitra
1885 572 2129 627 tantum

541 669 623 715 ex
674 648 798 715 tela
854 648 1165 736 simplici,
1217 658 1282 714 et
1344 648 1569 715 baculo
1629 649 1917 717 abbatiali
1980 666 2129 715 cum

542 738 690 804 velo
724 757 787 804 ιν.

674 827 769 891 Ad
819 830 889 892 2.
935 846 973 889 α
1010 829 1078 891 ln
1115 825 1372 912 propria
1406 825 1683 893 Ecclesia
1719 836 2002 903 tantum;
2040 845 2131 889 as-

544 912 934 1000 signatisque
960 913 1188 981 diebus
1210 915 1382 980 iuxta
1406 912 1939 982 constitutionem
1966 936 2023 981 s.
2042 932 2134 980 m.

547 1002 634 1068 Pii
667 1006 748 1067 Pa
797 1021 870 1067 ae
903 1004 1008 1069 Vll
1042 1004 1225 1069 Decet
1258 1004 1575 1068 Romanos
1606 1003 1950 1088 Pontifices
1985 1023 2048 1068 ».

680 1091 731 1154 A
823 1095 890 1158 3.
939 1111 977 1154 α
1010 1090 1318 1177 Negative
1363 1088 1429 1156 in
1479 1090 1771 1157 omnibus
1802 1110 1867 1156 ».

683 1178 779 1245 Ad
831 1183 894 1246 4.
947 1199 985 1242 ‹
1018 1177 1362 1263 Negative,
1412 1178 1488 1245 ad
1538 1178 1811 1267 primam
1842 1189 2140 1267 partem;

550 1266 971 1351 Affirmative,
1021 1267 1097 1334 ad
1143 1268 1488 1335 secundam
1521 1289 1586 1330 ι».

684 1357 895 1440 Atque
941 1356 1023 1420 ita
1068 1353 1451 1420 servandum
1501 1352 1843 1421 mandavit.

685 1443 799 1509 Die
846 1448 928 1510 27
977 1441 1302 1509 Februarii
1358 1445 1549 1510 1847.

556 1585 805 1654 2931.
1090 1584 1609 1651 οοιιιεοΡιτΕΝ.
1915 1585 2143 1672 (5067)

686 1705 894 1783 Quum
925 1703 1519 1771 Reverendissimus
1541 1706 1964 1793 corisopiten.
1995 1707 2147 1795 Epi-

555 1811 786 1879 scopus
817 1795 1041 1860 Sacrae
1062 1791 1323 1859 Ritunm
1348 1795 1839 1882 congregationi
1873 1814 2148 1882 sequen-

558 1880 642 1946 tia
671 1879 862 1947 dubia
896 1880 1225 1947 enodanda
1258 1885 1705 1971 proposuerit,
1741 1882 2082 1950 nimirum:

695 1972 758 2035 1.
808 1969 905 2034 An
953 1969 1143 2035 lectio
1188 1970 1571 2036 Litterarum
1612 1970 2146 2057 Apostolicarum,

559 2056 742 2144 queis
787 2057 1107 2144 Episcopo
1157 2057 1534 2125 conceditur
1591 2058 1854 2126 facultas
1912 2061 2150 2149 imper-

563 2145 762 2213 tiendi
794 2144 1171 2212 solemniter
1202 2146 1722 2214 benedictionem
1755 2166 1904 2215 cum
1934 2149 2152 2215 Indul-

562 2234 775 2321 gentia
820 2234 1101 2301 Plenaria
1162 2234 1224 2300 in
1287 2234 1646 2302 cathedrali
1692 2236 2148 2337 corisopiten.,

562 2341 724 2408 quae
775 2333 870 2389 est
915 2320 1108 2388 etiam
1152 2321 1555 2406 ParocbialiS,
1590 2323 1732 2391 fieri
1781 2335 1976 2410 possit
2008 2335 2154 2411 post

563 2410 967 2477 decantatum
1016 2410 1484 2497 Evangelium3
1536 2431 1663 2478 non
1709 2432 1866 2479 vero
1913 2411 1976 2479 in
2022 2412 2153 2480 fine

482 2498 489 2511 '
564 2496 809 2581 Missae,
842 2498 932 2563 uti
984 2496 1342 2582 iniungitur
1388 2498 1453 2563 in
1499 2497 1764 2587 scripto,
1797 2500 1898 2565 cui
1932 2500 2155 2567 titulus

567 2588 763 2651 Ritus
794 2594 853 2650 et
883 2586 1169 2670 formula
1201 2586 1660 2654 benedictionis
1707 2590 2108 2674 Apostolicae
2129 2588 2161 2654 ἰ

699 2677 764 2739 2.
800 2675 1030 2739 Utrum
1055 2674 1456 2759 Apostolicae
1481 2673 1844 2744 huiusmodi
1875 2678 2157 2744 Litterae

569 2760 695 2846 legi
743 2758 1018 2827 debeant
1082 2762 1316 2848 latino,
1382 2769 1449 2827 et
1494 2764 1839 2832 vernaculo
1886 2785 2002 2832 seu
2050 2786 2156 2853 pa-

571 2850 693 2915 trio
720 2845 1063 2916 sermone?
1108 2859 1172 2915 et
1202 2862 1515 2936 quatenus
1547 2850 1946 2939 affirmative,
1981 2854 2155 2922 idem

571 2935 921 3026 Episcopus
944 2936 1262 3028 supplicat
1292 2949 1364 3007 ut
1394 2939 1621 3007 saltem
1655 2940 1908 3010 latinam
1943 2943 2161 3010 lectio-

568 3044 722 3093 nem
772 3024 1070 3093 omittere
1115 3027 1342 3114 possit,
1392 3046 1472 3093 ne
1515 3031 1795 3117 populus
1826 3040 2154 3118 gravetur.

704 3117 767 3181 3.
819 3115 917 3179 An
962 3114 1156 3182 lectio
1201 3115 1512 3182 versionis
1562 3116 1921 3186 huiusmodi
1962 3120 2158 3185 Litte-

572 3222 785 3269 rarum
830 3201 1062 3270 debeat
1106 3223 1246 3270 esse
1295 3203 1570 3290 integra,
1608 3207 1713 3273 vel
1749 3208 2012 3274 sufficiat
2046 3226 2157 3273 ex-

571 3291 855 3380 primere
913 3292 1283 3360 Pontificem
1344 3296 1848 3380 concedentem,
1899 3295 2161 3382 Episco-

575 3397 729 3468 pum
798 3379 899 3444 cui
965 3378 1228 3447 facultas
1302 3380 1669 3468 impertitur
1738 3393 1802 3449 et
1870 3396 2160 3450 naturam

575 3468 813 3555 gratiae
858 3484 975 3533 seu
1020 3467 1466 3555 Indulgentiae
1510 3470 1900 3538 concessae?

703 3556 874 3630 Quae
917 3553 1168 3641 singula
1217 3555 1405 3624 dubia
1452 3558 1609 3625 dum
1669 3561 1852 3626 Sacra
1899 3561 2159 3627 Rituum

575 3639 999 3726 Congregatio
1045 3641 1123 3708 ad
1170 3644 1490 3721 Quirinale
1535 3645 1896 3734 subsignata
1927 3647 2035 3715 die
2065 3669 2167 3715 co-

576 3729 847 3797 adunata
877 3728 954 3795 ad
988 3729 1364 3797 relationem
1399 3733 1779 3822 infrascripti
1826 3737 2167 3804 Secretarii

576 3816 804 3883 sedulo
864 3817 1337 3905 perpenderet,
1388 3821 1581 3888 satius
1639 3825 1909 3910 sumpsit
1962 3827 2166 3893 consi-

580 3903 739 3971 lium
772 3915 843 3970 ut
874 3906 951 3973 ad
987 3906 1334 3974 Ecclesiam
1365 3910 1908 3999 corisopitensem
1942 3925 2170 3981 exten·

577 3991 767 4059 deret
823 3993 1149 4061 indultum
1204 3998 1523 4063 Ecclesiae
1587 3999 1997 4068 Rhedonensi
2054 4003 2169 4067 bac

578 4079 713 4168 ipsa
745 4081 852 4149 die
882 4098 1295 4163 concessum3
1328 4085 1667 4153 nimirum:
1719 4109 1757 4152 α
1790 4092 1871 4156 Ut
1900 4096 2167 4175 Aposto-

582 4170 739 4235 licae
804 4171 1117 4254 Litterae,
1174 4174 1410 4257 quibus
1469 4174 1730 4242 facultas
1791 4179 2173 4244 conceditur

580 4259 993 4343 impertiendi
1021 4260 1537 4330 benedictionem
1564 4264 1990 4351 Apostolicam
2021 4285 2168 4333 cum

581 4347 986 4434 indulgentia
1031 4349 1338 4434 Plenaria,
1376 4351 1671 4436 legantur
1706 4352 2020 4440 integrae,
2055 4355 2170 4420 sed

585 4445 829 4503 tantum
860 4437 1108 4523 vulgari
1140 4455 1258 4504 seu
1289 4439 1493 4526 patrio
1523 4458 1855 4522 sermone3
1890 4454 2169 4509 attamen

584 4525 841 4678 eispleta
885 4524 1089 4610 Missa,
1140 4537 1204 4592 et
1250 4529 1325 4593 ad
1377 4529 1801 4596 Secretarium
1839 4548 1988 4598 cum
2021 4534 2170 4600 San-

583 4631 616 4678 c
649 4629 863 4679 issimo
896 4633 958 4677 ιν.

713 4702 826 4768 Die
872 4704 954 4768 27
1003 4704 1330 4771 Februarii
1360 4708 1574 4772 1847.

711 4792 895 4856 Facta
948 4801 1166 4857 autem
1212 4792 1295 4858 de
1344 4794 1725 4880 praemissis
1763 4797 2169 4864 Sanctissimo

580 4878 847 4944 Domino
894 4882 1119 4946 Nostro
1153 4881 1259 4946 Pio
1294 4883 1375 4946 IX
1411 4882 1698 4948 Pontifici
1747 4884 2016 4952 Maximo
2049 4905 2169 4973 per

581 4967 1013 5034 Secretarium
1082 4967 1263 5036 fideli
1326 4968 1637 5038 relatione
1701 4973 1804 5039 die
1870 4977 1910 5040 tt
1971 4976 2170 5042 Martii

584 5053 872 5120 eiusdem
917 5055 1089 5138 anni,
1125 5057 1429 5124 Sanctitas
1462 5061 1583 5125 Sua
1617 5062 1843 5128 Sacrae
1888 5066 2171 5149 congre-

581 5140 848 5229 gationis
893 5144 1301 5230 Rescriptum
1347 5146 1747 5233 approbavit,
1781 5159 1971 5236 atque
2003 5154 2055 5217 A
2147 5188 2173 5201 -

581 5228 801 5329 stolica
844 5230 1239 5299 Auctoritate
1287 5236 1406 5299 Sua
1463 5234 1522 5300 in
1587 5236 1880 5302 omnibus
1940 5259 2061 5305 con
2113 5258 2171 5303 r-

582 5327 805 5387 mavit.

2234 385 2487 453 2932.
2689 385 3353 452 GONGREGATmNtS

2499 511 2994 578 CLERICORUM
3042 508 3554 576 REGULARIUM

2591 632 3153 700 SANCTISSIMAE
3193 632 3470 698 CRUCIS

2529 758 2630 820 ET
2674 754 3061 821 PASSIONIS
3110 756 3187 819 D.
3235 754 3311 818 N.
3361 755 3410 819 1.
3462 755 3534 820 C.

2370 911 2579 989 Quum
2624 912 2702 975 R.
2750 913 2818 975 P.
2855 908 3225 975 -Bernardns
3269 930 3302 974 a
3349 906 3613 995 Virgine
3643 907 3832 973 Uaria

2239 998 2762 1097 congregationis
2805 996 3200 1064 clericorum
3233 995 3650 1084 Regularium
3681 999 3836 1062 San·

2244 1085 2558 1152 ctissimae
2604 1085 2823 1155 Crucis
2867 1097 2930 1151 et
2974 1084 3279 1151 Passionis
3327 1082 3576 1151 Domini
3623 1084 3834 1150 Nostri

2245 1178 2385 1240 lesu
2449 1173 2681 1241 Christi
2745 1194 2826 1240 ex
2884 1176 3161 1239 Recessu
3228 1172 3491 1239 Reatino
3554 1192 3587 1238 a
3646 1176 3836 1238 Beata

2245 1261 2432 1328 Maria
2476 1262 2738 1347 Virgine
2785 1262 2868 1329 de
2915 1262 3238 1328 Succursu
3285 1271 3679 1347 nuncupato,
3729 1262 3842 1325 Sa·

2248 1368 2391 1415 crae
2437 1350 2697 1417 Rituum
2746 1348 3239 1436 congregationi
3302 1368 3418 1437 pro
3473 1358 3840 1436 opportuna

2246 1437 2567 1504 solutione
2624 1438 2953 1524 sequentia
3022 1436 3280 1504 dederit
3347 1436 3586 1514 dubia;
3649 1435 3841 1503 nimi-

2249 1544 2394 1592 rum
2430 1549 2446 1591 2
3539 1560 3554 1579 ·

2389 1619 2450 1682 1.
2501 1617 2595 1681 An
2639 1633 2901 1703 semper
2943 1612 3302 1680 adhihenda
3345 1614 3428 1680 sit
3471 1614 3659 1680 bursa
3687 1630 3848 1679 cum

2250 1702 2603 1789 corporali,
2665 1721 2854 1789 supra
2902 1721 3028 1788 quo
3075 1702 3449 1789 reponenda
3511 1701 3592 1767 sit
3651 1704 3850 1769 Sacra

2251 1794 2294 1855 P
2342 1793 2438 1857 xis
2469 1790 2657 1857 toties
2681 1791 2933 1875 quoties
2956 1789 3432 1857 administratur
3454 1787 3849 1856 communio

2252 1882 2297 1947 c
2384 1877 2787 1946 istifidelibus
2820 1889 2997 1945 extra
3031 1877 3302 1961 Missam,
3332 1877 3426 1944 nti
3460 1878 3752 1944 innuitur
3785 1876 3852 1942 in

2251 1967 2514 2034 Ritualis
2559 1967 2818 2034 Romani
2853 1968 3148 2052 Rubrica,
3183 1976 3248 2031 et
3295 1968 3462 2033 clare
3508 1966 3792 2034 docetur
3819 1985 3856 2030 a

2252 2059 2554 2211 cavante?
2574 2054 2843 2140 aliisque
2888 2058 3228 2122 Sacrorum
3272 2055 3533 2123 Rituum
3575 2053 3857 2140 Exposi-

2258 2143 2501 2211 toribus
2800 2192 2806 2197 -

2388 2236 2453 2299 2.
2488 2235 2587 2299 An
2617 2220 2869 2298 Ri'tuale
2901 2236 3279 2316 Romanum,
3315 2242 3508 2317 prout
3555 2231 3621 2297 in
3665 2248 3858 2311 casn,

2259 2320 2754 2405 intelligendum
2786 2321 2890 2404 sit,
2925 2319 3098 2406 quod
3133 2319 3364 2385 assumi
3395 2319 3628 2397 debeat
3658 2317 3866 2384 bursa

2259 2427 2406 2475 cum
2453 2408 2806 2498 corporali,
2859 2418 3102 2475 tantum
3132 2407 3388 2493 quando
3420 2410 3679 2474 Sacrum
3717 2405 3869 2472 Via-

2259 2498 2458 2563 ticum
2501 2497 2794 2565 defertur
2837 2496 2913 2562 ad
2965 2495 3295 2574 infirmos3
3345 2515 3423 2562 an
3469 2494 3656 2561 toties
3689 2512 3866 2581 quo-

2259 2585 2376 2651 ties
2422 2596 2603 2651 extra
2650 2585 2898 2652 Missam
2934 2587 3121 2653 Sacra
3167 2585 3514 2672 praebetur
3541 2579 3870 2671 synaxis?

2392 2678 2456 2740 3.
2494 2675 2589 2739 An
2622 2672 2894 2741 Rubrica
2922 2672 3186 2741 Ritnalis
3223 2672 3483 2740 Romani
3514 2672 3621 2756 sit,
3657 2684 3872 2759 prout

2259 2761 2324 2828 in
2372 2781 2543 2844 casu,
2593 2762 3046 2862 praeceptiva3
3097 2761 3202 2827 vel
3253 2772 3499 2828 tantum
3540 2759 3870 2826 directiva

2260 2861 2325 2917 et
2372 2850 2449 2917 ad
2501 2847 2812 2917 libitum?

3586 381 3818 471 (sose)

2396 2941 2462 3005 4.
2505 2941 2710 3019 Quum
2757 2938 3062 3025 expletur
3091 2937 3474 3006 communio
3503 2948 3683 3004 'extra
3720 2935 3872 3002 His-
3983 2989 3984 2998 ,

2261 3045 2435 3112 sam,
2499 3026 2876 3115 quaeritur:
2934 3034 3031 3094 An
3093 3028 3349 3094 tolerari
3407 3027 3642 3095 debeat
3703 3044 3870 3092 con-

2262 3117 2538 3184 suetudo
2586 3115 2812 3183 ntendi
2856 3117 3049 3200 Palla,
3098 3135 3224 3201 qna
3268 3115 3445 3182 calix
3502 3113 3750 3201 tegitur
3795 3112 3868 3181 in

2265 3203 2482 3271 Missae
2508 3203 2853 3285 Sacrificio,
2879 3223 3138 3292 semper
3167 3222 3364 3290 super
3387 3202 3616 3270 Altaris
3641 3220 3868 3269 mensa

2264 3303 2410 3359 ante
2457 3292 2964 3360 Tabernaculum
3010 3290 3359 3358 manente?

2369 3384 2476 3462 XEt
2522 3383 2706 3447 Sacra
2752 3381 3014 3447 Rituum
3057 3380 3521 3467 congregatiO,
3572 3378 3648 3445 ad
3712 3379 3870 3457 Qni-

2268 3469 2467 3536 rinale
2514 3467 2824 3535 hodierna
2869 3469 2978 3536 die
3024 3467 3370 3535 coadunata
3418 3469 3482 3535 in
3527 3467 3870 3535 Ordinatio

2265 3560 2493 3642 Coetu,
2557 3556 2885 3624 referente
2933 3554 3316 3641 Secretario,
3370 3555 3869 3624 rescribendum

2270 3649 2565 3713 censuit:

2399 3735 2494 3801 Ad
2551 3738 2613 3801 1.
2660 3754 2701 3799 ι
2731 3733 3145 3819 Affirmative,
3196 3734 3372 3801 iuxta
3418 3731 3669 3801 Rituale
3703 3754 3771 3798 t.

2398 3823 2494 3890 Ad
2543 3828 2611 3889 2.
2660 3844 2698 3887 ‹
2733 3822 3064 3908 Negative,
3113 3822 3191 3889 ad
3240 3823 3509 3909 primam
3567 3831 3863 3910 partem3

2270 3910 2684 3993 Affirmative,
2733 3910 2810 3977 ad
2855 3910 3205 3976 secundam
3238 3932 3300 3977 ν.

2403 3999 2500 4066 Ad
2549 4004 2616 4067 3.
2664 4019 2702 4062 α
2736 3998 3212 4085 Praeceptivam
3260 4017 3399 4064 esse
3434 4018 3500 4065 ».

2403 4089 2499 4155 Ad
2549 4092 2612 4154 4.
2664 4108 2702 4151 ‹
2735 4090 2863 4151 lam
2909 4087 3239 4175 provisum
3286 4087 3351 4153 in
3382 4086 3864 4174 superioribus;

2273 4195 2387 4242 seu
2433 4175 2740 4263 Negative
2775 4197 2839 4240 ».
3039 4201 3044 4204 ·

2403 4266 2614 4363 Atque
2664 4265 2744 4329 ita
2789 4262 3118 4364 rescripsit
3165 4275 3230 4330 et
3276 4263 3653 4331 declaravit.

2406 4356 2519 4419 Die
2565 4355 2646 4417 27
2695 4351 3025 4417 Februarii
3076 4355 3267 4419 1847.

2279 4494 2540 4563 2933.
2782 4495 3360 4562 nnnrAm‘rANA.
3638 4495 3867 4583 (5070)

2406 4623 2476 4684 ln
2519 4619 2861 4686 ordinariis
2908 4622 3243 4687 Sacrorum
3284 4619 3547 4687 Ritunm
3577 4619 3866 4687 comitiis

2273 4706 2592 4793 superiori
2623 4726 2785 4774 anno
2825 4711 2991 4775 1846
3038 4707 3296 4775 decimo
3323 4708 3631 4776 calendas
3664 4708 3868 4775 Iunias

2274 4796 2529 4879 habitis,
2579 4795 2817 4862 relatae
2865 4814 3067 4882 quum
3115 4796 3354 4863 fuerint
3434 4815 3616 4863 reces
3646 4794 3867 4863 Archi·

2274 4883 2631 4972 presbyteri
2679 4896 2744 4949 et
2790 4884 3251 4951 canonicorum
3307 4888 3398 4952 co
3428 4885 3704 4970 legiatae
3750 4887 3866 4949 Ec·

2273 4971 2504 5038 clesiae
2551 4972 2756 5040 Sancti
2804 4972 2972 5039 Petri
3024 4975 3085 5039 in
3132 4973 3406 5040 Civitate
3452 4970 3866 5058 Drepanitana

2276 5070 2555 5145 erectae,
2596 5060 2779 5147 queis
2827 5062 3232 5147 exponebant
3264 5081 3346 5127 ex
3377 5058 3866 5128 immemorabili

2277 5149 2739 5216 consuetudine
2800 5149 2865 5215 in
2925 5150 3291 5238 supradicta
3343 5149 3691 5235 collegiata
3753 5151 3867 5214 Ec-

2277 5235 2493 5319 clesia,
2526 5237 3175 5324 Archipresbyterum
3224 5238 3329 5303 vel
3364 5239 3639 5304 alterum
3673 5239 3866 5304 Cano·

2273 5323 2492 5388 nicum
2523 5323 2903 5390 solemniter
2947 5325 3408 5410 celebrantem,
3445 5335 3704 5415 praeter
3733 5323 3861 5391 Dia-
