4042 5950
2057 254 2526 333 —3124—

650 413 958 482 nimirum
993 418 1185 497 1821,
1217 413 1498 482 Ecclesia
1547 411 1768 481 Matrix
1814 416 2077 485 Sanctae
2108 416 2233 481 Ma·

653 502 785 570 riae
813 504 886 571 do
914 504 1319 588 &niquitate
1349 511 1708 590 nuncupata
1729 503 1813 571 de
1836 501 2232 589 benignitate

657 590 843 657 buius
909 593 1173 658 Sanctae
1238 590 1421 659 Sedis
1480 589 1881 676 Apostolicae
1941 590 2230 678 capitulo

654 678 1041 766 Collegiatae
1086 678 1205 745 fuit
1235 678 1672 764 cohonestata3
1709 698 1871 765 quae
1901 679 2057 751 dum
2090 677 2229 745 iure

655 765 1179 855 privilegiorum,
1249 776 1315 832 et
1377 766 1546 833 iuxta
1609 765 1922 834 invectam
1983 765 2230 853 praxim

653 872 1187 941 communemque
1232 854 1791 939 consuetudinem,
1841 854 2053 924 debita
2112 852 2229 920 sibi

655 941 1099 1031 praecedentia
1145 941 1408 1028 pacifice
1454 942 1808 1028 fruebatur,
1846 942 2079 1011 restitit
2118 941 2231 1008 ho-

654 1029 914 1097 diernus
945 1031 1255 1098 Parocbus
1291 1030 1610 1098 Ecclesiae
1640 1032 1847 1098 Sancti
1887 1029 2229 1100 Sebastiani

654 1118 963 1186 Sacerdos
1008 1118 1407 1187 Sebastianus
1450 1117 1736 1206 Pignato,
1775 1130 1838 1186 et
1876 1122 2101 1187 Sacrae
2130 1116 2233 1185 Ri-

655 1217 838 1274 tuum
875 1206 1364 1294 congregationi
1414 1206 1772 1274 humillime
1818 1205 2230 1295 supplicavit,

654 1306 726 1362 ut
771 1294 944 1361 iuxta
999 1295 1331 1383 proprium
1393 1294 1699 1382 placitum
1752 1307 1816 1361 et
1870 1316 1949 1361 ex
2071 1295 2229 1362 itum

653 1382 1124 1468 provideretur.
1180 1382 1522 1468 Exquisitis
1555 1395 1894 1471 propterea
1928 1383 1944 1448 i
1977 1382 2097 1449 lius
2128 1383 2231 1450 vi-

655 1470 800 1538 carii
850 1470 1246 1572 capitularis,
1294 1472 1466 1540 Sede
1514 1474 1895 1558 Syracusana
1939 1482 2226 1557 vacante,

652 1557 1097 1626 informatione
1131 1569 1197 1626 et
1227 1571 1408 1642 voto;
1447 1557 1684 1625 deinde
1718 1560 1887 1627 iuxta
1921 1560 2229 1627 adiectam

655 1648 896 1734 legem,
931 1649 1159 1714 coactis
1191 1659 1326 1715 tum
1358 1646 1742 1734 collegiatae
1773 1648 2063 1735 capitulo
2096 1658 2231 1714 tum

654 1735 970 1801 recensito
1031 1735 1306 1803 Parocbo
1365 1738 1442 1804 ad
1503 1755 1610 1801 sua
1671 1736 1803 1802 iura
1864 1737 1927 1804 in
1977 1736 2231 1823 scriptis

656 1842 855 1910 penes
902 1824 1099 1911 ipsam
1143 1826 1391 1892 Sacram
1421 1824 1996 1912 congregationem
2027 1823 2230 1891 dedu—

655 1913 890 1978 cenda:
942 1912 1017 1978 ad
1067 1923 1235 1981 certa
1283 1913 1483 2001 capita
1533 1912 1896 1980 summatim
1940 1912 2229 2000 singulae

654 2000 1120 2067 controversiae
1171 2001 1546 2087 perstrictae
1603 2011 1786 2084 sunt,
1834 2011 2023 2089 atque
2071 2000 2231 2067 inse-

655 2088 910 2173 quentia
949 2089 1278 2157 euodanda
1310 2089 1499 2157 dubia
1530 2088 1606 2155 ad
1641 2089 1974 2175 utriusque
2009 2107 2235 2176 preces

655 2176 972 2265 proposita
1021 2178 1242 2258 fuere;
1289 2176 1631 2244 nimirum:

792 2268 848 2331 1.
899 2268 996 2333 An
1040 2265 1331 2354 Capitulo
1364 2265 1748 2352 Collegiatae
1782 2266 2102 2333 Ecclesiae
2131 2264 2232 2331 ci-

655 2352 863 2421 vitatis
895 2354 1218 2441 Augustae
1262 2354 1515 2440 aliquod
1551 2356 1647 2422 ius
1678 2364 1995 2440 competat
2028 2354 2092 2420 iu
2122 2373 2231 2442 pa-

651 2441 909 2509 rochiali
961 2442 1238 2509 Ecclesia
1284 2442 1492 2510 Sancti
1546 2441 1888 2512 sebastiani
1951 2441 2232 2511 civitatis

654 2532 874 2618 ipsius,
924 2529 1081 2596 adeo
1129 2540 1201 2597 ut
1245 2530 1560 2598 Parochus
1604 2532 1740 2617 ipse
1789 2531 1993 2599 Sancti
2043 2528 2230 2599 Seba-

652 2619 834 2685 stiaui
882 2617 946 2686 in
992 2617 1434 2685 ecclesiasticis
1481 2616 1906 2687 functionibus
1952 2630 2017 2687 et
2050 2638 2232 2706 paro-

651 2705 957 2775 chialibus
1002 2704 1233 2774 muniis
1267 2707 1607 2794 explendis
1636 2705 1716 2774 sit
1745 2706 1954 2794 aliqua
1985 2710 2232 2776 ratione

654 2796 868 2861 eidem
915 2793 1205 2881 capitulo
1249 2793 1629 2864 subiectus?

785 2888 854 2950 2.
901 2888 996 2949 Au
1046 2882 1255 2950 eidem
1303 2885 1592 2971 capitulo
1656 2884 2077 2974 collegialiter
2136 2884 2231 2951 in-

652 2973 906 3041 cedenti
953 2970 1018 3039 in
1065 2971 1470 3060 generalibus
1515 2975 2019 3043 Processionibus
2048 2993 2231 3061 prae-

655 3060 945 3129 cedentia
991 3071 1309 3148 competat
1368 3080 1559 3148 super
1616 3064 1963 3131 Parochum
2013 3062 2233 3130 Eccle-

651 3150 781 3217 siae
827 3152 892 3217 S.
931 3146 1331 3218 Sebastiani'?

567 3253 580 3270 ⁸
783 3242 850 3306 3.
890 3239 1004 3306 cui
1051 3237 1364 3306 debeatur
1408 3235 1848 3324 praecedentia
1884 3241 1946 3306 in
1981 3241 2229 3307 incessu

653 3346 770 3415 per
812 3327 943 3394 vias
991 3327 1315 3393 occasione
1347 3326 1686 3395 associandi
1719 3331 1969 3408 Funus3
2003 3326 2230 3396 ausci-

651 3415 799 3482 licet
829 3414 1117 3515 Capitulo
1150 3415 1533 3500 collegiatae
1576 3416 1998 3503 collegialiter
2031 3415 2232 3481 inter·

651 3503 961 3588 venienti,
1012 3502 1115 3569 vel
1161 3504 1440 3570 Parocbo
1485 3503 1682 3590 ipsius
1725 3500 2072 3572 defuncti?

783 3596 851 3657 4.
899 3597 994 3657 An
1055 3591 1119 3657 in
1177 3590 1529 3658 Funeribus
1590 3601 1655 3657 et
1721 3591 2229 3660 Processionibus

652 3675 834 3746 unica
864 3680 944 3746 sit
978 3678 1282 3764 erigenda
1312 3683 1478 3746 crux
1520 3679 1795 3768 capituli
1841 3681 2231 3766 collegiatae

653 3767 716 3832 in
763 3786 931 3850 casu,
983 3767 1062 3832 ita
1112 3777 1180 3833 ut
1226 3786 1446 3833 omnes
1492 3768 1866 3836 associantes
1912 3767 2127 3851 funus,
2161 3786 2230 3832 ac

654 3856 844 3922 etiam
898 3855 1209 3922 Parocbus
1268 3854 1477 3922 Sancti
1539 3856 1905 3941 Sebastiani,
1953 3856 2074 3924 sub
2118 3857 2232 3924 bac

653 3944 781 4030 ipsa
831 3943 1014 4010 unica
1058 3946 1263 4010 cruce
1308 3942 1612 4010 incedere
1657 3942 1985 4013 debeant?

781 4035 862 4098 Et
907 4031 1401 4098 Eminentissimi
1449 4053 1516 4097 ac
1563 4032 2099 4100 Reverendissimi
2131 4037 2235 4118 Pa—

652 4131 781 4187 tres
824 4120 1025 4189 Sacris
1070 4119 1315 4189 Ritibus
1360 4121 1742 4206 praepositi,
1792 4121 1857 4187 in
1899 4120 2231 4188 ordinario

650 4212 852 4276 coetu
897 4210 1066 4296 apud
1114 4208 1430 4276 Vaticanas
1479 4209 1684 4276 Aedes
1728 4209 2083 4297 subscripta
2124 4208 2232 4277 die

652 4297 1011 4381 coadunati,
1037 4297 1247 4364 audita
1282 4296 1587 4365 relatione
1619 4297 1695 4364 ab
1715 4296 2230 4364 Eminentissimo

653 4397 716 4451 et
783 4385 1338 4453 Revereudissimo
1407 4385 1672 4452 Domino
1747 4386 2058 4454 cardinali
2120 4389 2233 4453 Ga·

652 4473 854 4542 briele
885 4474 1159 4541 Ferretti
1191 4479 1472 4542 Ponente
1507 4473 1659 4540 facta
1693 4485 1757 4541 et
1782 4476 2075 4543 omuibus
2106 4493 2232 4540 ma-

655 4576 796 4629 ture
843 4563 1252 4630 consideratis
1285 4563 1532 4649 riteque
1575 4562 1838 4648 libratis,
1870 4562 2230 4630 rescriben-

651 4651 806 4718 dum
869 4662 1304 4719 censuerunt:
1371 4673 1411 4715 c
1445 4656 1620 4718 quta
1679 4663 1900 4719 votum
1957 4651 2230 4739 Magistri

650 4740 1203 4808 Caeremouiarum
1238 4760 1316 4807 »ι
1366 4739 1669 4807 nimirum
1698 4762 1714 4805 ε

783 4829 879 4897 Ad
915 4833 975 4895 1.
1009 4851 1049 4893 ‹
1074 4829 1378 4914 Negative
1413 4849 1474 4895 ».

786 4917 879 4985 Ad
913 4922 977 4985 2.
1011 4940 1051 4982 c
1077 4916 1489 4996 Affirmativ03
1519 4917 1687 4985 iuxta
1713 4919 1863 4985 alias
1888 4920 2147 4988 decreta
2166 4940 2227 4986 ».

780 5005 874 5072 Ad
911 5010 977 5073 3.
1012 5028 1049 5071 ι
1076 5005 1364 5092 capitulo
1412 5006 1830 5094 collegiatae;
1879 5009 2232 5077 dummodo

649 5094 729 5160 sit
759 5094 863 5159 vel
896 5115 928 5159 a
958 5095 1234 5162 Parocbo
1273 5095 1378 5161 vel
1413 5094 1490 5160 ab
1522 5096 1902 5165 haeredibus
1945 5096 2235 5165 defuncti

651 5181 987 5249 invitatum
1016 5205 1085 5248 ».

779 5269 873 5338 Ad
925 5272 991 5336 4.
1039 5292 1076 5335 ι
1112 5272 1371 5339 Unicam
1416 5275 1715 5358 crucem,
1752 5286 1817 5341 et
1860 5276 2060 5362 ipsam
2091 5274 2234 5341 Col-

651 5360 916 5450 legiatae
950 5379 1016 5426 ».

2464 415 2671 501 Atque
2728 413 2809 481 ita
2872 414 3336 501 rescripserunt
3396 426 3463 481 et
3524 414 3589 481 in
3647 415 3901 483 Civitate

2340 506 2657 589 Augustae
2689 507 3110 589 Syracusanae
3143 502 3459 569 Dioecesis
3488 504 3730 571 servari
3750 522 3903 571 man·

2336 591 2589 658 darunt.
2638 590 2753 658 Die
2804 595 2882 658 17
2928 590 3086 658 lunii
3143 594 3334 659 1843.

2338 731 2598 801 2862.
2982 733 3268 800 ranan.
3689 732 3899 819 (soso)

2463 853 2771 922 Sacerdos
2815 855 3093 941 Ignatius
3136 857 3313 924 Rossi
3360 858 3759 927 cathedralis
3798 863 3903 925 Ec·

2335 942 2564 1009 clesiae
2609 947 2841 1010 Fauen.
2893 944 3447 1012 caeremoniarum
3494 946 3791 1033 Magister
3816 949 3905 1014 Sa-

2336 1050 2478 1097 crae
2524 1030 2783 1098 Rituum
2831 1032 3318 1118 congregationi
3365 1036 3712 1123 exposuit:
3770 1036 3901 1122 Epi·

2334 1137 2440 1184 sco
2492 1138 2598 1186 um
2647 1119 2992 1206 quemdam
3038 1119 3125 1187 de
3169 1122 3616 1190 commissione
3677 1123 3899 1211 proprii

2333 1137 2641 1275 OrAEnarii
2687 1218 2908 1274 octavo
2947 1206 3094 1274 Idus
3123 1209 3503 1277 Novembris
3532 1230 3699 1279 auno
3732 1230 3901 1297 supe-

2336 1295 2505 1362 riore
2573 1294 2921 1382 perfecisse
2982 1298 3527 1366 consecrationem
3596 1299 3902 1366 Ecclesiae

2332 1382 2561 1469 Oppidi
2618 1384 2827 1451 Sancti
2882 1384 3139 1470 Georgii
3192 1384 3257 1451 in
3317 1386 3544 1454 eadem
3603 1386 3899 1455 Dioecesi.

2333 1471 2459 1549 Qua
2507 1470 2572 1538 iu
2616 1471 2862 1538 actione
2911 1470 3100 1538 etiam
3146 1473 3193 1538 ai
3243 1472 3484 1541 fuerint
3533 1475 3743 1542 omnia
3795 1475 3902 1541 rite

2335 1571 2585 1644 peracta
2634 1560 2807 1626 iuxta
2851 1559 3231 1627 Pontificalis
3275 1564 3539 1629 Romani
3587 1560 3901 1646 Rubi-icas,

2336 1647 2594 1715 videtur
2643 1659 2853 1715 tamen
2901 1648 3236 1734 quamdam
3286 1652 3743 1739 exceptionem
3792 1651 3901 1739 pati

2336 1755 2519 1824 posse
2567 1737 2782 1803 Altare
2828 1739 3062 1804 eodem
3107 1739 3250 1804 actu
3308 1749 3791 1825 consecratum3
3836 1757 3902 1804 ex

2335 1843 2412 1890 eo
2459 1824 2885 1925 potissimum,
2936 1825 3110 1910 quod
3174 1825 3464 1894 eiusdem
3530 1846 3751 1894 mensa
3792 1845 3903 1893 non

2336 1931 2415 1978 ex
2462 1924 2715 1999 integro
2775 1912 2988 2000 lapide
3048 1913 3161 1980 sed
3218 1931 3297 1979 ex
3346 1915 3557 1999 parvis
3602 1934 3724 1982 sex
3769 1914 3905 2001 lapi·

2335 1999 2520 2068 dibus
2564 2001 2641 2067 ad
2691 1999 2954 2067 formam
3005 2000 3190 2068 unius
3245 2003 3438 2069 unitis
3482 2013 3903 2070 constructum

2335 2098 2454 2172 est,
2494 2108 2563 2154 ac
2599 2089 2860 2177 iusuper
2908 2090 3117 2177 lignea
3162 2107 3394 2158 corona
3442 2109 3734 2158 mensam
3763 2091 3905 2157 banc

2331 2195 2450 2264 per
2495 2195 2729 2264 gyrum
2767 2177 3051 2245 devincit
3097 2187 3162 2244 et
3210 2196 3356 2244 cum
3400 2178 3624 2280 stipite
3656 2178 3901 2245 coniun-

2335 2263 2473 2351 git3
2537 2283 2732 2352 super
2788 2284 2912 2351 qua
2962 2265 3120 2331 sacri
3166 2264 3301 2333 otei
3346 2279 3688 2334 unctiones
3740 2266 3902 2333 fuere

2336 2363 2655 2440 peractae,
2704 2352 2885 2421 sicuti
2935 2365 3002 2419 et
3050 2354 3110 2421 in
3156 2355 3399 2439 angulis
3438 2374 3709 2423 mensae
3744 2372 3903 2442 sepa·

2338 2452 2617 2508 ratorum
2677 2441 2987 2528 lapidum.
3051 2444 3175 2507 Hac
3235 2440 3366 2529 ipsa
3427 2443 3491 2509 in
3553 2444 3807 2510 actione
3846 2460 3903 2505 ac

2333 2528 2806 2596 consecratione
2866 2530 3187 2597 Ecclesiae
3257 2543 3323 2598 et
3374 2531 3630 2617 Altaris,
3697 2529 3904 2598 iisdem

2333 2635 2480 2684 cum
2548 2617 2840 2685 formulis
2905 2618 3026 2685 fuit
3086 2617 3279 2685 etiam
3338 2618 3553 2687 Altare
3616 2617 3905 2707 portatile

2332 2716 2792 2790 consecratum,
2825 2706 2993 2792 quod
3030 2705 3228 2792 vulgo
3261 2718 3678 2793 nuncupatur
3702 2708 3905 2773 Pictra

2333 2795 2576 2875 Sacra,
2632 2794 2867 2862 ibidem
2921 2794 3210 2883 apposito
3256 2795 3399 2863 loco
3445 2804 3903 2881 praeparatum,

2333 2880 2566 2950 omisso
2624 2884 2883 2949 omniuo
2942 2884 3070 2949 ritu
3131 2882 3394 2970 proprio
3456 2884 3523 2950 in
3568 2878 3904 2951 Pontifloali

2333 2976 2612 3039 Romano
2677 2973 3092 3059 praescripto,
3144 2970 3331 3040 titulo
3378 2974 3466 3039 De
3500 2971 3757 3039 Alter-is
3774 2988 3905 3058 por-

2335 3059 2553 3127 tatilis
2598 3066 3097 3129 consecratione.
3151 3066 3241 3127 Ex
3276 3060 3387 3128 ‚bis
3432 3061 3651 3147 itaque
3697 3063 3905 3127 caere-

2333 3146 2674 3215 moniarius
2710 3149 3111 3236 supradictus
3141 3149 3537 3216 occasionem
3570 3159 3793 3215 nactus
3823 3153 3903 3210 est

2330 3236 2662 3336 sequentia
2707 3236 2898 3306 dubia
2945 3237 3351 3325 proponendi
3397 3256 3518 3325 pro
3563 3237 3901 3315 solutione;

2334 3343 2686 3392 nimirum:

2454 3416 2518 3479 1.
2555 3415 2649 3480 Au
2683 3413 2803 3480 boc
2834 3415 3068 3497 Altare,
3098 3413 3387 3503 exposito
3414 3413 3606 3481 modo
3632 3423 3902 3480 constru-

2332 3513 2533 3585 ctum,
2569 3502 2959 3570 censendum
3004 3504 3087 3569 sit
3132 3497 3626 3569 consecratum?
3673 3513 3737 3567 et
3767 3519 3901 3587 qua·

2336 3602 2522 3657 tenus
2570 3591 2890 3691 negative,

2465 3684 2527 3745 2.
2563 3677 2725 3758 om‘d
2770 3678 2855 3745 de
2901 3679 3227 3747 Ecclesiae
3267 3678 3749 3745 consecratione
3776 3695 3901 3742 sen·

2336 3766 2651 3850 tiendum,
2700 3786 2900 3853 quum
2948 3788 3027 3834 ex
3076 3765 3421 3834 pontificali
3479 3771 3762 3834 Romano
3806 3783 3900 3830 ue·

2333 3866 2525 3941 queat
2591 3855 2730 3923 sine
2798 3854 3274 3923 consecratione
3338 3853 3567 3923 Altaria
3635 3851 3903 3921 Ecclesia

2336 3941 2745 4011 consecrari?

2466 4036 2527 4099 3.
2564 4032 2725 4110 Quid
2776 4031 2840 4099 in
2879 4041 3209 4122 posterum
3240 4031 3320 4099 sit
3352 4031 3719 4100 faciendum
3749 4026 3900 4096 simi·

2337 4118 2500 4187 libus
2547 4120 2611 4186 in
2659 4118 3191 4187 circumstantiis?

2468 4212 2529 4274 4.
2582 4212 2835 4294 Utrum,
2892 4229 3013 4275 nec
3072 4228 3181 4293 ue,
3245 4208 3451 4276 valida
3495 4219 3558 4274 et
3626 4209 3796 4277 licita
3834 4203 3899 4268 sit

2320 4296 2722 4364 consecratio
2768 4298 2996 4364 Altaris
3044 4297 3355 4386 portatilis
3403 4297 3510 4363 tali
3547 4298 3741 4364 modo
3772 4311 3897 4382 per·

2333 4381 2520 4452 acta'?

2466 4481 2544 4542 Et
2574 4478 2757 4542 Sacra
2787 4475 3049 4542 Rituum
3080 4476 3531 4565 congregatio,
3566 4475 3642 4540 ad
3678 4472 3895 4542 Vatica-

2335 4584 2443 4631 nas
2486 4564 2694 4631 Aedes
2738 4563 3082 4630 ordinariis
3114 4563 3178 4630 iu
3208 4563 3492 4631 comitiis
3530 4560 3895 4631 duodecimo

2334 4653 2638 4721 calendas
2701 4650 2897 4717 Martii
2963 4651 3258 4738 proxime
3304 4651 3635 4739 praeteriti
3680 4647 3899 4717 coadu-

2331 4752 2497 4824 nata,
2524 4739 2734 4806 audita
2765 4739 3078 4806 relatione
3108 4741 3186 4807 ab
3213 4740 3613 4827 infrascripto
3637 4742 3897 4832 Secreta·

2338 4830 2427 4895 rio
2453 4829 2634 4913 facta,
2661 4827 3146 4896 rescribendum
3172 4831 3460 4896 censuit:
3494 4849 3534 4891 c
3563 4832 3895 4922 Ponaturm

2335 4919 2536 5002 Folio,
2588 4917 2900 5004 exquisito
2947 4927 3097 4983 voto
3144 4917 3418 5003 Magistri
3475 4920 3895 4984 caeremonia·
3980 4967 3989 4982 .

2338 5025 2477 5073 rum
2511 5029 2573 5072 ν.
2622 5007 2757 5084 Quo
2807 5004 3127 5072 elaborato
3175 5005 3472 5093 typisque
3520 5022 3696 5087 cuso,
3730 5004 3795 5068 in
3819 5018 3895 5064 se-

2335 5094 2554 5181 quenti
2600 5093 2925 5163 Ordinario
2971 5097 3173 5162 coetu
3220 5093 3452 5161 eodem
3503 5093 3643 5159 loco
3703 5098 3895 5157 coacto

2331 5182 2683 5272 subscripta
2731 5183 2865 5268 die,
2919 5179 3256 5271 propositis
3300 5181 3678 5269 supradictis
3708 5174 3895 5245 dubiis

2336 5289 2453 5356 per
2510 5270 3098 5338 Eminentissimum
3156 5282 3222 5336 et
3288 5266 3891 5339 Reverendissimum

2333 5358 2672 5424 Dominum
2716 5358 3120 5426 cardinalem
3164 5359 3459 5427 carolum
3502 5359 3706 5425 Actou
3735 5352 3890 5424 Rela-
