4042 5950
1540 239 2013 348 4173-

133 421 581 496 confirmatum
610 423 723 492 die
748 430 785 494 7
809 425 1075 494 Ianuarii
1106 429 1299 512 1784,
1327 425 1719 494 declaratum

134 513 299 581 fuit:
356 519 428 581 In
491 514 924 581 celebratione
967 516 1381 604 Nuptiarum,
1429 534 1591 600 quae
1644 515 1720 582 fit

135 613 311 668 extra
360 603 754 670 Dominicam
816 613 924 669 aut
982 604 1175 670 alium
1236 604 1408 671 diem
1464 608 1719 670 Festum

133 691 213 756 de
258 702 611 780 praecepto
660 693 763 758 vel
816 692 878 758 in
1015 711 1053 757 o
1111 703 1403 759 occurrat
1452 692 1640 779 Dupl.
1684 696 1714 758 1

131 777 231 844 vel
280 784 323 845 2
373 779 610 862 classis,
645 779 888 847 etiamsi
982 791 1042 846 at
1086 779 1377 848 Officium
1433 788 1499 846 et
1541 781 1719 846 Missa

133 866 212 932 de
260 871 453 933 Festo
499 868 699 956 dupla
733 886 852 955 per
899 887 1133 935 anuum
1188 869 1323 934 sive
1388 869 1537 935 mai.
1585 867 1759 933 sive·

132 952 319 1040 min.,
359 956 703 1022 dicendam
748 975 890 1024 esse
936 957 1183 1024 nissam
1228 975 1346 1043 pro
1376 960 1623 1043 Sponso
1654 966 1723 1021 et

134 1046 399 1129 Sponsa,
433 1042 498 1109 in
531 1043 659 1110 fine
690 1045 949 1116 Missalis
976 1055 1121 1132 post
1166 1047 1315 1112 alias
1354 1045 1563 1112 Missas
1601 1046 1722 1110 Vo-

138 1131 316 1213 tivas,
352 1132 714 1219 specialiter
760 1134 1173 1220 assignatam:
1207 1135 1271 1201 in
1309 1131 1538 1201 diebus
1567 1149 1722 1198 vero

138 1220 479 1286 Dominicis
531 1220 792 1306 aliisque
846 1221 1046 1288 Festis
1093 1222 1176 1290 de
1224 1233 1570 1311 praecepto
1614 1230 1723 1285 aut

135 1307 324 1394 dupl.
370 1312 413 1373 »1
463 1310 568 1373 vel
617 1314 687 1393 2„
705 1309 952 1396 classis,
1001 1310 1339 1378 dicendam
1396 1328 1535 1376 esse
1581 1307 1726 1374 His·

136 1413 260 1460 sam
302 1397 391 1462 de
430 1400 621 1463 Festo
665 1416 812 1463 cum
859 1400 1461 1465 commemoratione
1506 1397 1726 1463 Missae

139 1502 249 1571 pro
296 1487 549 1571 Sponso
596 1496 663 1551 et
708 1489 975 1571 Sponsa.
1028 1489 1527 1569 Verumtamen,
1579 1503 1726 1551 cum

140 1574 382 1638 interea
412 1574 719 1640 nonnulla
766 1575 1033 1641 excitata
1072 1576 1313 1642 fuerint
1342 1573 1532 1642 dubia
1564 1575 1727 1640 circa

140 1659 456 1728 rubricam
488 1663 550 1728 in
585 1664 702 1728 hac
734 1661 1115 1729 celebranda
1144 1663 1324 1729 Missa
1353 1664 1728 1729 servandam

145 1759 203 1813 et
259 1751 693 1817 parochorum
755 1769 975 1817 seusus
1033 1752 1114 1817 sit
1172 1752 1424 1834 varius,
1487 1752 1727 1839 quippe

142 1836 279 1920 quia
328 1838 523 1924 aliqui
571 1839 788 1906 eidem
835 1841 1053 1905 Missae
1099 1844 1417 1928 Hymnum
1470 1837 1751 1926 Angeli·.

141 1944 283 1990 cum
315 1926 749 1994 adiiciendum
796 1939 1084 2012 censent,
1120 1946 1268 1994 cum
1298 1940 1363 1991 r.
1410 1932 1500 1992 Ite
1529 1930 1730 1994 Missa

142 2023 223 2077 ert
269 2014 339 2078 in
389 2014 555 2093 fiue;
603 2016 708 2082 alii
752 2034 907 2082 vero
956 2017 1148 2082 etiam
1205 2015 1582 2103 Symbolum
1626 2016 1731 2082 Ni-

144 2119 376 2168 cenum
430 2104 785 2191 legendum
839 2116 1105 2191 putant,
1162 2124 1233 2169 ea
1288 2104 1431 2172 freti
1488 2104 1741 2170 ratione.

144 2190 308 2274 quod
375 2193 533 2258 baec
592 2192 769 2257 Missa
804 2212 948 2259 ‘ceu
1008 2192 1313 2260 solemnis
1367 2204 1433 2258 et
1480 2212 1600 2279 pro
1660 2210 1734 2257 re

146 2280 313 2362 gravi
374 2279 592 2346 haberi
651 2280 925 2359 debeat;
982 2280 1130 2348 ideo
1183 2281 1260 2347 ad
1316 2281 1734 2368 amputandas

147 2369 608 2433 controversias
634 2378 699 2434 et
723 2368 1175 2455 dubitationes,
1206 2381 1408 2454 utque
1431 2368 1508 2433 ab
1532 2368 1733 2434 omni·

148 2455 258 2519 bus
284 2475 452 2521 unus
477 2456 780 2542 idemque
805 2460 1195 2524 conveniens
1218 2457 1379 2523 ritus
1409 2466 1731 2539 servetur,

146 2545 325 2608 Sacra
390 2544 654 2610 Rituum
708 2547 1173 2633 congregatio,
1220 2545 1578 2629 subscripto
1626 2547 1736 2611 Se·

147 2633 417 2698 cretario
450 2633 777 2700 referente
810 2647 876 2699 et
908 2655 979 2700 re
1010 2637 1260 2701 mature
1293 2633 1594 2718 discussa,
1621 2633 1735 2699 de·

149 2721 406 2787 claravit
458 2720 669 2806 (firma
710 2733 1082 2789 remanente
1115 2721 1528 2810 dispositione
1561 2741 1743 2808 prae-

152 2808 248 2874 fati
304 2809 562 2875 Deci-eti
620 2810 827 2894 quoad
887 2811 1393 2897 designationem
1451 2809 1734 2893 dierum,

151 2898 210 2961 in
239 2897 478 2982 quibus
526 2898 703 2963 Missa
732 2900 941 2964 votiva
974 2919 1091 2987 pro
1125 2901 1369 2986 Sponso
1401 2910 1469 2964 et
1499 2900 1739 2986 Sponsa

41 3067 42 3070 Ἴ
150 2985 458 3050 celebrari
493 2986 760 3071 potest),
797 2990 1084 3055 eamdem
1131 3006 1268 3052 esse
1300 2987 1577 3074 votivam
1610 2987 1738 3074 pri·

150 3084 382 3156 vatam,
418 3075 695 3160 proinde
739 3095 999 3162 semper
1044 3076 1387 3163 legendam
1433 3076 1569 3141 sine
1614 3080 1738 3162 Hy·

41 3213 44 3240 ‚
154 3180 298 3226 mno
334 3163 645 3247 Angelico
679 3173 745 3228 et
775 3165 911 3231 sine
958 3164 1264 3252 Symbolo
1296 3165 1561 3247 Niceno,
1593 3183 1738 3230 cum

41 3256 44 3348 l
155 3250 353 3316 tribus
398 3251 821 3336 Orationibus,
854 3253 1055 3338 prima
1106 3250 1408 3318 videlicet
1450 3253 1738 3319 eiusdem

41 3359 42 3430 3
154 3339 368 3438 {fissae
418 3338 667 3405 votivae
716 3342 995 3441 propria,
1032 3346 1072 3408 2
1120 3356 1185 3409 et
1218 3346 1256 3409 3
1296 3341 1427 3442 diei
1476 3360 1739 3442 curren-

41 3463 42 3512 3
157 3438 251 3508 tis,
288 3436 362 3491 ut
410 3425 681 3494 babetur
728 3447 793 3494 iu
840 3429 1107 3496 Rubrica
1154 3432 1411 3499 missalis
1449 3433 1568 3495 Tit.
1606 3431 1738 3512 vn,

41 3549 42 3564 κ
152 3518 423 3597 aum.3,
451 3514 536 3580 de
568 3519 1323 3587 commemorationibus:
1359 3529 1423 3589 et
1457 3537 1602 3585 cum
1630 3520 1755 3584 Bo·-

41 3605 42 3608 ’
156 3602 530 3669 edicamus
577 3606 847 3671 Domino
877 3607 942 3672 in
974 3606 1126 3692 fine,
1167 3620 1229 3674 et
1264 3607 1492 3674 ultimo
1539 3612 1740 3680 Evau-

158 3690 329 3775 gelio
375 3694 442 3758 S.
474 3694 737 3761 loannis.
788 3698 870 3759 Et
900 3696 981 3760 ita
1016 3695 1333 3765 decrevit.
1367 3694 1476 3761 Die
1511 3698 1595 3762 28
1626 3698 1740 3761 Fe·

41 3771 44 3860 Ῐ
161 3779 392 3845 bruarii
448 3782 641 3848 1818.

288 3871 473 3935 Facta
526 3882 739 3938 autem
796 3891 916 3959 per
977 3891 1083 3938 me
1140 3873 1568 3959 subscriptum
1629 3875 1742 3938 Se·-

162 3960 502 4024 cretarium
570 3962 881 4027 relatione
942 3962 1133 4028 SSmo
1199 3966 1270 4028 D.
1335 3962 1414 4027 N.
1472 3961 1581 4026 Pio
1637 3963 1742 4026 vu

160 4049 340 4113 Pont.
392 4049 586 4131 Nax„
649 4049 952 4117 Sanctitas
1018 4051 1139 4116 Sua
1208 4048 1565 4137 praefatum
1623 4054 1742 4115 De-

166 4147 412 4201 cretum
471 4138 882 4224 approbavit,
931 4136 1330 4205 confirmavit
1393 4137 1741 4203 mandavit-

166 4240 287 4306 que
330 4225 553 4311 praelo
603 4226 761 4292 tradi
815 4237 878 4290 et
922 4224 1165 4311 publici
1211 4224 1366 4292 iuris
1412 4226 1578 4292 fieri.
1628 4225 1744 4291 Die

168 4314 203 4374 3
233 4311 432 4376 lartii
471 4316 663 4381 1818.

174 4503 422 4572 2583.
650 4508 750 4572 us
806 4508 1264 4576 rmviLsens
1513 4506 1742 4596 (4545)

314 4629 1064 4697 rno'roNo‘rAmouuu
1118 4624 1595 4698 'mammon

536 4753 688 4818 ssu
737 4754 1364 4821 nonoaamonuu.

289 4928 686 5015 Quamquam
732 4928 917 5016 plura
964 4929 1047 4995 de
1082 4928 1552 5013 Protonotariis,
1589 4946 1748 5016 quos

176 5015 474 5083 Titulares
519 5035 635 5082 seu
681 5017 1058 5091 Honor-arios
1086 5017 1338 5103 dicunt,
1372 5041 1404 5084 a
1436 5022 1616 5087 Sacra
1649 5018 1752 5085 Ri-

178 5114 347 5171 tuum
370 5105 879 5194 congregatione
905 5108 1170 5170 Decreta
1197 5107 1365 5174 edita
1389 5107 1540 5189 sint,
1560 5118 1753 5194 prout

177 5193 393 5259 videre
410 5207 510 5260 est
541 5196 605 5260 in
630 5194 995 5280 nuperrima
1022 5197 1436 5262 Decretorum
1465 5195 1753 5263 eiusdem

185 5282 596 5368 collectione,
647 5284 1043 5366 experientia
1090 5293 1303 5350 tamen
1349 5294 1754 5369 compertum

183 5379 269 5433 est
312 5372 678 5458 complures
733 5368 965 5438 abusus
1004 5371 1451 5459 percrebuisse
1496 5373 1751 5439 illorum

1822 426 2036 512 culpa,
2080 426 2187 512 qui
2237 425 2428 492 nullis
2476 423 2627 492 licet
2674 435 2745 492 ut
2792 423 3144 514 plurimum
3208 425 3409 495 nomi·

1822 513 2008 580 nibus
2042 514 2495 598 commendati,
2527 516 2718 581 talem
2753 514 3066 582 honorem
3093 518 3413 602 assequuti

1823 603 1926 669 vel
1990 602 2125 669 iura
2185 603 2303 669 sibi
2367 601 2689 669 vindicare
2747 602 2987 669 audent
3041 605 3272 690 quibus
3321 624 3417 670 ca·

1829 701 2005 756 reant
2052 690 2347 775 omniuo,
2399 691 2503 756 vel
2559 690 2810 757 delatae
2874 690 3208 778 Dignitatis
3270 693 3419 760 insi-

1824 779 1971 864 gnia
2035 779 2339 846 indecore
2400 777 2750 845 admodum
2814 778 3151 863 adhibent,
3184 790 3260 845 ut
3305 799 3418 846 ne-

1828 869 1983 934 dum
2017 867 2298 954 ipsorum
2333 866 2749 954 splendorem
2780 867 2947 935 haud
2985 868 3267 934 referant
3297 887 3417 955 pro

1826 953 2146 1040 Dignitate
2170 1003 2187 1038 ‚
2235 956 2349 1022 sed
2399 956 2608 1023 labem
2657 956 2866 1045 potius
2909 955 3132 1038 ordini
3175 968 3420 1044 specta-

1831 1043 2075 1110 tissimo
2122 1054 2373 1132 parent.

1956 1135 2122 1198 cum
2178 1132 2389 1219 itaque
2451 1133 2720 1199 crebrae
2777 1132 2862 1200 de
2918 1131 2991 1198 iis
3049 1133 3418 1218 expostula·

1828 1219 2036 1286 tiones
2081 1220 2160 1286 ad
2208 1221 2685 1288 Sanctissimum
2731 1220 3073 1287 Dominum
3118 1224 3420 1288 Nostrum

1830 1307 2010 1373 Pium
2047 1311 2149 1375 vn
2197 1309 2530 1376 humiliter
2574 1310 2762 1376 etiam
2825 1310 3084 1376 nomine
3137 1309 3421 1399 plurium

1833 1397 2299 1484 Episcoporum
2359 1398 2485 1465 sint
2548 1399 2863 1484 perlatae,
2931 1397 3238 1465 Sanctitas
3299 1401 3424 1466 Sua

1834 1503 1971 1551 rem
2001 1485 2366 1552 universam
2414 1486 2880 1554 discutiendam
2911 1486 3230 1554 commisit
3257 1490 3420 1553 cou-

1831 1573 2186 1661 gregationi
2234 1574 2598 1662 particulari
2645 1574 3310 1642 Eminentiasimorum
3358 1586 3424 1641 et

1830 1662 2543 1730 Reverendissimorum
2564 1661 2978 1731 Dominorum
2994 1665 3424 1732 cardinalium

1834 1752 1921 1818 de
1976 1751 2244 1818 Somalia
2305 1754 2532 1819 Sacrae
2594 1752 2854 1818 Rituum
2901 1752 3426 1840 congregationis

1836 1839 2169 1921 Praefecti,
2219 1839 2377 1905 Litta
2420 1850 2484 1905 et
2520 1839 2770 1906 Antonii
2802 1839 2881 1906 ab
2912 1844 3128 1926 Auria,
3162 1841 3270 1927 qui
3301 1859 3426 1908 una

1837 1945 1983 1993 cum
2033 1926 2323 1994 eiusdem
2370 1931 2594 1996 Sacrae
2640 1928 3168 2016 congregationis
3212 1933 3446 1995 Assos-f

1790 2090 1797 2098 ,
1837 2034 1981 2082 sore
2031 2027 2096 2081 et
2143 2017 2347 2082 altero
2392 2035 2474 2082 ex
2522 2017 3030 2104 apostoticarum
3089 2023 3427 2087 caeremo-

1838 2103 2087 2170 niarum
2133 2104 2465 2189 Magistris,
2514 2115 2707 2192 atque
2754 2102 3034 2172 infrascri
3090 2117 3154 2186 to
3202 2108 3430 2173 Secre-

1840 2193 2023 2274 tan‘o,
2076 2193 2366 2259 omuibus
2419 2193 2692 2281 praediti
2759 2191 3037 2259 facultati
3084 2214 3159 2261 us
3207 2214 3425 2263 neces·

1838 2281 2015 2346 sariis
2061 2292 2126 2350 et
2173 2281 2576 2367 opportunis,
2625 2281 2908 2348 remedia
2956 2294 3425 2370 proponerent,

1840 2386 2003 2454 quae
2053 2370 2366 2454 expedire
2428 2370 2629 2456 magis
2690 2369 3067 2437 viderentur
3111 2381 3177 2437 et
3224 2382 3429 2438 certas

1842 2456 2257 2543 praefinirent
2326 2458 2725 2524 conditiones
2784 2477 2851 2524 ac
2915 2460 3131 2545 legeS‚
3196 2460 3428 2546 quibus

1845 2546 2225 2612 eorumdem
2292 2545 2782 2633 Privilegiorum
2853 2548 3080 2614 modus
3151 2559 3216 2615 et
3278 2567 3428 2615 usus

1841 2634 2305 2700 contineretur.
2747 2707 2754 2714 ,

1972 2727 2178 2801 Quare
2212 2722 2426 2789 habito
2458 2725 2533 2790 ad
2569 2723 3040 2811 infrascriptum
3067 2724 3242 2793 diem
3268 2730 3431 2794 con·

1841 2822 2043 2877 ventu
2078 2811 2140 2875 in
2174 2811 2439 2877 aedibus
2469 2812 2803 2879 memorati
2832 2813 3330 2881 Eminentissimi
3366 2824 3431 2880 et

1839 2898 2380 2966 Reverendissimi
2407 2900 2649 2967 Domini
2679 2899 3024 2968 cardinalis
3047 2903 3132 2970 de
3164 2901 3430 2970 Somalia

1843 2987 2188 3072 Praefecti,
2251 2988 2672 3074 omnibusque
2729 2989 2898 3055 serio
2954 2990 3430 3079 diligenterque

1843 3076 2205 3162 perpensis,
2258 3077 2321 3144 id
2367 3077 2431 3143 in
2478 3078 2704 3164 primis
2753 3077 3073 3145 communi
3118 3081 3433 3146 sententia

1844 3165 2051 3229 visum
2099 3176 2195 3229 est
2243 3165 2622 3250 decernere,
2674 3177 2744 3231 ut
2789 3166 3093 3232 nimirum
3139 3184 3436 3254 persona-

1844 3271 1987 3318 rum
2036 3252 2330 3319 delectus
2376 3254 2722 3320 haberetur
2779 3254 2840 3319 in
2900 3255 3435 3343 Protonotariatus

1844 3341 2088 3408 honore
2136 3341 2521 3427 deferendo,
2573 3354 2638 3408 et
2683 3343 2929 3410 nonnisi
2978 3344 3086 3428 qui
3137 3343 3286 3429 rite,
3320 3345 3431 3411 ho·

1846 3440 2031 3495 ueste
2078 3448 2148 3493 ac
2195 3448 2312 3517 pro
2357 3430 2670 3517 dignitate
2705 3431 2777 3503 ‚id
2829 3431 3084 3498 honoris
3115 3433 3431 3500 sustinere

1845 3517 2123 3598 valeant,
2178 3519 2409 3585 eodem
2458 3530 2792 3587 ornentur.

1977 3605 2387 3674 Proferantur
2446 3608 2686 3677 idcirco
2745 3609 3156 3694 Testimonia‚
3206 3610 3437 3696 quibus

1850 3704 2099 3760 constet
2143 3693 2457 3762 indubie:

1847 3787 2044 3938 dvi.
2097 3787 2186 3849 De
2231 3782 2431 3850 nobili
2477 3784 2581 3850 vel
2632 3786 2895 3853 honesta
2943 3787 3242 3854 Familiae
3286 3804 3437 3853 con-

1892 3891 1908 3935 ι
1944 3889 2117 3939 ione.

1939 3964 2046 4060 ⁸2.
2107 3964 2198 4026 De
2261 3970 2464 4027 aetate
2529 3965 2755 4030 saltem
2819 3983 3130 4032 annorum
3184 3963 3438 4053 viginti-

1846 4066 2159 4134 quinque.

1980 4141 2044 4203 3.
2097 4141 2187 4203 De
2231 4149 2396 4204 statu
2443 4140 2734 4208 clericali
2786 4152 2852 4207 et
2898 4141 3151 4209 caelibi.

1978 4228 2048 4290 4.
2099 4230 2189 4292 De
2219 4230 2457 4292 Laurea
2487 4233 2859 4295 Doctoratus
2893 4229 2957 4295 in
2989 4240 3266 4317 utroque
3298 4230 3439 4297 iure

1849 4313 1951 4378 vel
2002 4314 2068 4380 in
2117 4318 2300 4380 Sacra
2346 4315 2690 4404 'theologia
2733 4338 2780 4381 a·
2815 4319 3073 4405 probata
3120 4318 3440 4385 universi-

1853 4413 1983 4469 tate
2030 4402 2136 4469 vel
2186 4423 2219 4468 a
2264 4403 2552 4491 collegio
2614 4405 3195 4473 Protouotariorum
3246 4408 3442 4473 Parti-

1855 4489 2201 4578 cipautium
2250 4492 2374 4557 rite
2421 4492 2681 4559 tributa.

1983 4584 2050 4646 5.
2101 4584 2191 4646 De
2238 4599 2492 4646 morum
2542 4582 2870 4650 honestate
2919 4595 2984 4651 et
3029 4583 3339 4672 gravitate
3372 4603 3444 4650 ac

1850 4667 1932 4734 de
1979 4666 2142 4734 bona
2190 4669 2356 4757 apud
2406 4687 2626 4735 omnes
2672 4670 3134 4739 aestimatione.

1982 4759 2048 4821 6.
2116 4760 2212 4822 De
2275 4774 2483 4823 annuo
2551 4776 2750 4823 censu
2819 4769 3145 4826 scutorum
3214 4762 3441 4827 saltem

1852 4842 2210 4910 biscentum
2259 4846 2358 4910 vel
2411 4863 2492 4909 ex
2537 4845 2901 4930 patrimonii
2951 4847 3153 4933 bouis,
3202 4849 3310 4914 vel
3358 4869 3441 4915 ex

1855 4932 2188 5020 perpetuis
2248 4932 2662 5019 pensionibus
2722 4945 2827 5000 aut
2874 4952 2954 5000 ex
3002 4935 3443 5004 ecclesiasticis

1855 5020 2210 5088 Beneficiis.
3443 5048 3454 5059 ·

1988 5108 2081 5175 Sit
2104 5120 2437 5196 praeterea
2469 5109 2694 5199 petitio
2730 5110 3094 5180 testimonio
3117 5132 3444 5182 commen-

1856 5197 1999 5263 data
2045 5197 2380 5284 ordinarii,
2430 5200 2568 5286 qui,
2617 5212 2682 5265 et
2729 5201 2811 5267 de
2858 5204 3052 5269 rebus
3102 5204 3208 5272 bic
3251 5205 3443 5272 adno-

1858 5285 2027 5368 tatis,
2075 5287 2158 5353 ob
2201 5284 2320 5352 sibi
2369 5288 2591 5356 tradita
2636 5288 3022 5357 documenta
3049 5292 3342 5377 edoceat,
3380 5301 3446 5356 et

1858 5390 2198 5461 personam
2233 5375 2527 5443 idoneam
2556 5394 2628 5442 se
2654 5395 2920 5445 censere
2952 5390 3248 5465 testetur,
3281 5397 3447 5466 quae
