4042 5950
1505 273 1973 354 —187-

136 437 322 526 positi,
356 434 671 521 exquisito
702 434 879 523 prius
905 444 1057 504 voto
1086 433 1347 501 alterlus
1379 451 1460 499 ex
1503 436 1669 520 Apo-

134 525 466 590 stolicarum
512 523 1064 590 caeremoniarum
1092 521 1396 608 magistris
1423 519 1679 605 scriptis

138 611 361 699 prodito
406 609 706 698 typisque
762 610 945 676 etiam
1011 610 1339 693 evulgato,
1389 609 1465 674 ad
1512 607 1674 672 rela-

136 701 345 765 tionem
388 697 532 764 Emi
582 709 646 763 et
688 699 831 765 Emi
877 699 1063 766 card.
1114 695 1500 775 Quarantotti
1560 699 1673 760 Po-

134 786 340 870 nentis,
402 787 923 871 respondendum
979 794 1409 852 censuerunt:
1473 784 1674 849 Iumta

138 885 347 957 totum,
392 872 734 940 videlicet:
1246 921 1256 929 .

240 963 330 1029 Ad
383 966 442 1028 1.
478 983 519 1025 ‹
551 965 727 1027 quta
757 961 905 1028 alias
933 962 1240 1043 resoluta,
1274 960 1579 1047 Negative
1609 981 1674 1023 ιν.

244 1049 333 1117 Ad
379 1054 444 1116 2.
496 1071 537 1113 ι
570 1050 875 1135 Negative
921 1053 986 1117 in
1031 1047 1397 1135 duplicibus
1434 1048 1676 1134 primae

136 1137 345 1221 classis,
392 1149 465 1203 ut
494 1136 643 1202 alias
672 1157 1052 1226 responsum
1097 1139 1239 1206 fuit.
1302 1137 1514 1213 Quoad
1561 1134 1678 1202 du-

135 1224 297 1306 plicia
338 1243 492 1291 vero
539 1226 858 1292 secundae
912 1226 1146 1310 classis,
1188 1225 1426 1314 poterit
1479 1223 1556 1289 ad
1606 1224 1679 1289 li-

137 1312 308 1379 bitum
346 1313 747 1380 celebrantis
791 1312 920 1401 legi
963 1316 1071 1380 vel
1134 1312 1341 1381 omitti
1399 1312 1679 1378 collecta

137 1401 432 1487 imperata,
466 1401 534 1466 in
564 1401 762 1468 Nimis
806 1402 1065 1503 privatis
1094 1411 1372 1479 tantum;
1422 1401 1487 1466 iu
1515 1402 1679 1467 Gon-

139 1488 387 1556 ventuali
436 1500 501 1554 et
547 1489 849 1572 solemm‚
892 1490 1012 1558 erit
1056 1489 1407 1556 omittenda
1441 1509 1502 1554 ι.

244 1576 330 1642 Ad
365 1579 429 1643 3.
464 1598 505 1640 ι
531 1577 649 1644 Vel
678 1577 1106 1645 omittendum
1130 1595 1369 1645 nomen
1394 1580 1461 1643 S.
1492 1579 1679 1642 Fran-

139 1663 260 1728 cisci
300 1663 361 1731 in
403 1661 704 1731 Oratione
748 1668 799 1730 A
845 1669 1130 1746 cunctis,
1183 1664 1288 1732 vel
1338 1664 1677 1750 legendam

137 1753 456 1817 Orationem
485 1753 565 1819 ad
600 1753 922 1837 poscenda
950 1752 1243 1839 suffragia
1274 1756 1678 1834 Sanctorum,

140 1857 273 1922 quae
311 1837 533 1926 incipit
582 1841 855 1907 Concede
896 1852 1017 1908 otc.
1057 1863 1121 1908 ιν.

244 1929 319 1993 Et
362 1927 443 1994 ita
488 1928 997 2015 responderunt.
1046 1929 1155 1996 Die
1195 1931 1273 1994 15
1304 1925 1443 1994 Maii
1483 1921 1674 1994 lete.

140 2066 366 2135 2598.
687 2068 1093 2135 PISAUREN.

242 2192 609 2278 impetrata,
669 2188 1071 2277 Apostolicae
1137 2189 1318 2257 Sedis
1386 2187 1675 2274 indulto,

141 2295 233 2362 per
271 2277 633 2363 Capitulum
672 2277 1068 2346 cathedralis
1097 2277 1421 2344 Pisauren.
1457 2288 1679 2343 exten-

136 2364 283 2431 sione
308 2368 636 2434 mssamm
669 2378 737 2433 et
762 2365 1133 2435 officiorum
1164 2364 1282 2434 sub
1316 2364 1444 2432 ritu
1488 2364 1673 2451 dupl.

138 2453 267 2519 min.
324 2457 699 2522 Sanctorum
764 2460 1190 2522 Romanorum
1265 2451 1674 2537 Pontificum,

140 2540 431 2610 Directorii
473 2546 797 2610 Extensor
856 2542 920 2609 in
965 2541 1319 2609 Calendarii
1373 2539 1679 2608 reforma-

142 2627 283 2696 tione
323 2629 663 2717 assignavit
705 2630 935 2698 Officio
986 2632 1051 2696 S.
1086 2633 1209 2696 Gre
1258 2628 1377 2695 orii
1423 2631 1532 2694 PP.
1572 2632 1676 2696 vn

140 2716 305 2800 (quod
351 2717 469 2784 iam
517 2717 640 2785 sub
686 2718 812 2785 ritu
859 2719 1040 2805 dupl.
1093 2717 1231 2782 cele
1278 2717 1476 2801 ratur)
1533 2736 1681 2804 pro·

142 2803 310 2888 priam
349 2805 603 2888 sedem,
654 2806 953 2873 nimirum
999 2805 1173 2872 diem
1221 2805 1471 2871 2511ὠί
1518 2819 1678 2890 quae

139 2901 218 2955 est
254 2892 384 2959 dies
428 2892 553 2960 fixa
598 2913 718 2982 pro
765 2893 1103 2961 universali
1138 2894 1438 2978 Ecclesia,
1472 2912 1680 2959 aman-

140 2980 260 3046 dato
311 2981 389 3049 ad
446 2982 627 3050 diem
686 2987 772 3050 28
832 2982 1121 3051 eiusdem
1177 2982 1414 3049 mensis
1475 2982 1677 3048 altero

140 3067 437 3141 &Urbani
484 3072 669 3138 Pont.
734 3083 801 3138 et
859 3074 1071 3155 unm,
1120 3069 1299 3138 cuius
1359 3080 1679 3155 tamquam

138 3155 374 3243 simplici
431 3158 603 3227 dicta
648 3159 757 3227 die
818 3164 903 3227 25
959 3158 1265 3226 memoria
1326 3156 1675 3225 colebatur.

139 3246 271 3309 cum
326 3256 573 3329 autem,
621 3267 692 3315 re
750 3246 1058 3315 maturius
1117 3264 1469 3333 perpensa,
1534 3262 1679 3312 con·

64 3356 65 3369 ¹
141 3347 341 3415 gruere
383 3335 585 3420 magis
638 3331 934 3403 videatur
991 3346 1063 3401 ut
1116 3339 1180 3403 S.
1218 3332 1450 3402 Urbani
1494 3337 1676 3400 Pont.

142 3430 192 3482 et
228 3423 391 3487 Μαι-ι.
441 3427 702 3491 Festum
748 3424 829 3491 ad
872 3422 1064 3489 ritum
1119 3423 1306 3508 dupl.
1357 3422 1679 3488 elevatum

140 3507 420 3592 antiquam
465 3520 721 3597 repetat
760 3510 1014 3593 sedem,
1063 3510 1364 3578 translato
1395 3510 1472 3576 ad
1507 3508 1679 3575 diem

142 3597 209 3661 ²8
232 3598 358 3663 unii
402 3602 591 3667 Festo
647 3600 712 3665 S.
765 3598 1055 3684 Gregorii
1109 3602 1221 3664 PP.
1284 3597 1517 3683 Conl.;
1563 3598 1679 3664 sed

64 3744 65 3751 ,
140 3679 375 3751 dubitari
444 3685 647 3772 possit
706 3696 924 3752 utrum
982 3705 1187 3754 necne
1247 3684 1309 3751 id
1373 3685 1677 3771 praestari

143 3771 313 3839 valeat
352 3773 425 3840 ab
467 3774 825 3859 ordinario,
860 3785 925 3841 et
967 3794 1045 3841 au
1085 3772 1473 3841 conveniens
1500 3772 1583 3837 sit
1614 3782 1678 3837 et

144 3859 509 3941 rationabile;
563 3862 709 3929 ideo
757 3863 960 3930 delata
990 3882 1094 3929 res
1125 3872 1224 3926 est
1252 3858 1615 3927 definienda
1645 3880 1680 3927 a

142 3946 195 4008 S·
222 3950 287 4015 R.
319 3951 417 4035 0.,
462 3951 762 4036 sequenti
821 3950 1146 4050 proposito
1196 3948 1419 4032 dubio,
1469 3948 1569 4014 cui
1615 3959 1682 4015 et

143 4033 371 4103 altorum
414 4038 710 4122 accessit,
758 4038 1097 4106 videncet:

171 4207 181 4217 ⁸
252 4127 309 4189 l.
353 4130 443 4192 An
486 4129 557 4195 in
601 4145 746 4192 casn
792 4127 1119 4213 proposito
1148 4125 1511 4193 Ordinarius
1542 4146 1685 4213 pos·

145 4220 207 4272 su
244 4213 572 4282 transferre
617 4213 911 4282 Officium
945 4218 1011 4282 S.
1047 4213 1339 4299 Gregorii
1377 4216 1479 4281 vn
1509 4234 1543 4277 a
1574 4213 1683 4279 die

146 4297 211 4392 25
248 4300 317 4366 ad
366 4301 541 4369 diem
598 4307 708 4384 28,
773 4312 839 4369 et
894 4300 1187 4369 Officium
1250 4303 1316 4369 S.
1369 4300 1600 4369 Urbani
1647 4321 1679 4365 a

148 4381 230 4448 die
254 4391 479 4545 gsfiad?
504 4389 679 4459 diem
742 4395 865 4471 25;
929 4401 995 4456 et
1041 4410 1119 4457 an
1183 4389 1557 4457 rationabile
1603 4388 1685 4455 sit

148 4487 249 4552 quo
372 4487 432 4545 at

252 4565 307 4629 2.
354 4571 421 4634 ln
466 4565 652 4633 tertia
699 4565 1019 4634 Dominica
1051 4564 1397 4633 cuiuslibet
1428 4564 1682 4646 Mensis,

153 4662 212 4708 θλ
251 4656 488 4740 antiqua
535 4654 1029 4739 consuetudine,
1078 4654 1143 4720 in
1189 4652 1461 4719 solemni
1509 4652 1687 4719 Missa

151 4731 283 4801 duae
324 4752 767 4810 consecrantur
809 4741 1088 4826 Hostiae,
1131 4760 1401 4827 quarum
1449 4760 1573 4806 una
1620 4738 1685 4805 in

152 4837 301 4916 mm
342 4829 664 4913 Sacrificii,
711 4830 906 4896 altera
953 4849 1071 4916 pro
1116 4828 1374 4915 publica
1419 4846 1683 4894 venera-

153 4916 289 4979 tione
331 4915 391 4983 in
428 4918 789 4987 Ostensorio
840 4918 1214 4997 collocatur,
1264 4918 1683 5002 confectaque

151 4997 560 5092 celebratione,
597 5003 1152 5094 processionaliter
1181 5022 1302 5090 per
1333 5003 1683 5070 Ecclesiam

151 5098 413 5168 gestatur.
455 5097 611 5163 Cum
646 5112 801 5159 vero
838 5103 1125 5180 tempore
1156 5091 1683 5176 Quadrassesimae

152 5182 202 5234 ct
224 5176 525 5248 Adventus
555 5179 934 5269 supplicatio
968 5200 1084 5269 per
1116 5178 1466 5247 Ecclesiam
1498 5177 1681 5244 omit·

154 5268 310 5349 tatur,
343 5286 417 5334 ex
450 5288 525 5336 eo
553 5270 729 5356 quod
766 5268 1046 5368 praefato
1082 5278 1376 5355 tempore
1412 5266 1678 5333 scamnis

154 5345 348 5420 retorta
400 5354 523 5444 ipsa
585 5365 984 5444 reperiatur,
1048 5376 1166 5443 pro
1223 5353 1678 5423 commoditate

1452 2063 1730 2151 (4561)·

1773 431 1998 519 populi
2057 433 2136 500 ad
2191 431 2581 499 audiendum
2638 430 2910 497 verbum
2965 429 3077 496 Dei
3132 443 3352 496 accur-

1776 521 1998 603 rentis,
2050 520 2315 587 dubium
2361 520 2758 605 propositum
2792 527 2924 584 est:
2973 522 3095 601 An,
3129 514 3353 583 omissa

1776 607 2032 761 ὲῗὴξῗέἆῖ
2079 606 2578 763 suffigiit&
2597 604 3354 762 §affectamus

1780 781 2033 850 omitti?

1907 873 1991 937 Et
2037 875 2106 938 S.
2155 874 2231 937 R.
2278 875 2379 954 C.,
2432 871 2744 958 exquisita
2805 869 2981 955 prius
3037 865 3354 934 sententia

1779 958 2042 1026 alterius
2098 978 2178 1026 ex
2233 958 2733 1045 Apostolicarum
2793 956 3352 1026 caeremoniarum

1781 1046 2087 1132 Hagistris
2139 1046 2390 1134 ,scripto
2458 1046 2627 1113 edita
2681 1047 2980 1147 typisque
3033 1044 3349 1128 evulgata,

1778 1136 1856 1203 ad
1902 1135 2280 1202 relationem
2318 1134 2454 1200 Emi
2487 1154 2555 1200 ac
2584 1135 2720 1202 um»
2757 1139 2828 1201 D.
2874 1129 3061 1201 Gar-d.
3096 1129 3350 1214 vidoni,

1782 1223 2303 1309 respondendum
2348 1219 2639 1290 censuit:

1912 1311 2009 1377 Ad
2063 1315 2121 1377 1.
2187 1333 2228 1375 ‹
2259 1309 2676 1394 Affirmative,
2725 1309 2790 1375 in
2855 1327 3026 1393 casu,
3076 1307 3160 1375 de
3223 1325 3353 1393 quo

1781 1398 2013 1485 agitur,
2064 1399 2270 1485 quoad
2320 1407 2651 1482 utramque
2698 1395 2872 1465 dubii
2927 1406 3223 1482 partem3
3289 1404 3355 1460 et

1768 1477 2067 1555 ‘Officium
2102 1490 2171 1553 S.
2204 1485 2492 1571 Gregorii
2523 1489 2628 1554 vu
2669 1485 3176 1552 transferendum
3212 1501 3352 1550 esse

1784 1593 1909 1641 non
1972 1573 2040 1641 in
2097 1574 2270 1642 diem
2332 1578 2448 1657 28,
2503 1573 2568 1641 in
2629 1591 2782 1660 quo·
2821 1570 3043 1640 incidit
3100 1575 3352 1637 Festum

1783 1666 1851 1731 S.
1886 1661 2187 1732 Boniiacii
2234 1666 2431 1748 Papae
2474 1673 2540 1728 et
2570 1660 2786 1744 Con1.,
2820 1659 2936 1726 sed
2970 1660 3033 1726 in
3064 1659 3237 1727 diem
3267 1662 3352 1726 29

1782 1751 1955 1849 iuxta
1993 1749 2328 1836 Proprium
2357 1752 2730 1817 Sanctorum
2761 1752 3167 1816 Summorum
3198 1751 3354 1813 Pon·

1787 1839 2028 1993 mcx?
2060 1861 2136 1993 ἒ.
2202 1947 2240 1990 ‹
2281 1925 2958 1992 Commemorationem
3018 1923 3192 1993 SSmi
3249 1927 3356 1992 Sa-

1781 2014 2090 2081 crementi
2134 2013 2199 2081 in
2242 2012 2518 2100 praefata
2577 2012 2754 2079 Missa
2798 2012 3068 2080 solemni
3122 2012 3355 2079 facien-

1783 2103 1941 2203 dam·
1957 2120 2125 2186 esse,
2162 2101 2312 2169 licet
2341 2099 2818 2168 accidentaliter
2847 2100 3176 2167 omittatur
3206 2104 3356 2166 Pro·

1784 2209 2144 2434 (ἓῖἒέὶ
2169 2277 2500 2365 respondit
2543 2286 2736 2362 atque
2764 2274 3077 2345 decrevit.
3126 2275 3238 2343 Die
3273 2279 3354 2342 15
3415 2289 3421 2295 “

1882 2387 1923 2431 ιι
2149 2413 2167 2430 .

1786 2507 2050 2577 2599.

1915 2629 2192 2696 Demissa
2237 2629 2424 2696 nimis
2467 2628 2655 2695 facies
2699 2631 2860 2696 Arae
2901 2625 3214 2696 maximae
3243 2631 3356 2695 Ca·-

1785 2717 2085 2786 tbedralis
2131 2716 2450 2783 Ecclesiae
2480 2715 2934 2803 senogallien„
2967 2715 3033 2784 in
3061 2715 3356 2783 altiorem

1782 2806 2052 2872 formam
2097 2804 2363 2871 reducta
2421 2822 2630 2891 nuper
2693 2822 2836 2871 cum
2898 2804 3118 2886 luerit,
3165 2823 3357 2889 supe-

1781 2894 2021 2960 riorem
2058 2892 2360 2981 ·lapidem
2426 2891 2654 2959 Altaris
2709 2891 3004 2960 eiusdem
3069 2909 3354 2958 mensam

1785 2984 2224 3049 efformantem
2267 3002 2300 3046 a
2344 3001 2458 3049 suo
2503 2980 2721 3068 stipite
2775 2998 3076 3047 amovere
3135 2999 3357 3046 neces-

1779 3069 1942 3136 sario
1995 3088 2034 3135 o
2085 3069 2303 3136 ortuit.
2367 3072 2620 3138 Constat
2661 3079 2877 3134 autem
2931 3069 3146 3134 Altare
3191 3067 3353 3134 illud

1784 3158 1860 3224 ad
1924 3175 2027 3223 mo
2078 3175 2189 3225 um
2246 3158 2356 3224 fixi
2417 3157 2611 3224 fuisse
2673 3164 3150 3240 consecratum,
3207 3172 3357 3221 cum

1782 3245 2009 3346 sigillis
2054 3255 2243 3331 atque
2289 3243 2691 3312 unctionibus
2736 3260 3020 3310 mensam
3078 3241 3248 3309 inter
3292 3252 3358 3306 et

1784 3332 2101 3421 stipitem3
2152 3333 2297 3400 hinc
2341 3333 2591 3401 diversa
2635 3330 3094 3398 Canonicorum
3126 3327 3358 3397 iudicia

1785 3421 1993 3507 quoad
2026 3421 2467 3488 necessitatem
2502 3420 2666 3486 illud
2714 3421 2946 3485 iterum
2989 3436 3358 3485 consecran-

1785 3508 1878 3576 di.
1912 3513 2266 3597 Eapropter
2286 3528 2319 3574 a
2349 3513 2531 3577 Sacra
2562 3508 2820 3575 Rituum
2851 3505 3357 3591 congregatione

1783 3593 2061 3684 petitum
2111 3596 2521 3682 responderi:
2591 3599 2844 3680 Utrum,
2892 3603 3098 3660 amota
3142 3611 3360 3661 mensa
3389 3598 3404 3617 “

1784 3686 1860 3752 ab
1906 3684 2102 3751 Alteri
2147 3684 2226 3750 ad
2275 3686 2534 3752 modum
2579 3684 2688 3751 fixi
2735 3695 2800 3750 et
2857 3688 3014 3750 non·
3046 3679 3360 3768 portatilis

1785 3772 2165 3855 consecrati,
2230 3773 2581 3841 necessario
2642 3772 2802 3839 illud
2861 3789 3024 3837 nova
3075 3769 3360 3857 indigeat

1785 3860 2263 3926 consecratione
2278 3858 2324 3927 ‘?‘

1917 3952 1995 4013 Et
2040 3952 2106 4014 S.
2140 3952 2216 4015 R.
2257 3952 2358 4034 C.,
2408 3948 2802 4035 infrascripto
2858 3946 3212 4015 secretario
3262 3964 3360 4010 re-

1785 4036 2075 4102 ferente:
2135 4057 2173 4100 «
2216 4040 2283 4104 ln
2329 4056 2515 4121 casu,
2563 4035 2647 4103 de
2694 4055 2822 4121 quo
2866 4036 3099 4123 agitur,
3145 4033 3360 4100 Altare

1785 4124 1999 4190 denuo
2050 4125 2547 4192 consecrandum
2603 4143 2741 4190 esse
2774 4146 2812 4188 ν
2871 4122 3184 4192 decrevit.
3249 4120 3360 4186 Die

1792 4214 1871 4277 15
1906 4211 2041 4276 Maii
2080 4216 2270 4280 1819.
2797 4250 2804 4259 -

1786 4352 2055 4422 2600.
2138 4355 2557 4420 DECRETUM
2604 4354 3046 4421 GENERALE.
3131 4353 3358 4441 (4563)

1916 4476 2212 4554 Quamvis
2257 4479 2323 4543 S.
2358 4479 2437 4543 R.
2471 4480 2541 4545 G.
2594 4478 2657 4543 in
2703 4496 2827 4543 uua
2870 4477 3194 4544 Pisauren.
3242 4477 3360 4544 sub

2285 2506 2837 2574 SENOGALLIEN.
3125 2504 3351 2592 (4562)

1787 4563 1895 4630 die
1946 4567 2026 4629 15
2088 4562 2287 4631 llartii
2357 4567 2523 4637 1664
2587 4564 3027 4652 reprobaverit
3084 4583 3358 4649 morem,

1785 4650 1894 4736 qui
1929 4649 2096 4719 forte
2126 4651 2354 4720 alicubi
2375 4652 2745 4718 obtinuerat
2774 4652 3154 4720 conficiendi
3192 4653 3362 4720 Ami-

1787 4748 1963 4821 ctus,
2011 4739 2235 4823 Albas,
2284 4738 2584 4805 Tobaleas
2641 4740 2987 4824 Altarium‚
3055 4759 3175 4807 nec
3234 4760 3364 4808 non

1784 4827 2147 4914 Corporalia
2196 4838 2258 4893 et
2303 4827 2498 4892 Pallas
2564 4845 2642 4892 ex
2696 4827 2820 4892 tela
2872 4827 3143 4912 quadam
3188 4847 3361 4895 com-

1902 4914 1985 4979 ita
2038 4935 2074 4980 e
2131 4914 2261 4980 lino
2316 4921 2379 4978 et
2432 4914 2707 5001 gossipio
2765 4914 3216 4994 subtilissim03
3265 4918 3361 4983 ni-

1831 5000 2129 5068 ilominus
2161 5000 2515 5067 novissimis
2561 5000 2954 5088 temporibus
2983 5004 3142 5071 adeo
3189 5004 3360 5071 inva-

1790 5090 1905 5156 luit
1950 5086 2217 5171 abusus‚
2267 5099 2376 5171 ut,
2426 5090 2735 5156 constanti
2800 5090 3118 5159 Ecclesiae
3175 5091 3361 5160 disci-

1787 5177 1955 5265 plina
2002 5174 2380 5263 postbabita,
2417 5177 2740 5244 nonnullis
2776 5177 2841 5243 in
2887 5179 3189 5248 Ecclesiis
3234 5200 3362 5248 non

1783 5266 1899 5332 alia
1944 5264 2364 5333 adhibeantur
2407 5264 2857 5351 supellectilia,
2901 5267 3004 5334 vel
3049 5268 3128 5335 ad
3174 5267 3362 5336 sacri-

1786 5353 2101 5421 ficandum
2169 5355 2276 5420 vel
2343 5353 2419 5420 ad
2467 5352 2779 5421 Altarium
2825 5372 3009 5423 usum
3035 5404 3054 5440 ‚
3111 5355 3230 5424 nisi
3276 5375 3358 5423 ex
