4042 5950
1537 250 1953 328 -39-

122 402 193 473 s:
225 405 387 472 Pauli
425 406 720 474 eiusdem
767 407 1071 491 CivitatiS,
1121 424 1153 471 a
1198 410 1265 474 S.
1301 410 1375 472 R.
1410 409 1480 472 C.
1532 405 1680 471 alias

123 492 443 560 nonnullae
492 495 816 560 resolutae
878 494 1111 560 fuerint
1167 493 1681 572 controversiae;

122 598 375 665 cumque
422 581 667 649 exinde
714 602 746 647 a
792 580 1024 649 Curato
1068 578 1133 647 et
1178 579 1459 646 Patribus
1504 599 1685 667 prae-

123 668 262 733 fatae
308 668 639 735 Ecclesiae
683 668 1054 755 parochialis
1100 673 1171 735 B.
1221 673 1300 735 Μ.
1340 671 1416 735 V.
1467 672 1685 733 Portus

122 755 292 837 Salvi,
338 773 541 841 super
586 756 833 823 iuribus
859 755 1322 841 parochialibus
1355 762 1449 821 'et
1506 774 1686 841 prae-

123 842 484 925 eminentiiS,
522 862 728 909 novae
773 853 1103 930 promotae
1149 843 1386 910 fuerint
1435 853 1685 907 contro-

124 931 379 1014 versiae3
431 930 616 996 hisce
646 931 722 996 ad
754 931 1110 997 instantiam
1156 930 1366 997 Curati
1400 941 1466 995 et
1512 928 1681 994 Cleri

122 1018 462 1104 praedictae
535 1018 860 1084 Ecclesiae
927 1018 1302 1102 parochialis
1369 1013 1685 1101 Naufragii

121 1112 173 1173 S.
200 1106 359 1172 Pauli
405 1105 485 1172 ad
522 1108 590 1172 S.
630 1111 703 1172 R.
737 1110 810 1173 C.
845 1105 1107 1189 delatiS,
1159 1111 1350 1172 Efnus
1382 1116 1445 1169 et
1488 1107 1682 1169 Rmus

124 1199 183 1260 D.
226 1193 401 1259 Card.
454 1193 823 1260 Gualterius
870 1193 1262 1280 infrascripta
1320 1191 1510 1258 dubia
1571 1190 1681 1257 de-

122 1281 357 1347 cidoeida
405 1282 786 1366 proposuit,
835 1281 1175 1349 videlicet:

236 1371 291 1432 1.
340 1372 437 1519 1311
488 1379 558 1433 et
607 1369 693 1435 de
747 1368 927 1435 cuius
988 1368 1365 1435 matricitate
1436 1375 1681 1431 constet

122 1474 173 1518 in
213 1474 351 1520 casu

232 1546 291 1607 2.
339 1547 436 1607 An
485 1552 555 1608 et
602 1544 706 1611 cui
753 1543 833 1609 sit
880 1543 1086 1610 danda
1129 1538 1578 1623 praecedentia
1619 1538 1681 1604 in

121 1629 613 1715 quibuscumque
688 1631 1200 1698 processionibus
1274 1626 1681 1715 generalibus

122 1730 177 1781 ct
213 1717 645 1783 functionibus
692 1717 1201 1806 episcopalibus?

231 1809 288 1871 3.
324 1807 445 1887 An,
473 1805 812 1873 occasione
843 1805 1265 1873 associationis
1298 1805 1678 1871 cadaverum

123 1891 184 1957 ad
230 1890 573 1959 Ecclesiam
631 1897 699 1959 S.
746 1891 918 1961 Pauli
978 1912 1091 1959 seu
1151 1894 1227 1959 ad
1298 1893 1478 1959 aliam
1548 1891 1679 1956 exi·

126 1991 370 2044 stentem
417 1978 589 2045 intra
639 1980 875 2046 limites
919 1980 1237 2063 eiusdem,
1290 1978 1564 2045 invitatis
1612 1988 1678 2043 et

123 2065 543 2133 accedentibus
608 2080 735 2133 tam
794 2067 1071 2133 Parocho
1119 2067 1434 2134 Saeculari
1493 2084 1679 2149 quam

124 2154 428 2236 Regulari,
490 2156 814 2221 Parochus
884 2155 1230 2222 Saecularis
1287 2152 1677 2240 praecedere

124 2239 320 2305 debeat
362 2241 554 2308 alteri
606 2241 953 2327 Regulari‘?

235 2331 292 2393 1.
328 2334 447 2412 An,
476 2328 815 2395 occasione
846 2330 1268 2397 associatienis
1298 2329 1674 2396 cadaverum

127 2415 185 2479 ad
244 2417 589 2482 Ecclesiam
649 2422 873 2482 Portus
927 2419 1093 2484 Salvi
1151 2418 1287 2483 sive
1355 2417 1430 2482 ad
1493 2416 1676 2481 aliam

129 2502 475 2569 existentem
527 2503 696 2571 inti-a
744 2504 979 2572 limites
1025 2505 1352 2586 eiusdem,
1405 2503 1679 2569 invitatis

129 2598 179 2651 et
215 2590 663 2658 accedentibus
707 2594 979 2659 Parocho
1045 2593 1402 2674 Saeculari,
1453 2602 1516 2655 et
1560 2593 1678 2656 Re-

130 2676 322 2760 gulari,
368 2680 694 2746 Parochus
739 2679 1085 2746 Saecularis
1128 2679 1518 2767 praecedere
1567 2677 1678 2743 de-

134 2764 249 2829 beat
288 2766 497 2834 eidem
548 2767 827 2833 parocho
872 2766 1211 2853 Regulari’?

235 2856 292 2917 ὅ.
338 2859 433 2919 An
480 2854 553 2921 in
601 2853 767 2920 dicta
814 2854 1223 2921 associatione
1277 2854 1353 2921 ad
1404 2852 1676 2937 aliquam

136 2956 196 3001 ex
232 2940 570 3025 praedictis
618 2942 943 3026 Ecclesiis,
981 2942 1451 3010 interveniente
1487 2940 1675 3008 Clero

134 3027 406 3093 Saeculari
468 3050 598 3096 una
669 3050 814 3095 cum
887 3032 1163 3096 Parocho
1224 3028 1542 3097 Saeculari
1610 3039 1677 3092 et

135 3114 298 3179 altero
358 3117 704 3203 Regulam,
757 3136 979 3184 omnes
1035 3118 1338 3184 incedere
1401 3117 1674 3182 debeant

135 3197 228 3262 sub
263 3205 459 3269 Cruce
514 3206 687 3272 Cleri
737 3215 803 3270 et
849 3205 1104 3272 Parechi
1163 3202 1509 3270 Saecularis
1568 3201 1673 3267 vel

138 3288 478 3373 Regularis‘?

238 3379 295 3443 6.
341 3380 437 3444 An
485 3380 719 3446 eodem
765 3380 959 3446 modo
1025 3378 1506 3465 procedendum
1565 3376 1670 3459 sit,

136 3463 438 3532 accedente
509 3470 823 3553 Episcopo
882 3467 959 3531 ad
1026 3467 1394 3537 visitandam
1457 3465 1672 3529 Eccle-

136 3548 257 3614 siam
297 3554 725 3636 parochialem
771 3559 992 3620 Portus
1038 3551 1253 3620 Salvi?
1558 3603 1569 3611 .

241 3642 293 3702 7.
342 3643 435 3706 An
482 3643 550 3707 in
598 3642 840 3708 eisdem
907 3639 1414 3706 processionibus
1463 3649 1528 3704 et
1575 3639 1671 3703 fu-

138 3724 437 3811 neralibus,
474 3729 717 3797 licitum
751 3729 832 3793 sit
863 3728 1034 3795 dicto
1066 3728 1340 3793 Parocho
1374 3723 1669 3809 Regulari

140 3829 233 3874 nna
292 3834 429 3881 cum
491 3819 625 3883 suis
682 3815 1017 3900 Religiosis
1084 3813 1343 3880 deferre
1399 3816 1668 3879 Crucem

139 3916 252 3963 cnm
281 3905 417 3969 velo
462 3906 573 3970 vel
620 3907 757 3969 sine
788 3904 934 3968 velo
974 3921 1089 3967 sen
1127 3902 1321 3988 pallio
1352 3896 1675 3986 appenso?

240 3993 296 4053 8.
344 3993 437 4057 An
484 4003 554 4057 et
599 4013 631 4056 a
679 4009 806 4074 quo
851 3989 1151 4070 Parocho,
1202 3989 1515 4057 saeculari
1566 3988 1667 4051 vel

139 4074 419 4160 Regulari,
454 4079 745 4148 facienda
781 4078 861 4141 sit
893 4077 1213 4142 Processio
1260 4087 1403 4161 post
1434 4077 1673 4160 Vespe-

138 4177 211 4223 ras
246 4164 363 4229 diei
408 4165 791 4233 Festivitatis
838 4164 1012 4230 Ssmi
1059 4164 1357 4250 Corporis
1410 4161 1667 4227 Christi.

238 4253 299 4326 9.
344 4255 435 4318 An
482 4255 707 4321 eadem
778 4251 1138 4334 Processi0‚
1180 4263 1259 4315 ut
1324 4268 1511 4336 supra
1581 4248 1666 4314 fa-

141 4333 344 4422 cienda,
380 4341 649 4407 transire
682 4339 871 4408 etiam
906 4337 1101 4425 possit
1149 4357 1266 4425 per
1310 4337 1439 4402 vias
1471 4335 1670 4421 magis

139 4425 459 4508 conspicuas
527 4425 809 4494 Civitatis
857 4421 1203 4508 vallense,
1254 4424 1445 4489 etiam
1507 4423 1669 4487 intra

142 4504 337 4663 {imiterisl
375 4516 633 4581 alterius
664 4513 1018 4594 Parochiae,
1058 4511 1420 4598 irrequisito
1468 4513 1667 4574 altero

173 4613 295 4661 aroc
342 4601 422 4667 οἳ

250 4688 337 4750 10.
385 4691 478 4754 An
527 4693 738 4755 Patres
771 4686 1154 4753 Dominicani
1188 4697 1527 4752 teneantur
1571 4705 1667 4751 ac-

141 4767 334 4838 cedere
386 4777 461 4843 ad
533 4777 767 4844 dictam
833 4774 1305 4841 Processionem
1362 4775 1668 4861 illamque

50 4881 51 4890 ¹
142 4858 443 4930 associare?

50 5309 53 5366 i

50 5459 53 5492 i

246 4949 337 5013 ll.
382 4957 475 5019 An
521 4953 711 5018 liceat
758 4950 1033 5016 parocho
1082 4951 1145 5014 S.
1183 4949 1351 5014 Pauli
1398 4969 1467 5014 se
1515 4969 1664 5015 con-

146 5025 279 5096 ferre
338 5037 408 5103 ad
468 5037 960 5107 administranda
1032 5040 1465 5119 Sacramenta,
1539 5049 1664 5101 tam

144 5114 280 5182 SSffii
322 5125 531 5194 viatici
578 5146 767 5211 quam
814 5135 1141 5189 extremae
1188 5124 1538 5206 Unctionis‚
1575 5123 1666 5187 in-

146 5204 265 5268 colis
305 5224 363 5274 et
405 5214 825 5281 habitantibus
874 5211 937 5276 in
969 5211 1265 5276 domibus
1310 5210 1445 5275 sitis
1491 5221 1663 5275 retro

149 5292 435 5366 Ecclesiam
494 5306 721 5368 Beatae
783 5298 1005 5366 Mariae
1061 5298 1144 5365 de
1193 5298 1495 5380 Victoria,
1545 5315 1664 5362 nec

1783 426 1909 472 nou
1954 407 2177 561 incoli?
2223 419 2286 472 et
2332 404 2755 473 habitantibus
2803 406 2867 472 in
2912 406 3099 473 foveo
3159 405 3352 473 Castri

1791 497 1855 561 S.
1908 493 2113 561 Helmi
2377 495 2386 503 ’

1922 585 2022 647 12.
2075 587 2170 647 An
2215 581 2431 647 eidem
2479 582 2758 648 Parocho
2804 587 2866 649 S.
2919 581 3128 664 Pauli,
3181 600 3355 646 occa-

1774 670 1964 735 sione
2010 666 2487 735 administrandi
2523 669 2747 735 eadem
2779 673 3178 739 Sacramenta
3210 688 3356 753 pro-

1785 755 1936 841 priis
1982 754 2374 840 parochianis
2421 756 2841 824 habitantibus
2889 765 3061 823 extra
3108 764 3356 842 portam

1786 842 2064 910 Civitatis
2107 843 2444 924 Vallettae,
2479 842 2666 908 liceat
2715 844 2890 910 exire
2938 866 2970 909 a
3001 854 3181 928 porta
3228 862 3357 908 ma-

1786 929 1919 994 iore
1950 928 2544 996 eiusdemssivitatis
2571 942 2636 995 et
2662 932 2924 997 transire
2951 949 3097 997 cum
3121 947 3353 1015 pompa

1785 1016 1946 1081 intra
1977 1016 2213 1083 limites
2246 1018 2578 1083 Parochiae
2611 1020 2830 1083 Portus
2864 1018 3054 1101 Salvi,
3076 1017 3212 1082 sive
3244 1036 3354 1102 po-

1783 1103 1907 1169 tins
1956 1113 2250 1170 teneatur
2294 1103 2470 1169 exire
2516 1104 2591 1169 ab
2636 1106 2830 1171 altera
2887 1117 3066 1193 porta
3113 1123 3355 1170 nuncu-

1783 1201 1925 1275 pata
1972 1191 2138 1257 della
2184 1191 2502 1257 marina?

1920 1283 2020 1344 13.
2075 1279 2172 1343 An
2202 1277 2415 1344 eidem
2463 1278 2739 1344 Parocho
2774 1284 2836 1346 S.
2873 1280 3047 1347 Pauli
3091 1278 3172 1343 sit
3202 1299 3351 1366 pro·

1779 1365 2133 1433 hibendum
2159 1365 2593 1433 administrare
2627 1370 3050 1450 Sacramenta,
3080 1376 3144 1431 et
3175 1386 3354 1453 prae-

1782 1455 1969 1539 cipue
2016 1452 2343 1519 occasione
2375 1455 2698 1541 Praecepti
2731 1454 3058 1536 PascbaliS,
3092 1453 3353 1521 Clericis

1783 1538 2221 1607 Saecularibus
2283 1539 2708 1607 habitantibus
2763 1541 2925 1607 intra
2972 1541 3207 1608 limites
3252 1545 3354 1606 Pa·

1784 1627 2035 1694 rochiae
2083 1632 2304 1694 Portus
2351 1628 2541 1711 Salvi,
2592 1628 2833 1715 etiamsi
2882 1628 3181 1716 adscripti
3225 1647 3353 1695 non

1782 1715 1908 1781 sint
1932 1715 2191 1781 servitio
2227 1715 2560 1780 Parochiae
2594 1719 2658 1782 S.
2693 1715 2906 1801 Pauli3
2948 1716 3056 1801 qui
3100 1726 3357 1803 propte-

1779 1822 1882 1868 rea
1933 1813 2270 1869 teneantur
2314 1802 2624 1867 accedere
2669 1803 2735 1869 in
2780 1804 3352 1890 adimplementum

1781 1889 1934 1956 dicti
1980 1889 2305 1977 Praecepti
2360 1890 2434 1955 ad
2491 1891 2780 1958 eamdem
2814 1891 3171 1958 Parochiam
3203 1894 3350 1957 Por·

1782 1987 1885 2043 tus
1932 1975 2146 2043 Salvi?

1916 2068 1991 2130 Et
2050 2066 2112 2131 S.
2165 2068 2238 2131 R.
2288 2068 2389 2145 C.,
2448 2073 2713 2149 utraque
2768 2075 2948 2150 parte
3012 2077 3137 2132 tam
3200 2066 3353 2133 scri-

1778 2152 1904 2236 ptis
1949 2171 2136 2236 quam
2182 2170 2338 2217 voce
2375 2150 2753 2218 informante
2800 2152 3033 2237 audita,
3075 2152 3351 2240 visisque

1781 2238 2021 2306 iuribus
2071 2239 2216 2306 hinc
2286 2238 2433 2304 inde
2481 2238 2812 2323 deductis,
2870 2239 3348 2308 rescribendum

1780 2327 2066 2393 censuit:

1912 2415 2006 2481 Ad
2044 2419 2102 2480 1.
2138 2435 2175 2477 ι
2201 2417 2501 2481 Constare
2526 2415 2608 2482 de
2632 2414 3007 2481 matricitate
3031 2415 3351 2483 Ecclesiae

1778 2505 2000 2567 Portus
2048 2502 2239 2585 Salvi,
2274 2503 2349 2569 ad
2399 2503 2696 2569 effectum
2743 2503 2827 2568 de
2873 2522 2998 2588 quo
3044 2504 3253 2589 agitur
3284 2526 3347 2568 ».

1911 2590 2006 2656 Ad
2055 2594 2122 2654 2.
2171 2611 2208 2652 ιι
2241 2588 2472 2656 Deberi
2513 2591 2785 2657 Parocho
2816 2593 3038 2656 Portus
3083 2591 3250 2659 Salvi
3283 2612 3349 2655 ν.

1911 2677 2007 2742 Ad
2059 2681 2122 2742 3.
2177 2687 2240 2741 et
2283 2680 2346 2744 4.
2399 2698 2437 2742 ιι
2471 2679 2855 2744 Servandam
2903 2697 3039 2743 esse
3092 2698 3351 2745 concor-

1777 2764 1944 2832 diam
1977 2785 2072 2839 ».‚

1911 2852 2003 2918 Ad
2075 2855 2141 2917 5.
2203 2872 2241 2916 ιι
2282 2855 2511 2919 Omnes
2572 2854 2815 2920 debere
2876 2852 3178 2921 incedere
3235 2856 3352 2921 sub

1779 2952 1899 3007 una
1945 2942 2184 3022 cruce,
2231 2958 2467 3025 nempe
2513 2942 2832 3007 Ecclesiae
2884 2941 3252 3008 tumulantis
3281 2963 3345 3007 ».

1909 3030 2002 3095 Ad
2037 3033 2101 3093 6.
2131 3049 2168 3090 ιι
2195 3028 2547 3094 8ιὼῦτηοο
2574 3028 2890 3095 Ecclesiae
2915 3029 3258 3096 visitandae
3282 3053 3349 3095 ».

1910 3117 2004 3181 Ad
2055 3119 2120 3180 7.
2168 3136 2207 3179 c
2241 3116 2488 3181 Servari
2533 3116 2793 3182 solitum
2825 3138 2887 3179 ι».

1909 3204 2002 3269 Ad
2054 3207 2115 3268 8.
2153 3201 2203 3265 ἰ
2237 3202 2709 3268 Processionem
2754 3203 3099 3269 faciendam
3148 3223 3285 3269 esse
3317 3227 3348 3270 a

1774 3291 2050 3356 Parecho
2095 3294 2315 3354 Portus
2361 3289 2527 3354 Salvi
2574 3289 2639 3354 in
2682 3289 2789 3355 die
2821 3293 3005 3357 Festo
3049 3291 3360 3377 Corporis·

1776 3377 2006 3442 Christi
2053 3384 2195 3462 post
2243 3379 2552 3462 Vesperas
2586 3399 2651 3443 ι».

1906 3464 2000 3530 Ad
2050 3469 2114 3530 9.
2168 3486 2204 3526 ιι
2238 3464 2544 3549 Negative
2576 3484 2643 3529 ιν.

1906 3552 2001 3616 Ad
2058 3554 2157 3617 10.
2210 3572 2247 3613 ιι
2283 3550 2585 3636 Negative
2618 3575 2685 3619 ι».

1906 3639 2000 3706 Ad
2050 3643 2151 3704 11.
2202 3659 2240 3702 c
2276 3639 2622 3726 Episcopus
2654 3642 3012 3728 provideat,
3051 3651 3237 3728 prout
3270 3642 3352 3707 de

1777 3726 1956 3809 iure,
2006 3726 2239 3793 auditis
2307 3726 2614 3794 interesse
2676 3727 3052 3794 habentibus
3085 3776 3101 3809 ,
3159 3728 3349 3793 etiam

1777 3834 1920 3879 cum
1969 3812 2366 3880 facultatibus
2411 3819 2476 3878 S.
2527 3815 3050 3902 congregationis
3085 3839 3166 3880 s..

1904 3903 2000 3967 Ad
2054 3906 2160 3967 12.
2211 3922 2248 3963 ιι
2284 3901 2556 3965 Arbitrio
2604 3902 2996 3990 Episcopi».

1906 3990 2002 4054 Ad
2059 3993 2164 4055 13.
2201 4009 2247 4050 ιιι
2283 3992 2514 4055 Omnes
2545 3989 2748 4054 teneri
2781 3989 3135 4056 satisfacere
3169 4011 3350 4077 prae·

1775 4088 1961 4163 cepto
2008 4077 2283 4141 Paschali
2331 4075 2394 4140 in
2442 4077 2692 4162 propria
2723 4077 3044 4160 Parochia,
3095 4087 3350 4166 praeter

1774 4165 2055 4231 addictos
2118 4173 2182 4228 et
2227 4162 2482 4229 insimul
2555 4164 2974 4230 inservientes
3027 4166 3349 4231 Ecclesiae

1775 4254 1838 4318 S.
1890 4251 2058 4316 Pauli
2095 4272 2158 4314 ».

1906 4343 1979 4408 Et
2025 4338 2106 4403 ita
2171 4338 2513 4404 declaravit
2575 4360 2645 4405 ac
2698 4340 2935 4406 servari
2999 4341 3345 4406 mandavit.

1774 4425 1884 4490 Die
1932 4429 2011 4490 27
2060 4425 2386 4492 Februarii
2440 4430 2631 4494 1723.

1776 4564 2023 4633 2276.
2261 4568 2868 4644 moNoreerANA.
3129 4568 3348 4652 (aeus)

1902 4693 2108 4776 Super
2143 4688 2280 4755 iure
2331 4687 2700 4754 celebrandi
2724 4693 2984 4754 Festum
3019 4690 3191 4755 SSmi
3225 4693 3347 4755 No-

1771 4776 1954 4841 minis
2001 4781 2143 4841 lesu
2190 4777 2295 4843 die
2348 4781 2378 4841 1
2429 4776 2690 4841 Ianuarii
2739 4796 2769 4840 a
2816 4775 3098 4842 Patribus
3139 4777 3348 4845 Socie-

1772 4861 1911 4927 tatis
1973 4867 2112 4929 Iesu
2172 4861 2452 4929 Civitatis
2515 4862 2862 4950 Monopolis
2920 4882 3083 4929 anno
3153 4869 3347 4950 1720,

1770 4951 2073 5015 adversus
2119 4953 2330 5013 Patres
2387 4948 2634 5015 Ordinis
2706 4952 2771 5015 S.
2829 4951 3136 5019 Dominici
3184 4955 3350 5020 eius·

1769 5038 1917 5103 dem
1961 5035 2269 5112 civitam,
2316 5034 2421 5120 qui
2471 5036 2696 5102 eadem
2733 5037 2837 5104 die
2871 5039 3044 5106 idem
3091 5045 3348 5108 Festum

1768 5124 2094 5190 celebrare
2142 5135 2637 5207 consueverunt,
2691 5127 3136 5192 controversiis
3182 5129 3352 5194 exci-

1771 5210 1937 5292 tatiS,
1988 5221 2054 5274 et
2098 5209 2164 5274 in
2208 5208 2314 5274 illa
2358 5211 2541 5277 Curia
2589 5211 2933 5300 episcopali
2983 5212 3199 5279 favore
3244 5219 3348 5279 Pa-

1772 5309 1937 5363 trum
1984 5296 2495 5366 praedicatorum
2543 5301 2876 5381 resolutis;
2926 5319 3072 5366 cum
3133 5305 3344 5367 Patres
