<?xml version="1.0" encoding="UTF-8"?>
<!DOCTYPE html PUBLIC "-//W3C//DTD XHTML 1.0 Transitional//EN"
    "http://www.w3.org/TR/xhtml1/DTD/xhtml1-transitional.dtd">
<html xmlns="http://www.w3.org/1999/xhtml" xml:lang="en" lang="en">
 <head>
  <title>
</title>
<meta http-equiv="Content-Type" content="text/html;charset=utf-8" />
  <meta name='ocr-system' content='tesseract 3.04.00' />
  <meta name='ocr-capabilities' content='ocr_page ocr_carea ocr_par ocr_line ocrx_word'/>
</head>
<body>
  <div class='ocr_page' id='page_1' title='image "./decretaauthenti00ritugoog_0100.png"; bbox 0 0 4042 5950; ppageno 0'>
   <div class='ocr_carea' id='block_1_1' title="bbox 2042 257 2464 348">
    <p class='ocr_par' dir='ltr' id='par_1_1' title="bbox 2042 257 2464 348">
     <span class='ocr_line' id='line_1_1' title="bbox 2042 257 2464 348; baseline -0.009 -17"><span class='ocrx_word' id='word_1_1' title='bbox 2042 257 2464 348; x_wconf 74' lang='grc'><strong>..70-</strong></span> 
     </span>
    </p>
   </div>
   <div class='ocr_carea' id='block_1_2' title="bbox 610 422 3896 603">
    <p class='ocr_par' dir='ltr' id='par_1_2' title="bbox 610 422 3896 603">
     <span class='ocr_line' id='line_1_2' title="bbox 610 422 3893 517; baseline -0.003 -20"><span class='ocrx_word' id='word_1_2' title='bbox 610 433 746 499; x_wconf 89' lang='lat' dir='ltr'><strong>lum</strong></span> <span class='ocrx_word' id='word_1_3' title='bbox 796 431 1081 497; x_wconf 85' lang='lat' dir='ltr'><strong>renuerit</strong></span> <span class='ocrx_word' id='word_1_4' title='bbox 1126 430 1396 517; x_wconf 85' lang='lat' dir='ltr'><strong>amplius</strong></span> <span class='ocrx_word' id='word_1_5' title='bbox 1449 427 1879 496; x_wconf 74' lang='lat' dir='ltr'>transmittere</span> <span class='ocrx_word' id='word_1_6' title='bbox 1925 429 2028 492; x_wconf 80' lang='lat' dir='ltr'><strong>vel</strong></span> <span class='ocrx_word' id='word_1_7' title='bbox 2078 429 2190 493; x_wconf 89' lang='lat' dir='ltr'><strong>Ca·</strong></span> <span class='ocrx_word' id='word_1_8' title='bbox 2298 424 2728 493; x_wconf 75' lang='lat' dir='ltr'><strong>functionibus</strong></span> <span class='ocrx_word' id='word_1_9' title='bbox 2775 422 3243 507; x_wconf 84' lang='lat' dir='ltr'><strong>ecclesiasticis,</strong></span> <span class='ocrx_word' id='word_1_10' title='bbox 3294 423 3450 489; x_wconf 89' lang='lat' dir='ltr'><strong>ortis</strong></span> <span class='ocrx_word' id='word_1_11' title='bbox 3511 428 3893 489; x_wconf 79' lang='lat' dir='ltr'><strong>controver-</strong></span> 
     </span>
     <span class='ocr_line' id='line_1_3' title="bbox 614 509 3896 603; baseline -0.003 -19"><span class='ocrx_word' id='word_1_12' title='bbox 614 519 870 586; x_wconf 86' lang='lat' dir='ltr'><strong>nonicos</strong></span> <span class='ocrx_word' id='word_1_13' title='bbox 916 519 1020 583; x_wconf 86' lang='lat' dir='ltr'><strong>vel</strong></span> <span class='ocrx_word' id='word_1_14' title='bbox 1067 516 1518 603; x_wconf 82' lang='lat' dir='ltr'><strong>Presbyteros;</strong></span> <span class='ocrx_word' id='word_1_15' title='bbox 1570 527 1634 582; x_wconf 92' lang='lat' dir='ltr'><strong>et</strong></span> <span class='ocrx_word' id='word_1_16' title='bbox 1683 537 1720 583; x_wconf 92' lang='lat' dir='ltr'><strong>e</strong></span> <span class='ocrx_word' id='word_1_17' title='bbox 1752 525 1968 582; x_wconf 88' lang='lat' dir='ltr'><strong>contra</strong></span> <span class='ocrx_word' id='word_1_18' title='bbox 2001 519 2197 581; x_wconf 75' lang='lat' dir='ltr'><strong>Rffius</strong></span> <span class='ocrx_word' id='word_1_19' title='bbox 2303 513 2409 578; x_wconf 88' lang='lat' dir='ltr'><strong>siis</strong></span> <span class='ocrx_word' id='word_1_20' title='bbox 2458 509 2713 597; x_wconf 88' lang='lat' dir='ltr'><strong>illisque</strong></span> <span class='ocrx_word' id='word_1_21' title='bbox 2760 512 2836 578; x_wconf 87' lang='lat' dir='ltr'><strong>ad</strong></span> <span class='ocrx_word' id='word_1_22' title='bbox 2885 515 2951 579; x_wconf 87' lang='lat' dir='ltr'><strong>S.</strong></span> <span class='ocrx_word' id='word_1_23' title='bbox 3000 515 3074 578; x_wconf 86' lang='lat' dir='ltr'><strong>R.</strong></span> <span class='ocrx_word' id='word_1_24' title='bbox 3120 514 3193 579; x_wconf 87' lang='lat' dir='ltr'><strong>C.</strong></span> <span class='ocrx_word' id='word_1_25' title='bbox 3243 511 3511 594; x_wconf 78' lang='lat' dir='ltr'><strong>delatiS,</strong></span> <span class='ocrx_word' id='word_1_26' title='bbox 3564 515 3762 576; x_wconf 78' lang='lat' dir='ltr'><strong>Er‘ims</strong></span> <span class='ocrx_word' id='word_1_27' title='bbox 3829 519 3896 574; x_wconf 88' lang='lat' dir='ltr'><strong>et</strong></span> 
     </span>
    </p>
   </div>
   <div class='ocr_carea' id='block_1_3' title="bbox 614 603 2216 2443">
    <p class='ocr_par' dir='ltr' id='par_1_3' title="bbox 614 603 2204 1040">
     <span class='ocr_line' id='line_1_4' title="bbox 614 603 2197 692; baseline -0.003 -19"><span class='ocrx_word' id='word_1_28' title='bbox 614 605 1144 692; x_wconf 86' lang='lat' dir='ltr'><strong>Archiepiscopus</strong></span> <span class='ocrx_word' id='word_1_29' title='bbox 1225 623 1462 691; x_wconf 89' lang='lat' dir='ltr'><strong>cogere</strong></span> <span class='ocrx_word' id='word_1_30' title='bbox 1548 604 1758 692; x_wconf 90' lang='lat' dir='ltr'><strong>ipsum</strong></span> <span class='ocrx_word' id='word_1_31' title='bbox 1831 603 2197 691; x_wconf 80' lang='lat' dir='ltr'><strong>Capitulum</strong></span> 
     </span>
     <span class='ocr_line' id='line_1_5' title="bbox 615 691 2197 783; baseline -0.003 -23"><span class='ocrx_word' id='word_1_32' title='bbox 615 693 1094 783; x_wconf 84' lang='lat' dir='ltr'><strong>praetenderit:</strong></span> <span class='ocrx_word' id='word_1_33' title='bbox 1145 702 1510 779; x_wconf 88' lang='lat' dir='ltr'><strong>propterea,</strong></span> <span class='ocrx_word' id='word_1_34' title='bbox 1544 692 1754 759; x_wconf 89' lang='lat' dir='ltr'><strong>delata</strong></span> <span class='ocrx_word' id='word_1_35' title='bbox 1801 691 1878 758; x_wconf 90' lang='lat' dir='ltr'><strong>ad</strong></span> <span class='ocrx_word' id='word_1_36' title='bbox 1910 694 1979 756; x_wconf 89' lang='lat' dir='ltr'><strong>S.</strong></span> <span class='ocrx_word' id='word_1_37' title='bbox 2013 693 2090 756; x_wconf 85' lang='lat' dir='ltr'><strong>R.</strong></span> <span class='ocrx_word' id='word_1_38' title='bbox 2126 693 2197 757; x_wconf 92' lang='lat' dir='ltr'><strong>C.</strong></span> 
     </span>
     <span class='ocr_line' id='line_1_6' title="bbox 614 778 2196 863; baseline -0.005 -15"><span class='ocrx_word' id='word_1_39' title='bbox 614 780 979 849; x_wconf 90' lang='lat' dir='ltr'><strong>huiusmodi</strong></span> <span class='ocrx_word' id='word_1_40' title='bbox 1013 799 1219 863; x_wconf 91' lang='lat' dir='ltr'><strong>causa,</strong></span> <span class='ocrx_word' id='word_1_41' title='bbox 1245 782 1441 845; x_wconf 76' lang='lat' dir='ltr'><strong>Emus</strong></span> <span class='ocrx_word' id='word_1_42' title='bbox 1476 789 1539 845; x_wconf 90' lang='lat' dir='ltr'><strong>et</strong></span> <span class='ocrx_word' id='word_1_43' title='bbox 1569 782 1765 846; x_wconf 78' lang='lat' dir='ltr'><strong>Rmus</strong></span> <span class='ocrx_word' id='word_1_44' title='bbox 1798 782 1980 845; x_wconf 89' lang='lat' dir='ltr'><strong>Dom.</strong></span> <span class='ocrx_word' id='word_1_45' title='bbox 2008 778 2196 844; x_wconf 88' lang='lat' dir='ltr'><strong>Card.</strong></span> 
     </span>
     <span class='ocr_line' id='line_1_7' title="bbox 617 864 2204 955; baseline -0.004 -20"><span class='ocrx_word' id='word_1_46' title='bbox 617 868 967 951; x_wconf 73' lang='lat' dir='ltr'><strong>bercarius,</strong></span> <span class='ocrx_word' id='word_1_47' title='bbox 1025 868 1166 933; x_wconf 88' lang='lat' dir='ltr'><strong>loco</strong></span> <span class='ocrx_word' id='word_1_48' title='bbox 1230 866 1366 932; x_wconf 76' lang='lat' dir='ltr'><strong>Er‘ni</strong></span> <span class='ocrx_word' id='word_1_49' title='bbox 1412 867 1758 955; x_wconf 84' lang='lat' dir='ltr'><strong>Guadagni,</strong></span> <span class='ocrx_word' id='word_1_50' title='bbox 1808 864 2204 954; x_wconf 75' lang='lat' dir='ltr'><strong>infrascripta</strong></span> 
     </span>
     <span class='ocr_line' id='line_1_8' title="bbox 617 954 1642 1040; baseline -0.005 -15"><span class='ocrx_word' id='word_1_51' title='bbox 617 955 808 1025; x_wconf 91' lang='lat' dir='ltr'><strong>dubia</strong></span> <span class='ocrx_word' id='word_1_52' title='bbox 852 954 1217 1022; x_wconf 90' lang='lat' dir='ltr'><strong>decidenda</strong></span> <span class='ocrx_word' id='word_1_53' title='bbox 1262 954 1642 1040; x_wconf 78' lang='lat' dir='ltr'><strong>proposuit:</strong></span> 
     </span>
    </p>

    <p class='ocr_par' dir='ltr' id='par_1_4' title="bbox 617 1039 2209 1549">
     <span class='ocr_line' id='line_1_9' title="bbox 757 1039 2207 1131; baseline -0.003 -22"><span class='ocrx_word' id='word_1_54' title='bbox 757 1048 815 1109; x_wconf 84' lang='lat'><strong>1.</strong></span> <span class='ocrx_word' id='word_1_55' title='bbox 868 1045 964 1108; x_wconf 82' lang='lat' dir='ltr'><strong>An</strong></span> <span class='ocrx_word' id='word_1_56' title='bbox 1010 1041 1376 1131; x_wconf 80' lang='lat' dir='ltr'><strong>Capitulum</strong></span> <span class='ocrx_word' id='word_1_57' title='bbox 1427 1052 1490 1107; x_wconf 89' lang='lat' dir='ltr'><strong>et</strong></span> <span class='ocrx_word' id='word_1_58' title='bbox 1535 1040 1828 1107; x_wconf 88' lang='lat' dir='ltr'><strong>Canonici</strong></span> <span class='ocrx_word' id='word_1_59' title='bbox 1881 1039 2207 1107; x_wconf 80' lang='lat' dir='ltr'><strong>Ecclesiae</strong></span> 
     </span>
     <span class='ocr_line' id='line_1_10' title="bbox 617 1129 2205 1217; baseline -0.004 -18"><span class='ocrx_word' id='word_1_60' title='bbox 617 1130 1001 1217; x_wconf 75' lang='lat' dir='ltr'>collegiatae</span> <span class='ocrx_word' id='word_1_61' title='bbox 1049 1134 1114 1198; x_wconf 92' lang='lat' dir='ltr'><strong>S.</strong></span> <span class='ocrx_word' id='word_1_62' title='bbox 1156 1129 1387 1196; x_wconf 78' lang='lat' dir='ltr'><strong>Mariae</strong></span> <span class='ocrx_word' id='word_1_63' title='bbox 1432 1132 1680 1216; x_wconf 82' lang='lat' dir='ltr'>Capuae</span> <span class='ocrx_word' id='word_1_64' title='bbox 1731 1137 2071 1195; x_wconf 87' lang='lat' dir='ltr'><strong>teneantur</strong></span> <span class='ocrx_word' id='word_1_65' title='bbox 2106 1147 2205 1193; x_wconf 91' lang='lat' dir='ltr'><strong>ac-</strong></span> 
     </span>
     <span class='ocr_line' id='line_1_11' title="bbox 620 1214 2203 1304; baseline -0.005 -18"><span class='ocrx_word' id='word_1_66' title='bbox 620 1220 854 1287; x_wconf 88' lang='lat' dir='ltr'><strong>cedere</strong></span> <span class='ocrx_word' id='word_1_67' title='bbox 905 1228 968 1283; x_wconf 90' lang='lat' dir='ltr'><strong>et</strong></span> <span class='ocrx_word' id='word_1_68' title='bbox 1015 1218 1351 1300; x_wconf 85' lang='lat' dir='ltr'><strong>interesse,</strong></span> <span class='ocrx_word' id='word_1_69' title='bbox 1394 1215 1652 1281; x_wconf 88' lang='lat' dir='ltr'><strong>arbitrio</strong></span> <span class='ocrx_word' id='word_1_70' title='bbox 1698 1214 2203 1304; x_wconf 86' lang='lat' dir='ltr'><strong>Archiepiscopi,</strong></span> 
     </span>
     <span class='ocr_line' id='line_1_12' title="bbox 621 1301 2206 1379; baseline -0.004 -5"><span class='ocrx_word' id='word_1_71' title='bbox 621 1305 1052 1375; x_wconf 82' lang='lat' dir='ltr'><strong>benedictioni</strong></span> <span class='ocrx_word' id='word_1_72' title='bbox 1100 1304 1237 1371; x_wconf 86' lang='lat' dir='ltr'><strong>Olei</strong></span> <span class='ocrx_word' id='word_1_73' title='bbox 1285 1302 1484 1370; x_wconf 88' lang='lat' dir='ltr'><strong>sancti</strong></span> <span class='ocrx_word' id='word_1_74' title='bbox 1532 1302 1596 1369; x_wconf 91' lang='lat' dir='ltr'><strong>in</strong></span> <span class='ocrx_word' id='word_1_75' title='bbox 1653 1301 1933 1369; x_wconf 83' lang='lat' dir='ltr'><strong>Ecclesia</strong></span> <span class='ocrx_word' id='word_1_76' title='bbox 1977 1304 2206 1379; x_wconf 83' lang='lat' dir='ltr'><strong>Cathe-</strong></span> 
     </span>
     <span class='ocr_line' id='line_1_13' title="bbox 620 1389 2209 1545; baseline -0.004 -83"><span class='ocrx_word' id='word_1_77' title='bbox 620 1393 780 1462; x_wconf 89' lang='lat' dir='ltr'><strong>drali</strong></span> <span class='ocrx_word' id='word_1_78' title='bbox 813 1392 1186 1545; x_wconf 56' lang='lat' dir='ltr'><strong>subpoenis</strong></span> <span class='ocrx_word' id='word_1_79' title='bbox 1217 1391 1294 1457; x_wconf 89' lang='lat' dir='ltr'><strong>ab</strong></span> <span class='ocrx_word' id='word_1_80' title='bbox 1326 1392 1557 1458; x_wconf 90' lang='lat' dir='ltr'><strong>eodem</strong></span> <span class='ocrx_word' id='word_1_81' title='bbox 1588 1389 2088 1480; x_wconf 79' lang='lat' dir='ltr'><strong>Archiepiscopo</strong></span> <span class='ocrx_word' id='word_1_82' title='bbox 2114 1390 2209 1456; x_wconf 90' lang='lat' dir='ltr'><strong>in-</strong></span> 
     </span>
     <span class='ocr_line' id='line_1_14' title="bbox 626 1481 921 1549; baseline -0.01 0"><span class='ocrx_word' id='word_1_83' title='bbox 626 1482 691 1549; x_wconf 87' lang='lat' dir='ltr'><strong>ssi</strong></span> <span class='ocrx_word' id='word_1_84' title='bbox 742 1481 921 1547; x_wconf 86' lang='lat' dir='ltr'><strong>endis</strong></span> 
     </span>
    </p>

    <p class='ocr_par' dir='ltr' id='par_1_5' title="bbox 622 1499 2209 1745">
     <span class='ocr_line' id='line_1_15' title="bbox 695 1499 2209 1653; baseline -0.002 -19"><span class='ocrx_word' id='word_1_85' title='bbox 695 1499 818 1634; x_wconf 61' lang='lat'><strong>⁸2.</strong></span> <span class='ocrx_word' id='word_1_86' title='bbox 871 1571 968 1634; x_wconf 86' lang='lat' dir='ltr'><strong>An</strong></span> <span class='ocrx_word' id='word_1_87' title='bbox 1014 1575 1262 1633; x_wconf 90' lang='lat' dir='ltr'><strong>constet</strong></span> <span class='ocrx_word' id='word_1_88' title='bbox 1294 1567 1380 1632; x_wconf 87' lang='lat' dir='ltr'><strong>de</strong></span> <span class='ocrx_word' id='word_1_89' title='bbox 1412 1567 1756 1650; x_wconf 87' lang='lat' dir='ltr'><strong>attentatis,</strong></span> <span class='ocrx_word' id='word_1_90' title='bbox 1787 1576 1851 1632; x_wconf 93' lang='lat' dir='ltr'><strong>et</strong></span> <span class='ocrx_word' id='word_1_91' title='bbox 1883 1565 2209 1653; x_wconf 88' lang='lat' dir='ltr'><strong>quomodo</strong></span> 
     </span>
     <span class='ocr_line' id='line_1_16' title="bbox 622 1651 2050 1745; baseline -0.004 -24"><span class='ocrx_word' id='word_1_92' title='bbox 622 1657 754 1744; x_wconf 82' lang='lat' dir='ltr'><strong>ipsa</strong></span> <span class='ocrx_word' id='word_1_93' title='bbox 799 1656 925 1722; x_wconf 89' lang='lat' dir='ltr'><strong>sint</strong></span> <span class='ocrx_word' id='word_1_94' title='bbox 971 1654 1299 1745; x_wconf 87' lang='lat' dir='ltr'><strong>purganda</strong></span> <span class='ocrx_word' id='word_1_95' title='bbox 1329 1651 1363 1718; x_wconf 81' lang='lat'><strong>⁴?</strong></span> <span class='ocrx_word' id='word_1_96' title='bbox 1429 1708 1433 1711; x_wconf 84' lang='grc'><strong>.</strong></span> <span class='ocrx_word' id='word_1_97' title='bbox 2041 1729 2050 1739; x_wconf 28' lang='lat'><em>⁶</em></span> 
     </span>
    </p>

    <p class='ocr_par' dir='ltr' id='par_1_6' title="bbox 624 1740 2210 2073">
     <span class='ocr_line' id='line_1_17' title="bbox 757 1740 2209 1829; baseline -0.001 -21"><span class='ocrx_word' id='word_1_98' title='bbox 757 1747 834 1808; x_wconf 89' lang='lat' dir='ltr'><strong>Et</strong></span> <span class='ocrx_word' id='word_1_99' title='bbox 881 1747 949 1810; x_wconf 94' lang='lat' dir='ltr'><strong>S.</strong></span> <span class='ocrx_word' id='word_1_100' title='bbox 987 1741 1210 1809; x_wconf 88' lang='lat' dir='ltr'><strong>eadem</strong></span> <span class='ocrx_word' id='word_1_101' title='bbox 1257 1745 1332 1808; x_wconf 86' lang='lat' dir='ltr'><strong>R.</strong></span> <span class='ocrx_word' id='word_1_102' title='bbox 1369 1744 1473 1825; x_wconf 89' lang='lat' dir='ltr'><strong>C.,</strong></span> <span class='ocrx_word' id='word_1_103' title='bbox 1518 1752 1787 1827; x_wconf 85' lang='lat' dir='ltr'><strong>utraque</strong></span> <span class='ocrx_word' id='word_1_104' title='bbox 1834 1750 2015 1829; x_wconf 89' lang='lat' dir='ltr'><strong>parte</strong></span> <span class='ocrx_word' id='word_1_105' title='bbox 2059 1740 2209 1808; x_wconf 87' lang='lat' dir='ltr'><strong>scri-</strong></span> 
     </span>
     <span class='ocr_line' id='line_1_18' title="bbox 624 1825 2210 1915; baseline 0 -22"><span class='ocrx_word' id='word_1_106' title='bbox 624 1829 752 1915; x_wconf 84' lang='lat' dir='ltr'><strong>ptis</strong></span> <span class='ocrx_word' id='word_1_107' title='bbox 818 1841 882 1897; x_wconf 92' lang='lat' dir='ltr'><strong>et</strong></span> <span class='ocrx_word' id='word_1_108' title='bbox 940 1848 1098 1897; x_wconf 78' lang='lat' dir='ltr'><strong>voce</strong></span> <span class='ocrx_word' id='word_1_109' title='bbox 1161 1825 1541 1896; x_wconf 78' lang='lat' dir='ltr'><strong>informante</strong></span> <span class='ocrx_word' id='word_1_110' title='bbox 1610 1828 1858 1912; x_wconf 89' lang='lat' dir='ltr'><strong>audita,</strong></span> <span class='ocrx_word' id='word_1_111' title='bbox 1927 1829 2210 1915; x_wconf 81' lang='lat' dir='ltr'><strong>visisque</strong></span> 
     </span>
     <span class='ocr_line' id='line_1_19' title="bbox 626 1916 2209 1999; baseline -0.001 -17"><span class='ocrx_word' id='word_1_112' title='bbox 626 1916 871 1985; x_wconf 90' lang='lat' dir='ltr'><strong>iuribus</strong></span> <span class='ocrx_word' id='word_1_113' title='bbox 916 1918 1065 1986; x_wconf 92' lang='lat' dir='ltr'><strong>hinc</strong></span> <span class='ocrx_word' id='word_1_114' title='bbox 1125 1916 1274 1984; x_wconf 92' lang='lat' dir='ltr'><strong>inde</strong></span> <span class='ocrx_word' id='word_1_115' title='bbox 1333 1916 1670 1999; x_wconf 87' lang='lat' dir='ltr'><strong>deductis,</strong></span> <span class='ocrx_word' id='word_1_116' title='bbox 1722 1916 2209 1983; x_wconf 87' lang='lat' dir='ltr'><strong>rescribendum</strong></span> 
     </span>
     <span class='ocr_line' id='line_1_20' title="bbox 631 2005 1694 2073; baseline 0.001 -3"><span class='ocrx_word' id='word_1_117' title='bbox 631 2005 917 2073; x_wconf 82' lang='lat' dir='ltr'><strong>censuit:</strong></span> <span class='ocrx_word' id='word_1_118' title='bbox 1683 2038 1694 2048; x_wconf 92' lang='lat'><strong>·</strong></span> 
     </span>
    </p>

    <p class='ocr_par' dir='ltr' id='par_1_7' title="bbox 760 2093 1736 2180">
     <span class='ocr_line' id='line_1_21' title="bbox 760 2093 1736 2180; baseline -0.003 -20"><span class='ocrx_word' id='word_1_119' title='bbox 760 2095 855 2161; x_wconf 81' lang='lat' dir='ltr'><strong>Ad</strong></span> <span class='ocrx_word' id='word_1_120' title='bbox 907 2099 969 2160; x_wconf 83' lang='lat'><strong>1.</strong></span> <span class='ocrx_word' id='word_1_121' title='bbox 1012 2095 1213 2159; x_wconf 75' lang='lat' dir='ltr'><strong>&lt;Non</strong></span> <span class='ocrx_word' id='word_1_122' title='bbox 1259 2111 1448 2179; x_wconf 86' lang='lat' dir='ltr'><strong>posse</strong></span> <span class='ocrx_word' id='word_1_123' title='bbox 1497 2093 1736 2180; x_wconf 80' lang='lat' dir='ltr'><strong>cogi».</strong></span> 
     </span>
    </p>

    <p class='ocr_par' dir='ltr' id='par_1_8' title="bbox 758 2180 1846 2249">
     <span class='ocr_line' id='line_1_22' title="bbox 758 2180 1846 2249; baseline -0.001 -2"><span class='ocrx_word' id='word_1_124' title='bbox 758 2182 855 2249; x_wconf 79' lang='lat' dir='ltr'><strong>Ad</strong></span> <span class='ocrx_word' id='word_1_125' title='bbox 903 2187 966 2249; x_wconf 75' lang='lat'><strong>2.</strong></span> <span class='ocrx_word' id='word_1_126' title='bbox 1018 2203 1056 2246; x_wconf 66' lang='grc' dir='ltr'><em>α</em></span> <span class='ocrx_word' id='word_1_127' title='bbox 1089 2180 1259 2248; x_wconf 89' lang='lat' dir='ltr'><strong>Nihil</strong></span> <span class='ocrx_word' id='word_1_128' title='bbox 1309 2182 1392 2248; x_wconf 89' lang='lat' dir='ltr'><strong>de</strong></span> <span class='ocrx_word' id='word_1_129' title='bbox 1438 2180 1761 2248; x_wconf 85' lang='lat' dir='ltr'><strong>attentatis</strong></span> <span class='ocrx_word' id='word_1_130' title='bbox 1784 2203 1846 2246; x_wconf 60' lang='grc' dir='ltr'><strong>ι.</strong></span> 
     </span>
    </p>

    <p class='ocr_par' dir='ltr' id='par_1_9' title="bbox 627 2267 2216 2443">
     <span class='ocr_line' id='line_1_23' title="bbox 755 2267 2216 2336; baseline 0 -1"><span class='ocrx_word' id='word_1_131' title='bbox 755 2274 837 2335; x_wconf 89' lang='lat' dir='ltr'><strong>Et</strong></span> <span class='ocrx_word' id='word_1_132' title='bbox 884 2271 966 2334; x_wconf 90' lang='lat' dir='ltr'><strong>ita</strong></span> <span class='ocrx_word' id='word_1_133' title='bbox 1010 2269 1299 2336; x_wconf 78' lang='lat' dir='ltr'><strong>decrevit</strong></span> <span class='ocrx_word' id='word_1_134' title='bbox 1329 2288 1399 2334; x_wconf 90' lang='lat' dir='ltr'><strong>ac</strong></span> <span class='ocrx_word' id='word_1_135' title='bbox 1430 2267 1672 2334; x_wconf 79' lang='lat' dir='ltr'><strong>servari</strong></span> <span class='ocrx_word' id='word_1_136' title='bbox 1703 2269 2053 2336; x_wconf 83' lang='lat' dir='ltr'><strong>mandavit.</strong></span> <span class='ocrx_word' id='word_1_137' title='bbox 2104 2268 2216 2335; x_wconf 87' lang='lat' dir='ltr'><strong>Die</strong></span> 
     </span>
     <span class='ocr_line' id='line_1_24' title="bbox 627 2356 1274 2443; baseline -0.002 -19"><span class='ocrx_word' id='word_1_138' title='bbox 627 2362 706 2424; x_wconf 90' lang='grc'><strong>31</strong></span> <span class='ocrx_word' id='word_1_139' title='bbox 758 2356 1026 2443; x_wconf 75' lang='lat' dir='ltr'><strong>Augusti</strong></span> <span class='ocrx_word' id='word_1_140' title='bbox 1081 2360 1274 2423; x_wconf 88' lang='grc'><strong>1737.</strong></span> 
     </span>
    </p>
   </div>
   <div class='ocr_carea' id='block_1_4' title="bbox 521 2495 2211 2592">
    <p class='ocr_par' dir='ltr' id='par_1_10' title="bbox 521 2495 2211 2592">
     <span class='ocr_line' id='line_1_25' title="bbox 521 2495 2211 2592; baseline -0.002 -26"><span class='ocrx_word' id='word_1_141' title='bbox 521 2585 526 2592; x_wconf 5' lang='lat' dir='ltr'><strong>g</strong></span> <span class='ocrx_word' id='word_1_142' title='bbox 630 2496 914 2590; x_wconf 50' lang='lat'><strong>2335„</strong></span> <span class='ocrx_word' id='word_1_143' title='bbox 1214 2495 1650 2561; x_wconf 76' lang='lat' dir='ltr'><strong>rlssunTmA.</strong></span> <span class='ocrx_word' id='word_1_144' title='bbox 1981 2495 2211 2584; x_wconf 71' lang='lat' dir='ltr'><strong>(toea)</strong></span> 
     </span>
    </p>
   </div>
   <div class='ocr_carea' id='block_1_5' title="bbox 556 2618 2220 4356">
    <p class='ocr_par' dir='ltr' id='par_1_11' title="bbox 628 2618 2218 3409">
     <span class='ocr_line' id='line_1_26' title="bbox 758 2618 2211 2706; baseline -0.001 -21"><span class='ocrx_word' id='word_1_145' title='bbox 758 2621 969 2706; x_wconf 85' lang='lat' dir='ltr'><strong>Super</strong></span> <span class='ocrx_word' id='word_1_146' title='bbox 1026 2620 1168 2685; x_wconf 89' lang='lat' dir='ltr'><strong>iure</strong></span> <span class='ocrx_word' id='word_1_147' title='bbox 1233 2618 1551 2686; x_wconf 91' lang='lat' dir='ltr'><strong>retinendi</strong></span> <span class='ocrx_word' id='word_1_148' title='bbox 1599 2621 1845 2685; x_wconf 78' lang='lat' dir='ltr'><strong>clavem</strong></span> <span class='ocrx_word' id='word_1_149' title='bbox 1891 2619 2211 2705; x_wconf 79' lang='lat' dir='ltr'><strong>capsulae,</strong></span> 
     </span>
     <span class='ocr_line' id='line_1_27' title="bbox 628 2706 2215 2790; baseline 0.001 -19"><span class='ocrx_word' id='word_1_150' title='bbox 628 2706 693 2772; x_wconf 90' lang='lat' dir='ltr'><strong>in</strong></span> <span class='ocrx_word' id='word_1_151' title='bbox 741 2724 865 2790; x_wconf 87' lang='lat' dir='ltr'><strong>qua</strong></span> <span class='ocrx_word' id='word_1_152' title='bbox 910 2706 1091 2772; x_wconf 86' lang='lat' dir='ltr'><strong>Feria</strong></span> <span class='ocrx_word' id='word_1_153' title='bbox 1138 2710 1190 2774; x_wconf 84' lang='lat' dir='ltr'>V</span> <span class='ocrx_word' id='word_1_154' title='bbox 1237 2706 1301 2772; x_wconf 91' lang='lat' dir='ltr'><strong>in</strong></span> <span class='ocrx_word' id='word_1_155' title='bbox 1348 2709 1557 2774; x_wconf 85' lang='lat' dir='ltr'><strong>Coena</strong></span> <span class='ocrx_word' id='word_1_156' title='bbox 1612 2706 1861 2775; x_wconf 81' lang='lat' dir='ltr'><strong>Domini</strong></span> <span class='ocrx_word' id='word_1_157' title='bbox 1920 2717 2215 2772; x_wconf 87' lang='lat' dir='ltr'><strong>servatur</strong></span> 
     </span>
     <span class='ocr_line' id='line_1_28' title="bbox 631 2794 2217 2878; baseline 0 -17"><span class='ocrx_word' id='word_1_158' title='bbox 631 2796 900 2861; x_wconf 77' lang='lat' dir='ltr'><strong>ssmum</strong></span> <span class='ocrx_word' id='word_1_159' title='bbox 959 2794 1388 2862; x_wconf 80' lang='lat' dir='ltr'><strong>Eucharistiae</strong></span> <span class='ocrx_word' id='word_1_160' title='bbox 1436 2797 1939 2878; x_wconf 82' lang='lat' dir='ltr'><strong>Sacramentum,</strong></span> <span class='ocrx_word' id='word_1_161' title='bbox 1989 2796 2055 2860; x_wconf 90' lang='lat' dir='ltr'><strong>in</strong></span> <span class='ocrx_word' id='word_1_162' title='bbox 2099 2798 2217 2861; x_wconf 85' lang='lat' dir='ltr'><strong>Ec-</strong></span> 
     </span>
     <span class='ocr_line' id='line_1_29' title="bbox 631 2880 2218 2950; baseline -0.001 -3"><span class='ocrx_word' id='word_1_163' title='bbox 631 2880 820 2947; x_wconf 86' lang='lat' dir='ltr'><strong>clesia</strong></span> <span class='ocrx_word' id='word_1_164' title='bbox 866 2881 1225 2949; x_wconf 87' lang='lat' dir='ltr'><strong>Cathedrali</strong></span> <span class='ocrx_word' id='word_1_165' title='bbox 1274 2884 1340 2949; x_wconf 76' lang='lat' dir='ltr'><strong>S.</strong></span> <span class='ocrx_word' id='word_1_166' title='bbox 1389 2883 1711 2949; x_wconf 86' lang='lat' dir='ltr'><strong>Laurentii</strong></span> <span class='ocrx_word' id='word_1_167' title='bbox 1755 2882 2004 2950; x_wconf 82' lang='lat' dir='ltr'><strong>Tiburis</strong></span> <span class='ocrx_word' id='word_1_168' title='bbox 2049 2882 2218 2948; x_wconf 90' lang='lat' dir='ltr'><strong>iuter</strong></span> 
     </span>
     <span class='ocr_line' id='line_1_30' title="bbox 629 2967 2215 3055; baseline -0.001 -18"><span class='ocrx_word' id='word_1_169' title='bbox 629 2967 996 3055; x_wconf 84' lang='lat' dir='ltr'><strong>Capitulum</strong></span> <span class='ocrx_word' id='word_1_170' title='bbox 1053 2981 1118 3037; x_wconf 86' lang='lat' dir='ltr'><strong>et</strong></span> <span class='ocrx_word' id='word_1_171' title='bbox 1178 2969 1777 3039; x_wconf 79' lang='lat' dir='ltr'><strong>confraternitatem</strong></span> <span class='ocrx_word' id='word_1_172' title='bbox 1845 2969 2019 3037; x_wconf 78' lang='lat' dir='ltr'><strong>SSmi</strong></span> <span class='ocrx_word' id='word_1_173' title='bbox 2084 2969 2215 3037; x_wconf 89' lang='lat' dir='ltr'><strong>Sal-</strong></span> 
     </span>
     <span class='ocr_line' id='line_1_31' title="bbox 629 3056 2218 3127; baseline -0.001 -3"><span class='ocrx_word' id='word_1_174' title='bbox 629 3056 863 3124; x_wconf 78' lang='lat' dir='ltr'><strong>vatoris</strong></span> <span class='ocrx_word' id='word_1_175' title='bbox 912 3059 1200 3127; x_wconf 89' lang='lat' dir='ltr'><strong>eiusdem</strong></span> <span class='ocrx_word' id='word_1_176' title='bbox 1246 3059 1527 3127; x_wconf 78' lang='lat' dir='ltr'><strong>Civitatis</strong></span> <span class='ocrx_word' id='word_1_177' title='bbox 1573 3059 1728 3125; x_wconf 88' lang='lat' dir='ltr'><strong>ortis</strong></span> <span class='ocrx_word' id='word_1_178' title='bbox 1767 3056 2218 3126; x_wconf 84' lang='lat' dir='ltr'><strong>controversiis</strong></span> 
     </span>
     <span class='ocr_line' id='line_1_32' title="bbox 628 3145 2217 3232; baseline -0.002 -20"><span class='ocrx_word' id='word_1_179' title='bbox 628 3145 884 3232; x_wconf 84' lang='lat' dir='ltr'><strong>illisque</strong></span> <span class='ocrx_word' id='word_1_180' title='bbox 930 3148 1007 3214; x_wconf 88' lang='lat' dir='ltr'><strong>ad</strong></span> <span class='ocrx_word' id='word_1_181' title='bbox 1053 3151 1116 3215; x_wconf 90' lang='lat' dir='ltr'><strong>S.</strong></span> <span class='ocrx_word' id='word_1_182' title='bbox 1153 3151 1227 3214; x_wconf 84' lang='lat' dir='ltr'><strong>R.</strong></span> <span class='ocrx_word' id='word_1_183' title='bbox 1264 3150 1336 3213; x_wconf 90' lang='lat' dir='ltr'><strong>C.</strong></span> <span class='ocrx_word' id='word_1_184' title='bbox 1373 3146 1630 3230; x_wconf 78' lang='lat' dir='ltr'><strong>delatis,</strong></span> <span class='ocrx_word' id='word_1_185' title='bbox 1668 3150 1862 3213; x_wconf 78' lang='lat' dir='ltr'><strong>Emus</strong></span> <span class='ocrx_word' id='word_1_186' title='bbox 1910 3156 1975 3211; x_wconf 87' lang='lat' dir='ltr'><strong>et</strong></span> <span class='ocrx_word' id='word_1_187' title='bbox 2010 3149 2217 3212; x_wconf 67' lang='lat' dir='ltr'><strong>Rmus</strong></span> 
     </span>
     <span class='ocr_line' id='line_1_33' title="bbox 630 3233 2216 3322; baseline -0.001 -22"><span class='ocrx_word' id='word_1_188' title='bbox 630 3239 811 3301; x_wconf 91' lang='lat' dir='ltr'><strong>Dom.</strong></span> <span class='ocrx_word' id='word_1_189' title='bbox 848 3236 1034 3302; x_wconf 79' lang='lat' dir='ltr'><strong>Card.</strong></span> <span class='ocrx_word' id='word_1_190' title='bbox 1087 3239 1253 3301; x_wconf 87' lang='lat' dir='ltr'><strong>Geor</strong></span> <span class='ocrx_word' id='word_1_191' title='bbox 1301 3235 1396 3302; x_wconf 91' lang='lat' dir='ltr'><strong>ius</strong></span> <span class='ocrx_word' id='word_1_192' title='bbox 1444 3235 1705 3322; x_wconf 90' lang='lat' dir='ltr'><strong>Spinula</strong></span> <span class='ocrx_word' id='word_1_193' title='bbox 1748 3233 2216 3321; x_wconf 75' lang='lat' dir='ltr'><strong>infrascriptum</strong></span> 
     </span>
     <span class='ocr_line' id='line_1_34' title="bbox 633 3322 1817 3409; baseline -0.001 -20"><span class='ocrx_word' id='word_1_194' title='bbox 633 3322 899 3389; x_wconf 90' lang='lat' dir='ltr'><strong>dubium</strong></span> <span class='ocrx_word' id='word_1_195' title='bbox 945 3324 1240 3391; x_wconf 85' lang='lat' dir='ltr'><strong>declaran</strong></span> <span class='ocrx_word' id='word_1_196' title='bbox 1289 3342 1400 3389; x_wconf 90' lang='lat' dir='ltr'><strong>um</strong></span> <span class='ocrx_word' id='word_1_197' title='bbox 1448 3322 1817 3409; x_wconf 81' lang='lat' dir='ltr'><strong>proposuit:</strong></span> 
     </span>
    </p>

    <p class='ocr_par' dir='ltr' id='par_1_12' title="bbox 631 3410 2219 3825">
     <span class='ocr_line' id='line_1_35' title="bbox 763 3410 2219 3496; baseline -0.003 -21"><span class='ocrx_word' id='word_1_198' title='bbox 763 3412 860 3475; x_wconf 78' lang='lat' dir='ltr'><strong>An</strong></span> <span class='ocrx_word' id='word_1_199' title='bbox 907 3410 1101 3476; x_wconf 81' lang='lat' dir='ltr'><strong>clavis</strong></span> <span class='ocrx_word' id='word_1_200' title='bbox 1146 3410 1466 3496; x_wconf 87' lang='lat' dir='ltr'><strong>capsulae,</strong></span> <span class='ocrx_word' id='word_1_201' title='bbox 1502 3410 1567 3477; x_wconf 90' lang='lat' dir='ltr'><strong>in</strong></span> <span class='ocrx_word' id='word_1_202' title='bbox 1599 3429 1722 3496; x_wconf 88' lang='lat' dir='ltr'><strong>qua</strong></span> <span class='ocrx_word' id='word_1_203' title='bbox 1769 3413 2036 3477; x_wconf 76' lang='lat' dir='ltr'><strong>SSmum</strong></span> <span class='ocrx_word' id='word_1_204' title='bbox 2066 3411 2219 3475; x_wconf 81' lang='lat' dir='ltr'><strong>Cor-</strong></span> 
     </span>
     <span class='ocr_line' id='line_1_36' title="bbox 633 3496 2218 3582; baseline -0.002 -20"><span class='ocrx_word' id='word_1_205' title='bbox 633 3516 754 3582; x_wconf 90' lang='lat' dir='ltr'><strong>pus</strong></span> <span class='ocrx_word' id='word_1_206' title='bbox 801 3496 1029 3563; x_wconf 81' lang='lat' dir='ltr'><strong>Christi</strong></span> <span class='ocrx_word' id='word_1_207' title='bbox 1078 3498 1259 3563; x_wconf 83' lang='lat' dir='ltr'><strong>Feria</strong></span> <span class='ocrx_word' id='word_1_208' title='bbox 1304 3502 1356 3565; x_wconf 78' lang='lat' dir='ltr'><strong>V</strong></span> <span class='ocrx_word' id='word_1_209' title='bbox 1405 3499 1468 3562; x_wconf 89' lang='lat' dir='ltr'><strong>in</strong></span> <span class='ocrx_word' id='word_1_210' title='bbox 1512 3501 1723 3564; x_wconf 88' lang='lat' dir='ltr'><strong>Coena</strong></span> <span class='ocrx_word' id='word_1_211' title='bbox 1776 3496 2025 3564; x_wconf 90' lang='lat' dir='ltr'><strong>Domini</strong></span> <span class='ocrx_word' id='word_1_212' title='bbox 2085 3514 2218 3560; x_wconf 88' lang='lat' dir='ltr'><strong>ser-</strong></span> 
     </span>
     <span class='ocr_line' id='line_1_37' title="bbox 631 3581 2212 3668; baseline -0.001 -21"><span class='ocrx_word' id='word_1_213' title='bbox 631 3592 854 3666; x_wconf 77' lang='lat' dir='ltr'><strong>vatur,</strong></span> <span class='ocrx_word' id='word_1_214' title='bbox 905 3583 1210 3651; x_wconf 90' lang='lat' dir='ltr'><strong>tradenda</strong></span> <span class='ocrx_word' id='word_1_215' title='bbox 1270 3585 1350 3649; x_wconf 89' lang='lat' dir='ltr'><strong>sit</strong></span> <span class='ocrx_word' id='word_1_216' title='bbox 1408 3585 1923 3651; x_wconf 71' lang='lat' dir='ltr'><strong>confraternitati</strong></span> <span class='ocrx_word' id='word_1_217' title='bbox 1973 3581 2212 3668; x_wconf 85' lang='lat' dir='ltr'><strong>laicali;</strong></span> 
     </span>
     <span class='ocr_line' id='line_1_38' title="bbox 631 3670 2219 3825; baseline 0.001 -91"><span class='ocrx_word' id='word_1_218' title='bbox 631 3688 748 3735; x_wconf 89' lang='lat' dir='ltr'><strong>seu</strong></span> <span class='ocrx_word' id='word_1_219' title='bbox 795 3670 1004 3825; x_wconf 49' lang='lat' dir='ltr'><strong>potius</strong></span> <span class='ocrx_word' id='word_1_220' title='bbox 1050 3670 1372 3739; x_wconf 87' lang='lat' dir='ltr'><strong>Sacerdoti</strong></span> <span class='ocrx_word' id='word_1_221' title='bbox 1417 3672 1482 3738; x_wconf 91' lang='lat' dir='ltr'><strong>in</strong></span> <span class='ocrx_word' id='word_1_222' title='bbox 1531 3672 1877 3738; x_wconf 89' lang='lat' dir='ltr'><strong>crastinum</strong></span> <span class='ocrx_word' id='word_1_223' title='bbox 1933 3671 2219 3737; x_wconf 89' lang='lat' dir='ltr'><strong>celebra-</strong></span> 
     </span>
     <span class='ocr_line' id='line_1_39' title="bbox 638 3767 782 3822; baseline 0 0"><span class='ocrx_word' id='word_1_224' title='bbox 638 3767 782 3822; x_wconf 90' lang='lat' dir='ltr'><strong>turo</strong></span> 
     </span>
    </p>

    <p class='ocr_par' dir='ltr' id='par_1_13' title="bbox 556 3846 2220 4356">
     <span class='ocr_line' id='line_1_40' title="bbox 722 3846 2216 3934; baseline 0.001 -24"><span class='ocrx_word' id='word_1_225' title='bbox 722 3847 801 3910; x_wconf 90' lang='lat' dir='ltr'><strong>Et</strong></span> <span class='ocrx_word' id='word_1_226' title='bbox 848 3849 912 3913; x_wconf 90' lang='lat' dir='ltr'><strong>S.</strong></span> <span class='ocrx_word' id='word_1_227' title='bbox 947 3850 1021 3913; x_wconf 86' lang='lat' dir='ltr'><strong>R.</strong></span> <span class='ocrx_word' id='word_1_228' title='bbox 1060 3850 1161 3932; x_wconf 91' lang='lat' dir='ltr'><strong>C.,</strong></span> <span class='ocrx_word' id='word_1_229' title='bbox 1211 3854 1626 3915; x_wconf 77' lang='lat' dir='ltr'><strong>procuratore</strong></span> <span class='ocrx_word' id='word_1_230' title='bbox 1657 3846 2003 3934; x_wconf 82' lang='lat' dir='ltr'><strong>supradicti</strong></span> <span class='ocrx_word' id='word_1_231' title='bbox 2037 3846 2216 3933; x_wconf 88' lang='lat' dir='ltr'><strong>Capi-</strong></span> 
     </span>
     <span class='ocr_line' id='line_1_41' title="bbox 640 3933 2215 4022; baseline 0 -23"><span class='ocrx_word' id='word_1_232' title='bbox 640 3933 754 4000; x_wconf 88' lang='lat' dir='ltr'><strong>tuli</strong></span> <span class='ocrx_word' id='word_1_233' title='bbox 800 3935 1052 4022; x_wconf 86' lang='lat' dir='ltr'><strong>scriptis</strong></span> <span class='ocrx_word' id='word_1_234' title='bbox 1098 3948 1161 4001; x_wconf 90' lang='lat' dir='ltr'><strong>et</strong></span> <span class='ocrx_word' id='word_1_235' title='bbox 1205 3956 1364 4002; x_wconf 76' lang='lat' dir='ltr'><strong>voce</strong></span> <span class='ocrx_word' id='word_1_236' title='bbox 1417 3936 1660 4019; x_wconf 89' lang='lat' dir='ltr'><strong>audito,</strong></span> <span class='ocrx_word' id='word_1_237' title='bbox 1710 3936 1786 4000; x_wconf 89' lang='lat' dir='ltr'><strong>ad</strong></span> <span class='ocrx_word' id='word_1_238' title='bbox 1836 3934 2215 4001; x_wconf 88' lang='lat' dir='ltr'><strong>relationem</strong></span> 
     </span>
     <span class='ocr_line' id='line_1_42' title="bbox 638 4020 2219 4108; baseline -0.001 -21"><span class='ocrx_word' id='word_1_239' title='bbox 638 4020 834 4108; x_wconf 89' lang='lat' dir='ltr'><strong>ipsius</strong></span> <span class='ocrx_word' id='word_1_240' title='bbox 900 4023 1038 4089; x_wconf 78' lang='lat' dir='ltr'><strong>Emi</strong></span> <span class='ocrx_word' id='word_1_241' title='bbox 1106 4024 1444 4108; x_wconf 85' lang='lat' dir='ltr'><strong>Ponentis,</strong></span> <span class='ocrx_word' id='word_1_242' title='bbox 1519 4021 2001 4090; x_wconf 87' lang='lat' dir='ltr'><strong>rescribendum</strong></span> <span class='ocrx_word' id='word_1_243' title='bbox 2073 4040 2219 4088; x_wconf 90' lang='lat' dir='ltr'><strong>cen·</strong></span> 
     </span>
     <span class='ocr_line' id='line_1_43' title="bbox 636 4108 2220 4200; baseline -0.001 -25"><span class='ocrx_word' id='word_1_244' title='bbox 636 4108 797 4175; x_wconf 87' lang='lat' dir='ltr'><strong>suit:</strong></span> <span class='ocrx_word' id='word_1_245' title='bbox 848 4130 888 4175; x_wconf 68' lang='grc' dir='ltr'><strong><em>ι</em></strong></span> <span class='ocrx_word' id='word_1_246' title='bbox 918 4109 1251 4198; x_wconf 79' lang='lat' dir='ltr'><strong>Negative,</strong></span> <span class='ocrx_word' id='word_1_247' title='bbox 1278 4110 1354 4177; x_wconf 89' lang='lat' dir='ltr'><strong>ad</strong></span> <span class='ocrx_word' id='word_1_248' title='bbox 1384 4110 1652 4200; x_wconf 87' lang='lat' dir='ltr'><strong>primam</strong></span> <span class='ocrx_word' id='word_1_249' title='bbox 1698 4119 1989 4196; x_wconf 88' lang='lat' dir='ltr'><strong>partem;</strong></span> <span class='ocrx_word' id='word_1_250' title='bbox 2041 4109 2220 4175; x_wconf 82' lang='lat' dir='ltr'><strong>Affir-</strong></span> 
     </span>
     <span class='ocr_line' id='line_1_44' title="bbox 638 4195 2217 4281; baseline 0.001 -19"><span class='ocrx_word' id='word_1_251' title='bbox 638 4195 891 4281; x_wconf 89' lang='lat' dir='ltr'><strong>mative,</strong></span> <span class='ocrx_word' id='word_1_252' title='bbox 941 4201 1018 4268; x_wconf 90' lang='lat' dir='ltr'><strong>ad</strong></span> <span class='ocrx_word' id='word_1_253' title='bbox 1063 4198 1407 4266; x_wconf 87' lang='lat' dir='ltr'><strong>secundam</strong></span> <span class='ocrx_word' id='word_1_254' title='bbox 1442 4220 1506 4263; x_wconf 79' lang='lat'><strong>».</strong></span> <span class='ocrx_word' id='word_1_255' title='bbox 1555 4203 1634 4264; x_wconf 91' lang='lat' dir='ltr'><strong>Et</strong></span> <span class='ocrx_word' id='word_1_256' title='bbox 1680 4197 1764 4263; x_wconf 90' lang='lat' dir='ltr'><strong>ita</strong></span> <span class='ocrx_word' id='word_1_257' title='bbox 1812 4196 2104 4264; x_wconf 86' lang='lat' dir='ltr'><strong>decrevit</strong></span> <span class='ocrx_word' id='word_1_258' title='bbox 2149 4216 2217 4263; x_wconf 81' lang='lat' dir='ltr'><strong>ac</strong></span> 
     </span>
     <span class='ocr_line' id='line_1_45' title="bbox 556 4283 2168 4356; baseline 0 -7"><span class='ocrx_word' id='word_1_259' title='bbox 556 4319 566 4328; x_wconf 94' lang='lat'><strong>·</strong></span> <span class='ocrx_word' id='word_1_260' title='bbox 635 4283 873 4350; x_wconf 84' lang='lat' dir='ltr'><strong>servari</strong></span> <span class='ocrx_word' id='word_1_261' title='bbox 924 4286 1270 4356; x_wconf 83' lang='lat' dir='ltr'><strong>mandavit.</strong></span> <span class='ocrx_word' id='word_1_262' title='bbox 1321 4287 1431 4354; x_wconf 91' lang='lat' dir='ltr'><strong>Die</strong></span> <span class='ocrx_word' id='word_1_263' title='bbox 1478 4291 1515 4353; x_wconf 91' lang='grc'><strong>7</strong></span> <span class='ocrx_word' id='word_1_264' title='bbox 1565 4284 1935 4352; x_wconf 89' lang='lat' dir='ltr'><strong>Decembris</strong></span> <span class='ocrx_word' id='word_1_265' title='bbox 1977 4287 2168 4350; x_wconf 87' lang='grc'><strong>1737.</strong></span> 
     </span>
    </p>
   </div>
   <div class='ocr_carea' id='block_1_6' title="bbox 637 4466 1603 4536">
    <p class='ocr_par' dir='ltr' id='par_1_14' title="bbox 637 4466 1603 4536">
     <span class='ocr_line' id='line_1_46' title="bbox 637 4466 1603 4536; baseline -0.004 0"><span class='ocrx_word' id='word_1_266' title='bbox 637 4466 896 4536; x_wconf 80' lang='lat'><strong>2336.</strong></span> <span class='ocrx_word' id='word_1_267' title='bbox 1295 4468 1603 4533; x_wconf 80' lang='lat' dir='ltr'><strong>SIGNlNA</strong></span> 
     </span>
    </p>
   </div>
   <div class='ocr_carea' id='block_1_7' title="bbox 1009 4469 2216 4639">
    <p class='ocr_par' dir='ltr' id='par_1_15' title="bbox 1009 4469 2216 4639">
     <span class='ocr_line' id='line_1_47' title="bbox 1009 4469 2216 4639; baseline 0 -1"><span class='ocrx_word' id='word_1_268' title='bbox 1009 4550 1845 4639; x_wconf 71' lang='lat' dir='ltr'><strong>PRAEEmNEN‘rrAnum.</strong></span> <span class='ocrx_word' id='word_1_269' title='bbox 1990 4469 2216 4555; x_wconf 65' lang='lat'>(4⁰⁷3)</span> 
     </span>
    </p>
   </div>
   <div class='ocr_carea' id='block_1_8' title="bbox 635 4729 2223 5435">
    <p class='ocr_par' dir='ltr' id='par_1_16' title="bbox 635 4729 2223 5435">
     <span class='ocr_line' id='line_1_48' title="bbox 768 4729 2220 4818; baseline 0.001 -23"><span class='ocrx_word' id='word_1_270' title='bbox 768 4735 940 4798; x_wconf 88' lang='lat' dir='ltr'><strong>luter</strong></span> <span class='ocrx_word' id='word_1_271' title='bbox 963 4730 1154 4798; x_wconf 82' lang='lat' dir='ltr'><strong>Archi</strong></span> <span class='ocrx_word' id='word_1_272' title='bbox 1206 4733 1610 4818; x_wconf 79' lang='lat' dir='ltr'><strong>resbyterum</strong></span> <span class='ocrx_word' id='word_1_273' title='bbox 1644 4729 1926 4817; x_wconf 86' lang='lat' dir='ltr'><strong>aliosque</strong></span> <span class='ocrx_word' id='word_1_274' title='bbox 1961 4730 2220 4817; x_wconf 84' lang='lat' dir='ltr'><strong>Presby-</strong></span> 
     </span>
     <span class='ocr_line' id='line_1_49' title="bbox 639 4750 2219 4913; baseline 0.003 -34"><span class='ocrx_word' id='word_1_275' title='bbox 639 4827 808 4913; x_wconf 79' lang='lat' dir='ltr'><strong>teros</strong></span> <span class='ocrx_word' id='word_1_276' title='bbox 866 4750 1237 4903; x_wconf 61' lang='lat' dir='ltr'><strong>parochiaiis</strong></span> <span class='ocrx_word' id='word_1_277' title='bbox 1301 4818 1621 4886; x_wconf 81' lang='lat' dir='ltr'><strong>Ecclesiae</strong></span> <span class='ocrx_word' id='word_1_278' title='bbox 1672 4820 1736 4885; x_wconf 91' lang='lat' dir='ltr'><strong>S.</strong></span> <span class='ocrx_word' id='word_1_279' title='bbox 1789 4820 2014 4885; x_wconf 82' lang='lat' dir='ltr'><strong>Mariae</strong></span> <span class='ocrx_word' id='word_1_280' title='bbox 2066 4823 2219 4884; x_wconf 89' lang='lat' dir='ltr'><strong>Lae-</strong></span> 
     </span>
     <span class='ocr_line' id='line_1_50' title="bbox 635 4905 2221 4991; baseline 0.004 -25"><span class='ocrx_word' id='word_1_281' title='bbox 635 4913 918 4969; x_wconf 70' lang='lat' dir='ltr'><strong>titiarum</strong></span> <span class='ocrx_word' id='word_1_282' title='bbox 956 4910 1189 4971; x_wconf 79' lang='lat' dir='ltr'><strong>Terrae</strong></span> <span class='ocrx_word' id='word_1_283' title='bbox 1234 4907 1458 4972; x_wconf 84' lang='lat' dir='ltr'><strong>Montis</strong></span> <span class='ocrx_word' id='word_1_284' title='bbox 1525 4905 1760 4974; x_wconf 88' lang='lat' dir='ltr'><strong>Fortini</strong></span> <span class='ocrx_word' id='word_1_285' title='bbox 1810 4927 1890 4973; x_wconf 84' lang='lat' dir='ltr'><strong>ex</strong></span> <span class='ocrx_word' id='word_1_286' title='bbox 1942 4927 2100 4991; x_wconf 90' lang='lat' dir='ltr'><strong>una,</strong></span> <span class='ocrx_word' id='word_1_287' title='bbox 2155 4919 2221 4973; x_wconf 89' lang='lat' dir='ltr'><strong>et</strong></span> 
     </span>
     <span class='ocr_line' id='line_1_51' title="bbox 637 4989 2219 5084; baseline 0.007 -33"><span class='ocrx_word' id='word_1_288' title='bbox 637 4989 984 5057; x_wconf 86' lang='lat' dir='ltr'><strong>Parochum</strong></span> <span class='ocrx_word' id='word_1_289' title='bbox 1040 4995 1358 5060; x_wconf 85' lang='lat' dir='ltr'><strong>Ecclesiae</strong></span> <span class='ocrx_word' id='word_1_290' title='bbox 1414 4997 1482 5062; x_wconf 91' lang='lat' dir='ltr'><strong>S.</strong></span> <span class='ocrx_word' id='word_1_291' title='bbox 1554 4995 1856 5084; x_wconf 89' lang='lat' dir='ltr'><strong>Stephani</strong></span> <span class='ocrx_word' id='word_1_292' title='bbox 1926 4996 2219 5062; x_wconf 87' lang='lat' dir='ltr'><strong>eiusdem</strong></span> 
     </span>
     <span class='ocr_line' id='line_1_52' title="bbox 638 5077 2221 5167; baseline 0.006 -28"><span class='ocrx_word' id='word_1_293' title='bbox 638 5079 869 5141; x_wconf 84' lang='lat' dir='ltr'><strong>Terrae</strong></span> <span class='ocrx_word' id='word_1_294' title='bbox 937 5077 1249 5146; x_wconf 88' lang='lat' dir='ltr'><strong>Dioecesis</strong></span> <span class='ocrx_word' id='word_1_295' title='bbox 1317 5082 1613 5167; x_wconf 89' lang='lat' dir='ltr'><strong>Signinae</strong></span> <span class='ocrx_word' id='word_1_296' title='bbox 1673 5083 1956 5167; x_wconf 82' lang='lat' dir='ltr'><strong>partibus</strong></span> <span class='ocrx_word' id='word_1_297' title='bbox 2005 5102 2088 5147; x_wconf 82' lang='lat' dir='ltr'><strong>ex</strong></span> <span class='ocrx_word' id='word_1_298' title='bbox 2134 5084 2221 5149; x_wconf 89' lang='lat' dir='ltr'><strong>al·</strong></span> 
     </span>
     <span class='ocr_line' id='line_1_53' title="bbox 644 5170 2221 5256; baseline 0.001 -24"><span class='ocrx_word' id='word_1_299' title='bbox 644 5180 772 5232; x_wconf 87' lang='lat' dir='ltr'><strong>tera</strong></span> <span class='ocrx_word' id='word_1_300' title='bbox 800 5181 818 5243; x_wconf 91' lang='grc'><strong>;</strong></span> <span class='ocrx_word' id='word_1_301' title='bbox 871 5176 994 5230; x_wconf 91' lang='lat' dir='ltr'><strong>tam</strong></span> <span class='ocrx_word' id='word_1_302' title='bbox 1028 5185 1221 5253; x_wconf 84' lang='lat' dir='ltr'><strong>super</strong></span> <span class='ocrx_word' id='word_1_303' title='bbox 1253 5179 1582 5253; x_wconf 86' lang='lat' dir='ltr'><strong>praetensa</strong></span> <span class='ocrx_word' id='word_1_304' title='bbox 1616 5170 2071 5256; x_wconf 87' lang='lat' dir='ltr'><strong>collegialitate</strong></span> <span class='ocrx_word' id='word_1_305' title='bbox 2108 5175 2221 5234; x_wconf 90' lang='lat' dir='ltr'><strong>Ec-</strong></span> 
     </span>
     <span class='ocr_line' id='line_1_54' title="bbox 641 5253 2223 5344; baseline -0.001 -23"><span class='ocrx_word' id='word_1_306' title='bbox 641 5253 870 5321; x_wconf 87' lang='lat' dir='ltr'><strong>clesiae</strong></span> <span class='ocrx_word' id='word_1_307' title='bbox 919 5257 986 5322; x_wconf 91' lang='lat' dir='ltr'><strong>S.</strong></span> <span class='ocrx_word' id='word_1_308' title='bbox 1037 5255 1260 5319; x_wconf 80' lang='lat' dir='ltr'><strong>Mariae</strong></span> <span class='ocrx_word' id='word_1_309' title='bbox 1307 5255 1740 5338; x_wconf 86' lang='lat' dir='ltr'><strong>Laetitiarum,</strong></span> <span class='ocrx_word' id='word_1_310' title='bbox 1792 5276 1981 5342; x_wconf 89' lang='lat' dir='ltr'><strong>quam</strong></span> <span class='ocrx_word' id='word_1_311' title='bbox 2027 5275 2223 5344; x_wconf 87' lang='lat' dir='ltr'><strong>super</strong></span> 
     </span>
     <span class='ocr_line' id='line_1_55' title="bbox 642 5341 2223 5435; baseline 0 -28"><span class='ocrx_word' id='word_1_312' title='bbox 642 5341 1160 5435; x_wconf 85' lang='lat' dir='ltr'><strong>praeeminentiis</strong></span> <span class='ocrx_word' id='word_1_313' title='bbox 1235 5342 1297 5408; x_wconf 91' lang='lat' dir='ltr'><strong>in</strong></span> <span class='ocrx_word' id='word_1_314' title='bbox 1372 5342 1884 5409; x_wconf 84' lang='lat' dir='ltr'><strong>Processionibus</strong></span> <span class='ocrx_word' id='word_1_315' title='bbox 1957 5344 2223 5428; x_wconf 85' lang='lat' dir='ltr'><strong>aliisque</strong></span> 
     </span>
    </p>
   </div>
   <div class='ocr_carea' id='block_1_9' title="bbox 2306 595 4016 2354">
    <p class='ocr_par' dir='ltr' id='par_1_17' title="bbox 2306 595 3896 776">
     <span class='ocr_line' id='line_1_56' title="bbox 2306 595 3896 667; baseline -0.003 -1"><span class='ocrx_word' id='word_1_316' title='bbox 2306 604 2501 666; x_wconf 76' lang='lat' dir='ltr'><strong>Rmus</strong></span> <span class='ocrx_word' id='word_1_317' title='bbox 2526 603 2707 665; x_wconf 89' lang='lat' dir='ltr'><strong>Dom.</strong></span> <span class='ocrx_word' id='word_1_318' title='bbox 2735 600 2922 667; x_wconf 88' lang='lat' dir='ltr'><strong>Card.</strong></span> <span class='ocrx_word' id='word_1_319' title='bbox 2951 600 3119 667; x_wconf 85' lang='lat' dir='ltr'><strong>Gotti</strong></span> <span class='ocrx_word' id='word_1_320' title='bbox 3154 598 3434 665; x_wconf 78' lang='lat' dir='ltr'><strong>infr-ascri</strong></span> <span class='ocrx_word' id='word_1_321' title='bbox 3488 610 3546 665; x_wconf 85' lang='lat' dir='ltr'><strong>ta</strong></span> <span class='ocrx_word' id='word_1_322' title='bbox 3572 596 3770 665; x_wconf 80' lang='lat' dir='ltr'><strong>dubia</strong></span> <span class='ocrx_word' id='word_1_323' title='bbox 3805 595 3896 662; x_wconf 90' lang='lat' dir='ltr'><strong>in·</strong></span> 
     </span>
     <span class='ocr_line' id='line_1_57' title="bbox 2310 683 3892 776; baseline -0.003 -23"><span class='ocrx_word' id='word_1_324' title='bbox 2310 699 2407 754; x_wconf 90' lang='lat' dir='ltr'><strong>ter</strong></span> <span class='ocrx_word' id='word_1_325' title='bbox 2452 696 2666 776; x_wconf 84' lang='lat' dir='ltr'><strong>partes</strong></span> <span class='ocrx_word' id='word_1_326' title='bbox 2714 688 3089 755; x_wconf 86' lang='lat' dir='ltr'><strong>concordata</strong></span> <span class='ocrx_word' id='word_1_327' title='bbox 3114 687 3413 754; x_wconf 89' lang='lat' dir='ltr'><strong>declaran</strong></span> <span class='ocrx_word' id='word_1_328' title='bbox 3460 706 3496 750; x_wconf 87' lang='lat' dir='ltr'><strong>a</strong></span> <span class='ocrx_word' id='word_1_329' title='bbox 3524 683 3892 773; x_wconf 84' lang='lat' dir='ltr'><strong>proposuit:</strong></span> 
     </span>
    </p>

    <p class='ocr_par' dir='ltr' id='par_1_18' title="bbox 2308 771 3903 1035">
     <span class='ocr_line' id='line_1_58' title="bbox 2446 771 3899 864; baseline -0.003 -25"><span class='ocrx_word' id='word_1_330' title='bbox 2446 781 2503 839; x_wconf 81' lang='grc'><strong>1.</strong></span> <span class='ocrx_word' id='word_1_331' title='bbox 2556 775 2651 840; x_wconf 81' lang='lat' dir='ltr'><strong>An</strong></span> <span class='ocrx_word' id='word_1_332' title='bbox 2697 785 2945 842; x_wconf 88' lang='lat' dir='ltr'><strong>constet</strong></span> <span class='ocrx_word' id='word_1_333' title='bbox 2973 777 3057 864; x_wconf 27' lang='lat' dir='ltr'><strong>,de</strong></span> <span class='ocrx_word' id='word_1_334' title='bbox 3089 773 3539 862; x_wconf 83' lang='lat' dir='ltr'><strong>collegialitate</strong></span> <span class='ocrx_word' id='word_1_335' title='bbox 3565 771 3899 839; x_wconf 83' lang='lat' dir='ltr'><strong>Ecclesiae</strong></span> 
     </span>
     <span class='ocr_line' id='line_1_59' title="bbox 2308 857 3903 930; baseline -0.004 -1"><span class='ocrx_word' id='word_1_336' title='bbox 2308 866 2372 929; x_wconf 90' lang='lat' dir='ltr'><strong>S.</strong></span> <span class='ocrx_word' id='word_1_337' title='bbox 2426 863 2649 929; x_wconf 72' lang='lat' dir='ltr'><strong>Mariae</strong></span> <span class='ocrx_word' id='word_1_338' title='bbox 2718 861 3127 930; x_wconf 86' lang='lat' dir='ltr'><strong>Laetitiarum</strong></span> <span class='ocrx_word' id='word_1_339' title='bbox 3194 862 3420 929; x_wconf 69' lang='lat' dir='ltr'><strong>Montis</strong></span> <span class='ocrx_word' id='word_1_340' title='bbox 3482 857 3774 928; x_wconf 72' lang='lat' dir='ltr'><strong>For-tini?</strong></span> <span class='ocrx_word' id='word_1_341' title='bbox 3834 868 3903 923; x_wconf 87' lang='lat' dir='ltr'><strong>et</strong></span> 
     </span>
     <span class='ocr_line' id='line_1_60' title="bbox 2311 949 3066 1035; baseline 0 -18"><span class='ocrx_word' id='word_1_342' title='bbox 2311 963 2626 1035; x_wconf 87' lang='lat' dir='ltr'><strong>quatenus</strong></span> <span class='ocrx_word' id='word_1_343' title='bbox 2672 949 3066 1034; x_wconf 80' lang='lat' dir='ltr'><strong>affirmative,</strong></span> 
     </span>
    </p>

    <p class='ocr_par' dir='ltr' id='par_1_19' title="bbox 2308 1033 4016 1737">
     <span class='ocr_line' id='line_1_61' title="bbox 2439 1033 4016 1121; baseline -0.004 -17"><span class='ocrx_word' id='word_1_344' title='bbox 2439 1043 2505 1104; x_wconf 73' lang='lat'><strong>2.</strong></span> <span class='ocrx_word' id='word_1_345' title='bbox 2570 1038 2668 1104; x_wconf 80' lang='lat' dir='ltr'><strong>An</strong></span> <span class='ocrx_word' id='word_1_346' title='bbox 2726 1038 3001 1104; x_wconf 86' lang='lat' dir='ltr'><strong>Parocbo</strong></span> <span class='ocrx_word' id='word_1_347' title='bbox 3075 1037 3398 1104; x_wconf 84' lang='lat' dir='ltr'><strong>Ecclesiae</strong></span> <span class='ocrx_word' id='word_1_348' title='bbox 3467 1040 3530 1104; x_wconf 89' lang='lat' dir='ltr'><strong>S.</strong></span> <span class='ocrx_word' id='word_1_349' title='bbox 3582 1033 3903 1121; x_wconf 82' lang='lat' dir='ltr'><strong>Stephani</strong></span> <span class='ocrx_word' id='word_1_350' title='bbox 4014 1037 4016 1040; x_wconf 82' lang='grc'><strong>’</strong></span> 
     </span>
     <span class='ocr_line' id='line_1_62' title="bbox 2312 1121 4016 1209; baseline -0.004 -18"><span class='ocrx_word' id='word_1_351' title='bbox 2312 1125 2600 1193; x_wconf 88' lang='lat' dir='ltr'><strong>eiusdem</strong></span> <span class='ocrx_word' id='word_1_352' title='bbox 2648 1126 2768 1191; x_wconf 90' lang='lat' dir='ltr'><strong>loci</strong></span> <span class='ocrx_word' id='word_1_353' title='bbox 2820 1125 2883 1192; x_wconf 92' lang='lat' dir='ltr'><strong>in</strong></span> <span class='ocrx_word' id='word_1_354' title='bbox 2929 1125 3441 1192; x_wconf 85' lang='lat' dir='ltr'><strong>Processionibus</strong></span> <span class='ocrx_word' id='word_1_355' title='bbox 3481 1122 3903 1209; x_wconf 77' lang='lat' dir='ltr'><strong>generalibus</strong></span> <span class='ocrx_word' id='word_1_356' title='bbox 4014 1121 4016 1200; x_wconf 67' lang='grc' dir='ltr'><strong><em>ζ</em></strong></span> 
     </span>
     <span class='ocr_line' id='line_1_63' title="bbox 2310 1208 3908 1300; baseline -0.003 -24"><span class='ocrx_word' id='word_1_357' title='bbox 2310 1212 2576 1298; x_wconf 89' lang='lat' dir='ltr'><strong>aliisque</strong></span> <span class='ocrx_word' id='word_1_358' title='bbox 2624 1212 3089 1298; x_wconf 77' lang='lat' dir='ltr'><strong>functionibus,</strong></span> <span class='ocrx_word' id='word_1_359' title='bbox 3139 1212 3203 1280; x_wconf 90' lang='lat' dir='ltr'><strong>in</strong></span> <span class='ocrx_word' id='word_1_360' title='bbox 3251 1211 3482 1300; x_wconf 89' lang='lat' dir='ltr'><strong>quibus</strong></span> <span class='ocrx_word' id='word_1_361' title='bbox 3545 1208 3908 1278; x_wconf 79' lang='lat' dir='ltr'><strong>intervenit</strong></span> 
     </span>
     <span class='ocr_line' id='line_1_64' title="bbox 2308 1295 4016 1386; baseline -0.004 -20"><span class='ocrx_word' id='word_1_362' title='bbox 2308 1296 2672 1386; x_wconf 88' lang='lat' dir='ltr'><strong>Capitulum</strong></span> <span class='ocrx_word' id='word_1_363' title='bbox 2718 1300 2923 1368; x_wconf 89' lang='lat' dir='ltr'><strong>dictae</strong></span> <span class='ocrx_word' id='word_1_364' title='bbox 2972 1301 3292 1367; x_wconf 86' lang='lat' dir='ltr'><strong>Ecclesiae</strong></span> <span class='ocrx_word' id='word_1_365' title='bbox 3340 1299 3779 1386; x_wconf 85' lang='lat' dir='ltr'><strong>Collegiatae‚</strong></span> <span class='ocrx_word' id='word_1_366' title='bbox 3834 1295 3911 1361; x_wconf 90' lang='lat' dir='ltr'><strong>li·</strong></span> <span class='ocrx_word' id='word_1_367' title='bbox 4014 1321 4016 1336; x_wconf 89' lang='grc'><strong><em>·</em></strong></span> 
     </span>
     <span class='ocr_line' id='line_1_65' title="bbox 2312 1386 3910 1475; baseline -0.003 -21"><span class='ocrx_word' id='word_1_368' title='bbox 2312 1399 2451 1454; x_wconf 91' lang='lat' dir='ltr'><strong>ceat</strong></span> <span class='ocrx_word' id='word_1_369' title='bbox 2498 1389 2801 1457; x_wconf 89' lang='lat' dir='ltr'><strong>incedere</strong></span> <span class='ocrx_word' id='word_1_370' title='bbox 2872 1389 3064 1456; x_wconf 90' lang='lat' dir='ltr'><strong>tertio</strong></span> <span class='ocrx_word' id='word_1_371' title='bbox 3132 1391 3300 1473; x_wconf 90' lang='lat' dir='ltr'><strong>loco,</strong></span> <span class='ocrx_word' id='word_1_372' title='bbox 3348 1406 3587 1475; x_wconf 87' lang='lat' dir='ltr'><strong>nempe</strong></span> <span class='ocrx_word' id='word_1_373' title='bbox 3630 1386 3712 1452; x_wconf 91' lang='lat' dir='ltr'><strong>ad</strong></span> <span class='ocrx_word' id='word_1_374' title='bbox 3776 1386 3910 1452; x_wconf 82' lang='lat' dir='ltr'><strong>lae·</strong></span> 
     </span>
     <span class='ocr_line' id='line_1_66' title="bbox 2310 1475 3909 1562; baseline -0.003 -20"><span class='ocrx_word' id='word_1_375' title='bbox 2310 1495 2453 1542; x_wconf 83' lang='lat' dir='ltr'><strong>vam</strong></span> <span class='ocrx_word' id='word_1_376' title='bbox 2502 1475 3093 1562; x_wconf 82' lang='lat' dir='ltr'><strong>Archipresbyteri,</strong></span> <span class='ocrx_word' id='word_1_377' title='bbox 3154 1476 3494 1544; x_wconf 89' lang='lat' dir='ltr'><strong>incedente</strong></span> <span class='ocrx_word' id='word_1_378' title='bbox 3542 1475 3621 1542; x_wconf 89' lang='lat' dir='ltr'><strong>ad</strong></span> <span class='ocrx_word' id='word_1_379' title='bbox 3670 1475 3909 1541; x_wconf 80' lang='lat' dir='ltr'><strong>dexte-</strong></span> 
     </span>
     <span class='ocr_line' id='line_1_67' title="bbox 2311 1563 4016 1663; baseline -0.002 -33"><span class='ocrx_word' id='word_1_380' title='bbox 2311 1584 2447 1663; x_wconf 76' lang='lat' dir='ltr'><strong>ram</strong></span> <span class='ocrx_word' id='word_1_381' title='bbox 2492 1565 2805 1632; x_wconf 88' lang='lat' dir='ltr'><strong>Canonico</strong></span> <span class='ocrx_word' id='word_1_382' title='bbox 2874 1566 3105 1632; x_wconf 88' lang='lat' dir='ltr'><strong>Curato</strong></span> <span class='ocrx_word' id='word_1_383' title='bbox 3136 1563 3169 1631; x_wconf 78' lang='lat'><strong>⁸?</strong></span> <span class='ocrx_word' id='word_1_384' title='bbox 3231 1574 3297 1633; x_wconf 89' lang='lat' dir='ltr'><strong>et</strong></span> <span class='ocrx_word' id='word_1_385' title='bbox 3341 1575 3657 1651; x_wconf 85' lang='lat' dir='ltr'><strong>quatenus</strong></span> <span class='ocrx_word' id='word_1_386' title='bbox 3706 1579 3905 1648; x_wconf 87' lang='lat' dir='ltr'><strong>nega·</strong></span> <span class='ocrx_word' id='word_1_387' title='bbox 4014 1631 4016 1650; x_wconf 33' lang='grc' dir='ltr'><strong><em>Ε</em></strong></span> 
     </span>
     <span class='ocr_line' id='line_1_68' title="bbox 2318 1662 4016 1737; baseline -0.002 -19"><span class='ocrx_word' id='word_1_388' title='bbox 2318 1662 2474 1737; x_wconf 78' lang='lat' dir='ltr'><strong>uve,</strong></span> <span class='ocrx_word' id='word_1_389' title='bbox 4014 1673 4016 1688; x_wconf 75' lang='lat'>¹</span> 
     </span>
    </p>

    <p class='ocr_par' dir='ltr' id='par_1_20' title="bbox 2447 1737 4016 1826">
     <span class='ocr_line' id='line_1_69' title="bbox 2447 1737 4016 1826; baseline -0.004 -17"><span class='ocrx_word' id='word_1_390' title='bbox 2447 1746 2510 1809; x_wconf 83' lang='lat'><strong>3.</strong></span> <span class='ocrx_word' id='word_1_391' title='bbox 2560 1743 2657 1807; x_wconf 80' lang='lat' dir='ltr'><strong>An</strong></span> <span class='ocrx_word' id='word_1_392' title='bbox 2704 1749 2768 1805; x_wconf 92' lang='lat' dir='ltr'><strong>et</strong></span> <span class='ocrx_word' id='word_1_393' title='bbox 2817 1739 2879 1805; x_wconf 93' lang='lat' dir='ltr'><strong>in</strong></span> <span class='ocrx_word' id='word_1_394' title='bbox 2927 1756 3053 1826; x_wconf 84' lang='lat' dir='ltr'><strong>quo</strong></span> <span class='ocrx_word' id='word_1_395' title='bbox 3102 1741 3246 1807; x_wconf 90' lang='lat' dir='ltr'><strong>loco</strong></span> <span class='ocrx_word' id='word_1_396' title='bbox 3294 1738 3600 1807; x_wconf 90' lang='lat' dir='ltr'><strong>incedere</strong></span> <span class='ocrx_word' id='word_1_397' title='bbox 3638 1737 3919 1805; x_wconf 80' lang='lat' dir='ltr'><strong>debeat&#39;?</strong></span> <span class='ocrx_word' id='word_1_398' title='bbox 4014 1747 4016 1756; x_wconf 88' lang='lat'>&#39;</span> 
     </span>
    </p>

    <p class='ocr_par' dir='ltr' id='par_1_21' title="bbox 2315 1826 4016 2354">
     <span class='ocr_line' id='line_1_70' title="bbox 2448 1826 3915 1915; baseline -0.004 -19"><span class='ocrx_word' id='word_1_399' title='bbox 2448 1833 2510 1896; x_wconf 75' lang='lat'><strong>4.</strong></span> <span class='ocrx_word' id='word_1_400' title='bbox 2561 1829 2657 1894; x_wconf 82' lang='lat' dir='ltr'><strong>An</strong></span> <span class='ocrx_word' id='word_1_401' title='bbox 2704 1826 2770 1893; x_wconf 90' lang='lat' dir='ltr'><strong>in</strong></span> <span class='ocrx_word' id='word_1_402' title='bbox 2813 1827 3323 1896; x_wconf 82' lang='lat' dir='ltr'><strong>Processionibus</strong></span> <span class='ocrx_word' id='word_1_403' title='bbox 3370 1826 3915 1915; x_wconf 84' lang='lat' dir='ltr'><strong>particularibus,</strong></span> 
     </span>
     <span class='ocr_line' id='line_1_71' title="bbox 2315 1912 3917 2003; baseline -0.004 -20"><span class='ocrx_word' id='word_1_404' title='bbox 2315 1935 2477 2002; x_wconf 86' lang='lat' dir='ltr'><strong>quae</strong></span> <span class='ocrx_word' id='word_1_405' title='bbox 2524 1916 2688 1983; x_wconf 85' lang='lat' dir='ltr'><strong>fiunt</strong></span> <span class='ocrx_word' id='word_1_406' title='bbox 2735 1935 2765 1979; x_wconf 89' lang='lat' dir='ltr'><strong>a</strong></span> <span class='ocrx_word' id='word_1_407' title='bbox 2813 1916 3092 1982; x_wconf 73' lang='lat' dir='ltr'><strong>Par-ocho</strong></span> <span class='ocrx_word' id='word_1_408' title='bbox 3139 1919 3203 1983; x_wconf 92' lang='lat' dir='ltr'><strong>S.</strong></span> <span class='ocrx_word' id='word_1_409' title='bbox 3256 1913 3598 2003; x_wconf 88' lang='lat' dir='ltr'><strong>Stephani,</strong></span> <span class='ocrx_word' id='word_1_410' title='bbox 3648 1912 3716 1980; x_wconf 91' lang='lat' dir='ltr'><strong>in</strong></span> <span class='ocrx_word' id='word_1_411' title='bbox 3764 1913 3917 1999; x_wconf 87' lang='lat' dir='ltr'><strong>qui-</strong></span> 
     </span>
     <span class='ocr_line' id='line_1_72' title="bbox 2315 2001 3921 2091; baseline -0.003 -21"><span class='ocrx_word' id='word_1_412' title='bbox 2315 2004 2432 2070; x_wconf 90' lang='lat' dir='ltr'><strong>bus</strong></span> <span class='ocrx_word' id='word_1_413' title='bbox 2479 2003 2825 2070; x_wconf 89' lang='lat' dir='ltr'><strong>intervenit</strong></span> <span class='ocrx_word' id='word_1_414' title='bbox 2878 2002 3120 2071; x_wconf 91' lang='lat' dir='ltr'><strong>dictum</strong></span> <span class='ocrx_word' id='word_1_415' title='bbox 3184 2001 3591 2091; x_wconf 88' lang='lat' dir='ltr'><strong>Capitulum,</strong></span> <span class='ocrx_word' id='word_1_416' title='bbox 3645 2021 3921 2089; x_wconf 85' lang='lat' dir='ltr'><strong>praece-</strong></span> 
     </span>
     <span class='ocr_line' id='line_1_73' title="bbox 2316 2089 3919 2161; baseline -0.004 0"><span class='ocrx_word' id='word_1_417' title='bbox 2316 2092 2531 2161; x_wconf 86' lang='lat' dir='ltr'><strong>dentia</strong></span> <span class='ocrx_word' id='word_1_418' title='bbox 2578 2103 2644 2159; x_wconf 91' lang='lat' dir='ltr'><strong>et</strong></span> <span class='ocrx_word' id='word_1_419' title='bbox 2687 2111 2841 2158; x_wconf 88' lang='lat' dir='ltr'><strong>usus</strong></span> <span class='ocrx_word' id='word_1_420' title='bbox 2886 2092 3100 2159; x_wconf 90' lang='lat' dir='ltr'><strong>Stolae</strong></span> <span class='ocrx_word' id='word_1_421' title='bbox 3162 2092 3474 2159; x_wconf 88' lang='lat' dir='ltr'><strong>debeatur</strong></span> <span class='ocrx_word' id='word_1_422' title='bbox 3534 2089 3751 2158; x_wconf 87' lang='lat' dir='ltr'><strong>eidem</strong></span> <span class='ocrx_word' id='word_1_423' title='bbox 3802 2093 3919 2155; x_wconf 84' lang='lat' dir='ltr'><strong>Pa-</strong></span> 
     </span>
     <span class='ocr_line' id='line_1_74' title="bbox 2317 2176 4016 2333; baseline -0.002 -87"><span class='ocrx_word' id='word_1_424' title='bbox 2317 2179 2575 2333; x_wconf 46' lang='lat' dir='ltr'><strong>rocho}</strong></span> <span class='ocrx_word' id='word_1_425' title='bbox 2630 2180 2734 2246; x_wconf 82' lang='lat' dir='ltr'><strong>vel</strong></span> <span class='ocrx_word' id='word_1_426' title='bbox 2791 2179 3002 2267; x_wconf 88' lang='lat' dir='ltr'><strong>potius</strong></span> <span class='ocrx_word' id='word_1_427' title='bbox 3062 2178 3355 2267; x_wconf 90' lang='lat' dir='ltr'><strong>Capitulo</strong></span> <span class='ocrx_word' id='word_1_428' title='bbox 3424 2176 3628 2246; x_wconf 88' lang='lat' dir='ltr'><strong>dictae</strong></span> <span class='ocrx_word' id='word_1_429' title='bbox 3693 2178 3922 2244; x_wconf 89' lang='lat' dir='ltr'><strong>Colle·</strong></span> <span class='ocrx_word' id='word_1_430' title='bbox 4014 2259 4016 2274; x_wconf 43' lang='grc' dir='ltr'>Ι</span> 
     </span>
     <span class='ocr_line' id='line_1_75' title="bbox 2318 2268 2521 2354; baseline 0 -21"><span class='ocrx_word' id='word_1_431' title='bbox 2318 2268 2521 2354; x_wconf 86' lang='lat' dir='ltr'><strong>giatae</strong></span> 
     </span>
    </p>
   </div>
   <div class='ocr_carea' id='block_1_10' title="bbox 2451 2353 4016 2423">
    <p class='ocr_par' dir='ltr' id='par_1_22' title="bbox 2451 2353 4016 2423">
     <span class='ocr_line' id='line_1_76' title="bbox 2451 2353 4016 2423; baseline 0.001 -4"><span class='ocrx_word' id='word_1_432' title='bbox 2451 2359 2512 2420; x_wconf 72' lang='grc' dir='ltr'><strong>ὅ.</strong></span> <span class='ocrx_word' id='word_1_433' title='bbox 2562 2360 2660 2423; x_wconf 81' lang='lat' dir='ltr'><strong>An</strong></span> <span class='ocrx_word' id='word_1_434' title='bbox 2689 2355 2754 2422; x_wconf 89' lang='lat' dir='ltr'><strong>in</strong></span> <span class='ocrx_word' id='word_1_435' title='bbox 2786 2353 3295 2422; x_wconf 81' lang='lat' dir='ltr'><strong>Processionibus</strong></span> <span class='ocrx_word' id='word_1_436' title='bbox 3327 2354 3625 2421; x_wconf 75' lang='lat' dir='ltr'><strong>funerum</strong></span> <span class='ocrx_word' id='word_1_437' title='bbox 3678 2354 3770 2421; x_wconf 88' lang='lat' dir='ltr'><strong>de</strong></span> <span class='ocrx_word' id='word_1_438' title='bbox 3806 2357 3921 2420; x_wconf 83' lang='lat' dir='ltr'><strong>Pa·</strong></span> <span class='ocrx_word' id='word_1_439' title='bbox 4014 2395 4016 2404; x_wconf 90' lang='lat'>·</span> 
     </span>
    </p>
   </div>
   <div class='ocr_carea' id='block_1_11' title="bbox 2317 2439 4016 5084">
    <p class='ocr_par' dir='ltr' id='par_1_23' title="bbox 2317 2439 4016 2792">
     <span class='ocr_line' id='line_1_77' title="bbox 2320 2439 4016 2531; baseline -0.002 -22"><span class='ocrx_word' id='word_1_440' title='bbox 2320 2441 2532 2509; x_wconf 89' lang='lat' dir='ltr'><strong>rochia</strong></span> <span class='ocrx_word' id='word_1_441' title='bbox 2578 2447 2642 2511; x_wconf 92' lang='lat' dir='ltr'><strong>S.</strong></span> <span class='ocrx_word' id='word_1_442' title='bbox 2681 2442 3009 2529; x_wconf 88' lang='lat' dir='ltr'><strong>Stephani,</strong></span> <span class='ocrx_word' id='word_1_443' title='bbox 3045 2444 3107 2510; x_wconf 92' lang='lat' dir='ltr'><strong>in</strong></span> <span class='ocrx_word' id='word_1_444' title='bbox 3153 2442 3386 2531; x_wconf 90' lang='lat' dir='ltr'><strong>quibus</strong></span> <span class='ocrx_word' id='word_1_445' title='bbox 3416 2439 3785 2528; x_wconf 27' lang='lat' dir='ltr'><strong>*intervenit</strong></span> <span class='ocrx_word' id='word_1_446' title='bbox 3820 2443 3919 2509; x_wconf 85' lang='lat' dir='ltr'><strong>di·</strong></span> <span class='ocrx_word' id='word_1_447' title='bbox 4014 2473 4016 2486; x_wconf 86' lang='grc'><strong><em>·</em></strong></span> 
     </span>
     <span class='ocr_line' id='line_1_78' title="bbox 2320 2527 3923 2619; baseline -0.001 -22"><span class='ocrx_word' id='word_1_448' title='bbox 2320 2540 2494 2597; x_wconf 90' lang='lat' dir='ltr'><strong>ctum</strong></span> <span class='ocrx_word' id='word_1_449' title='bbox 2525 2532 2913 2619; x_wconf 86' lang='lat' dir='ltr'><strong>Capitulum,</strong></span> <span class='ocrx_word' id='word_1_450' title='bbox 2949 2530 3383 2599; x_wconf 86' lang='lat' dir='ltr'><strong>incedendum</strong></span> <span class='ocrx_word' id='word_1_451' title='bbox 3426 2527 3506 2595; x_wconf 87' lang='lat' dir='ltr'><strong>sit</strong></span> <span class='ocrx_word' id='word_1_452' title='bbox 3538 2530 3661 2596; x_wconf 84' lang='lat' dir='ltr'><strong>sub</strong></span> <span class='ocrx_word' id='word_1_453' title='bbox 3700 2532 3923 2597; x_wconf 82' lang='lat' dir='ltr'><strong>Cruce</strong></span> 
     </span>
     <span class='ocr_line' id='line_1_79' title="bbox 2317 2617 3921 2708; baseline -0.001 -24"><span class='ocrx_word' id='word_1_454' title='bbox 2317 2618 2694 2698; x_wconf 85' lang='lat' dir='ltr'><strong>Parochiae;</strong></span> <span class='ocrx_word' id='word_1_455' title='bbox 2756 2620 2860 2684; x_wconf 79' lang='lat' dir='ltr'><strong>vel</strong></span> <span class='ocrx_word' id='word_1_456' title='bbox 2976 2620 3141 2687; x_wconf 89' lang='lat' dir='ltr'><strong>otius</strong></span> <span class='ocrx_word' id='word_1_457' title='bbox 3186 2617 3609 2708; x_wconf 76' lang='lat' dir='ltr'><strong>collegiatae,</strong></span> <span class='ocrx_word' id='word_1_458' title='bbox 3676 2626 3744 2682; x_wconf 89' lang='lat' dir='ltr'><strong>et</strong></span> <span class='ocrx_word' id='word_1_459' title='bbox 3817 2619 3921 2684; x_wconf 83' lang='lat' dir='ltr'><strong>cui</strong></span> 
     </span>
     <span class='ocr_line' id='line_1_80' title="bbox 2320 2701 4016 2792; baseline 0.004 -20"><span class='ocrx_word' id='word_1_460' title='bbox 2320 2706 2633 2773; x_wconf 88' lang='lat' dir='ltr'><strong>debeatur</strong></span> <span class='ocrx_word' id='word_1_461' title='bbox 2676 2725 2906 2792; x_wconf 88' lang='lat' dir='ltr'><strong>praece</strong></span> <span class='ocrx_word' id='word_1_462' title='bbox 2958 2707 3127 2774; x_wconf 90' lang='lat' dir='ltr'><strong>entia</strong></span> <span class='ocrx_word' id='word_1_463' title='bbox 3174 2707 3239 2776; x_wconf 91' lang='lat' dir='ltr'><strong>in</strong></span> <span class='ocrx_word' id='word_1_464' title='bbox 3282 2701 3484 2774; x_wconf 78' lang='lat' dir='ltr'><strong>casu?</strong></span> <span class='ocrx_word' id='word_1_465' title='bbox 4014 2763 4016 2778; x_wconf 91' lang='lat'><strong>.</strong></span> 
     </span>
    </p>

    <p class='ocr_par' dir='ltr' id='par_1_24' title="bbox 2319 2792 4016 2969">
     <span class='ocr_line' id='line_1_81' title="bbox 2455 2792 4016 2879; baseline 0.001 -20"><span class='ocrx_word' id='word_1_466' title='bbox 2455 2797 2519 2859; x_wconf 88' lang='grc'><strong>6.</strong></span> <span class='ocrx_word' id='word_1_467' title='bbox 2568 2795 2887 2879; x_wconf 76' lang='lat' dir='ltr'><strong>Auliceat</strong></span> <span class='ocrx_word' id='word_1_468' title='bbox 2919 2795 3247 2862; x_wconf 80' lang='lat' dir='ltr'><strong>Canonicis</strong></span> <span class='ocrx_word' id='word_1_469' title='bbox 3279 2795 3487 2862; x_wconf 89' lang='lat' dir='ltr'><strong>dictae</strong></span> <span class='ocrx_word' id='word_1_470' title='bbox 3516 2792 3929 2878; x_wconf 75' lang='lat' dir='ltr'><strong>collegiatae</strong></span> <span class='ocrx_word' id='word_1_471' title='bbox 4014 2797 4016 2810; x_wconf 93' lang='lat'>&#39;</span> 
     </span>
     <span class='ocr_line' id='line_1_82' title="bbox 2319 2880 3734 2969; baseline 0.001 -22"><span class='ocrx_word' id='word_1_472' title='bbox 2319 2881 2578 2948; x_wconf 76' lang='lat' dir='ltr'><strong>deferre</strong></span> <span class='ocrx_word' id='word_1_473' title='bbox 2622 2884 2905 2969; x_wconf 91' lang='lat' dir='ltr'><strong>signum,</strong></span> <span class='ocrx_word' id='word_1_474' title='bbox 2957 2883 3128 2969; x_wconf 87' lang='lat' dir='ltr'><strong>quod</strong></span> <span class='ocrx_word' id='word_1_475' title='bbox 3176 2894 3321 2949; x_wconf 90' lang='lat' dir='ltr'><strong>actu</strong></span> <span class='ocrx_word' id='word_1_476' title='bbox 3367 2880 3734 2949; x_wconf 73' lang='lat' dir='ltr'><strong>deferunt?</strong></span> 
     </span>
    </p>

    <p class='ocr_par' dir='ltr' id='par_1_25' title="bbox 2319 2970 4016 3387">
     <span class='ocr_line' id='line_1_83' title="bbox 2450 2970 4016 3059; baseline 0.001 -23"><span class='ocrx_word' id='word_1_477' title='bbox 2450 2971 2517 3036; x_wconf 92' lang='lat' dir='ltr'><strong>S.</strong></span> <span class='ocrx_word' id='word_1_478' title='bbox 2572 2975 2649 3038; x_wconf 86' lang='lat' dir='ltr'><strong>R.</strong></span> <span class='ocrx_word' id='word_1_479' title='bbox 2707 2976 2821 3054; x_wconf 90' lang='lat' dir='ltr'><strong>C.,</strong></span> <span class='ocrx_word' id='word_1_480' title='bbox 2887 2982 3156 3056; x_wconf 87' lang='lat' dir='ltr'><strong>utraque</strong></span> <span class='ocrx_word' id='word_1_481' title='bbox 3216 2980 3397 3059; x_wconf 87' lang='lat' dir='ltr'><strong>parte</strong></span> <span class='ocrx_word' id='word_1_482' title='bbox 3460 2979 3588 3036; x_wconf 88' lang='lat' dir='ltr'><strong>tam</strong></span> <span class='ocrx_word' id='word_1_483' title='bbox 3648 2970 3925 3058; x_wconf 81' lang='lat' dir='ltr'><strong>scriptis</strong></span> <span class='ocrx_word' id='word_1_484' title='bbox 4014 3040 4016 3045; x_wconf 76' lang='grc'>,</span> 
     </span>
     <span class='ocr_line' id='line_1_84' title="bbox 2320 3057 4016 3144; baseline 0.002 -21"><span class='ocrx_word' id='word_1_485' title='bbox 2320 3077 2510 3144; x_wconf 89' lang='lat' dir='ltr'><strong>quam</strong></span> <span class='ocrx_word' id='word_1_486' title='bbox 2558 3079 2716 3126; x_wconf 80' lang='lat' dir='ltr'><strong>voce</strong></span> <span class='ocrx_word' id='word_1_487' title='bbox 2766 3059 3145 3126; x_wconf 76' lang='lat' dir='ltr'><strong>informante</strong></span> <span class='ocrx_word' id='word_1_488' title='bbox 3189 3058 3426 3142; x_wconf 86' lang='lat' dir='ltr'><strong>audita,</strong></span> <span class='ocrx_word' id='word_1_489' title='bbox 3475 3057 3767 3143; x_wconf 86' lang='lat' dir='ltr'><strong>visisque</strong></span> <span class='ocrx_word' id='word_1_490' title='bbox 3830 3060 3925 3126; x_wconf 86' lang='lat' dir='ltr'><strong>iu·</strong></span> <span class='ocrx_word' id='word_1_491' title='bbox 4014 3128 4016 3141; x_wconf 77' lang='grc'>,</span> 
     </span>
     <span class='ocr_line' id='line_1_85' title="bbox 2319 3143 4016 3234; baseline 0.002 -23"><span class='ocrx_word' id='word_1_492' title='bbox 2319 3146 2495 3213; x_wconf 89' lang='lat' dir='ltr'><strong>ribus</strong></span> <span class='ocrx_word' id='word_1_493' title='bbox 2543 3146 2687 3213; x_wconf 90' lang='lat' dir='ltr'><strong>hinc</strong></span> <span class='ocrx_word' id='word_1_494' title='bbox 2737 3147 2886 3213; x_wconf 91' lang='lat' dir='ltr'><strong>inde</strong></span> <span class='ocrx_word' id='word_1_495' title='bbox 2936 3146 3253 3231; x_wconf 88' lang='lat' dir='ltr'><strong>deductis,</strong></span> <span class='ocrx_word' id='word_1_496' title='bbox 3280 3143 3399 3213; x_wconf 90' lang='lat' dir='ltr'><strong>sub</strong></span> <span class='ocrx_word' id='word_1_497' title='bbox 3447 3146 3553 3212; x_wconf 88' lang='lat' dir='ltr'><strong>die</strong></span> <span class='ocrx_word' id='word_1_498' title='bbox 3601 3148 3639 3212; x_wconf 83' lang='lat'><strong>3</strong></span> <span class='ocrx_word' id='word_1_499' title='bbox 3690 3149 3927 3234; x_wconf 79' lang='lat' dir='ltr'><strong>Augu·</strong></span> <span class='ocrx_word' id='word_1_500' title='bbox 4014 3144 4016 3157; x_wconf 92' lang='lat'>&#39;</span> 
     </span>
     <span class='ocr_line' id='line_1_86' title="bbox 2319 3232 3925 3323; baseline 0.002 -24"><span class='ocrx_word' id='word_1_501' title='bbox 2319 3233 2398 3299; x_wconf 90' lang='lat' dir='ltr'><strong>sti</strong></span> <span class='ocrx_word' id='word_1_502' title='bbox 2459 3234 2605 3299; x_wconf 89' lang='lat' dir='ltr'><strong>anni</strong></span> <span class='ocrx_word' id='word_1_503' title='bbox 2664 3234 2961 3320; x_wconf 86' lang='lat' dir='ltr'><strong>proxime</strong></span> <span class='ocrx_word' id='word_1_504' title='bbox 3030 3232 3358 3323; x_wconf 83' lang='lat' dir='ltr'><strong>praeteriti</strong></span> <span class='ocrx_word' id='word_1_505' title='bbox 3418 3233 3925 3303; x_wconf 81' lang='lat' dir='ltr'><strong>rescribendum</strong></span> 
     </span>
     <span class='ocr_line' id='line_1_87' title="bbox 2324 3321 2611 3387; baseline 0.003 -1"><span class='ocrx_word' id='word_1_506' title='bbox 2324 3321 2611 3387; x_wconf 83' lang='lat' dir='ltr'><strong>censuit:</strong></span> 
     </span>
    </p>

    <p class='ocr_par' dir='ltr' id='par_1_26' title="bbox 2453 3409 3192 3477">
     <span class='ocr_line' id='line_1_88' title="bbox 2453 3409 3192 3477; baseline 0.004 -4"><span class='ocrx_word' id='word_1_507' title='bbox 2453 3409 2549 3475; x_wconf 82' lang='lat' dir='ltr'><strong>Ad</strong></span> <span class='ocrx_word' id='word_1_508' title='bbox 2601 3413 2664 3476; x_wconf 90' lang='grc'><strong>1.</strong></span> <span class='ocrx_word' id='word_1_509' title='bbox 2715 3432 2753 3475; x_wconf 81' lang='lat'><strong>‹</strong></span> <span class='ocrx_word' id='word_1_510' title='bbox 2787 3411 2878 3475; x_wconf 88' lang='lat' dir='ltr'><strong>Ne</strong></span> <span class='ocrx_word' id='word_1_511' title='bbox 2927 3410 3093 3477; x_wconf 80' lang='lat' dir='ltr'><strong>ative</strong></span> <span class='ocrx_word' id='word_1_512' title='bbox 3128 3433 3192 3476; x_wconf 68' lang='lat' dir='ltr'><strong>a».</strong></span> 
     </span>
    </p>

    <p class='ocr_par' dir='ltr' id='par_1_27' title="bbox 2455 3496 3278 3565">
     <span class='ocr_line' id='line_1_89' title="bbox 2455 3496 3278 3565; baseline 0.002 -5"><span class='ocrx_word' id='word_1_513' title='bbox 2455 3496 2549 3562; x_wconf 83' lang='lat' dir='ltr'><strong>Ad</strong></span> <span class='ocrx_word' id='word_1_514' title='bbox 2597 3501 2661 3565; x_wconf 74' lang='lat'><strong>2.</strong></span> <span class='ocrx_word' id='word_1_515' title='bbox 2714 3518 2752 3562; x_wconf 82' lang='lat'>‹</span> <span class='ocrx_word' id='word_1_516' title='bbox 2785 3501 2837 3564; x_wconf 78' lang='lat' dir='ltr'>A</span> <span class='ocrx_word' id='word_1_517' title='bbox 2907 3498 3180 3565; x_wconf 80' lang='lat' dir='ltr'><strong>rmative</strong></span> <span class='ocrx_word' id='word_1_518' title='bbox 3211 3519 3278 3563; x_wconf 67' lang='grc' dir='ltr'><strong>ιν.</strong></span> 
     </span>
    </p>

    <p class='ocr_par' dir='ltr' id='par_1_28' title="bbox 2451 3584 3811 3655">
     <span class='ocr_line' id='line_1_90' title="bbox 2451 3584 3811 3655; baseline -0.001 -7"><span class='ocrx_word' id='word_1_519' title='bbox 2451 3584 2547 3650; x_wconf 86' lang='lat' dir='ltr'><strong>Ad</strong></span> <span class='ocrx_word' id='word_1_520' title='bbox 2597 3588 2663 3651; x_wconf 84' lang='lat'><strong>3.</strong></span> <span class='ocrx_word' id='word_1_521' title='bbox 2711 3608 2751 3649; x_wconf 67' lang='grc' dir='ltr'>ι</span> <span class='ocrx_word' id='word_1_522' title='bbox 2783 3585 3113 3652; x_wconf 79' lang='lat' dir='ltr'><strong>Provisum</strong></span> <span class='ocrx_word' id='word_1_523' title='bbox 3158 3584 3224 3653; x_wconf 90' lang='lat' dir='ltr'><strong>in</strong></span> <span class='ocrx_word' id='word_1_524' title='bbox 3262 3587 3543 3655; x_wconf 90' lang='lat' dir='ltr'><strong>secundo</strong></span> <span class='ocrx_word' id='word_1_525' title='bbox 3574 3607 3637 3651; x_wconf 80' lang='lat'><strong>».</strong></span> <span class='ocrx_word' id='word_1_526' title='bbox 3802 3643 3811 3647; x_wconf 87' lang='grc'><em>,</em></span> 
     </span>
    </p>

    <p class='ocr_par' dir='ltr' id='par_1_29' title="bbox 2322 3671 4016 3847">
     <span class='ocr_line' id='line_1_91' title="bbox 2449 3671 4016 3762; baseline 0.003 -25"><span class='ocrx_word' id='word_1_527' title='bbox 2449 3672 2541 3737; x_wconf 81' lang='lat' dir='ltr'><strong>Ad</strong></span> <span class='ocrx_word' id='word_1_528' title='bbox 2592 3676 2657 3739; x_wconf 79' lang='lat'><strong>4.</strong></span> <span class='ocrx_word' id='word_1_529' title='bbox 2710 3695 2748 3737; x_wconf 62' lang='grc' dir='ltr'><em>α</em></span> <span class='ocrx_word' id='word_1_530' title='bbox 2782 3671 3200 3757; x_wconf 86' lang='lat' dir='ltr'><strong>Affirmative,</strong></span> <span class='ocrx_word' id='word_1_531' title='bbox 3228 3674 3305 3740; x_wconf 85' lang='lat' dir='ltr'><strong>ad</strong></span> <span class='ocrx_word' id='word_1_532' title='bbox 3326 3674 3596 3762; x_wconf 85' lang='lat' dir='ltr'><strong>primam</strong></span> <span class='ocrx_word' id='word_1_533' title='bbox 3619 3686 3929 3760; x_wconf 89' lang='lat' dir='ltr'><strong>partem;</strong></span> <span class='ocrx_word' id='word_1_534' title='bbox 4014 3676 4016 3751; x_wconf 77' lang='lat' dir='ltr'><strong>j</strong></span> 
     </span>
     <span class='ocr_line' id='line_1_92' title="bbox 2322 3760 3649 3847; baseline 0.002 -22"><span class='ocrx_word' id='word_1_535' title='bbox 2322 3760 2652 3847; x_wconf 82' lang='lat' dir='ltr'><strong>Negative,</strong></span> <span class='ocrx_word' id='word_1_536' title='bbox 2702 3762 2779 3828; x_wconf 91' lang='lat' dir='ltr'><strong>ad</strong></span> <span class='ocrx_word' id='word_1_537' title='bbox 2826 3760 3173 3827; x_wconf 87' lang='lat' dir='ltr'><strong>secundam</strong></span> <span class='ocrx_word' id='word_1_538' title='bbox 3208 3783 3274 3827; x_wconf 60' lang='grc' dir='ltr'><strong>ν.</strong></span> <span class='ocrx_word' id='word_1_539' title='bbox 3640 3790 3649 3801; x_wconf 94' lang='grc'><em>·</em></span> 
     </span>
    </p>

    <p class='ocr_par' dir='ltr' id='par_1_30' title="bbox 2325 3847 3938 4004">
     <span class='ocr_line' id='line_1_93' title="bbox 2455 3847 3938 3939; baseline 0.003 -27"><span class='ocrx_word' id='word_1_540' title='bbox 2455 3847 2549 3912; x_wconf 82' lang='lat' dir='ltr'><strong>Ad</strong></span> <span class='ocrx_word' id='word_1_541' title='bbox 2600 3852 2663 3914; x_wconf 69' lang='grc' dir='ltr'><strong>ὅ.</strong></span> <span class='ocrx_word' id='word_1_542' title='bbox 2708 3870 2746 3913; x_wconf 82' lang='lat'><strong>‹</strong></span> <span class='ocrx_word' id='word_1_543' title='bbox 2781 3848 2912 3916; x_wconf 89' lang='lat' dir='ltr'><strong>Sub</strong></span> <span class='ocrx_word' id='word_1_544' title='bbox 2959 3851 3165 3917; x_wconf 85' lang='lat' dir='ltr'><strong>Cruce</strong></span> <span class='ocrx_word' id='word_1_545' title='bbox 3210 3850 3576 3934; x_wconf 85' lang='lat' dir='ltr'><strong>Parochiae,</strong></span> <span class='ocrx_word' id='word_1_546' title='bbox 3617 3861 3684 3917; x_wconf 91' lang='lat' dir='ltr'><strong>et</strong></span> <span class='ocrx_word' id='word_1_547' title='bbox 3731 3871 3938 3939; x_wconf 81' lang='lat' dir='ltr'><strong>prae·</strong></span> 
     </span>
     <span class='ocr_line' id='line_1_94' title="bbox 2325 3933 3382 4004; baseline 0.003 -4"><span class='ocrx_word' id='word_1_548' title='bbox 2325 3933 2685 4000; x_wconf 90' lang='lat' dir='ltr'><strong>cedentiam</strong></span> <span class='ocrx_word' id='word_1_549' title='bbox 2733 3934 2960 4004; x_wconf 90' lang='lat' dir='ltr'><strong>deberi</strong></span> <span class='ocrx_word' id='word_1_550' title='bbox 3009 3938 3290 4004; x_wconf 84' lang='lat' dir='ltr'><strong>Parocbo</strong></span> <span class='ocrx_word' id='word_1_551' title='bbox 3318 3959 3382 4003; x_wconf 79' lang='lat'><strong>».</strong></span> 
     </span>
    </p>

    <p class='ocr_par' dir='ltr' id='par_1_31' title="bbox 2455 4021 3196 4108">
     <span class='ocr_line' id='line_1_95' title="bbox 2455 4021 3196 4108; baseline 0.004 -23"><span class='ocrx_word' id='word_1_552' title='bbox 2455 4021 2549 4085; x_wconf 81' lang='lat' dir='ltr'><strong>Ad</strong></span> <span class='ocrx_word' id='word_1_553' title='bbox 2601 4025 2665 4087; x_wconf 85' lang='grc'><strong>6.</strong></span> <span class='ocrx_word' id='word_1_554' title='bbox 2716 4046 2754 4088; x_wconf 62' lang='grc' dir='ltr'><em>α</em></span> <span class='ocrx_word' id='word_1_555' title='bbox 2788 4022 3101 4108; x_wconf 78' lang='lat' dir='ltr'><strong>Negative</strong></span> <span class='ocrx_word' id='word_1_556' title='bbox 3132 4046 3196 4090; x_wconf 68' lang='grc' dir='ltr'><strong>ιν.</strong></span> 
     </span>
    </p>

    <p class='ocr_par' dir='ltr' id='par_1_32' title="bbox 2321 4108 3945 4438">
     <span class='ocr_line' id='line_1_96' title="bbox 2452 4108 3942 4201; baseline 0.007 -28"><span class='ocrx_word' id='word_1_557' title='bbox 2452 4108 2777 4177; x_wconf 83' lang='lat' dir='ltr'><strong>Adversus</strong></span> <span class='ocrx_word' id='word_1_558' title='bbox 2824 4112 3194 4178; x_wconf 89' lang='lat' dir='ltr'><strong>huiusmodi</strong></span> <span class='ocrx_word' id='word_1_559' title='bbox 3240 4113 3670 4181; x_wconf 84' lang='lat' dir='ltr'><strong>resolutiones</strong></span> <span class='ocrx_word' id='word_1_560' title='bbox 3718 4117 3942 4201; x_wconf 81' lang='lat' dir='ltr'><strong>petita</strong></span> 
     </span>
     <span class='ocr_line' id='line_1_97' title="bbox 2321 4195 3944 4289; baseline 0.006 -27"><span class='ocrx_word' id='word_1_561' title='bbox 2321 4218 2353 4262; x_wconf 90' lang='lat' dir='ltr'><strong>a</strong></span> <span class='ocrx_word' id='word_1_562' title='bbox 2398 4195 2683 4282; x_wconf 76' lang='lat' dir='ltr'><strong>praelato</strong></span> <span class='ocrx_word' id='word_1_563' title='bbox 2747 4199 3326 4288; x_wconf 82' lang='lat' dir='ltr'><strong>Archipresbytero</strong></span> <span class='ocrx_word' id='word_1_564' title='bbox 3385 4211 3450 4268; x_wconf 91' lang='lat' dir='ltr'><strong>et</strong></span> <span class='ocrx_word' id='word_1_565' title='bbox 3519 4203 3944 4289; x_wconf 73' lang='lat' dir='ltr'><strong>presbyteris</strong></span> 
     </span>
     <span class='ocr_line' id='line_1_98' title="bbox 2326 4285 3945 4438; baseline 0.005 -88"><span class='ocrx_word' id='word_1_566' title='bbox 2326 4286 2391 4438; x_wconf 62' lang='grc' dir='ltr'><strong>ἓ.</strong></span> <span class='ocrx_word' id='word_1_567' title='bbox 2458 4285 2539 4349; x_wconf 81' lang='grc' dir='ltr'><strong>Μ.</strong></span> <span class='ocrx_word' id='word_1_568' title='bbox 2610 4286 3018 4353; x_wconf 89' lang='lat' dir='ltr'><strong>Laetitiarum</strong></span> <span class='ocrx_word' id='word_1_569' title='bbox 3096 4287 3160 4353; x_wconf 91' lang='lat' dir='ltr'><strong>in</strong></span> <span class='ocrx_word' id='word_1_570' title='bbox 3226 4290 3292 4354; x_wconf 91' lang='lat' dir='ltr'><strong>S.</strong></span> <span class='ocrx_word' id='word_1_571' title='bbox 3345 4293 3420 4356; x_wconf 84' lang='lat' dir='ltr'><strong>R.</strong></span> <span class='ocrx_word' id='word_1_572' title='bbox 3467 4290 3537 4357; x_wconf 92' lang='lat' dir='ltr'><strong>C.</strong></span> <span class='ocrx_word' id='word_1_573' title='bbox 3588 4307 3757 4355; x_wconf 83' lang='lat' dir='ltr'><strong>nova</strong></span> <span class='ocrx_word' id='word_1_574' title='bbox 3825 4312 3945 4358; x_wconf 90' lang='lat' dir='ltr'><strong>au-</strong></span> 
     </span>
    </p>

    <p class='ocr_par' dir='ltr' id='par_1_33' title="bbox 2374 4373 2609 4462">
     <span class='ocr_line' id='line_1_99' title="bbox 2374 4373 2609 4462; baseline 0.017 -25"><span class='ocrx_word' id='word_1_575' title='bbox 2374 4373 2609 4462; x_wconf 89' lang='lat' dir='ltr'><strong>ientia;</strong></span> 
     </span>
    </p>

    <p class='ocr_par' dir='ltr' id='par_1_34' title="bbox 2324 4464 3944 4884">
     <span class='ocr_line' id='line_1_100' title="bbox 2459 4464 3943 4558; baseline 0.006 -30"><span class='ocrx_word' id='word_1_576' title='bbox 2459 4466 2695 4532; x_wconf 88' lang='lat' dir='ltr'><strong>Eadem</strong></span> <span class='ocrx_word' id='word_1_577' title='bbox 2766 4469 2835 4535; x_wconf 89' lang='lat' dir='ltr'><strong>S.</strong></span> <span class='ocrx_word' id='word_1_578' title='bbox 2882 4471 2957 4534; x_wconf 85' lang='lat' dir='ltr'><strong>R.</strong></span> <span class='ocrx_word' id='word_1_579' title='bbox 3008 4469 3125 4548; x_wconf 83' lang='lat' dir='ltr'><strong>C.,</strong></span> <span class='ocrx_word' id='word_1_580' title='bbox 3191 4464 3436 4531; x_wconf 87' lang='lat' dir='ltr'><strong>iuribus</strong></span> <span class='ocrx_word' id='word_1_581' title='bbox 3499 4464 3575 4530; x_wconf 90' lang='lat' dir='ltr'><strong>ab</strong></span> <span class='ocrx_word' id='word_1_582' title='bbox 3642 4476 3943 4558; x_wconf 86' lang='lat' dir='ltr'><strong>utraque</strong></span> 
     </span>
     <span class='ocr_line' id='line_1_101' title="bbox 2327 4553 3944 4645; baseline 0.004 -28"><span class='ocrx_word' id='word_1_583' title='bbox 2327 4565 2506 4642; x_wconf 89' lang='lat' dir='ltr'><strong>parte</strong></span> <span class='ocrx_word' id='word_1_584' title='bbox 2555 4553 2807 4620; x_wconf 78' lang='lat' dir='ltr'><strong>noviter</strong></span> <span class='ocrx_word' id='word_1_585' title='bbox 2846 4553 3141 4622; x_wconf 85' lang='lat' dir='ltr'><strong>deductis</strong></span> <span class='ocrx_word' id='word_1_586' title='bbox 3188 4553 3339 4619; x_wconf 79' lang='lat' dir='ltr'><strong>visis</strong></span> <span class='ocrx_word' id='word_1_587' title='bbox 3383 4573 3455 4619; x_wconf 88' lang='lat' dir='ltr'><strong>ac</strong></span> <span class='ocrx_word' id='word_1_588' title='bbox 3489 4564 3741 4620; x_wconf 89' lang='lat' dir='ltr'><strong>mature</strong></span> <span class='ocrx_word' id='word_1_589' title='bbox 3778 4577 3944 4645; x_wconf 84' lang='lat' dir='ltr'><strong>per-</strong></span> 
     </span>
     <span class='ocr_line' id='line_1_102' title="bbox 2327 4640 3944 4730; baseline 0.003 -23"><span class='ocrx_word' id='word_1_590' title='bbox 2327 4640 2563 4730; x_wconf 87' lang='lat' dir='ltr'><strong>pensis,</strong></span> <span class='ocrx_word' id='word_1_591' title='bbox 2598 4640 2673 4707; x_wconf 90' lang='lat' dir='ltr'><strong>ad</strong></span> <span class='ocrx_word' id='word_1_592' title='bbox 2712 4641 3089 4710; x_wconf 88' lang='lat' dir='ltr'><strong>relationem</strong></span> <span class='ocrx_word' id='word_1_593' title='bbox 3122 4640 3414 4709; x_wconf 88' lang='lat' dir='ltr'><strong>eiusdem</strong></span> <span class='ocrx_word' id='word_1_594' title='bbox 3445 4642 3585 4707; x_wconf 76' lang='lat' dir='ltr'><strong>Emi</strong></span> <span class='ocrx_word' id='word_1_595' title='bbox 3617 4646 3944 4712; x_wconf 87' lang='lat' dir='ltr'><strong>Ponentis</strong></span> 
     </span>
     <span class='ocr_line' id='line_1_103' title="bbox 2324 4725 3943 4800; baseline 0.003 -5"><span class='ocrx_word' id='word_1_596' title='bbox 2324 4725 2811 4796; x_wconf 85' lang='lat' dir='ltr'><strong>rescribendum</strong></span> <span class='ocrx_word' id='word_1_597' title='bbox 2866 4730 3165 4796; x_wconf 82' lang='lat' dir='ltr'><strong>censuit:</strong></span> <span class='ocrx_word' id='word_1_598' title='bbox 3213 4750 3251 4793; x_wconf 67' lang='grc' dir='ltr'><em>α</em></span> <span class='ocrx_word' id='word_1_599' title='bbox 3288 4729 3453 4798; x_wconf 89' lang='lat' dir='ltr'><strong>Nihil</strong></span> <span class='ocrx_word' id='word_1_600' title='bbox 3488 4731 3569 4799; x_wconf 90' lang='lat' dir='ltr'><strong>de</strong></span> <span class='ocrx_word' id='word_1_601' title='bbox 3618 4749 3787 4797; x_wconf 76' lang='lat' dir='ltr'><strong>nova</strong></span> <span class='ocrx_word' id='word_1_602' title='bbox 3818 4753 3943 4800; x_wconf 89' lang='lat' dir='ltr'><strong>au·</strong></span> 
     </span>
     <span class='ocr_line' id='line_1_104' title="bbox 2325 4816 3697 4884; baseline 0.001 -1"><span class='ocrx_word' id='word_1_603' title='bbox 2325 4816 2566 4884; x_wconf 91' lang='lat' dir='ltr'><strong>dientia</strong></span> <span class='ocrx_word' id='word_1_604' title='bbox 2601 4837 2667 4882; x_wconf 79' lang='grc'><strong>».</strong></span> <span class='ocrx_word' id='word_1_605' title='bbox 3686 4836 3697 4853; x_wconf 72' lang='grc'><strong>“</strong></span> 
     </span>
    </p>

    <p class='ocr_par' dir='ltr' id='par_1_35' title="bbox 2326 4903 3938 5084">
     <span class='ocr_line' id='line_1_105' title="bbox 2460 4903 3938 4975; baseline 0.004 -6"><span class='ocrx_word' id='word_1_606' title='bbox 2460 4909 2533 4969; x_wconf 88' lang='lat' dir='ltr'><strong>Et</strong></span> <span class='ocrx_word' id='word_1_607' title='bbox 2583 4905 2661 4970; x_wconf 86' lang='lat' dir='ltr'><strong>ita</strong></span> <span class='ocrx_word' id='word_1_608' title='bbox 2726 4903 3073 4973; x_wconf 79' lang='lat' dir='ltr'><strong>declaravit</strong></span> <span class='ocrx_word' id='word_1_609' title='bbox 3136 4915 3202 4971; x_wconf 91' lang='lat' dir='ltr'><strong>et</strong></span> <span class='ocrx_word' id='word_1_610' title='bbox 3262 4905 3499 4972; x_wconf 82' lang='lat' dir='ltr'><strong>servari</strong></span> <span class='ocrx_word' id='word_1_611' title='bbox 3561 4907 3938 4975; x_wconf 82' lang='lat' dir='ltr'><strong>mandavit.</strong></span> 
     </span>
     <span class='ocr_line' id='line_1_106' title="bbox 2326 4995 3093 5084; baseline -0.001 -23"><span class='ocrx_word' id='word_1_612' title='bbox 2326 4996 2436 5061; x_wconf 90' lang='lat' dir='ltr'><strong>Die</strong></span> <span class='ocrx_word' id='word_1_613' title='bbox 2483 5000 2565 5064; x_wconf 75' lang='lat'><strong>27</strong></span> <span class='ocrx_word' id='word_1_614' title='bbox 2618 4995 2850 5084; x_wconf 75' lang='lat' dir='ltr'><strong>Aprilis</strong></span> <span class='ocrx_word' id='word_1_615' title='bbox 2904 4997 3093 5060; x_wconf 86' lang='grc'><strong>1738.</strong></span> 
     </span>
    </p>
   </div>
   <div class='ocr_carea' id='block_1_12' title="bbox 2330 5114 3939 5225">
    <p class='ocr_par' dir='ltr' id='par_1_36' title="bbox 2330 5114 3939 5225">
     <span class='ocr_line' id='line_1_107' title="bbox 2330 5114 3939 5225; baseline -0.004 -15"><span class='ocrx_word' id='word_1_616' title='bbox 2330 5141 2578 5211; x_wconf 78' lang='lat'><strong>233⁷.</strong></span> <span class='ocrx_word' id='word_1_617' title='bbox 2912 5139 3353 5204; x_wconf 71' lang='lat' dir='ltr'><strong>mruN‘rmA.</strong></span> <span class='ocrx_word' id='word_1_618' title='bbox 3628 5114 3635 5123; x_wconf 81' lang='grc'><strong><em>’</em></strong></span> <span class='ocrx_word' id='word_1_619' title='bbox 3688 5136 3939 5225; x_wconf 71' lang='lat'>(4075)</span> 
     </span>
    </p>
   </div>
   <div class='ocr_carea' id='block_1_13' title="bbox 2332 5259 3943 5416">
    <p class='ocr_par' dir='ltr' id='par_1_37' title="bbox 2332 5259 3943 5416">
     <span class='ocr_line' id='line_1_108' title="bbox 2459 5259 3943 5349; baseline -0.001 -20"><span class='ocrx_word' id='word_1_620' title='bbox 2459 5267 2620 5329; x_wconf 89' lang='lat' dir='ltr'><strong>Cum</strong></span> <span class='ocrx_word' id='word_1_621' title='bbox 2668 5262 2837 5327; x_wconf 89' lang='lat' dir='ltr'><strong>inter</strong></span> <span class='ocrx_word' id='word_1_622' title='bbox 2884 5270 3093 5349; x_wconf 89' lang='lat' dir='ltr'><strong>partes</strong></span> <span class='ocrx_word' id='word_1_623' title='bbox 3126 5259 3507 5326; x_wconf 87' lang='lat' dir='ltr'><strong>concordata</strong></span> <span class='ocrx_word' id='word_1_624' title='bbox 3540 5259 3786 5325; x_wconf 80' lang='lat' dir='ltr'><strong>fuerint</strong></span> <span class='ocrx_word' id='word_1_625' title='bbox 3822 5281 3943 5327; x_wconf 85' lang='lat' dir='ltr'><strong>co·</strong></span> 
     </span>
     <span class='ocr_line' id='line_1_109' title="bbox 2332 5347 3943 5416; baseline -0.001 -1"><span class='ocrx_word' id='word_1_626' title='bbox 2332 5368 2465 5416; x_wconf 83' lang='lat' dir='ltr'><strong>ram</strong></span> <span class='ocrx_word' id='word_1_627' title='bbox 2522 5353 2682 5415; x_wconf 75' lang='lat' dir='ltr'><strong>Emo</strong></span> <span class='ocrx_word' id='word_1_628' title='bbox 2741 5360 2806 5414; x_wconf 90' lang='lat' dir='ltr'><strong>et</strong></span> <span class='ocrx_word' id='word_1_629' title='bbox 2864 5351 3021 5414; x_wconf 74' lang='lat' dir='ltr'><strong>Rffio</strong></span> <span class='ocrx_word' id='word_1_630' title='bbox 3083 5352 3264 5414; x_wconf 89' lang='lat' dir='ltr'><strong>Dom.</strong></span> <span class='ocrx_word' id='word_1_631' title='bbox 3329 5347 3516 5414; x_wconf 83' lang='lat' dir='ltr'><strong>Card.</strong></span> <span class='ocrx_word' id='word_1_632' title='bbox 3568 5347 3736 5414; x_wconf 86' lang='lat' dir='ltr'><strong>Gotti</strong></span> <span class='ocrx_word' id='word_1_633' title='bbox 3814 5354 3943 5416; x_wconf 88' lang='lat' dir='ltr'><strong>Po-</strong></span> 
     </span>
    </p>
   </div>
   <div class='ocr_carea' id='block_1_14' title="bbox 4008 0 4022 2248">
    <p class='ocr_par' dir='ltr' id='par_1_38' title="bbox 4008 0 4022 2248">
     <span class='ocr_line' id='line_1_110' title="bbox 4008 0 4022 2248; baseline 0 0"><span class='ocrx_word' id='word_1_634' title='bbox 4008 0 4022 2248; x_wconf 95' lang='lat' dir='ltr'><strong> </strong></span> 
     </span>
    </p>
   </div>
   <div class='ocr_carea' id='block_1_15' title="bbox 4011 2497 4019 3661">
    <p class='ocr_par' dir='ltr' id='par_1_39' title="bbox 4011 2497 4019 3661">
     <span class='ocr_line' id='line_1_111' title="bbox 4011 2497 4019 3661; baseline 0 0"><span class='ocrx_word' id='word_1_635' title='bbox 4011 2497 4019 3661; x_wconf 95' lang='lat' dir='ltr'><strong> </strong></span> 
     </span>
    </p>
   </div>
  </div>
 </body>
</html>
