<?xml version="1.0" encoding="UTF-8"?>
<!DOCTYPE html PUBLIC "-//W3C//DTD XHTML 1.0 Transitional//EN"
    "http://www.w3.org/TR/xhtml1/DTD/xhtml1-transitional.dtd">
<html xmlns="http://www.w3.org/1999/xhtml" xml:lang="en" lang="en">
 <head>
  <title>
</title>
<meta http-equiv="Content-Type" content="text/html;charset=utf-8" />
  <meta name='ocr-system' content='tesseract 3.04.00' />
  <meta name='ocr-capabilities' content='ocr_page ocr_carea ocr_par ocr_line ocrx_word'/>
</head>
<body>
  <div class='ocr_page' id='page_1' title='image "./decretaauthenti00ritugoog_0523.png"; bbox 0 0 4042 5950; ppageno 0'>
   <div class='ocr_carea' id='block_1_1' title="bbox 1575 355 2045 435">
    <p class='ocr_par' dir='ltr' id='par_1_1' title="bbox 1575 355 2045 435">
     <span class='ocr_line' id='line_1_1' title="bbox 1575 355 2045 435; baseline 0 -1"><span class='ocrx_word' id='word_1_1' title='bbox 1575 355 1887 435; x_wconf 86' lang='lat'><strong>—473</strong></span> <span class='ocrx_word' id='word_1_2' title='bbox 1943 400 2045 415; x_wconf 95' lang='lat'>—</span> 
     </span>
    </p>
   </div>
   <div class='ocr_carea' id='block_1_2' title="bbox 101 507 1770 2868">
    <p class='ocr_par' dir='ltr' id='par_1_2' title="bbox 166 507 1759 1039">
     <span class='ocr_line' id='line_1_2' title="bbox 166 507 1755 601; baseline 0.001 -24"><span class='ocrx_word' id='word_1_3' title='bbox 166 510 275 577; x_wconf 87' lang='lat' dir='ltr'><strong>vel</strong></span> <span class='ocrx_word' id='word_1_4' title='bbox 321 510 398 577; x_wconf 90' lang='lat' dir='ltr'><strong>ad</strong></span> <span class='ocrx_word' id='word_1_5' title='bbox 444 508 834 597; x_wconf 82' lang='lat' dir='ltr'><strong>Capitulum,</strong></span> <span class='ocrx_word' id='word_1_6' title='bbox 883 511 984 578; x_wconf 90' lang='lat' dir='ltr'><strong>vel</strong></span> <span class='ocrx_word' id='word_1_7' title='bbox 1034 512 1111 579; x_wconf 94' lang='lat' dir='ltr'><strong>ad</strong></span> <span class='ocrx_word' id='word_1_8' title='bbox 1160 507 1429 601; x_wconf 85' lang='lat' dir='ltr'><strong>primam</strong></span> <span class='ocrx_word' id='word_1_9' title='bbox 1477 512 1612 580; x_wconf 86' lang='lat' dir='ltr'><strong>eius</strong></span> <span class='ocrx_word' id='word_1_10' title='bbox 1656 512 1755 581; x_wconf 90' lang='lat' dir='ltr'><strong>Di-</strong></span> 
     </span>
     <span class='ocr_line' id='line_1_3' title="bbox 167 598 1759 689; baseline 0.001 -24"><span class='ocrx_word' id='word_1_11' title='bbox 167 598 501 684; x_wconf 85' lang='lat' dir='ltr'><strong>gnitatem,</strong></span> <span class='ocrx_word' id='word_1_12' title='bbox 536 599 706 664; x_wconf 79' lang='lat' dir='ltr'><strong>iuxta</strong></span> <span class='ocrx_word' id='word_1_13' title='bbox 742 600 1317 687; x_wconf 71' lang='lat' dir='ltr'><strong>consuetudinem,</strong></span> <span class='ocrx_word' id='word_1_14' title='bbox 1368 600 1759 689; x_wconf 88' lang='lat' dir='ltr'><strong>generaliter</strong></span> 
     </span>
     <span class='ocr_line' id='line_1_4' title="bbox 171 677 1755 773; baseline 0.004 -23"><span class='ocrx_word' id='word_1_15' title='bbox 171 705 323 756; x_wconf 84' lang='lat' dir='ltr'><strong>vero</strong></span> <span class='ocrx_word' id='word_1_16' title='bbox 366 677 789 755; x_wconf 80' lang='lat' dir='ltr'><strong>committitur</strong></span> <span class='ocrx_word' id='word_1_17' title='bbox 818 687 1138 756; x_wconf 73' lang='lat' dir='ltr'><strong>Praefecto</strong></span> <span class='ocrx_word' id='word_1_18' title='bbox 1168 690 1755 773; x_wconf 80' lang='lat' dir='ltr'><strong>caeremoniarum,</strong></span> 
     </span>
     <span class='ocr_line' id='line_1_5' title="bbox 166 773 1754 859; baseline 0.001 -18"><span class='ocrx_word' id='word_1_19' title='bbox 166 774 277 859; x_wconf 89' lang='lat' dir='ltr'><strong>qui</strong></span> <span class='ocrx_word' id='word_1_20' title='bbox 325 773 769 842; x_wconf 80' lang='lat' dir='ltr'><strong>calendarium</strong></span> <span class='ocrx_word' id='word_1_21' title='bbox 818 777 1151 844; x_wconf 80' lang='lat' dir='ltr'><strong>efformare</strong></span> <span class='ocrx_word' id='word_1_22' title='bbox 1198 775 1393 844; x_wconf 87' lang='lat' dir='ltr'><strong>debet</strong></span> <span class='ocrx_word' id='word_1_23' title='bbox 1425 778 1595 844; x_wconf 77' lang='lat' dir='ltr'><strong>iuxta</strong></span> <span class='ocrx_word' id='word_1_24' title='bbox 1629 780 1754 843; x_wconf 84' lang='lat' dir='ltr'><strong>Ru-</strong></span> 
     </span>
     <span class='ocr_line' id='line_1_6' title="bbox 168 861 1756 933; baseline -0.001 -3"><span class='ocrx_word' id='word_1_25' title='bbox 168 861 370 930; x_wconf 88' lang='lat' dir='ltr'><strong>bricas</strong></span> <span class='ocrx_word' id='word_1_26' title='bbox 415 861 673 930; x_wconf 68' lang='lat' dir='ltr'><strong>Missalis</strong></span> <span class='ocrx_word' id='word_1_27' title='bbox 718 884 790 930; x_wconf 88' lang='lat' dir='ltr'><strong>ac</strong></span> <span class='ocrx_word' id='word_1_28' title='bbox 833 862 1135 930; x_wconf 85' lang='lat' dir='ltr'><strong>Breviarii</strong></span> <span class='ocrx_word' id='word_1_29' title='bbox 1179 865 1441 933; x_wconf 85' lang='lat' dir='ltr'><strong>Romani</strong></span> <span class='ocrx_word' id='word_1_30' title='bbox 1501 885 1574 931; x_wconf 92' lang='lat' dir='ltr'><strong>ac</strong></span> <span class='ocrx_word' id='word_1_31' title='bbox 1635 868 1756 931; x_wconf 90' lang='lat' dir='ltr'><strong>De-</strong></span> 
     </span>
     <span class='ocr_line' id='line_1_7' title="bbox 167 951 1578 1039; baseline 0.002 -23"><span class='ocrx_word' id='word_1_32' title='bbox 167 961 342 1017; x_wconf 90' lang='lat' dir='ltr'><strong>creta</strong></span> <span class='ocrx_word' id='word_1_33' title='bbox 387 954 611 1019; x_wconf 86' lang='lat' dir='ltr'><strong>Sacrae</strong></span> <span class='ocrx_word' id='word_1_34' title='bbox 657 951 918 1019; x_wconf 82' lang='lat' dir='ltr'><strong>Rituum</strong></span> <span class='ocrx_word' id='word_1_35' title='bbox 964 953 1488 1039; x_wconf 85' lang='lat' dir='ltr'><strong>congregationis</strong></span> <span class='ocrx_word' id='word_1_36' title='bbox 1516 976 1578 1019; x_wconf 69' lang='grc' dir='ltr'><strong>ι».</strong></span> 
     </span>
    </p>

    <p class='ocr_par' dir='ltr' id='par_1_3' title="bbox 101 1038 1764 2094">
     <span class='ocr_line' id='line_1_8' title="bbox 301 1038 1758 1108; baseline -0.001 -1"><span class='ocrx_word' id='word_1_37' title='bbox 301 1040 396 1107; x_wconf 81' lang='lat' dir='ltr'><strong>Ad</strong></span> <span class='ocrx_word' id='word_1_38' title='bbox 444 1041 547 1106; x_wconf 83' lang='lat' dir='ltr'><strong>v1.</strong></span> <span class='ocrx_word' id='word_1_39' title='bbox 600 1060 639 1104; x_wconf 67' lang='grc' dir='ltr'>ι</span> <span class='ocrx_word' id='word_1_40' title='bbox 670 1039 893 1106; x_wconf 85' lang='lat' dir='ltr'><strong>Relate</strong></span> <span class='ocrx_word' id='word_1_41' title='bbox 936 1039 1016 1107; x_wconf 87' lang='lat' dir='ltr'><strong>ad</strong></span> <span class='ocrx_word' id='word_1_42' title='bbox 1062 1038 1582 1108; x_wconf 77' lang='lat' dir='ltr'><strong>benedictionem</strong></span> <span class='ocrx_word' id='word_1_43' title='bbox 1616 1059 1758 1108; x_wconf 89' lang='lat' dir='ltr'><strong>can-</strong></span> 
     </span>
     <span class='ocr_line' id='line_1_9' title="bbox 101 1125 1759 1213; baseline 0.001 -21"><span class='ocrx_word' id='word_1_44' title='bbox 101 1177 106 1180; x_wconf 81' lang='grc'><strong>-</strong></span> <span class='ocrx_word' id='word_1_45' title='bbox 166 1125 502 1212; x_wconf 88' lang='lat' dir='ltr'><strong>delarum,</strong></span> <span class='ocrx_word' id='word_1_46' title='bbox 551 1127 843 1195; x_wconf 88' lang='lat' dir='ltr'><strong>cinerum</strong></span> <span class='ocrx_word' id='word_1_47' title='bbox 901 1135 968 1193; x_wconf 90' lang='lat' dir='ltr'><strong>et</strong></span> <span class='ocrx_word' id='word_1_48' title='bbox 1020 1127 1415 1213; x_wconf 87' lang='lat' dir='ltr'><strong>palmarum,</strong></span> <span class='ocrx_word' id='word_1_49' title='bbox 1463 1139 1759 1195; x_wconf 84' lang='lat' dir='ltr'><strong>servetur</strong></span> 
     </span>
     <span class='ocr_line' id='line_1_10' title="bbox 167 1214 1759 1284; baseline 0.001 -4"><span class='ocrx_word' id='word_1_50' title='bbox 167 1214 438 1281; x_wconf 85' lang='lat' dir='ltr'><strong>Rubrica</strong></span> <span class='ocrx_word' id='word_1_51' title='bbox 484 1215 737 1284; x_wconf 70' lang='lat' dir='ltr'><strong>Missalis</strong></span> <span class='ocrx_word' id='word_1_52' title='bbox 783 1215 1089 1284; x_wconf 81' lang='lat' dir='ltr'><strong>Romani:</strong></span> <span class='ocrx_word' id='word_1_53' title='bbox 1142 1215 1205 1283; x_wconf 93' lang='lat' dir='ltr'><strong>in</strong></span> <span class='ocrx_word' id='word_1_54' title='bbox 1249 1215 1759 1283; x_wconf 87' lang='lat' dir='ltr'><strong>Processionibus</strong></span> 
     </span>
     <span class='ocr_line' id='line_1_11' title="bbox 173 1303 1758 1390; baseline 0.002 -24"><span class='ocrx_word' id='word_1_55' title='bbox 173 1321 327 1369; x_wconf 86' lang='lat' dir='ltr'><strong>vero</strong></span> <span class='ocrx_word' id='word_1_56' title='bbox 395 1303 703 1371; x_wconf 75' lang='lat' dir='ltr'><strong>Sacerdos</strong></span> <span class='ocrx_word' id='word_1_57' title='bbox 763 1304 881 1390; x_wconf 85' lang='lat' dir='ltr'><strong>qui</strong></span> <span class='ocrx_word' id='word_1_58' title='bbox 952 1306 1220 1371; x_wconf 80' lang='lat' dir='ltr'><strong>SSmum</strong></span> <span class='ocrx_word' id='word_1_59' title='bbox 1280 1307 1758 1372; x_wconf 78' lang='lat' dir='ltr'><strong>Sacramentum</strong></span> 
     </span>
     <span class='ocr_line' id='line_1_12' title="bbox 172 1391 1758 1479; baseline 0.001 -23"><span class='ocrx_word' id='word_1_60' title='bbox 172 1399 406 1477; x_wconf 89' lang='lat' dir='ltr'><strong>portat,</strong></span> <span class='ocrx_word' id='word_1_61' title='bbox 440 1410 844 1477; x_wconf 80' lang='lat' dir='ltr'><strong>quacumque</strong></span> <span class='ocrx_word' id='word_1_62' title='bbox 903 1391 1221 1477; x_wconf 78' lang='lat' dir='ltr'><strong>nignitate</strong></span> <span class='ocrx_word' id='word_1_63' title='bbox 1271 1391 1631 1479; x_wconf 86' lang='lat' dir='ltr'><strong>insignitus,</strong></span> <span class='ocrx_word' id='word_1_64' title='bbox 1664 1391 1758 1458; x_wconf 85' lang='lat' dir='ltr'><strong>in-</strong></span> 
     </span>
     <span class='ocr_line' id='line_1_13' title="bbox 171 1477 1762 1566; baseline 0.001 -23"><span class='ocrx_word' id='word_1_65' title='bbox 171 1477 411 1548; x_wconf 83' lang='lat' dir='ltr'><strong>cedere</strong></span> <span class='ocrx_word' id='word_1_66' title='bbox 458 1478 652 1547; x_wconf 90' lang='lat' dir='ltr'><strong>debet</strong></span> <span class='ocrx_word' id='word_1_67' title='bbox 699 1487 950 1566; x_wconf 77' lang='lat' dir='ltr'><strong>paratus</strong></span> <span class='ocrx_word' id='word_1_68' title='bbox 995 1479 1286 1564; x_wconf 80' lang='lat' dir='ltr'><strong>Amictu,</strong></span> <span class='ocrx_word' id='word_1_69' title='bbox 1337 1482 1489 1548; x_wconf 76' lang='lat' dir='ltr'><strong>Alba</strong></span> <span class='ocrx_word' id='word_1_70' title='bbox 1521 1530 1537 1563; x_wconf 90' lang='lat'><strong>,</strong></span> <span class='ocrx_word' id='word_1_71' title='bbox 1588 1480 1762 1547; x_wconf 89' lang='lat' dir='ltr'><strong>Stola</strong></span> 
     </span>
     <span class='ocr_line' id='line_1_14' title="bbox 172 1568 1761 1655; baseline 0.001 -22"><span class='ocrx_word' id='word_1_72' title='bbox 172 1585 241 1633; x_wconf 81' lang='lat' dir='ltr'><strong>ac</strong></span> <span class='ocrx_word' id='word_1_73' title='bbox 276 1568 565 1655; x_wconf 87' lang='lat' dir='ltr'><strong>pluviali.</strong></span> <span class='ocrx_word' id='word_1_74' title='bbox 615 1571 684 1634; x_wconf 92' lang='lat' dir='ltr'><strong>ln</strong></span> <span class='ocrx_word' id='word_1_75' title='bbox 717 1568 1298 1651; x_wconf 76' lang='lat' dir='ltr'><strong>benedictionibuS,</strong></span> <span class='ocrx_word' id='word_1_76' title='bbox 1334 1586 1497 1654; x_wconf 86' lang='lat' dir='ltr'><strong>quae</strong></span> <span class='ocrx_word' id='word_1_77' title='bbox 1529 1568 1761 1634; x_wconf 90' lang='lat' dir='ltr'><strong>dantur</strong></span> 
     </span>
     <span class='ocr_line' id='line_1_15' title="bbox 173 1652 1761 1742; baseline 0.001 -24"><span class='ocrx_word' id='word_1_78' title='bbox 173 1652 309 1720; x_wconf 91' lang='lat' dir='ltr'><strong>sive</strong></span> <span class='ocrx_word' id='word_1_79' title='bbox 355 1675 501 1722; x_wconf 92' lang='lat' dir='ltr'><strong>cum</strong></span> <span class='ocrx_word' id='word_1_80' title='bbox 548 1658 739 1725; x_wconf 78' lang='lat' dir='ltr'><strong>SSmo</strong></span> <span class='ocrx_word' id='word_1_81' title='bbox 771 1658 1177 1722; x_wconf 86' lang='lat' dir='ltr'><strong>Sacramento</strong></span> <span class='ocrx_word' id='word_1_82' title='bbox 1209 1658 1343 1723; x_wconf 88' lang='lat' dir='ltr'><strong>sive</strong></span> <span class='ocrx_word' id='word_1_83' title='bbox 1373 1674 1519 1723; x_wconf 91' lang='lat' dir='ltr'><strong>cum</strong></span> <span class='ocrx_word' id='word_1_84' title='bbox 1561 1655 1761 1742; x_wconf 83' lang='lat' dir='ltr'><strong>Ligno</strong></span> 
     </span>
     <span class='ocr_line' id='line_1_16' title="bbox 174 1742 1760 1833; baseline -0.002 -23"><span class='ocrx_word' id='word_1_85' title='bbox 174 1744 405 1810; x_wconf 76' lang='lat' dir='ltr'><strong>SSmae</strong></span> <span class='ocrx_word' id='word_1_86' title='bbox 450 1742 692 1827; x_wconf 85' lang='lat' dir='ltr'><strong>Crucis,</strong></span> <span class='ocrx_word' id='word_1_87' title='bbox 733 1743 825 1810; x_wconf 88' lang='lat' dir='ltr'><strong>uti</strong></span> <span class='ocrx_word' id='word_1_88' title='bbox 872 1754 1085 1831; x_wconf 92' lang='lat' dir='ltr'><strong>potest</strong></span> <span class='ocrx_word' id='word_1_89' title='bbox 1129 1764 1317 1833; x_wconf 88' lang='lat' dir='ltr'><strong>supra</strong></span> <span class='ocrx_word' id='word_1_90' title='bbox 1367 1744 1760 1825; x_wconf 88' lang='lat' dir='ltr'><strong>rochettum,</strong></span> 
     </span>
     <span class='ocr_line' id='line_1_17' title="bbox 173 1829 1764 1918; baseline -0.001 -21"><span class='ocrx_word' id='word_1_91' title='bbox 173 1831 222 1897; x_wconf 92' lang='lat' dir='ltr'><strong>si</strong></span> <span class='ocrx_word' id='word_1_92' title='bbox 274 1830 410 1897; x_wconf 88' lang='lat' dir='ltr'><strong>eius</strong></span> <span class='ocrx_word' id='word_1_93' title='bbox 455 1832 678 1900; x_wconf 89' lang='lat' dir='ltr'><strong>babeat</strong></span> <span class='ocrx_word' id='word_1_94' title='bbox 724 1849 937 1916; x_wconf 84' lang='lat' dir='ltr'><strong>usum,</strong></span> <span class='ocrx_word' id='word_1_95' title='bbox 986 1833 1267 1916; x_wconf 81' lang='lat' dir='ltr'><strong>Amictu,</strong></span> <span class='ocrx_word' id='word_1_96' title='bbox 1304 1833 1474 1899; x_wconf 88' lang='lat' dir='ltr'><strong>Stola</strong></span> <span class='ocrx_word' id='word_1_97' title='bbox 1523 1841 1587 1898; x_wconf 89' lang='lat' dir='ltr'><strong>et</strong></span> <span class='ocrx_word' id='word_1_98' title='bbox 1621 1829 1764 1918; x_wconf 90' lang='lat' dir='ltr'><strong>plu-</strong></span> 
     </span>
     <span class='ocr_line' id='line_1_18' title="bbox 172 1918 1762 2006; baseline -0.001 -21"><span class='ocrx_word' id='word_1_99' title='bbox 172 1918 363 2002; x_wconf 88' lang='lat' dir='ltr'><strong>viali,</strong></span> <span class='ocrx_word' id='word_1_100' title='bbox 431 1930 745 2006; x_wconf 83' lang='lat' dir='ltr'><strong>quatenus</strong></span> <span class='ocrx_word' id='word_1_101' title='bbox 811 1920 1075 1986; x_wconf 68' lang='lat' dir='ltr'><strong>Ministri</strong></span> <span class='ocrx_word' id='word_1_102' title='bbox 1142 1919 1311 1988; x_wconf 89' lang='lat' dir='ltr'><strong>Sacri</strong></span> <span class='ocrx_word' id='word_1_103' title='bbox 1374 1921 1570 2006; x_wconf 87' lang='lat' dir='ltr'><strong>parati</strong></span> <span class='ocrx_word' id='word_1_104' title='bbox 1631 1937 1762 1985; x_wconf 93' lang='lat' dir='ltr'><strong>non</strong></span> 
     </span>
     <span class='ocr_line' id='line_1_19' title="bbox 173 2007 1135 2094; baseline 0.002 -21"><span class='ocrx_word' id='word_1_105' title='bbox 173 2007 427 2086; x_wconf 88' lang='lat' dir='ltr'><strong>adsint;</strong></span> <span class='ocrx_word' id='word_1_106' title='bbox 475 2027 684 2092; x_wconf 88' lang='lat' dir='ltr'><strong>secus,</strong></span> <span class='ocrx_word' id='word_1_107' title='bbox 733 2007 1037 2094; x_wconf 86' lang='lat' dir='ltr'><strong>Negative</strong></span> <span class='ocrx_word' id='word_1_108' title='bbox 1069 2030 1135 2075; x_wconf 59' lang='grc' dir='ltr'><strong>ν.</strong></span> 
     </span>
    </p>

    <p class='ocr_par' dir='ltr' id='par_1_4' title="bbox 175 2095 1770 2868">
     <span class='ocr_line' id='line_1_20' title="bbox 307 2095 1764 2182; baseline -0.002 -20"><span class='ocrx_word' id='word_1_109' title='bbox 307 2095 403 2162; x_wconf 81' lang='lat' dir='ltr'><strong>Ad</strong></span> <span class='ocrx_word' id='word_1_110' title='bbox 452 2099 584 2164; x_wconf 86' lang='lat' dir='ltr'><strong>vu.</strong></span> <span class='ocrx_word' id='word_1_111' title='bbox 630 2116 669 2160; x_wconf 67' lang='grc' dir='ltr'>ι</span> <span class='ocrx_word' id='word_1_112' title='bbox 703 2095 1046 2182; x_wconf 83' lang='lat' dir='ltr'><strong>Negative;</strong></span> <span class='ocrx_word' id='word_1_113' title='bbox 1096 2107 1163 2164; x_wconf 87' lang='lat' dir='ltr'><strong>et</strong></span> <span class='ocrx_word' id='word_1_114' title='bbox 1195 2097 1389 2164; x_wconf 87' lang='lat' dir='ltr'><strong>detur</strong></span> <span class='ocrx_word' id='word_1_115' title='bbox 1419 2099 1764 2162; x_wconf 85' lang='lat' dir='ltr'><strong>Decretum</strong></span> 
     </span>
     <span class='ocr_line' id='line_1_21' title="bbox 175 2182 1764 2272; baseline -0.003 -20"><span class='ocrx_word' id='word_1_116' title='bbox 175 2187 399 2252; x_wconf 82' lang='lat' dir='ltr'><strong>Sacrae</strong></span> <span class='ocrx_word' id='word_1_117' title='bbox 443 2182 702 2252; x_wconf 80' lang='lat' dir='ltr'><strong>Rituum</strong></span> <span class='ocrx_word' id='word_1_118' title='bbox 746 2184 1270 2272; x_wconf 80' lang='lat' dir='ltr'><strong>congregationis</strong></span> <span class='ocrx_word' id='word_1_119' title='bbox 1302 2183 1365 2250; x_wconf 91' lang='lat' dir='ltr'><strong>in</strong></span> <span class='ocrx_word' id='word_1_120' title='bbox 1397 2182 1764 2250; x_wconf 83' lang='lat' dir='ltr'><strong>Varsavien.</strong></span> 
     </span>
     <span class='ocr_line' id='line_1_22' title="bbox 176 2270 1766 2341; baseline -0.001 -2"><span class='ocrx_word' id='word_1_121' title='bbox 176 2275 215 2339; x_wconf 83' lang='lat'>7</span> <span class='ocrx_word' id='word_1_122' title='bbox 245 2270 379 2338; x_wconf 75' lang='lat' dir='ltr'><strong>Maii</strong></span> <span class='ocrx_word' id='word_1_123' title='bbox 411 2275 576 2341; x_wconf 75' lang='lat'><strong>1746</strong></span> <span class='ocrx_word' id='word_1_124' title='bbox 601 2272 678 2339; x_wconf 92' lang='lat' dir='ltr'><strong>ad</strong></span> <span class='ocrx_word' id='word_1_125' title='bbox 704 2276 739 2339; x_wconf 81' lang='lat'><strong>‘7</strong></span> <span class='ocrx_word' id='word_1_126' title='bbox 770 2283 834 2339; x_wconf 87' lang='lat' dir='ltr'><strong>et</strong></span> <span class='ocrx_word' id='word_1_127' title='bbox 859 2271 924 2339; x_wconf 91' lang='lat' dir='ltr'><strong>in</strong></span> <span class='ocrx_word' id='word_1_128' title='bbox 959 2273 1308 2340; x_wconf 84' lang='lat' dir='ltr'><strong>Lucionen.</strong></span> <span class='ocrx_word' id='word_1_129' title='bbox 1339 2270 1766 2340; x_wconf 70' lang='lat' dir='ltr'><strong>23uaii1835</strong></span> 
     </span>
     <span class='ocr_line' id='line_1_23' title="bbox 175 2357 1770 2447; baseline -0.001 -21"><span class='ocrx_word' id='word_1_130' title='bbox 175 2359 256 2427; x_wconf 88' lang='lat' dir='ltr'><strong>ad</strong></span> <span class='ocrx_word' id='word_1_131' title='bbox 292 2363 325 2426; x_wconf 89' lang='grc'><strong>1</strong></span> <span class='ocrx_word' id='word_1_132' title='bbox 361 2370 425 2430; x_wconf 85' lang='lat' dir='ltr'><strong>et</strong></span> <span class='ocrx_word' id='word_1_133' title='bbox 456 2365 523 2428; x_wconf 80' lang='lat'><strong>2.</strong></span> <span class='ocrx_word' id='word_1_134' title='bbox 556 2359 825 2447; x_wconf 77' lang='lat' dir='ltr'><strong>Lignum</strong></span> <span class='ocrx_word' id='word_1_135' title='bbox 856 2380 1010 2427; x_wconf 91' lang='lat' dir='ltr'><strong>vero</strong></span> <span class='ocrx_word' id='word_1_136' title='bbox 1036 2363 1297 2428; x_wconf 82' lang='lat' dir='ltr'><strong>Sanctae</strong></span> <span class='ocrx_word' id='word_1_137' title='bbox 1328 2358 1545 2429; x_wconf 79' lang='lat' dir='ltr'><strong>Crucis</strong></span> <span class='ocrx_word' id='word_1_138' title='bbox 1576 2357 1770 2425; x_wconf 88' lang='lat' dir='ltr'><strong>thure</strong></span> 
     </span>
     <span class='ocr_line' id='line_1_24' title="bbox 175 2446 1766 2534; baseline -0.001 -20"><span class='ocrx_word' id='word_1_139' title='bbox 175 2446 473 2516; x_wconf 88' lang='lat' dir='ltr'><strong>adoletur</strong></span> <span class='ocrx_word' id='word_1_140' title='bbox 517 2447 752 2534; x_wconf 88' lang='lat' dir='ltr'><strong>triplici</strong></span> <span class='ocrx_word' id='word_1_141' title='bbox 799 2448 1066 2534; x_wconf 89' lang='lat' dir='ltr'><strong>quidem</strong></span> <span class='ocrx_word' id='word_1_142' title='bbox 1112 2448 1314 2515; x_wconf 90' lang='lat' dir='ltr'><strong>ductu</strong></span> <span class='ocrx_word' id='word_1_143' title='bbox 1356 2468 1389 2513; x_wconf 87' lang='lat' dir='ltr'><strong>a</strong></span> <span class='ocrx_word' id='word_1_144' title='bbox 1423 2447 1766 2515; x_wconf 85' lang='lat' dir='ltr'><strong>Sacerdote</strong></span> 
     </span>
     <span class='ocr_line' id='line_1_25' title="bbox 175 2534 1767 2624; baseline -0.002 -21"><span class='ocrx_word' id='word_1_145' title='bbox 175 2555 307 2603; x_wconf 91' lang='lat' dir='ltr'><strong>non</strong></span> <span class='ocrx_word' id='word_1_146' title='bbox 349 2536 719 2624; x_wconf 79' lang='lat' dir='ltr'><strong>genuflexo,</strong></span> <span class='ocrx_word' id='word_1_147' title='bbox 768 2537 883 2604; x_wconf 89' lang='lat' dir='ltr'><strong>sed</strong></span> <span class='ocrx_word' id='word_1_148' title='bbox 932 2546 1164 2621; x_wconf 87' lang='lat' dir='ltr'><strong>stante,</strong></span> <span class='ocrx_word' id='word_1_149' title='bbox 1215 2535 1406 2603; x_wconf 89' lang='lat' dir='ltr'><strong>etiam</strong></span> <span class='ocrx_word' id='word_1_150' title='bbox 1465 2534 1642 2601; x_wconf 83' lang='lat' dir='ltr'><strong>Feria</strong></span> <span class='ocrx_word' id='word_1_151' title='bbox 1689 2537 1767 2602; x_wconf 83' lang='lat' dir='ltr'><strong>Vl</strong></span> 
     </span>
     <span class='ocr_line' id='line_1_26' title="bbox 178 2621 1768 2708; baseline 0 -18"><span class='ocrx_word' id='word_1_152' title='bbox 178 2625 245 2690; x_wconf 93' lang='lat' dir='ltr'><strong>in</strong></span> <span class='ocrx_word' id='word_1_153' title='bbox 303 2628 680 2708; x_wconf 79' lang='lat' dir='ltr'><strong>Parasceve,</strong></span> <span class='ocrx_word' id='word_1_154' title='bbox 732 2626 906 2691; x_wconf 80' lang='lat' dir='ltr'><strong>iuxta</strong></span> <span class='ocrx_word' id='word_1_155' title='bbox 965 2627 1309 2692; x_wconf 86' lang='lat' dir='ltr'><strong>Decretum</strong></span> <span class='ocrx_word' id='word_1_156' title='bbox 1371 2627 1600 2692; x_wconf 84' lang='lat' dir='ltr'><strong>Sacrae</strong></span> <span class='ocrx_word' id='word_1_157' title='bbox 1668 2621 1768 2690; x_wconf 84' lang='lat' dir='ltr'><strong>Ri-</strong></span> 
     </span>
     <span class='ocr_line' id='line_1_27' title="bbox 177 2710 1764 2801; baseline 0 -24"><span class='ocrx_word' id='word_1_158' title='bbox 177 2721 362 2779; x_wconf 88' lang='lat' dir='ltr'><strong>tuum</strong></span> <span class='ocrx_word' id='word_1_159' title='bbox 421 2710 945 2801; x_wconf 80' lang='lat' dir='ltr'><strong>congregationis</strong></span> <span class='ocrx_word' id='word_1_160' title='bbox 1003 2717 1087 2780; x_wconf 76' lang='lat'><strong>23</strong></span> <span class='ocrx_word' id='word_1_161' title='bbox 1136 2711 1533 2799; x_wconf 84' lang='lat' dir='ltr'><strong>Septembris</strong></span> <span class='ocrx_word' id='word_1_162' title='bbox 1599 2714 1764 2779; x_wconf 82' lang='grc'><strong>1837</strong></span> 
     </span>
     <span class='ocr_line' id='line_1_28' title="bbox 179 2800 928 2868; baseline 0.001 -2"><span class='ocrx_word' id='word_1_163' title='bbox 179 2800 245 2867; x_wconf 91' lang='lat' dir='ltr'><strong>in</strong></span> <span class='ocrx_word' id='word_1_164' title='bbox 289 2800 600 2867; x_wconf 78' lang='lat' dir='ltr'><strong>Mutinen.</strong></span> <span class='ocrx_word' id='word_1_165' title='bbox 649 2802 726 2867; x_wconf 91' lang='lat' dir='ltr'><strong>ad</strong></span> <span class='ocrx_word' id='word_1_166' title='bbox 776 2804 831 2868; x_wconf 84' lang='lat' dir='ltr'><strong>X</strong></span> <span class='ocrx_word' id='word_1_167' title='bbox 866 2822 928 2867; x_wconf 81' lang='lat'><strong>».</strong></span> 
     </span>
    </p>
   </div>
   <div class='ocr_carea' id='block_1_3' title="bbox 309 2887 1882 2977">
    <p class='ocr_par' dir='ltr' id='par_1_5' title="bbox 309 2887 1882 2977">
     <span class='ocr_line' id='line_1_29' title="bbox 309 2887 1882 2977; baseline -0.003 -22"><span class='ocrx_word' id='word_1_168' title='bbox 309 2887 409 2955; x_wconf 79' lang='lat' dir='ltr'><strong>Ad</strong></span> <span class='ocrx_word' id='word_1_169' title='bbox 455 2890 609 2955; x_wconf 83' lang='lat' dir='ltr'><strong>vm.</strong></span> <span class='ocrx_word' id='word_1_170' title='bbox 663 2910 701 2968; x_wconf 64' lang='grc' dir='ltr'><strong>ς</strong></span> <span class='ocrx_word' id='word_1_171' title='bbox 734 2887 1081 2977; x_wconf 87' lang='lat' dir='ltr'><strong>Negative;</strong></span> <span class='ocrx_word' id='word_1_172' title='bbox 1131 2899 1197 2955; x_wconf 93' lang='lat' dir='ltr'><strong>et</strong></span> <span class='ocrx_word' id='word_1_173' title='bbox 1261 2898 1607 2955; x_wconf 89' lang='lat' dir='ltr'><strong>serventur</strong></span> <span class='ocrx_word' id='word_1_174' title='bbox 1651 2890 1769 2953; x_wconf 91' lang='lat' dir='ltr'><strong>De·</strong></span> <span class='ocrx_word' id='word_1_175' title='bbox 1867 2936 1882 2950; x_wconf 89' lang='lat'><strong>.</strong></span> 
     </span>
    </p>
   </div>
   <div class='ocr_carea' id='block_1_4' title="bbox 174 2986 1772 3487">
    <p class='ocr_par' dir='ltr' id='par_1_6' title="bbox 174 2986 1772 3487">
     <span class='ocr_line' id='line_1_30' title="bbox 177 2986 454 3045; baseline 0 0"><span class='ocrx_word' id='word_1_176' title='bbox 177 2986 356 3045; x_wconf 89' lang='lat' dir='ltr'><strong>creta</strong></span> <span class='ocrx_word' id='word_1_177' title='bbox 391 2999 454 3045; x_wconf 59' lang='grc' dir='ltr'><strong>ν.</strong></span> 
     </span>
     <span class='ocr_line' id='line_1_31' title="bbox 309 3063 1772 3152; baseline -0.003 -20"><span class='ocrx_word' id='word_1_178' title='bbox 309 3065 405 3132; x_wconf 80' lang='lat' dir='ltr'><strong>Ad</strong></span> <span class='ocrx_word' id='word_1_179' title='bbox 452 3067 555 3133; x_wconf 84' lang='lat' dir='ltr'><strong>1x.</strong></span> <span class='ocrx_word' id='word_1_180' title='bbox 606 3087 645 3131; x_wconf 67' lang='grc' dir='ltr'>ι</span> <span class='ocrx_word' id='word_1_181' title='bbox 680 3067 817 3131; x_wconf 84' lang='grc' dir='ltr'>Νοιι</span> <span class='ocrx_word' id='word_1_182' title='bbox 863 3074 961 3133; x_wconf 89' lang='lat' dir='ltr'><strong>est</strong></span> <span class='ocrx_word' id='word_1_183' title='bbox 1009 3063 1619 3152; x_wconf 80' lang='lat' dir='ltr'><strong>interloquendum3</strong></span> <span class='ocrx_word' id='word_1_184' title='bbox 1655 3081 1772 3129; x_wconf 90' lang='lat' dir='ltr'><strong>seu</strong></span> 
     </span>
     <span class='ocr_line' id='line_1_32' title="bbox 174 3152 584 3242; baseline -0.002 -20"><span class='ocrx_word' id='word_1_185' title='bbox 174 3152 487 3242; x_wconf 85' lang='lat' dir='ltr'><strong>Negative</strong></span> <span class='ocrx_word' id='word_1_186' title='bbox 519 3175 584 3221; x_wconf 59' lang='grc' dir='ltr'><strong>ν.</strong></span> 
     </span>
     <span class='ocr_line' id='line_1_33' title="bbox 310 3242 1064 3330; baseline 0.001 -22"><span class='ocrx_word' id='word_1_187' title='bbox 310 3242 410 3310; x_wconf 77' lang='lat' dir='ltr'><strong>Ad</strong></span> <span class='ocrx_word' id='word_1_188' title='bbox 452 3245 535 3311; x_wconf 82' lang='lat' dir='ltr'><strong>X.</strong></span> <span class='ocrx_word' id='word_1_189' title='bbox 583 3263 622 3307; x_wconf 66' lang='grc' dir='ltr'>ι</span> <span class='ocrx_word' id='word_1_190' title='bbox 655 3242 966 3330; x_wconf 86' lang='lat' dir='ltr'><strong>Negative</strong></span> <span class='ocrx_word' id='word_1_191' title='bbox 1001 3264 1064 3310; x_wconf 59' lang='grc' dir='ltr'><strong>ν.</strong></span> 
     </span>
     <span class='ocr_line' id='line_1_34' title="bbox 313 3326 1771 3419; baseline 0 -25"><span class='ocrx_word' id='word_1_192' title='bbox 313 3330 523 3415; x_wconf 77' lang='lat' dir='ltr'><strong>Atque</strong></span> <span class='ocrx_word' id='word_1_193' title='bbox 567 3329 650 3396; x_wconf 93' lang='lat' dir='ltr'><strong>ita</strong></span> <span class='ocrx_word' id='word_1_194' title='bbox 695 3329 1022 3419; x_wconf 80' lang='lat' dir='ltr'><strong>rescripsit</strong></span> <span class='ocrx_word' id='word_1_195' title='bbox 1054 3341 1120 3397; x_wconf 92' lang='lat' dir='ltr'><strong>et</strong></span> <span class='ocrx_word' id='word_1_196' title='bbox 1150 3329 1391 3396; x_wconf 85' lang='lat' dir='ltr'><strong>servari</strong></span> <span class='ocrx_word' id='word_1_197' title='bbox 1424 3326 1771 3397; x_wconf 88' lang='lat' dir='ltr'><strong>mandavit.</strong></span> 
     </span>
     <span class='ocr_line' id='line_1_35' title="bbox 314 3417 1052 3487; baseline 0.005 -4"><span class='ocrx_word' id='word_1_198' title='bbox 314 3417 426 3484; x_wconf 92' lang='lat' dir='ltr'><strong>Die</strong></span> <span class='ocrx_word' id='word_1_199' title='bbox 476 3420 560 3486; x_wconf 79' lang='lat'><strong>20</strong></span> <span class='ocrx_word' id='word_1_200' title='bbox 606 3417 806 3484; x_wconf 68' lang='lat' dir='ltr'><strong>Martii</strong></span> <span class='ocrx_word' id='word_1_201' title='bbox 860 3421 1052 3487; x_wconf 91' lang='grc'><strong>1869.</strong></span> 
     </span>
    </p>
   </div>
   <div class='ocr_carea' id='block_1_5' title="bbox 182 3556 1773 3644">
    <p class='ocr_par' dir='ltr' id='par_1_7' title="bbox 182 3556 1773 3644">
     <span class='ocr_line' id='line_1_36' title="bbox 182 3556 1773 3644; baseline -0.003 -15"><span class='ocrx_word' id='word_1_202' title='bbox 182 3558 450 3628; x_wconf 80' lang='lat'><strong>3202.</strong></span> <span class='ocrx_word' id='word_1_203' title='bbox 824 3559 1142 3626; x_wconf 67' lang='lat' dir='ltr'><strong>measa.</strong></span> <span class='ocrx_word' id='word_1_204' title='bbox 1546 3556 1773 3644; x_wconf 77' lang='lat'>(5432)</span> 
     </span>
    </p>
   </div>
   <div class='ocr_carea' id='block_1_6' title="bbox 182 3681 1782 5533">
    <p class='ocr_par' dir='ltr' id='par_1_8' title="bbox 182 3681 1780 5335">
     <span class='ocr_line' id='line_1_37' title="bbox 312 3681 1774 3765; baseline -0.002 -14"><span class='ocrx_word' id='word_1_205' title='bbox 312 3687 508 3751; x_wconf 76' lang='lat' dir='ltr'><strong>Rmus</strong></span> <span class='ocrx_word' id='word_1_206' title='bbox 541 3686 613 3750; x_wconf 90' lang='lat' dir='ltr'><strong>D.</strong></span> <span class='ocrx_word' id='word_1_207' title='bbox 649 3684 911 3751; x_wconf 85' lang='lat' dir='ltr'><strong>Carolus</strong></span> <span class='ocrx_word' id='word_1_208' title='bbox 942 3681 1307 3749; x_wconf 82' lang='lat' dir='ltr'><strong>Fridericus</strong></span> <span class='ocrx_word' id='word_1_209' title='bbox 1336 3681 1619 3765; x_wconf 88' lang='lat' dir='ltr'><strong>Bianchi,</strong></span> <span class='ocrx_word' id='word_1_210' title='bbox 1663 3686 1774 3750; x_wconf 87' lang='lat' dir='ltr'><strong>Ga·</strong></span> 
     </span>
     <span class='ocr_line' id='line_1_38' title="bbox 182 3769 1775 3872; baseline -0.003 -31"><span class='ocrx_word' id='word_1_211' title='bbox 182 3771 450 3841; x_wconf 87' lang='lat' dir='ltr'><strong>nonicus</strong></span> <span class='ocrx_word' id='word_1_212' title='bbox 510 3771 809 3839; x_wconf 84' lang='lat' dir='ltr'><strong>Basilicae</strong></span> <span class='ocrx_word' id='word_1_213' title='bbox 880 3771 1395 3872; x_wconf 66' lang='lat' dir='ltr'><strong>Metropolitanae</strong></span> <span class='ocrx_word' id='word_1_214' title='bbox 1464 3769 1775 3839; x_wconf 84' lang='lat' dir='ltr'><strong>ledrensis</strong></span> 
     </span>
     <span class='ocr_line' id='line_1_39' title="bbox 183 3858 1776 3928; baseline -0.003 0"><span class='ocrx_word' id='word_1_215' title='bbox 183 3860 249 3928; x_wconf 89' lang='lat' dir='ltr'><strong>in</strong></span> <span class='ocrx_word' id='word_1_216' title='bbox 292 3858 592 3926; x_wconf 87' lang='lat' dir='ltr'><strong>Dalmatia</strong></span> <span class='ocrx_word' id='word_1_217' title='bbox 640 3869 705 3927; x_wconf 89' lang='lat' dir='ltr'><strong>et</strong></span> <span class='ocrx_word' id='word_1_218' title='bbox 761 3858 1117 3927; x_wconf 76' lang='lat' dir='ltr'><strong>calendarii</strong></span> <span class='ocrx_word' id='word_1_219' title='bbox 1171 3858 1536 3927; x_wconf 86' lang='lat' dir='ltr'><strong>Dioecesani</strong></span> <span class='ocrx_word' id='word_1_220' title='bbox 1597 3859 1776 3927; x_wconf 80' lang='lat' dir='ltr'><strong>Dire-</strong></span> 
     </span>
     <span class='ocr_line' id='line_1_40' title="bbox 186 3946 1776 4034; baseline -0.001 -19"><span class='ocrx_word' id='word_1_221' title='bbox 186 3959 363 4031; x_wconf 89' lang='lat' dir='ltr'><strong>ctor,</strong></span> <span class='ocrx_word' id='word_1_222' title='bbox 411 3947 745 4033; x_wconf 86' lang='lat' dir='ltr'><strong>sequentia</strong></span> <span class='ocrx_word' id='word_1_223' title='bbox 811 3946 1004 4015; x_wconf 87' lang='lat' dir='ltr'><strong>dubia</strong></span> <span class='ocrx_word' id='word_1_224' title='bbox 1047 3947 1382 4015; x_wconf 88' lang='lat' dir='ltr'><strong>enodanda</strong></span> <span class='ocrx_word' id='word_1_225' title='bbox 1441 3947 1776 4034; x_wconf 81' lang='lat' dir='ltr'><strong>proposuit</strong></span> 
     </span>
     <span class='ocr_line' id='line_1_41' title="bbox 185 4035 1775 4123; baseline -0.003 -18"><span class='ocrx_word' id='word_1_226' title='bbox 185 4039 524 4105; x_wconf 86' lang='lat' dir='ltr'><strong>Sacrorum</strong></span> <span class='ocrx_word' id='word_1_227' title='bbox 599 4036 859 4103; x_wconf 79' lang='lat' dir='ltr'><strong>Rituum</strong></span> <span class='ocrx_word' id='word_1_228' title='bbox 925 4035 1442 4123; x_wconf 74' lang='lat' dir='ltr'><strong>congregationi.</strong></span> <span class='ocrx_word' id='word_1_229' title='bbox 1520 4036 1775 4102; x_wconf 83' lang='lat' dir='ltr'><strong>Etenim</strong></span> 
     </span>
     <span class='ocr_line' id='line_1_42' title="bbox 184 4121 1776 4191; baseline -0.003 0"><span class='ocrx_word' id='word_1_230' title='bbox 184 4122 364 4191; x_wconf 81' lang='lat' dir='ltr'><strong>Feria</strong></span> <span class='ocrx_word' id='word_1_231' title='bbox 412 4125 465 4190; x_wconf 79' lang='lat' dir='ltr'>V</span> <span class='ocrx_word' id='word_1_232' title='bbox 509 4122 575 4189; x_wconf 91' lang='lat' dir='ltr'><strong>in</strong></span> <span class='ocrx_word' id='word_1_233' title='bbox 620 4125 831 4191; x_wconf 87' lang='lat' dir='ltr'><strong>Coena</strong></span> <span class='ocrx_word' id='word_1_234' title='bbox 876 4121 1126 4189; x_wconf 89' lang='lat' dir='ltr'><strong>Domini</strong></span> <span class='ocrx_word' id='word_1_235' title='bbox 1171 4123 1237 4191; x_wconf 87' lang='lat' dir='ltr'><strong>in</strong></span> <span class='ocrx_word' id='word_1_236' title='bbox 1296 4121 1776 4191; x_wconf 86' lang='lat' dir='ltr'><strong>consecratione</strong></span> 
     </span>
     <span class='ocr_line' id='line_1_43' title="bbox 184 4209 1779 4299; baseline -0.003 -17"><span class='ocrx_word' id='word_1_237' title='bbox 184 4213 514 4297; x_wconf 82' lang='lat' dir='ltr'><strong>oleorum,</strong></span> <span class='ocrx_word' id='word_1_238' title='bbox 549 4231 710 4299; x_wconf 85' lang='lat' dir='ltr'><strong>quae</strong></span> <span class='ocrx_word' id='word_1_239' title='bbox 743 4210 815 4277; x_wconf 88' lang='lat' dir='ltr'><strong>fit</strong></span> <span class='ocrx_word' id='word_1_240' title='bbox 848 4211 910 4278; x_wconf 90' lang='lat' dir='ltr'><strong>in</strong></span> <span class='ocrx_word' id='word_1_241' title='bbox 944 4210 1160 4279; x_wconf 88' lang='lat' dir='ltr'><strong>medio</strong></span> <span class='ocrx_word' id='word_1_242' title='bbox 1191 4211 1406 4295; x_wconf 85' lang='lat' dir='ltr'><strong>Chori,</strong></span> <span class='ocrx_word' id='word_1_243' title='bbox 1441 4209 1779 4297; x_wconf 80' lang='lat' dir='ltr'><strong>Presbyter</strong></span> 
     </span>
     <span class='ocr_line' id='line_1_44' title="bbox 187 4297 1780 4386; baseline -0.003 -19"><span class='ocrx_word' id='word_1_244' title='bbox 187 4300 480 4367; x_wconf 84' lang='lat' dir='ltr'><strong>assistens</strong></span> <span class='ocrx_word' id='word_1_245' title='bbox 510 4319 580 4367; x_wconf 87' lang='lat' dir='ltr'><strong>se</strong></span> <span class='ocrx_word' id='word_1_246' title='bbox 609 4298 773 4365; x_wconf 88' lang='lat' dir='ltr'><strong>sistit</strong></span> <span class='ocrx_word' id='word_1_247' title='bbox 804 4299 880 4369; x_wconf 89' lang='lat' dir='ltr'><strong>ad</strong></span> <span class='ocrx_word' id='word_1_248' title='bbox 922 4300 1255 4367; x_wconf 80' lang='lat' dir='ltr'><strong>dexteram</strong></span> <span class='ocrx_word' id='word_1_249' title='bbox 1301 4297 1780 4386; x_wconf 85' lang='lat' dir='ltr'><strong>Arcbiepiscopi</strong></span> 
     </span>
     <span class='ocr_line' id='line_1_45' title="bbox 189 4387 1776 4475; baseline -0.003 -19"><span class='ocrx_word' id='word_1_250' title='bbox 189 4398 256 4457; x_wconf 90' lang='lat' dir='ltr'><strong>et</strong></span> <span class='ocrx_word' id='word_1_251' title='bbox 301 4399 604 4475; x_wconf 85' lang='lat' dir='ltr'><strong>operatur</strong></span> <span class='ocrx_word' id='word_1_252' title='bbox 663 4406 809 4456; x_wconf 87' lang='lat' dir='ltr'><strong>cum</strong></span> <span class='ocrx_word' id='word_1_253' title='bbox 870 4387 1102 4455; x_wconf 89' lang='lat' dir='ltr'><strong>eodem</strong></span> <span class='ocrx_word' id='word_1_254' title='bbox 1150 4388 1216 4455; x_wconf 91' lang='lat' dir='ltr'><strong>in</strong></span> <span class='ocrx_word' id='word_1_255' title='bbox 1262 4387 1558 4456; x_wconf 88' lang='lat' dir='ltr'><strong>omnibus</strong></span> <span class='ocrx_word' id='word_1_256' title='bbox 1613 4403 1776 4472; x_wconf 86' lang='lat' dir='ltr'><strong>quae</strong></span> 
     </span>
     <span class='ocr_line' id='line_1_46' title="bbox 186 4475 1770 4564; baseline -0.003 -20"><span class='ocrx_word' id='word_1_257' title='bbox 186 4486 478 4564; x_wconf 87' lang='lat' dir='ltr'><strong>spectant</strong></span> <span class='ocrx_word' id='word_1_258' title='bbox 523 4476 600 4543; x_wconf 91' lang='lat' dir='ltr'><strong>ad</strong></span> <span class='ocrx_word' id='word_1_259' title='bbox 649 4475 1031 4544; x_wconf 76' lang='lat' dir='ltr'><strong>infusionem</strong></span> <span class='ocrx_word' id='word_1_260' title='bbox 1092 4475 1390 4560; x_wconf 86' lang='lat' dir='ltr'><strong>Balsami,</strong></span> <span class='ocrx_word' id='word_1_261' title='bbox 1453 4475 1588 4542; x_wconf 89' lang='lat' dir='ltr'><strong>Olei</strong></span> <span class='ocrx_word' id='word_1_262' title='bbox 1644 4485 1770 4540; x_wconf 90' lang='lat' dir='ltr'><strong>etc.</strong></span> 
     </span>
     <span class='ocr_line' id='line_1_47' title="bbox 188 4562 1775 4633; baseline -0.003 0"><span class='ocrx_word' id='word_1_263' title='bbox 188 4565 459 4633; x_wconf 85' lang='lat' dir='ltr'><strong>Videtur</strong></span> <span class='ocrx_word' id='word_1_264' title='bbox 505 4564 625 4631; x_wconf 87' lang='lat' dir='ltr'><strong>hoc</strong></span> <span class='ocrx_word' id='word_1_265' title='bbox 674 4583 813 4631; x_wconf 87' lang='lat' dir='ltr'><strong>esse</strong></span> <span class='ocrx_word' id='word_1_266' title='bbox 859 4564 1251 4632; x_wconf 87' lang='lat' dir='ltr'><strong>contrarium</strong></span> <span class='ocrx_word' id='word_1_267' title='bbox 1315 4563 1611 4630; x_wconf 86' lang='lat' dir='ltr'><strong>eiusdem</strong></span> <span class='ocrx_word' id='word_1_268' title='bbox 1659 4562 1775 4628; x_wconf 91' lang='lat' dir='ltr'><strong>mi-</strong></span> 
     </span>
     <span class='ocr_line' id='line_1_48' title="bbox 187 4650 1778 4740; baseline -0.002 -20"><span class='ocrx_word' id='word_1_269' title='bbox 187 4650 487 4740; x_wconf 78' lang='lat' dir='ltr'><strong>nisteri03</strong></span> <span class='ocrx_word' id='word_1_270' title='bbox 539 4670 687 4719; x_wconf 92' lang='lat' dir='ltr'><strong>cum</strong></span> <span class='ocrx_word' id='word_1_271' title='bbox 748 4651 883 4737; x_wconf 89' lang='lat' dir='ltr'><strong>ipse</strong></span> <span class='ocrx_word' id='word_1_272' title='bbox 941 4651 1021 4717; x_wconf 87' lang='lat' dir='ltr'><strong>sit</strong></span> <span class='ocrx_word' id='word_1_273' title='bbox 1084 4652 1342 4719; x_wconf 88' lang='lat' dir='ltr'><strong>indutus</strong></span> <span class='ocrx_word' id='word_1_274' title='bbox 1446 4650 1661 4718; x_wconf 85' lang='lat' dir='ltr'><strong>luviali</strong></span> <span class='ocrx_word' id='word_1_275' title='bbox 1712 4660 1778 4717; x_wconf 90' lang='lat' dir='ltr'><strong>et</strong></span> 
     </span>
     <span class='ocr_line' id='line_1_49' title="bbox 188 4739 1778 4809; baseline -0.002 0"><span class='ocrx_word' id='word_1_276' title='bbox 188 4739 524 4809; x_wconf 84' lang='lat' dir='ltr'><strong>attendere</strong></span> <span class='ocrx_word' id='word_1_277' title='bbox 556 4739 960 4807; x_wconf 87' lang='lat' dir='ltr'><strong>solummodo</strong></span> <span class='ocrx_word' id='word_1_278' title='bbox 992 4740 1222 4807; x_wconf 88' lang='lat' dir='ltr'><strong>debeat</strong></span> <span class='ocrx_word' id='word_1_279' title='bbox 1253 4740 1330 4807; x_wconf 91' lang='lat' dir='ltr'><strong>ad</strong></span> <span class='ocrx_word' id='word_1_280' title='bbox 1364 4740 1407 4806; x_wconf 89' lang='grc' dir='ltr'><strong>1ι</strong></span> <span class='ocrx_word' id='word_1_281' title='bbox 1454 4757 1597 4806; x_wconf 88' lang='lat' dir='ltr'><strong>rum</strong></span> <span class='ocrx_word' id='word_1_282' title='bbox 1622 4742 1778 4806; x_wconf 90' lang='lat' dir='ltr'><strong>Pon·</strong></span> 
     </span>
     <span class='ocr_line' id='line_1_50' title="bbox 191 4827 1772 4915; baseline -0.002 -20"><span class='ocrx_word' id='word_1_283' title='bbox 191 4828 491 4896; x_wconf 85' lang='lat' dir='ltr'><strong>tiflcalem</strong></span> <span class='ocrx_word' id='word_1_284' title='bbox 517 4839 582 4895; x_wconf 87' lang='lat' dir='ltr'><strong>et</strong></span> <span class='ocrx_word' id='word_1_285' title='bbox 605 4828 976 4896; x_wconf 86' lang='lat' dir='ltr'><strong>annuntiare</strong></span> <span class='ocrx_word' id='word_1_286' title='bbox 998 4827 1299 4895; x_wconf 83' lang='lat' dir='ltr'><strong>oleorum</strong></span> <span class='ocrx_word' id='word_1_287' title='bbox 1323 4827 1772 4915; x_wconf 85' lang='lat' dir='ltr'><strong>praesentiam.</strong></span> 
     </span>
     <span class='ocr_line' id='line_1_51' title="bbox 191 4913 1777 5005; baseline -0.002 -21"><span class='ocrx_word' id='word_1_288' title='bbox 191 4916 465 4984; x_wconf 83' lang='lat' dir='ltr'><strong>Videtur</strong></span> <span class='ocrx_word' id='word_1_289' title='bbox 510 4916 723 5005; x_wconf 89' lang='lat' dir='ltr'><strong>potius</strong></span> <span class='ocrx_word' id='word_1_290' title='bbox 761 4916 915 4984; x_wconf 90' lang='lat' dir='ltr'><strong>baec</strong></span> <span class='ocrx_word' id='word_1_291' title='bbox 949 4915 1156 4982; x_wconf 90' lang='lat' dir='ltr'><strong>omnia</strong></span> <span class='ocrx_word' id='word_1_292' title='bbox 1189 4914 1367 4982; x_wconf 89' lang='lat' dir='ltr'><strong>obire</strong></span> <span class='ocrx_word' id='word_1_293' title='bbox 1398 4913 1639 4983; x_wconf 90' lang='lat' dir='ltr'><strong>debere</strong></span> <span class='ocrx_word' id='word_1_294' title='bbox 1672 4915 1777 4981; x_wconf 89' lang='lat' dir='ltr'><strong>vel</strong></span> 
     </span>
     <span class='ocr_line' id='line_1_52' title="bbox 190 5003 1780 5093; baseline -0.003 -20"><span class='ocrx_word' id='word_1_295' title='bbox 190 5004 497 5073; x_wconf 89' lang='lat' dir='ltr'><strong>Diaconus</strong></span> <span class='ocrx_word' id='word_1_296' title='bbox 542 5005 835 5072; x_wconf 88' lang='lat' dir='ltr'><strong>assistens</strong></span> <span class='ocrx_word' id='word_1_297' title='bbox 890 5024 922 5069; x_wconf 90' lang='lat' dir='ltr'><strong>a</strong></span> <span class='ocrx_word' id='word_1_298' title='bbox 983 5003 1270 5089; x_wconf 78' lang='lat' dir='ltr'><strong>dextris,</strong></span> <span class='ocrx_word' id='word_1_299' title='bbox 1319 5003 1421 5070; x_wconf 89' lang='lat' dir='ltr'><strong>vel</strong></span> <span class='ocrx_word' id='word_1_300' title='bbox 1472 5004 1780 5093; x_wconf 90' lang='lat' dir='ltr'><strong>Diaconus</strong></span> 
     </span>
     <span class='ocr_line' id='line_1_53' title="bbox 191 5089 1777 5180; baseline -0.003 -21"><span class='ocrx_word' id='word_1_301' title='bbox 191 5090 569 5178; x_wconf 74' lang='lat' dir='ltr'><strong>Evangelii,</strong></span> <span class='ocrx_word' id='word_1_302' title='bbox 619 5093 727 5180; x_wconf 84' lang='lat' dir='ltr'><strong>qui</strong></span> <span class='ocrx_word' id='word_1_303' title='bbox 791 5112 938 5160; x_wconf 90' lang='lat' dir='ltr'><strong>cum</strong></span> <span class='ocrx_word' id='word_1_304' title='bbox 996 5092 1122 5159; x_wconf 86' lang='lat' dir='ltr'><strong>sint</strong></span> <span class='ocrx_word' id='word_1_305' title='bbox 1167 5090 1495 5158; x_wconf 86' lang='lat' dir='ltr'><strong>Tunicella</strong></span> <span class='ocrx_word' id='word_1_306' title='bbox 1545 5089 1777 5174; x_wconf 87' lang='lat' dir='ltr'><strong>induti,</strong></span> 
     </span>
     <span class='ocr_line' id='line_1_54' title="bbox 192 5178 1778 5280; baseline -0.002 -31"><span class='ocrx_word' id='word_1_307' title='bbox 192 5190 459 5280; x_wconf 76' lang='lat' dir='ltr'><strong>possunt</strong></span> <span class='ocrx_word' id='word_1_308' title='bbox 489 5180 690 5249; x_wconf 87' lang='lat' dir='ltr'><strong>libere</strong></span> <span class='ocrx_word' id='word_1_309' title='bbox 721 5199 914 5269; x_wconf 87' lang='lat' dir='ltr'><strong>agere</strong></span> <span class='ocrx_word' id='word_1_310' title='bbox 947 5200 1094 5248; x_wconf 89' lang='lat' dir='ltr'><strong>cum</strong></span> <span class='ocrx_word' id='word_1_311' title='bbox 1140 5178 1548 5249; x_wconf 79' lang='lat' dir='ltr'><strong>celebrante.</strong></span> <span class='ocrx_word' id='word_1_312' title='bbox 1582 5180 1778 5257; x_wconf 85' lang='lat' dir='ltr'><strong>Quae·</strong></span> 
     </span>
     <span class='ocr_line' id='line_1_55' title="bbox 195 5279 608 5335; baseline 0 0"><span class='ocrx_word' id='word_1_313' title='bbox 195 5279 359 5335; x_wconf 83' lang='lat' dir='ltr'><strong>ntur</strong></span> <span class='ocrx_word' id='word_1_314' title='bbox 405 5286 477 5333; x_wconf 91' lang='lat' dir='ltr'><strong>er</strong></span> <span class='ocrx_word' id='word_1_315' title='bbox 523 5286 608 5335; x_wconf 83' lang='lat' dir='ltr'><strong>o:</strong></span> 
     </span>
    </p>

    <p class='ocr_par' dir='ltr' id='par_1_9' title="bbox 194 5285 1782 5533">
     <span class='ocr_line' id='line_1_56' title="bbox 326 5285 1782 5426; baseline -0.002 -3"><span class='ocrx_word' id='word_1_316' title='bbox 326 5285 602 5425; x_wconf 50' lang='lat' dir='ltr'><strong>nubiffim</strong></span> <span class='ocrx_word' id='word_1_317' title='bbox 646 5361 693 5424; x_wconf 90' lang='grc'><strong>1.</strong></span> <span class='ocrx_word' id='word_1_318' title='bbox 745 5361 974 5426; x_wconf 84' lang='lat' dir='ltr'><strong>Utrum</strong></span> <span class='ocrx_word' id='word_1_319' title='bbox 1023 5355 1087 5424; x_wconf 88' lang='lat' dir='ltr'><strong>in</strong></span> <span class='ocrx_word' id='word_1_320' title='bbox 1122 5355 1392 5424; x_wconf 90' lang='lat' dir='ltr'><strong>solemni</strong></span> <span class='ocrx_word' id='word_1_321' title='bbox 1440 5359 1782 5423; x_wconf 84' lang='lat' dir='ltr'><strong>Consecra-</strong></span> 
     </span>
     <span class='ocr_line' id='line_1_57' title="bbox 194 5442 1780 5533; baseline 0 -24"><span class='ocrx_word' id='word_1_322' title='bbox 194 5442 370 5514; x_wconf 87' lang='lat' dir='ltr'><strong>tione</strong></span> <span class='ocrx_word' id='word_1_323' title='bbox 401 5446 704 5516; x_wconf 85' lang='lat' dir='ltr'><strong>oleorum</strong></span> <span class='ocrx_word' id='word_1_324' title='bbox 726 5447 1064 5533; x_wconf 79' lang='lat' dir='ltr'><strong>Presbyter</strong></span> <span class='ocrx_word' id='word_1_325' title='bbox 1094 5445 1426 5526; x_wconf 62' lang='lat' dir='ltr'><strong>assistam</strong></span> <span class='ocrx_word' id='word_1_326' title='bbox 1460 5463 1537 5511; x_wconf 88' lang='lat' dir='ltr'><strong>an</strong></span> <span class='ocrx_word' id='word_1_327' title='bbox 1571 5442 1780 5533; x_wconf 87' lang='lat' dir='ltr'><strong>potius</strong></span> 
     </span>
    </p>
   </div>
   <div class='ocr_carea' id='block_1_7' title="bbox 1861 513 3466 3504">
    <p class='ocr_par' dir='ltr' id='par_1_10' title="bbox 1861 513 3456 864">
     <span class='ocr_line' id='line_1_58' title="bbox 1861 513 3455 583; baseline 0.002 -3"><span class='ocrx_word' id='word_1_328' title='bbox 1861 513 2174 581; x_wconf 87' lang='lat' dir='ltr'><strong>Diaconus</strong></span> <span class='ocrx_word' id='word_1_329' title='bbox 2235 513 2528 581; x_wconf 86' lang='lat' dir='ltr'><strong>assistens</strong></span> <span class='ocrx_word' id='word_1_330' title='bbox 2591 536 2624 581; x_wconf 85' lang='lat' dir='ltr'><strong>a</strong></span> <span class='ocrx_word' id='word_1_331' title='bbox 2681 514 2925 582; x_wconf 79' lang='lat' dir='ltr'><strong>dextris</strong></span> <span class='ocrx_word' id='word_1_332' title='bbox 2986 514 3092 581; x_wconf 89' lang='lat' dir='ltr'><strong>vel</strong></span> <span class='ocrx_word' id='word_1_333' title='bbox 3150 514 3455 583; x_wconf 89' lang='lat' dir='ltr'><strong>Diaconus</strong></span> 
     </span>
     <span class='ocr_line' id='line_1_59' title="bbox 1863 600 3455 690; baseline 0.003 -23"><span class='ocrx_word' id='word_1_334' title='bbox 1863 601 2193 689; x_wconf 80' lang='lat' dir='ltr'><strong>Evangelii</strong></span> <span class='ocrx_word' id='word_1_335' title='bbox 2243 600 2476 669; x_wconf 74' lang='lat' dir='ltr'><strong>debeat</strong></span> <span class='ocrx_word' id='word_1_336' title='bbox 2519 602 2937 670; x_wconf 87' lang='lat' dir='ltr'><strong>assistentiam</strong></span> <span class='ocrx_word' id='word_1_337' title='bbox 2983 614 3304 690; x_wconf 87' lang='lat' dir='ltr'><strong>praestare</strong></span> <span class='ocrx_word' id='word_1_338' title='bbox 3340 606 3455 671; x_wconf 79' lang='lat' dir='ltr'><strong>Ar-</strong></span> 
     </span>
     <span class='ocr_line' id='line_1_60' title="bbox 1864 688 3456 777; baseline 0.001 -22"><span class='ocrx_word' id='word_1_339' title='bbox 1864 688 2278 777; x_wconf 87' lang='lat' dir='ltr'><strong>cbiepiscopo</strong></span> <span class='ocrx_word' id='word_1_340' title='bbox 2325 690 2388 756; x_wconf 91' lang='lat' dir='ltr'><strong>in</strong></span> <span class='ocrx_word' id='word_1_341' title='bbox 2435 689 2835 758; x_wconf 72' lang='lat' dir='ltr'><strong>infundendo</strong></span> <span class='ocrx_word' id='word_1_342' title='bbox 2884 690 3163 757; x_wconf 86' lang='lat' dir='ltr'><strong>Balsamo</strong></span> <span class='ocrx_word' id='word_1_343' title='bbox 3207 700 3272 757; x_wconf 85' lang='lat' dir='ltr'><strong>et</strong></span> <span class='ocrx_word' id='word_1_344' title='bbox 3300 691 3456 759; x_wconf 89' lang='lat' dir='ltr'><strong>Oleo</strong></span> 
     </span>
     <span class='ocr_line' id='line_1_61' title="bbox 1866 776 2948 864; baseline 0.002 -22"><span class='ocrx_word' id='word_1_345' title='bbox 1866 786 1930 842; x_wconf 89' lang='lat' dir='ltr'><strong>et</strong></span> <span class='ocrx_word' id='word_1_346' title='bbox 1976 777 2043 843; x_wconf 92' lang='lat' dir='ltr'><strong>in</strong></span> <span class='ocrx_word' id='word_1_347' title='bbox 2088 777 2226 843; x_wconf 89' lang='lat' dir='ltr'><strong>aliis</strong></span> <span class='ocrx_word' id='word_1_348' title='bbox 2270 777 2585 844; x_wconf 90' lang='lat' dir='ltr'><strong>similibus</strong></span> <span class='ocrx_word' id='word_1_349' title='bbox 2631 776 2948 864; x_wconf 74' lang='lat' dir='ltr'><strong>agendis?</strong></span> 
     </span>
    </p>

    <p class='ocr_par' dir='ltr' id='par_1_11' title="bbox 1863 865 3458 1196">
     <span class='ocr_line' id='line_1_62' title="bbox 1995 865 3458 934; baseline 0.001 -2"><span class='ocrx_word' id='word_1_350' title='bbox 1995 866 2270 933; x_wconf 86' lang='lat' dir='ltr'><strong>Dubium</strong></span> <span class='ocrx_word' id='word_1_351' title='bbox 2333 870 2406 933; x_wconf 96' lang='lat' dir='ltr'><strong>ll.</strong></span> <span class='ocrx_word' id='word_1_352' title='bbox 2476 865 2741 934; x_wconf 85' lang='lat' dir='ltr'><strong>Ubinam</strong></span> <span class='ocrx_word' id='word_1_353' title='bbox 2804 885 2873 933; x_wconf 94' lang='lat' dir='ltr'><strong>se</strong></span> <span class='ocrx_word' id='word_1_354' title='bbox 2935 865 3163 933; x_wconf 88' lang='lat' dir='ltr'><strong>sistere</strong></span> <span class='ocrx_word' id='word_1_355' title='bbox 3222 866 3458 934; x_wconf 88' lang='lat' dir='ltr'><strong>debeat</strong></span> 
     </span>
     <span class='ocr_line' id='line_1_63' title="bbox 1863 951 3455 1044; baseline 0.001 -26"><span class='ocrx_word' id='word_1_356' title='bbox 1863 951 2053 1018; x_wconf 87' lang='lat' dir='ltr'><strong>Presb</strong></span> <span class='ocrx_word' id='word_1_357' title='bbox 2102 963 2201 1019; x_wconf 91' lang='lat' dir='ltr'><strong>ter</strong></span> <span class='ocrx_word' id='word_1_358' title='bbox 2246 955 2540 1020; x_wconf 84' lang='lat' dir='ltr'><strong>assistens</strong></span> <span class='ocrx_word' id='word_1_359' title='bbox 2574 966 2644 1020; x_wconf 91' lang='lat' dir='ltr'><strong>ut</strong></span> <span class='ocrx_word' id='word_1_360' title='bbox 2676 965 2928 1044; x_wconf 90' lang='lat' dir='ltr'><strong>praesto</strong></span> <span class='ocrx_word' id='word_1_361' title='bbox 2972 953 3054 1020; x_wconf 90' lang='lat' dir='ltr'><strong>sit</strong></span> <span class='ocrx_word' id='word_1_362' title='bbox 3085 952 3164 1020; x_wconf 90' lang='lat' dir='ltr'><strong>ad</strong></span> <span class='ocrx_word' id='word_1_363' title='bbox 3194 955 3455 1022; x_wconf 88' lang='lat' dir='ltr'><strong>Librum</strong></span> 
     </span>
     <span class='ocr_line' id='line_1_64' title="bbox 1864 1040 3455 1130; baseline 0.002 -25"><span class='ocrx_word' id='word_1_364' title='bbox 1864 1040 2044 1106; x_wconf 91' lang='lat' dir='ltr'><strong>Ponti</strong></span> <span class='ocrx_word' id='word_1_365' title='bbox 2092 1040 2345 1108; x_wconf 74' lang='lat' dir='ltr'><strong>calem?</strong></span> <span class='ocrx_word' id='word_1_366' title='bbox 2377 1042 2453 1109; x_wconf 92' lang='lat' dir='ltr'><strong>ad</strong></span> <span class='ocrx_word' id='word_1_367' title='bbox 2478 1042 2819 1117; x_wconf 63' lang='lat' dir='ltr'><strong>&gt;dexteram</strong></span> <span class='ocrx_word' id='word_1_368' title='bbox 2865 1059 3106 1129; x_wconf 84' lang='lat' dir='ltr'><strong>nempe</strong></span> <span class='ocrx_word' id='word_1_369' title='bbox 3135 1061 3212 1108; x_wconf 88' lang='lat' dir='ltr'><strong>an</strong></span> <span class='ocrx_word' id='word_1_370' title='bbox 3245 1041 3455 1130; x_wconf 93' lang='lat' dir='ltr'><strong>potius</strong></span> 
     </span>
     <span class='ocr_line' id='line_1_65' title="bbox 1866 1127 2789 1196; baseline 0.001 -1"><span class='ocrx_word' id='word_1_371' title='bbox 1866 1128 1942 1195; x_wconf 88' lang='lat' dir='ltr'><strong>ad</strong></span> <span class='ocrx_word' id='word_1_372' title='bbox 1989 1127 2308 1195; x_wconf 87' lang='lat' dir='ltr'><strong>sinistram</strong></span> <span class='ocrx_word' id='word_1_373' title='bbox 2353 1127 2789 1196; x_wconf 70' lang='lat' dir='ltr'><strong>celebrantis?</strong></span> 
     </span>
    </p>

    <p class='ocr_par' dir='ltr' id='par_1_12' title="bbox 1864 1216 3459 1548">
     <span class='ocr_line' id='line_1_66' title="bbox 1998 1216 3456 1285; baseline 0 -2"><span class='ocrx_word' id='word_1_374' title='bbox 1998 1217 2269 1283; x_wconf 91' lang='lat' dir='ltr'><strong>Dubium</strong></span> <span class='ocrx_word' id='word_1_375' title='bbox 2318 1221 2420 1284; x_wconf 87' lang='lat'><strong>111.</strong></span> <span class='ocrx_word' id='word_1_376' title='bbox 2470 1216 2589 1284; x_wconf 87' lang='lat' dir='ltr'><strong>Ubi</strong></span> <span class='ocrx_word' id='word_1_377' title='bbox 2637 1237 2705 1284; x_wconf 91' lang='lat' dir='ltr'><strong>se</strong></span> <span class='ocrx_word' id='word_1_378' title='bbox 2751 1217 2977 1284; x_wconf 87' lang='lat' dir='ltr'><strong>sistere</strong></span> <span class='ocrx_word' id='word_1_379' title='bbox 3011 1218 3289 1285; x_wconf 88' lang='lat' dir='ltr'><strong>debeant</strong></span> <span class='ocrx_word' id='word_1_380' title='bbox 3320 1218 3456 1285; x_wconf 89' lang='lat' dir='ltr'><strong>Dia-</strong></span> 
     </span>
     <span class='ocr_line' id='line_1_67' title="bbox 1865 1304 3459 1374; baseline 0 -2"><span class='ocrx_word' id='word_1_381' title='bbox 1865 1305 2012 1372; x_wconf 86' lang='lat' dir='ltr'><strong>coni</strong></span> <span class='ocrx_word' id='word_1_382' title='bbox 2054 1304 2416 1372; x_wconf 87' lang='lat' dir='ltr'><strong>assistentes</strong></span> <span class='ocrx_word' id='word_1_383' title='bbox 2464 1316 2529 1372; x_wconf 86' lang='lat' dir='ltr'><strong>et</strong></span> <span class='ocrx_word' id='word_1_384' title='bbox 2572 1305 2882 1372; x_wconf 90' lang='lat' dir='ltr'><strong>Diaconus</strong></span> <span class='ocrx_word' id='word_1_385' title='bbox 2930 1316 2996 1372; x_wconf 87' lang='lat' dir='ltr'><strong>et</strong></span> <span class='ocrx_word' id='word_1_386' title='bbox 3026 1304 3459 1374; x_wconf 86' lang='lat' dir='ltr'><strong>Subdiaconua</strong></span> 
     </span>
     <span class='ocr_line' id='line_1_68' title="bbox 1864 1391 3457 1478; baseline -0.001 -17"><span class='ocrx_word' id='word_1_387' title='bbox 1864 1392 2065 1461; x_wconf 87' lang='lat' dir='ltr'><strong>Officii</strong></span> <span class='ocrx_word' id='word_1_388' title='bbox 2109 1391 2175 1460; x_wconf 91' lang='lat' dir='ltr'><strong>in</strong></span> <span class='ocrx_word' id='word_1_389' title='bbox 2224 1414 2394 1476; x_wconf 89' lang='lat' dir='ltr'><strong>casu,</strong></span> <span class='ocrx_word' id='word_1_390' title='bbox 2444 1412 2603 1478; x_wconf 72' lang='lat' dir='ltr'><strong>cum¹</strong></span> <span class='ocrx_word' id='word_1_391' title='bbox 2641 1391 2794 1460; x_wconf 86' lang='lat' dir='ltr'><strong>nihil</strong></span> <span class='ocrx_word' id='word_1_392' title='bbox 2831 1394 2914 1461; x_wconf 90' lang='lat' dir='ltr'><strong>de</strong></span> <span class='ocrx_word' id='word_1_393' title='bbox 2948 1393 3063 1460; x_wconf 89' lang='lat' dir='ltr'><strong>bac</strong></span> <span class='ocrx_word' id='word_1_394' title='bbox 3094 1413 3165 1460; x_wconf 92' lang='lat' dir='ltr'><strong>re</strong></span> <span class='ocrx_word' id='word_1_395' title='bbox 3202 1394 3267 1461; x_wconf 92' lang='lat' dir='ltr'><strong>in</strong></span> <span class='ocrx_word' id='word_1_396' title='bbox 3299 1398 3457 1462; x_wconf 92' lang='lat' dir='ltr'><strong>Pon-</strong></span> 
     </span>
     <span class='ocr_line' id='line_1_69' title="bbox 1867 1478 2491 1548; baseline -0.002 0"><span class='ocrx_word' id='word_1_397' title='bbox 1867 1479 2086 1548; x_wconf 80' lang='lat' dir='ltr'><strong>tificali</strong></span> <span class='ocrx_word' id='word_1_398' title='bbox 2133 1478 2491 1547; x_wconf 73' lang='lat' dir='ltr'><strong>habeatur?</strong></span> 
     </span>
    </p>

    <p class='ocr_par' dir='ltr' id='par_1_13' title="bbox 1865 1568 3461 2008">
     <span class='ocr_line' id='line_1_70' title="bbox 1997 1568 3457 1656; baseline -0.001 -19"><span class='ocrx_word' id='word_1_399' title='bbox 1997 1572 2160 1637; x_wconf 88' lang='lat' dir='ltr'><strong>Cum</strong></span> <span class='ocrx_word' id='word_1_400' title='bbox 2206 1580 2420 1636; x_wconf 87' lang='lat' dir='ltr'><strong>autem</strong></span> <span class='ocrx_word' id='word_1_401' title='bbox 2467 1568 3001 1656; x_wconf 73' lang='lat' dir='ltr'><strong>Arcbiepiscopus</strong></span> <span class='ocrx_word' id='word_1_402' title='bbox 3035 1568 3097 1635; x_wconf 91' lang='lat' dir='ltr'><strong>in</strong></span> <span class='ocrx_word' id='word_1_403' title='bbox 3128 1568 3457 1637; x_wconf 82' lang='lat' dir='ltr'><strong>Pontifica-</strong></span> 
     </span>
     <span class='ocr_line' id='line_1_71' title="bbox 1870 1655 3461 1756; baseline 0 -33"><span class='ocrx_word' id='word_1_404' title='bbox 1870 1656 2034 1724; x_wconf 82' lang='lat' dir='ltr'><strong>libus</strong></span> <span class='ocrx_word' id='word_1_405' title='bbox 2077 1675 2444 1724; x_wconf 89' lang='lat' dir='ltr'><strong>sermonem</strong></span> <span class='ocrx_word' id='word_1_406' title='bbox 2492 1656 2682 1723; x_wconf 88' lang='lat' dir='ltr'><strong>habet</strong></span> <span class='ocrx_word' id='word_1_407' title='bbox 2719 1657 2797 1724; x_wconf 92' lang='lat' dir='ltr'><strong>ad</strong></span> <span class='ocrx_word' id='word_1_408' title='bbox 2834 1655 3175 1756; x_wconf 85' lang='lat' dir='ltr'><strong>populum,</strong></span> <span class='ocrx_word' id='word_1_409' title='bbox 3210 1657 3461 1724; x_wconf 85' lang='lat' dir='ltr'><strong>recedit</strong></span> 
     </span>
     <span class='ocr_line' id='line_1_72' title="bbox 1865 1744 3458 1832; baseline 0.001 -23"><span class='ocrx_word' id='word_1_410' title='bbox 1865 1744 1943 1810; x_wconf 89' lang='lat' dir='ltr'><strong>ab</strong></span> <span class='ocrx_word' id='word_1_411' title='bbox 1987 1746 2203 1811; x_wconf 80' lang='lat' dir='ltr'><strong>Altare</strong></span> <span class='ocrx_word' id='word_1_412' title='bbox 2250 1744 2471 1811; x_wconf 90' lang='lat' dir='ltr'><strong>maiori</strong></span> <span class='ocrx_word' id='word_1_413' title='bbox 2521 1755 2613 1828; x_wconf 87' lang='lat' dir='ltr'><strong>et,</strong></span> <span class='ocrx_word' id='word_1_414' title='bbox 2664 1756 2735 1811; x_wconf 91' lang='lat' dir='ltr'><strong>ut</strong></span> <span class='ocrx_word' id='word_1_415' title='bbox 2780 1744 3026 1811; x_wconf 71' lang='lat' dir='ltr'><strong>facilius</strong></span> <span class='ocrx_word' id='word_1_416' title='bbox 3070 1744 3278 1811; x_wconf 88' lang='lat' dir='ltr'><strong>audiri</strong></span> <span class='ocrx_word' id='word_1_417' title='bbox 3308 1764 3458 1832; x_wconf 87' lang='lat' dir='ltr'><strong>pos·</strong></span> 
     </span>
     <span class='ocr_line' id='line_1_73' title="bbox 1867 1831 3460 1920; baseline 0.001 -22"><span class='ocrx_word' id='word_1_418' title='bbox 1867 1831 1975 1915; x_wconf 89' lang='lat' dir='ltr'><strong>sit,</strong></span> <span class='ocrx_word' id='word_1_419' title='bbox 2023 1832 2210 1899; x_wconf 80' lang='lat' dir='ltr'><strong>sedet</strong></span> <span class='ocrx_word' id='word_1_420' title='bbox 2256 1850 2402 1899; x_wconf 89' lang='lat' dir='ltr'><strong>cum</strong></span> <span class='ocrx_word' id='word_1_421' title='bbox 2449 1833 2742 1900; x_wconf 87' lang='lat' dir='ltr'><strong>omnibus</strong></span> <span class='ocrx_word' id='word_1_422' title='bbox 2789 1832 3224 1900; x_wconf 81' lang='lat' dir='ltr'><strong>assistentibus</strong></span> <span class='ocrx_word' id='word_1_423' title='bbox 3268 1852 3460 1920; x_wconf 84' lang='lat' dir='ltr'><strong>supra</strong></span> 
     </span>
     <span class='ocr_line' id='line_1_74' title="bbox 1868 1919 3461 2008; baseline 0 -22"><span class='ocrx_word' id='word_1_424' title='bbox 1868 1923 2104 2008; x_wconf 87' lang='lat' dir='ltr'><strong>gradus</strong></span> <span class='ocrx_word' id='word_1_425' title='bbox 2126 1921 2538 2007; x_wconf 87' lang='lat' dir='ltr'><strong>Presbyterii,</strong></span> <span class='ocrx_word' id='word_1_426' title='bbox 2571 1932 2749 2006; x_wconf 89' lang='lat' dir='ltr'><strong>terga</strong></span> <span class='ocrx_word' id='word_1_427' title='bbox 2772 1931 3034 1988; x_wconf 88' lang='lat' dir='ltr'><strong>vertens</strong></span> <span class='ocrx_word' id='word_1_428' title='bbox 3055 1919 3283 1987; x_wconf 79' lang='lat' dir='ltr'><strong>Alteri.</strong></span> <span class='ocrx_word' id='word_1_429' title='bbox 3305 1920 3461 1987; x_wconf 89' lang='lat' dir='ltr'><strong>lnde</strong></span> 
     </span>
    </p>

    <p class='ocr_par' dir='ltr' id='par_1_14' title="bbox 2002 2007 3464 2086">
     <span class='ocr_line' id='line_1_75' title="bbox 2002 2007 3464 2086; baseline -0.001 -10"><span class='ocrx_word' id='word_1_430' title='bbox 2002 2007 2275 2076; x_wconf 90' lang='lat' dir='ltr'><strong>Dubium</strong></span> <span class='ocrx_word' id='word_1_431' title='bbox 2308 2012 2413 2076; x_wconf 84' lang='lat' dir='ltr'><strong>lV.</strong></span> <span class='ocrx_word' id='word_1_432' title='bbox 2459 2011 2741 2086; x_wconf 87' lang='lat' dir='ltr'><strong>Quonam</strong></span> <span class='ocrx_word' id='word_1_433' title='bbox 2786 2010 2925 2075; x_wconf 90' lang='lat' dir='ltr'><strong>loco</strong></span> <span class='ocrx_word' id='word_1_434' title='bbox 2957 2008 3023 2074; x_wconf 88' lang='lat' dir='ltr'><strong>in</strong></span> <span class='ocrx_word' id='word_1_435' title='bbox 3055 2027 3201 2075; x_wconf 84' lang='lat' dir='ltr'><strong>casu</strong></span> <span class='ocrx_word' id='word_1_436' title='bbox 3231 2009 3464 2076; x_wconf 88' lang='lat' dir='ltr'><strong>sedere</strong></span> 
     </span>
    </p>

    <p class='ocr_par' dir='ltr' id='par_1_15' title="bbox 1869 2092 3466 3319">
     <span class='ocr_line' id='line_1_76' title="bbox 1869 2092 3463 2183; baseline -0.002 -17"><span class='ocrx_word' id='word_1_437' title='bbox 1869 2097 2146 2167; x_wconf 86' lang='lat' dir='ltr'><strong>debeant</strong></span> <span class='ocrx_word' id='word_1_438' title='bbox 2178 2097 2515 2183; x_wconf 78' lang='lat' dir='ltr'><strong>Presbyter</strong></span> <span class='ocrx_word' id='word_1_439' title='bbox 2546 2092 3144 2180; x_wconf 77' lang='lat' dir='ltr'><strong>assistens‚&#39;Diaconi</strong></span> <span class='ocrx_word' id='word_1_440' title='bbox 3175 2095 3463 2163; x_wconf 87' lang='lat' dir='ltr'><strong>assisten-</strong></span> 
     </span>
     <span class='ocr_line' id='line_1_77' title="bbox 1873 2181 3464 2267; baseline -0.002 -15"><span class='ocrx_word' id='word_1_441' title='bbox 1873 2197 1967 2252; x_wconf 88' lang='lat' dir='ltr'><strong>tes</strong></span> <span class='ocrx_word' id='word_1_442' title='bbox 1993 2233 2012 2267; x_wconf 87' lang='lat'><strong>,</strong></span> <span class='ocrx_word' id='word_1_443' title='bbox 2060 2185 2370 2251; x_wconf 89' lang='lat' dir='ltr'><strong>Diaconus</strong></span> <span class='ocrx_word' id='word_1_444' title='bbox 2430 2195 2496 2251; x_wconf 89' lang='lat' dir='ltr'><strong>et</strong></span> <span class='ocrx_word' id='word_1_445' title='bbox 2555 2183 2990 2251; x_wconf 77' lang='lat' dir='ltr'><strong>subdiaconus</strong></span> <span class='ocrx_word' id='word_1_446' title='bbox 3047 2181 3300 2251; x_wconf 71' lang='lat' dir='ltr'><strong>Officii?</strong></span> <span class='ocrx_word' id='word_1_447' title='bbox 3355 2182 3464 2251; x_wconf 84' lang='lat' dir='ltr'><strong>Vi·</strong></span> 
     </span>
     <span class='ocr_line' id='line_1_78' title="bbox 1872 2269 3458 2359; baseline -0.003 -18"><span class='ocrx_word' id='word_1_448' title='bbox 1872 2274 2066 2341; x_wconf 88' lang='lat' dir='ltr'><strong>detur</strong></span> <span class='ocrx_word' id='word_1_449' title='bbox 2111 2271 2559 2359; x_wconf 87' lang='lat' dir='ltr'><strong>Presbyterum</strong></span> <span class='ocrx_word' id='word_1_450' title='bbox 2616 2272 2694 2337; x_wconf 91' lang='lat' dir='ltr'><strong>ad</strong></span> <span class='ocrx_word' id='word_1_451' title='bbox 2755 2269 3087 2338; x_wconf 82' lang='lat' dir='ltr'><strong>dexteram</strong></span> <span class='ocrx_word' id='word_1_452' title='bbox 3134 2271 3458 2359; x_wconf 86' lang='lat' dir='ltr'><strong>Episcopi,</strong></span> 
     </span>
     <span class='ocr_line' id='line_1_79' title="bbox 1871 2359 3463 2429; baseline -0.001 -1"><span class='ocrx_word' id='word_1_453' title='bbox 1871 2361 2192 2429; x_wconf 88' lang='lat' dir='ltr'><strong>seniorem</strong></span> <span class='ocrx_word' id='word_1_454' title='bbox 2222 2362 2568 2426; x_wconf 89' lang='lat' dir='ltr'><strong>Diaconum</strong></span> <span class='ocrx_word' id='word_1_455' title='bbox 2599 2359 2993 2426; x_wconf 88' lang='lat' dir='ltr'><strong>assistentem</strong></span> <span class='ocrx_word' id='word_1_456' title='bbox 3023 2359 3100 2426; x_wconf 91' lang='lat' dir='ltr'><strong>ad</strong></span> <span class='ocrx_word' id='word_1_457' title='bbox 3127 2359 3463 2427; x_wconf 77' lang='lat' dir='ltr'><strong>dexteram</strong></span> 
     </span>
     <span class='ocr_line' id='line_1_80' title="bbox 1871 2445 3461 2537; baseline -0.003 -21"><span class='ocrx_word' id='word_1_458' title='bbox 1871 2448 2260 2537; x_wconf 83' lang='lat' dir='ltr'><strong>Presbyteri,</strong></span> <span class='ocrx_word' id='word_1_459' title='bbox 2296 2459 2362 2514; x_wconf 89' lang='lat' dir='ltr'><strong>et</strong></span> <span class='ocrx_word' id='word_1_460' title='bbox 2391 2447 2733 2515; x_wconf 84' lang='lat' dir='ltr'><strong>Diaconum</strong></span> <span class='ocrx_word' id='word_1_461' title='bbox 2780 2445 2967 2514; x_wconf 86' lang='lat' dir='ltr'><strong>officii</strong></span> <span class='ocrx_word' id='word_1_462' title='bbox 3016 2447 3093 2516; x_wconf 89' lang='lat' dir='ltr'><strong>ad</strong></span> <span class='ocrx_word' id='word_1_463' title='bbox 3125 2447 3461 2514; x_wconf 83' lang='lat' dir='ltr'><strong>dexteram</strong></span> 
     </span>
     <span class='ocr_line' id='line_1_81' title="bbox 1873 2534 3463 2622; baseline -0.003 -17"><span class='ocrx_word' id='word_1_464' title='bbox 1873 2536 2131 2605; x_wconf 88' lang='lat' dir='ltr'><strong>Diaconi</strong></span> <span class='ocrx_word' id='word_1_465' title='bbox 2177 2535 2558 2615; x_wconf 84' lang='lat' dir='ltr'><strong>assistentis;</strong></span> <span class='ocrx_word' id='word_1_466' title='bbox 2621 2534 2916 2602; x_wconf 88' lang='lat' dir='ltr'><strong>similiter</strong></span> <span class='ocrx_word' id='word_1_467' title='bbox 2974 2553 3055 2601; x_wconf 80' lang='lat' dir='ltr'><strong>ex</strong></span> <span class='ocrx_word' id='word_1_468' title='bbox 3114 2534 3232 2601; x_wconf 90' lang='lat' dir='ltr'><strong>alia</strong></span> <span class='ocrx_word' id='word_1_469' title='bbox 3277 2545 3463 2622; x_wconf 87' lang='lat' dir='ltr'><strong>parte</strong></span> 
     </span>
     <span class='ocr_line' id='line_1_82' title="bbox 1873 2621 3462 2710; baseline -0.001 -19"><span class='ocrx_word' id='word_1_470' title='bbox 1873 2626 1950 2693; x_wconf 91' lang='lat' dir='ltr'><strong>ad</strong></span> <span class='ocrx_word' id='word_1_471' title='bbox 1996 2622 2313 2691; x_wconf 86' lang='lat' dir='ltr'><strong>sinistram</strong></span> <span class='ocrx_word' id='word_1_472' title='bbox 2371 2621 2666 2710; x_wconf 86' lang='lat' dir='ltr'><strong>Episcopi</strong></span> <span class='ocrx_word' id='word_1_473' title='bbox 2732 2622 3046 2690; x_wconf 89' lang='lat' dir='ltr'><strong>iuniorem</strong></span> <span class='ocrx_word' id='word_1_474' title='bbox 3118 2622 3462 2690; x_wconf 90' lang='lat' dir='ltr'><strong>Diaconum</strong></span> 
     </span>
     <span class='ocr_line' id='line_1_83' title="bbox 1877 2710 3465 2797; baseline -0.001 -19"><span class='ocrx_word' id='word_1_475' title='bbox 1877 2713 2302 2797; x_wconf 87' lang='lat' dir='ltr'><strong>assistentem,</strong></span> <span class='ocrx_word' id='word_1_476' title='bbox 2354 2723 2417 2779; x_wconf 88' lang='lat' dir='ltr'><strong>et</strong></span> <span class='ocrx_word' id='word_1_477' title='bbox 2461 2712 2539 2779; x_wconf 89' lang='lat' dir='ltr'><strong>ad</strong></span> <span class='ocrx_word' id='word_1_478' title='bbox 2584 2710 2774 2779; x_wconf 88' lang='lat' dir='ltr'><strong>huius</strong></span> <span class='ocrx_word' id='word_1_479' title='bbox 2819 2711 3132 2778; x_wconf 86' lang='lat' dir='ltr'><strong>sinistram</strong></span> <span class='ocrx_word' id='word_1_480' title='bbox 3197 2711 3465 2780; x_wconf 86' lang='lat' dir='ltr'><strong>Subdia-</strong></span> 
     </span>
     <span class='ocr_line' id='line_1_84' title="bbox 1875 2798 3055 2868; baseline -0.002 -1"><span class='ocrx_word' id='word_1_481' title='bbox 1875 2818 2111 2868; x_wconf 91' lang='lat' dir='ltr'><strong>conum</strong></span> <span class='ocrx_word' id='word_1_482' title='bbox 2153 2798 2349 2868; x_wconf 85' lang='lat' dir='ltr'><strong>Officii</strong></span> <span class='ocrx_word' id='word_1_483' title='bbox 2396 2819 2467 2867; x_wconf 88' lang='lat' dir='ltr'><strong>se</strong></span> <span class='ocrx_word' id='word_1_484' title='bbox 2513 2799 2739 2866; x_wconf 87' lang='lat' dir='ltr'><strong>sistere</strong></span> <span class='ocrx_word' id='word_1_485' title='bbox 2788 2798 3055 2866; x_wconf 88' lang='lat' dir='ltr'><strong>debere.</strong></span> 
     </span>
     <span class='ocr_line' id='line_1_85' title="bbox 2006 2886 3464 2976; baseline -0.003 -20"><span class='ocrx_word' id='word_1_486' title='bbox 2006 2891 2191 2956; x_wconf 90' lang='lat' dir='ltr'><strong>Sacra</strong></span> <span class='ocrx_word' id='word_1_487' title='bbox 2235 2906 2391 2954; x_wconf 87' lang='lat' dir='ltr'><strong>vero</strong></span> <span class='ocrx_word' id='word_1_488' title='bbox 2440 2887 2665 2955; x_wconf 88' lang='lat' dir='ltr'><strong>eadem</strong></span> <span class='ocrx_word' id='word_1_489' title='bbox 2706 2886 3268 2976; x_wconf 80' lang='lat' dir='ltr'><strong>Congregati0,.ad</strong></span> <span class='ocrx_word' id='word_1_490' title='bbox 3301 2886 3464 2953; x_wconf 87' lang='lat' dir='ltr'><strong>rela-</strong></span> 
     </span>
     <span class='ocr_line' id='line_1_86' title="bbox 1878 2974 3464 3063; baseline -0.003 -19"><span class='ocrx_word' id='word_1_491' title='bbox 1878 2979 2120 3045; x_wconf 89' lang='lat' dir='ltr'><strong>tionem</strong></span> <span class='ocrx_word' id='word_1_492' title='bbox 2167 2975 2505 3063; x_wconf 88' lang='lat' dir='ltr'><strong>subscripti</strong></span> <span class='ocrx_word' id='word_1_493' title='bbox 2560 2975 2939 3059; x_wconf 89' lang='lat' dir='ltr'><strong>Secretarii,</strong></span> <span class='ocrx_word' id='word_1_494' title='bbox 3002 2976 3212 3045; x_wconf 88' lang='lat' dir='ltr'><strong>audita</strong></span> <span class='ocrx_word' id='word_1_495' title='bbox 3275 2974 3464 3042; x_wconf 88' lang='lat' dir='ltr'><strong>etiam</strong></span> 
     </span>
     <span class='ocr_line' id='line_1_87' title="bbox 1874 3063 3466 3149; baseline -0.003 -16"><span class='ocrx_word' id='word_1_496' title='bbox 1874 3065 2189 3133; x_wconf 89' lang='lat' dir='ltr'><strong>sententia</strong></span> <span class='ocrx_word' id='word_1_497' title='bbox 2235 3063 2496 3131; x_wconf 86' lang='lat' dir='ltr'><strong>alterius</strong></span> <span class='ocrx_word' id='word_1_498' title='bbox 2544 3082 2625 3130; x_wconf 81' lang='lat' dir='ltr'><strong>ex</strong></span> <span class='ocrx_word' id='word_1_499' title='bbox 2670 3063 3178 3149; x_wconf 79' lang='lat' dir='ltr'><strong>Apostolicarum</strong></span> <span class='ocrx_word' id='word_1_500' title='bbox 3236 3067 3466 3132; x_wconf 84' lang='lat' dir='ltr'><strong>Caere·</strong></span> 
     </span>
     <span class='ocr_line' id='line_1_88' title="bbox 1878 3151 3463 3239; baseline -0.003 -19"><span class='ocrx_word' id='word_1_501' title='bbox 1878 3151 2231 3221; x_wconf 89' lang='lat' dir='ltr'><strong>moniarum</strong></span> <span class='ocrx_word' id='word_1_502' title='bbox 2262 3151 2594 3239; x_wconf 69' lang='lat' dir='ltr'><strong>Magistris,</strong></span> <span class='ocrx_word' id='word_1_503' title='bbox 2625 3169 2696 3218; x_wconf 92' lang='lat' dir='ltr'><strong>ac</strong></span> <span class='ocrx_word' id='word_1_504' title='bbox 2729 3170 2800 3217; x_wconf 93' lang='lat' dir='ltr'><strong>re</strong></span> <span class='ocrx_word' id='word_1_505' title='bbox 2833 3160 3081 3218; x_wconf 88' lang='lat' dir='ltr'><strong>mature</strong></span> <span class='ocrx_word' id='word_1_506' title='bbox 3118 3169 3463 3238; x_wconf 88' lang='lat' dir='ltr'><strong>perpensa,</strong></span> 
     </span>
     <span class='ocr_line' id='line_1_89' title="bbox 1879 3237 2769 3319; baseline -0.002 -11"><span class='ocrx_word' id='word_1_507' title='bbox 1879 3240 2366 3309; x_wconf 88' lang='lat' dir='ltr'><strong>rescribendum</strong></span> <span class='ocrx_word' id='word_1_508' title='bbox 2413 3237 2697 3307; x_wconf 81' lang='lat' dir='ltr'><strong>censuit:</strong></span> <span class='ocrx_word' id='word_1_509' title='bbox 2766 3310 2769 3319; x_wconf 61' lang='grc'>,</span> 
     </span>
    </p>

    <p class='ocr_par' dir='ltr' id='par_1_16' title="bbox 1878 3326 3466 3504">
     <span class='ocr_line' id='line_1_90' title="bbox 2007 3326 3466 3412; baseline -0.002 -17"><span class='ocrx_word' id='word_1_510' title='bbox 2007 3328 2104 3396; x_wconf 73' lang='lat' dir='ltr'><strong>Ad</strong></span> <span class='ocrx_word' id='word_1_511' title='bbox 2153 3332 2200 3396; x_wconf 93' lang='grc'><strong>1.</strong></span> <span class='ocrx_word' id='word_1_512' title='bbox 2251 3349 2290 3393; x_wconf 67' lang='grc' dir='ltr'>ι</span> <span class='ocrx_word' id='word_1_513' title='bbox 2323 3333 2392 3396; x_wconf 85' lang='lat' dir='ltr'><strong>ln</strong></span> <span class='ocrx_word' id='word_1_514' title='bbox 2450 3327 2753 3395; x_wconf 82' lang='lat' dir='ltr'><strong>oleorum</strong></span> <span class='ocrx_word' id='word_1_515' title='bbox 2812 3326 3328 3412; x_wconf 88' lang='lat' dir='ltr'><strong>consecratione,</strong></span> <span class='ocrx_word' id='word_1_516' title='bbox 3392 3345 3466 3392; x_wconf 89' lang='lat' dir='ltr'><strong>ea</strong></span> 
     </span>
     <span class='ocr_line' id='line_1_91' title="bbox 1878 3413 3466 3504; baseline -0.003 -20"><span class='ocrx_word' id='word_1_517' title='bbox 1878 3436 2040 3504; x_wconf 86' lang='lat' dir='ltr'><strong>quae</strong></span> <span class='ocrx_word' id='word_1_518' title='bbox 2088 3416 2451 3485; x_wconf 84' lang='lat' dir='ltr'><strong>Pontificale</strong></span> <span class='ocrx_word' id='word_1_519' title='bbox 2483 3415 2706 3482; x_wconf 86' lang='lat' dir='ltr'><strong>tribuit</strong></span> <span class='ocrx_word' id='word_1_520' title='bbox 2735 3414 3219 3498; x_wconf 73' lang='lat' dir='ltr'><strong>Archidiacono,</strong></span> <span class='ocrx_word' id='word_1_521' title='bbox 3256 3413 3333 3480; x_wconf 87' lang='lat' dir='ltr'><strong>ab</strong></span> <span class='ocrx_word' id='word_1_522' title='bbox 3364 3433 3466 3481; x_wconf 91' lang='lat' dir='ltr'><strong>eo·</strong></span> 
     </span>
    </p>
   </div>
   <div class='ocr_carea' id='block_1_8' title="bbox 1777 3500 3468 3591">
    <p class='ocr_par' dir='ltr' id='par_1_17' title="bbox 1777 3500 3468 3591">
     <span class='ocr_line' id='line_1_92' title="bbox 1777 3500 3468 3591; baseline -0.002 -19"><span class='ocrx_word' id='word_1_523' title='bbox 1777 3530 1782 3541; x_wconf 90' lang='lat'><em>·</em></span> <span class='ocrx_word' id='word_1_524' title='bbox 1877 3509 2030 3573; x_wconf 88' lang='lat' dir='ltr'><strong>dem</strong></span> <span class='ocrx_word' id='word_1_525' title='bbox 2074 3515 2453 3584; x_wconf 81' lang='lat' dir='ltr'><strong>serventur3</strong></span> <span class='ocrx_word' id='word_1_526' title='bbox 2500 3522 2662 3589; x_wconf 85' lang='lat' dir='ltr'><strong>quae</strong></span> <span class='ocrx_word' id='word_1_527' title='bbox 2709 3521 2862 3569; x_wconf 86' lang='lat' dir='ltr'><strong>vero</strong></span> <span class='ocrx_word' id='word_1_528' title='bbox 2911 3502 3027 3591; x_wconf 86' lang='lat' dir='ltr'><strong>ipsi</strong></span> <span class='ocrx_word' id='word_1_529' title='bbox 3074 3520 3202 3568; x_wconf 94' lang='lat' dir='ltr'><strong>non</strong></span> <span class='ocrx_word' id='word_1_530' title='bbox 3264 3500 3468 3570; x_wconf 90' lang='lat' dir='ltr'><strong>tribu·</strong></span> 
     </span>
    </p>
   </div>
   <div class='ocr_carea' id='block_1_9' title="bbox 1876 3591 3474 5070">
    <p class='ocr_par' dir='ltr' id='par_1_18' title="bbox 1881 3591 3282 3681">
     <span class='ocr_line' id='line_1_93' title="bbox 1881 3591 3282 3681; baseline -0.004 -19"><span class='ocrx_word' id='word_1_531' title='bbox 1881 3604 2101 3675; x_wconf 86' lang='lat' dir='ltr'><strong>untur,</strong></span> <span class='ocrx_word' id='word_1_532' title='bbox 2151 3602 2440 3681; x_wconf 87' lang='lat' dir='ltr'><strong>spectant</strong></span> <span class='ocrx_word' id='word_1_533' title='bbox 2467 3593 2542 3658; x_wconf 90' lang='lat' dir='ltr'><strong>ad</strong></span> <span class='ocrx_word' id='word_1_534' title='bbox 2576 3591 2920 3658; x_wconf 91' lang='lat' dir='ltr'><strong>Diaconum</strong></span> <span class='ocrx_word' id='word_1_535' title='bbox 2964 3591 3185 3656; x_wconf 68' lang='lat' dir='ltr'><strong>Missae</strong></span> <span class='ocrx_word' id='word_1_536' title='bbox 3218 3612 3282 3657; x_wconf 59' lang='grc' dir='ltr'><strong>ν.</strong></span> 
     </span>
    </p>

    <p class='ocr_par' dir='ltr' id='par_1_19' title="bbox 1876 3676 3469 4454">
     <span class='ocr_line' id='line_1_94' title="bbox 2008 3676 3467 3767; baseline -0.001 -20"><span class='ocrx_word' id='word_1_537' title='bbox 2008 3681 2107 3748; x_wconf 80' lang='lat' dir='ltr'><strong>Ad</strong></span> <span class='ocrx_word' id='word_1_538' title='bbox 2156 3685 2233 3748; x_wconf 88' lang='lat' dir='ltr'><strong>ll.</strong></span> <span class='ocrx_word' id='word_1_539' title='bbox 2294 3701 2333 3745; x_wconf 67' lang='grc' dir='ltr'>ι</span> <span class='ocrx_word' id='word_1_540' title='bbox 2384 3680 2731 3767; x_wconf 84' lang='lat' dir='ltr'><strong>Episcopus</strong></span> <span class='ocrx_word' id='word_1_541' title='bbox 2792 3677 2860 3746; x_wconf 92' lang='lat' dir='ltr'><strong>in</strong></span> <span class='ocrx_word' id='word_1_542' title='bbox 2926 3676 3094 3747; x_wconf 88' lang='lat' dir='ltr'><strong>dicta</strong></span> <span class='ocrx_word' id='word_1_543' title='bbox 3159 3679 3467 3745; x_wconf 87' lang='lat' dir='ltr'><strong>Oleorum</strong></span> 
     </span>
     <span class='ocr_line' id='line_1_95' title="bbox 1881 3765 3467 3842; baseline -0.004 -5"><span class='ocrx_word' id='word_1_544' title='bbox 1881 3768 2355 3837; x_wconf 87' lang='lat' dir='ltr'><strong>consecratione</strong></span> <span class='ocrx_word' id='word_1_545' title='bbox 2414 3767 2664 3835; x_wconf 89' lang='lat' dir='ltr'><strong>medius</strong></span> <span class='ocrx_word' id='word_1_546' title='bbox 2721 3776 2846 3833; x_wconf 87' lang='lat' dir='ltr'><strong>stet</strong></span> <span class='ocrx_word' id='word_1_547' title='bbox 2903 3765 3072 3842; x_wconf 88' lang='lat' dir='ltr'><strong>inter</strong></span> <span class='ocrx_word' id='word_1_548' title='bbox 3116 3766 3467 3835; x_wconf 88' lang='lat' dir='ltr'><strong>Diaconum</strong></span> 
     </span>
     <span class='ocr_line' id='line_1_96' title="bbox 1879 3854 3469 3942; baseline -0.002 -17"><span class='ocrx_word' id='word_1_549' title='bbox 1879 3869 1944 3925; x_wconf 95' lang='lat' dir='ltr'><strong>et</strong></span> <span class='ocrx_word' id='word_1_550' title='bbox 1992 3856 2461 3925; x_wconf 89' lang='lat' dir='ltr'><strong>Subdiaconum</strong></span> <span class='ocrx_word' id='word_1_551' title='bbox 2522 3855 2776 3942; x_wconf 72' lang='lat' dir='ltr'><strong>Missae3</strong></span> <span class='ocrx_word' id='word_1_552' title='bbox 2834 3854 3330 3922; x_wconf 79' lang='lat' dir='ltr'><strong>Archidiaconus</strong></span> <span class='ocrx_word' id='word_1_553' title='bbox 3390 3854 3469 3922; x_wconf 91' lang='lat' dir='ltr'><strong>ad</strong></span> 
     </span>
     <span class='ocr_line' id='line_1_97' title="bbox 1879 3941 3467 4030; baseline -0.003 -19"><span class='ocrx_word' id='word_1_554' title='bbox 1879 3946 2040 4013; x_wconf 89' lang='lat' dir='ltr'><strong>latus</strong></span> <span class='ocrx_word' id='word_1_555' title='bbox 2088 3943 2494 4028; x_wconf 88' lang='lat' dir='ltr'><strong>Subdiaconi,</strong></span> <span class='ocrx_word' id='word_1_556' title='bbox 2542 3961 2779 4030; x_wconf 86' lang='lat' dir='ltr'><strong>nempe</strong></span> <span class='ocrx_word' id='word_1_557' title='bbox 2825 3943 2904 4009; x_wconf 87' lang='lat' dir='ltr'><strong>ad</strong></span> <span class='ocrx_word' id='word_1_558' title='bbox 2950 3941 3270 4009; x_wconf 84' lang='lat' dir='ltr'><strong>sinistram</strong></span> <span class='ocrx_word' id='word_1_559' title='bbox 3317 3941 3467 4028; x_wconf 87' lang='lat' dir='ltr'><strong>Epi·</strong></span> 
     </span>
     <span class='ocr_line' id='line_1_98' title="bbox 1876 4028 3467 4122; baseline -0.003 -22"><span class='ocrx_word' id='word_1_560' title='bbox 1876 4033 2082 4121; x_wconf 90' lang='lat' dir='ltr'><strong>scopi,</strong></span> <span class='ocrx_word' id='word_1_561' title='bbox 2132 4043 2205 4099; x_wconf 90' lang='lat' dir='ltr'><strong>ut</strong></span> <span class='ocrx_word' id='word_1_562' title='bbox 2252 4032 2593 4100; x_wconf 89' lang='lat' dir='ltr'><strong>commode</strong></span> <span class='ocrx_word' id='word_1_563' title='bbox 2632 4030 2830 4122; x_wconf 87' lang='lat' dir='ltr'><strong>possit</strong></span> <span class='ocrx_word' id='word_1_564' title='bbox 2882 4048 3138 4096; x_wconf 87' lang='lat' dir='ltr'><strong>sumere</strong></span> <span class='ocrx_word' id='word_1_565' title='bbox 3199 4050 3233 4094; x_wconf 91' lang='lat' dir='ltr'><strong>a</strong></span> <span class='ocrx_word' id='word_1_566' title='bbox 3292 4028 3467 4097; x_wconf 73' lang='lat' dir='ltr'><strong>nini-</strong></span> 
     </span>
     <span class='ocr_line' id='line_1_99' title="bbox 1877 4114 3468 4189; baseline -0.003 -2"><span class='ocrx_word' id='word_1_567' title='bbox 1877 4121 2023 4189; x_wconf 88' lang='lat' dir='ltr'><strong>stris</strong></span> <span class='ocrx_word' id='word_1_568' title='bbox 2068 4140 2211 4187; x_wconf 84' lang='lat' dir='ltr'><strong>vasa</strong></span> <span class='ocrx_word' id='word_1_569' title='bbox 2254 4121 2555 4188; x_wconf 86' lang='lat' dir='ltr'><strong>Oleorum</strong></span> <span class='ocrx_word' id='word_1_570' title='bbox 2602 4132 2666 4185; x_wconf 88' lang='lat' dir='ltr'><strong>et</strong></span> <span class='ocrx_word' id='word_1_571' title='bbox 2724 4117 2987 4185; x_wconf 86' lang='lat' dir='ltr'><strong>Librum</strong></span> <span class='ocrx_word' id='word_1_572' title='bbox 3049 4136 3166 4184; x_wconf 89' lang='lat' dir='ltr'><strong>seu</strong></span> <span class='ocrx_word' id='word_1_573' title='bbox 3212 4114 3468 4184; x_wconf 78' lang='lat' dir='ltr'><strong>Pontifi-</strong></span> 
     </span>
     <span class='ocr_line' id='line_1_100' title="bbox 1878 4206 3468 4289; baseline -0.003 -13"><span class='ocrx_word' id='word_1_574' title='bbox 1878 4210 2053 4289; x_wconf 88' lang='lat' dir='ltr'><strong>cale;</strong></span> <span class='ocrx_word' id='word_1_575' title='bbox 2102 4209 2354 4276; x_wconf 89' lang='lat' dir='ltr'><strong>Diaconi</strong></span> <span class='ocrx_word' id='word_1_576' title='bbox 2402 4228 2556 4276; x_wconf 90' lang='lat' dir='ltr'><strong>vero</strong></span> <span class='ocrx_word' id='word_1_577' title='bbox 2600 4208 2968 4273; x_wconf 87' lang='lat' dir='ltr'><strong>assistentes</strong></span> <span class='ocrx_word' id='word_1_578' title='bbox 2996 4215 3290 4273; x_wconf 89' lang='lat' dir='ltr'><strong>maneant</strong></span> <span class='ocrx_word' id='word_1_579' title='bbox 3320 4206 3468 4273; x_wconf 85' lang='lat' dir='ltr'><strong>binc</strong></span> 
     </span>
     <span class='ocr_line' id='line_1_101' title="bbox 1880 4292 3469 4380; baseline -0.002 -18"><span class='ocrx_word' id='word_1_580' title='bbox 1880 4297 2031 4364; x_wconf 90' lang='lat' dir='ltr'><strong>inde</strong></span> <span class='ocrx_word' id='word_1_581' title='bbox 2054 4300 2132 4365; x_wconf 89' lang='lat' dir='ltr'><strong>ad</strong></span> <span class='ocrx_word' id='word_1_582' title='bbox 2165 4299 2326 4365; x_wconf 89' lang='lat' dir='ltr'><strong>latus</strong></span> <span class='ocrx_word' id='word_1_583' title='bbox 2353 4296 2604 4380; x_wconf 77' lang='lat' dir='ltr'><strong>Altaris,</strong></span> <span class='ocrx_word' id='word_1_584' title='bbox 2633 4294 2922 4362; x_wconf 84' lang='lat' dir='ltr'><strong>manibus</strong></span> <span class='ocrx_word' id='word_1_585' title='bbox 2948 4292 3207 4377; x_wconf 91' lang='lat' dir='ltr'><strong>iunctis,</strong></span> <span class='ocrx_word' id='word_1_586' title='bbox 3230 4303 3469 4360; x_wconf 86' lang='lat' dir='ltr'><strong>stantes</strong></span> 
     </span>
     <span class='ocr_line' id='line_1_102' title="bbox 1881 4382 3206 4454; baseline -0.003 -3"><span class='ocrx_word' id='word_1_587' title='bbox 1881 4396 2096 4452; x_wconf 83' lang='lat' dir='ltr'><strong>tamen</strong></span> <span class='ocrx_word' id='word_1_588' title='bbox 2143 4396 2206 4452; x_wconf 89' lang='lat' dir='ltr'><strong>et</strong></span> <span class='ocrx_word' id='word_1_589' title='bbox 2251 4388 2727 4454; x_wconf 89' lang='lat' dir='ltr'><strong>Sacramentum</strong></span> <span class='ocrx_word' id='word_1_590' title='bbox 2775 4382 3111 4449; x_wconf 90' lang='lat' dir='ltr'><strong>adorantes</strong></span> <span class='ocrx_word' id='word_1_591' title='bbox 3144 4401 3206 4446; x_wconf 65' lang='lat' dir='ltr'><strong>a.</strong></span> 
     </span>
    </p>

    <p class='ocr_par' dir='ltr' id='par_1_20' title="bbox 2012 4470 3246 4541">
     <span class='ocr_line' id='line_1_103' title="bbox 2012 4470 3246 4541; baseline -0.005 -1"><span class='ocrx_word' id='word_1_592' title='bbox 2012 4473 2112 4541; x_wconf 83' lang='lat' dir='ltr'><strong>Ad</strong></span> <span class='ocrx_word' id='word_1_593' title='bbox 2155 4477 2258 4541; x_wconf 88' lang='grc'><strong>111.</strong></span> <span class='ocrx_word' id='word_1_594' title='bbox 2304 4490 2346 4537; x_wconf 73' lang='grc' dir='ltr'><strong>ιι</strong></span> <span class='ocrx_word' id='word_1_595' title='bbox 2378 4472 2706 4539; x_wconf 86' lang='lat' dir='ltr'><strong>Provisum</strong></span> <span class='ocrx_word' id='word_1_596' title='bbox 2752 4470 2816 4537; x_wconf 91' lang='lat' dir='ltr'><strong>in</strong></span> <span class='ocrx_word' id='word_1_597' title='bbox 2863 4470 3147 4538; x_wconf 89' lang='lat' dir='ltr'><strong>secundo</strong></span> <span class='ocrx_word' id='word_1_598' title='bbox 3182 4491 3246 4535; x_wconf 59' lang='grc' dir='ltr'><strong>ι.</strong></span> 
     </span>
    </p>

    <p class='ocr_par' dir='ltr' id='par_1_21' title="bbox 1883 4558 3471 4893">
     <span class='ocr_line' id='line_1_104' title="bbox 2013 4558 3470 4647; baseline -0.003 -20"><span class='ocrx_word' id='word_1_599' title='bbox 2013 4561 2110 4628; x_wconf 85' lang='lat' dir='ltr'><strong>Ad</strong></span> <span class='ocrx_word' id='word_1_600' title='bbox 2157 4564 2265 4629; x_wconf 79' lang='lat' dir='ltr'><strong>IV.</strong></span> <span class='ocrx_word' id='word_1_601' title='bbox 2312 4581 2351 4625; x_wconf 67' lang='grc' dir='ltr'>ι</span> <span class='ocrx_word' id='word_1_602' title='bbox 2387 4562 2697 4629; x_wconf 83' lang='lat' dir='ltr'><strong>Servetur</strong></span> <span class='ocrx_word' id='word_1_603' title='bbox 2741 4558 3076 4647; x_wconf 89' lang='lat' dir='ltr'><strong>dispositio</strong></span> <span class='ocrx_word' id='word_1_604' title='bbox 3134 4561 3470 4626; x_wconf 78' lang='lat' dir='ltr'><strong>caeremo-</strong></span> 
     </span>
     <span class='ocr_line' id='line_1_105' title="bbox 1883 4645 3470 4737; baseline -0.003 -20"><span class='ocrx_word' id='word_1_605' title='bbox 1883 4649 2064 4717; x_wconf 89' lang='lat' dir='ltr'><strong>nialis</strong></span> <span class='ocrx_word' id='word_1_606' title='bbox 2132 4651 2596 4737; x_wconf 88' lang='lat' dir='ltr'><strong>Episcoporum</strong></span> <span class='ocrx_word' id='word_1_607' title='bbox 2666 4645 2782 4713; x_wconf 88' lang='lat' dir='ltr'><strong>lib.</strong></span> <span class='ocrx_word' id='word_1_608' title='bbox 2831 4651 2900 4730; x_wconf 80' lang='lat'><strong>2,</strong></span> <span class='ocrx_word' id='word_1_609' title='bbox 2956 4666 3100 4735; x_wconf 86' lang='lat' dir='ltr'><strong>cap.</strong></span> <span class='ocrx_word' id='word_1_610' title='bbox 3160 4649 3226 4730; x_wconf 85' lang='lat'><strong>8,</strong></span> <span class='ocrx_word' id='word_1_611' title='bbox 3288 4646 3327 4729; x_wconf 65' lang='lat' dir='ltr'><strong>g</strong></span> <span class='ocrx_word' id='word_1_612' title='bbox 3384 4648 3470 4712; x_wconf 72' lang='lat'><strong>48</strong></span> 
     </span>
     <span class='ocr_line' id='line_1_106' title="bbox 1884 4732 3471 4825; baseline -0.004 -21"><span class='ocrx_word' id='word_1_613' title='bbox 1884 4749 1945 4804; x_wconf 88' lang='lat' dir='ltr'><strong>et</strong></span> <span class='ocrx_word' id='word_1_614' title='bbox 1982 4740 2091 4822; x_wconf 75' lang='lat'><strong>49,</strong></span> <span class='ocrx_word' id='word_1_615' title='bbox 2126 4748 2270 4825; x_wconf 88' lang='lat' dir='ltr'><strong>post</strong></span> <span class='ocrx_word' id='word_1_616' title='bbox 2316 4734 2738 4823; x_wconf 89' lang='lat' dir='ltr'><strong>Evangelium</strong></span> <span class='ocrx_word' id='word_1_617' title='bbox 2766 4735 2988 4803; x_wconf 67' lang='lat' dir='ltr'><strong>Hissae</strong></span> <span class='ocrx_word' id='word_1_618' title='bbox 3016 4732 3319 4801; x_wconf 89' lang='lat' dir='ltr'><strong>solemnis</strong></span> <span class='ocrx_word' id='word_1_619' title='bbox 3359 4751 3471 4822; x_wconf 89' lang='lat' dir='ltr'><strong>po·</strong></span> 
     </span>
     <span class='ocr_line' id='line_1_107' title="bbox 1884 4826 2096 4893; baseline 0 -2"><span class='ocrx_word' id='word_1_620' title='bbox 1884 4826 2000 4893; x_wconf 84' lang='lat' dir='ltr'><strong>sita</strong></span> <span class='ocrx_word' id='word_1_621' title='bbox 2034 4849 2096 4891; x_wconf 60' lang='grc' dir='ltr'><strong>ν.</strong></span> 
     </span>
    </p>

    <p class='ocr_par' dir='ltr' id='par_1_22' title="bbox 1882 4908 3474 5070">
     <span class='ocr_line' id='line_1_108' title="bbox 2015 4908 3474 5000; baseline -0.002 -21"><span class='ocrx_word' id='word_1_622' title='bbox 2015 4916 2226 5000; x_wconf 77' lang='lat' dir='ltr'><strong>Atque</strong></span> <span class='ocrx_word' id='word_1_623' title='bbox 2272 4912 2354 4980; x_wconf 89' lang='lat' dir='ltr'><strong>ita</strong></span> <span class='ocrx_word' id='word_1_624' title='bbox 2404 4910 2765 5000; x_wconf 82' lang='lat' dir='ltr'><strong>rescripsit,</strong></span> <span class='ocrx_word' id='word_1_625' title='bbox 2813 4908 3160 4979; x_wconf 89' lang='lat' dir='ltr'><strong>declaravit</strong></span> <span class='ocrx_word' id='word_1_626' title='bbox 3221 4918 3287 4974; x_wconf 88' lang='lat' dir='ltr'><strong>et</strong></span> <span class='ocrx_word' id='word_1_627' title='bbox 3339 4930 3474 4978; x_wconf 87' lang='lat' dir='ltr'><strong>ser-</strong></span> 
     </span>
     <span class='ocr_line' id='line_1_109' title="bbox 1882 5000 2410 5070; baseline -0.002 -1"><span class='ocrx_word' id='word_1_628' title='bbox 1882 5002 2014 5069; x_wconf 87' lang='lat' dir='ltr'><strong>vari</strong></span> <span class='ocrx_word' id='word_1_629' title='bbox 2066 5000 2410 5070; x_wconf 86' lang='lat' dir='ltr'><strong>mandavit.</strong></span> 
     </span>
    </p>
   </div>
   <div class='ocr_carea' id='block_1_10' title="bbox 2017 5088 2754 5159">
    <p class='ocr_par' dir='ltr' id='par_1_23' title="bbox 2017 5088 2754 5159">
     <span class='ocr_line' id='line_1_110' title="bbox 2017 5088 2754 5159; baseline -0.007 -2"><span class='ocrx_word' id='word_1_630' title='bbox 2017 5090 2129 5157; x_wconf 75' lang='lat' dir='ltr'><strong>Die</strong></span> <span class='ocrx_word' id='word_1_631' title='bbox 2178 5092 2263 5159; x_wconf 75' lang='lat'><strong>20</strong></span> <span class='ocrx_word' id='word_1_632' title='bbox 2308 5088 2509 5157; x_wconf 66' lang='lat' dir='ltr'><strong>Martii</strong></span> <span class='ocrx_word' id='word_1_633' title='bbox 2562 5091 2754 5156; x_wconf 86' lang='grc'><strong>1869.</strong></span> 
     </span>
    </p>
   </div>
   <div class='ocr_carea' id='block_1_11' title="bbox 1887 5228 3476 5315">
    <p class='ocr_par' dir='ltr' id='par_1_24' title="bbox 1887 5228 3476 5315">
     <span class='ocr_line' id='line_1_111' title="bbox 1887 5228 3476 5315; baseline -0.003 -16"><span class='ocrx_word' id='word_1_634' title='bbox 1887 5230 2150 5299; x_wconf 81' lang='lat'><strong>3203.</strong></span> <span class='ocrx_word' id='word_1_635' title='bbox 2432 5229 2935 5295; x_wconf 61' lang='lat' dir='ltr'><strong>insomnem.</strong></span> <span class='ocrx_word' id='word_1_636' title='bbox 3249 5228 3476 5315; x_wconf 71' lang='lat' dir='ltr'><strong>(stas)</strong></span> 
     </span>
    </p>
   </div>
   <div class='ocr_carea' id='block_1_12' title="bbox 1883 5347 3473 5530">
    <p class='ocr_par' dir='ltr' id='par_1_25' title="bbox 1883 5347 3473 5530">
     <span class='ocr_line' id='line_1_112' title="bbox 2014 5347 3473 5452; baseline -0.005 -30"><span class='ocrx_word' id='word_1_637' title='bbox 2014 5356 2176 5421; x_wconf 85' lang='lat' dir='ltr'><strong>Cum</strong></span> <span class='ocrx_word' id='word_1_638' title='bbox 2247 5353 2325 5420; x_wconf 88' lang='lat' dir='ltr'><strong>ab</strong></span> <span class='ocrx_word' id='word_1_639' title='bbox 2383 5351 2655 5452; x_wconf 74' lang='lat' dir='ltr'><strong>antiquo</strong></span> <span class='ocrx_word' id='word_1_640' title='bbox 2707 5361 3001 5452; x_wconf 72' lang='lat' dir='ltr'><strong>tempore</strong></span> <span class='ocrx_word' id='word_1_641' title='bbox 3066 5349 3130 5416; x_wconf 91' lang='lat' dir='ltr'><strong>in</strong></span> <span class='ocrx_word' id='word_1_642' title='bbox 3190 5347 3473 5451; x_wconf 75' lang='lat' dir='ltr'><strong>Ecclesia</strong></span> 
     </span>
     <span class='ocr_line' id='line_1_113' title="bbox 1883 5439 3467 5530; baseline -0.004 -19"><span class='ocrx_word' id='word_1_643' title='bbox 1883 5440 2366 5530; x_wconf 65' lang='lat' dir='ltr'><strong>Metropolitana</strong></span> <span class='ocrx_word' id='word_1_644' title='bbox 2428 5439 2863 5508; x_wconf 68' lang='lat' dir='ltr'><strong>uechlimensi</strong></span> <span class='ocrx_word' id='word_1_645' title='bbox 2920 5457 2989 5506; x_wconf 87' lang='grc' dir='ltr'><strong>ιιι</strong></span> <span class='ocrx_word' id='word_1_646' title='bbox 3033 5439 3251 5527; x_wconf 78' lang='lat' dir='ltr'><strong>Belgio</strong></span> <span class='ocrx_word' id='word_1_647' title='bbox 3309 5441 3467 5507; x_wconf 78' lang='lat' dir='ltr'><strong>Rmo</strong></span> 
     </span>
    </p>
   </div>
  </div>
 </body>
</html>
