4042 5950
1503 275 1974 357 —257—

164 442 376 507 Festum
435 433 1014 521 Transfigurationis
1080 434 1371 520 Domini,
1418 454 1489 502 ac
1537 452 1679 524 pro-
1776 438 2267 526 congregationi
2325 440 2753 529 supplicatum
2810 452 2906 511 est
2959 464 3078 534 pro
3133 456 3367 534 oppor-

164 526 287 593 inde
335 534 539 591 octavo
597 523 744 590 Idus
788 524 1060 609 Augusti
1113 522 1579 592 instituendum
1609 545 1677 590 ».
1781 536 1931 592 tuna
1975 526 2428 596 declaratione.

267 616 337 679 Et
375 611 455 678 ita
497 611 966 700 rescripserunt
1010 633 1078 678 ac
1124 612 1365 679 servari
1425 612 1682 680 manda-

161 711 307 768 runt.
347 699 449 766 Die
493 703 574 766 23
618 699 758 767 Maii
811 703 1004 768 1835.

162 838 366 911 2722.
679 840 1092 908 LucloNnN.
1451 839 1680 929 (ms)

262 965 346 1032 Ad
389 964 837 1032 removendam
904 982 1376 1051 quamcumque
1442 962 1689 1033 dubita-

162 1053 360 1120 tionem
403 1052 562 1119 circa
608 1052 856 1123 cultum
901 1054 1352 1138 praestandum
1415 1053 1687 1121 Sanctis·

159 1142 320 1208 simae
361 1140 572 1209 crucis
600 1141 799 1226 Ligno
831 1140 1125 1209 fidelium
1150 1141 1546 1209 venerationi
1578 1161 1690 1209 ex-

161 1230 353 1317 posito,
395 1229 741 1297 hodiernus
772 1229 1055 1296 Vicarius
1098 1231 1426 1298 Generalis
1466 1230 1690 1298 Lucio·

160 1337 281 1384 nen.
310 1316 612 1385 Dioecesis
642 1320 867 1385 Sacrae
898 1319 1162 1385 Bituum
1201 1317 1692 1408 congregationi

160 1406 444 1560 aequantia
499 1405 692 1474 dubia
736 1406 1138 1475 discutienda
1183 1408 1560 1497 proposuit3
1607 1406 1696 1473 vi·

197 1495 393 1562 elicet:

267 1587 321 1649 1.
365 1585 458 1649 An
501 1582 949 1652 caeremoniae
998 1583 1066 1650 in
1111 1584 1292 1652 Missa
1329 1604 1542 1651 coram
1587 1588 1693 1657 Sa-

161 1691 274 1738 crae
313 1671 520 1740 Crucis
549 1671 751 1760 Ligno
792 1672 1004 1762 palam
1053 1673 1367 1761 exposito,
1403 1673 1697 1742 differant

160 1760 219 1827 ab
256 1760 320 1825 iis
360 1779 515 1848 quae
562 1760 630 1826 in
675 1760 855 1828 Missa
899 1779 1112 1828 coram
1158 1762 1559 1829 Sanctissimo
1590 1765 1696 1829 Sa·

161 1861 441 1916 eramento
481 1849 894 1917 adhibentur.

265 1941 321 2003 2.
365 1939 565 2015 Quum
610 1957 826 2005 coram
864 1937 1263 2007 Sanctissimo
1295 1941 1698 2007 Sacramenta

159 2025 329 2110 palam
376 2025 663 2115 exposito
709 2046 931 2095 omnes
977 2026 1043 2095 in
1085 2028 1296 2095 choro
1331 2037 1494 2094 stant
1525 2028 1703 2094 nudo

160 2113 354 2200 capite,
394 2133 513 2181 nec
561 2123 891 2185 transeunt
935 2124 1083 2183 ante
1128 2117 1415 2184 medium
1444 2116 1699 2201 Altaria,

160 2201 285 2286 quin
324 2220 522 2289 genua
569 2204 866 2285 flectant;
915 2207 1280 2291 quaeriturz
1314 2208 1494 2273 Anne
1528 2204 1702 2271 idem

161 2291 440 2359 observari
467 2292 705 2360 debeat
734 2311 948 2360 coram
969 2294 1171 2382 Ligno
1193 2297 1458 2363 Sanctae
1482 2294 1702 2361 crucis

159 2379 329 2462 palam
374 2380 716 2467 exposito?

264 2472 320 2535 3.
364 2471 572 2548 Quum
605 2471 671 2538 in
717 2473 833 2539 hac
878 2471 1194 2556 Dioecesi‚
1228 2471 1395 2539 sicut
1443 2472 1509 2540 in
1539 2471 1702 2540 mul-

161 2553 223 2619 tis
260 2556 589 2626 calliarum
645 2559 1055 2626 Dioecesibus
1076 2610 1093 2644 ,
1143 2561 1452 2628 Sacerdos
1511 2560 1704 2629 bene-

160 2643 396 2712 dicendo
454 2647 773 2737 populum
836 2667 985 2715 cum
1033 2649 1435 2716 Sanctissimo
1494 2652 1704 2717 Sacra·

162 2743 345 2801 mento
388 2735 558 2803 dicat
605 2756 754 2804 cum
817 2746 1004 2804 cantu
1064 2736 1301 2812 verba:
1363 2741 1708 2807 Benedicat

159 2842 242 2887 vos
282 2827 665 2909 omnipotens
697 2828 861 2892 Deus
892 2828 1092 2892 Pater
1136 2835 1294 2907 πω
1337 2827 1705 2913 quaeritur:

160 2912 238 2978 An
336 2911 443 2984 ssit
470 2923 584 2981 aut
605 2913 838 2983 debeat
868 2914 1043 2982 idem
1066 2913 1226 2981 ritus
1253 2915 1496 3006 servari
1519 2917 1708 2984 etiam

161 2999 213 3154 ἰέι
300 3002 707 3155 ριὶθᾶίοῑὶοιιθ
782 3021 929 3070 cum
994 3003 1194 3092 Ligno
1270 3004 1707 3073 Sanctissimae

200 3107 347 3156 rucis

271 3177 758 3247 Eminentissimi
805 3188 871 3246 et
916 3179 1451 3248 Reverendissimi
1495 3186 1709 3249 Patres

163 3263 334 3332 Sacris
377 3267 637 3335 tuendis
682 3266 927 3335 Ritibus
981 3268 1369 3356 praepositi,
1422 3269 1486 3336 in
1529 3268 1709 3337 Ordi-

161 3352 323 3419 nariis
362 3354 649 3423 comitiis
692 3355 771 3423 ad
817 3355 1189 3424 Vaticanum
1251 3356 1560 3426 hodierna
1603 3356 1711 3424 die

162 3438 382 3529 habitis,
426 3443 644 3512 audita
689 3445 1001 3511 relatione
1045 3443 1125 3510 ab
1154 3445 1556 3532 infrascripto
1603 3448 1713 3512 Se-

161 3530 398 3598 cretario
443 3532 630 3616 tacta,
677 3533 1164 3601 rescribendum
1193 3545 1623 3603 censuerunt:

269 3619 360 3687 Ad
412 3623 473 3686 1.
520 3641 563 3687 ι
593 3619 1021 3701 Affirmative3
1089 3631 1154 3687 et
1199 3621 1412 3690 solum
1460 3633 1557 3691 est
1601 3642 1712 3713 ge-

160 3703 619 3776 nuflectendum
649 3708 715 3777 in
746 3728 1003 3778 accessu
1036 3718 1104 3776 et
1150 3728 1433 3795 recessu,
1467 3723 1535 3778 et
1564 3732 1717 3799 quo-

161 3792 265 3859 ties
305 3815 459 3884 opus
502 3797 589 3864 sit
632 3799 902 3866 transire
948 3808 1095 3865 ante
1140 3798 1429 3867 medium
1458 3800 1712 3885 Altaris,

160 3899 259 3948 seu
299 3905 332 3950 a
375 3886 577 3953 latere
623 3887 703 3954 ad
748 3887 938 3971 latus,
975 3897 1047 3953 ut
1078 3888 1141 3954 in
1189 3888 1623 3956 incensatione
1647 3910 1710 3954 ι.

272 3973 363 4040 Ad
408 3978 477 4042 2.
541 3995 584 4041 ι
613 3975 964 4062 Negative,
1014 3975 1092 4043 ad
1154 3987 1543 4064 utrumqne;
1600 3977 1715 4044 sed

164 4066 382 4128 tantum
427 4063 620 4131 unico
666 4080 841 4150 genu
886 4062 953 4130 in
995 4062 1262 4132 transitu
1295 4085 1361 4129 ».

275 4150 367 4217 Ad
411 4154 474 4218 3.
528 4174 569 4217 «ι
598 4154 916 4219 Neutrum
963 4151 1197 4219 licere·
1268 4152 1445 4219 iuxta
1488 4159 1717 4221 Decre-

163 4238 439 4395 tlt-tnui&2
463 4259 594 4308 una
662 4243 1101 4328 caputaquen.
1158 4202 1290 4308 diei
1344 4247 1386 4311 9
1443 4242 1719 4310 Februa-

165 4340 231 4389 ru
472 4349 539 4394 ι.

278 4414 482 4502 Atque
529 4416 617 4483 ita
663 4416 1129 4517 rescripserunt
1157 4437 1227 4484 ac
1260 4417 1496 4485 servari
1544 4437 1718 4486 man·

167 4496 398 4570 darunt.
446 4504 566 4572 Die
615 4507 700 4573 23
746 4504 884 4573 Maii
936 4508 1127 4574 1835.

169 4679 392 4754 2723.
717 4687 1145 4754 HEchANA.
1496 4689 1721 4778 (4744)

282 4859 490 4938 Quum
535 4858 602 4927 in
646 4858 1004 4927 Mexicanae
1048 4859 1365 4928 Dioecesis
1431 4861 1732 4928 Ecclesiis

168 4945 452 5014 solemnis
519 4948 834 5038 expositio
902 4947 1288 5018 sanctissimi
1347 4948 1733 5018 Sacramenti

167 5032 574 5124 Quadraginta
618 5039 929 5105 Horarum
960 5045 1231 5123 quatuor
1269 5037 1736 5126 complectatur

170 5119 316 5209 dies,
362 5124 644 5194 dubitari
687 5123 919 5192 assolet
963 5124 1028 5192 in
1071 5143 1196 5211 qua
1242 5145 1318 5192 ex
1367 5125 1611 5194 duabus
1642 5124 1734 5194 in·

172 5213 357 5365 tegrin
402 5213 639 5286 diebus
679 5212 994 5281 celebrari
1040 5212 1272 5281 debeat
1301 5215 1479 5281 Missa
1525 5214 1736 5282 votiva

170 5317 231 5365 so
257 5302 458 5371 amnis
512 5319 631 5389 pro
672 5318 866 5389 pace3
923 5311 1315 5391 quapropter
1357 5302 1436 5369 ad
1482 5322 1738 5371 omnem

170 5385 622 5460 dubitationem
682 5389 1127 5460 eliminandam
1197 5394 1418 5460 Sacrae
1477 5393 1736 5462 Rituum

365 5533 585 5582 noaret·
609 5532 928 5582 summm
953 5534 1004 5578 s.
1028 5534 1093 5580 ιι.
1119 5534 1173 5579 ο.
1199 5555 1253 5566 -
1278 5532 1388 5580 vot.
1416 5535 1479 5579 11.

1913 612 2410 684 Eminentissimi
2457 618 2674 706 itaque
2718 640 2789 687 ac
2829 622 3371 691 Reverendissimi

1783 705 1993 768 Patres
2042 704 2246 770 Sacris
2273 706 2533 775 tuendis
2562 707 2810 776 Ritibus
2849 728 3001 797 prae
3053 709 3194 776 ositi
3241 712 3372 779 ani-

1788 789 2269 859 madvertentes
2331 791 2395 861 in
2454 795 2882 865 Instructione
2947 801 2993 866 c
3022 799 3369 888 ementina,

1788 878 1996 964 quoad
2044 880 2222 947 modi
2271 882 2738 971 expositionem
2786 886 2825 969 g
2872 888 3048 971 x111,
3096 886 3186 954 nil
3232 907 3371 955 san-

1790 965 1987 1033 citum
2020 966 2218 1034 fuisse
2247 988 2366 1056 pro
2411 971 2717 1058 qualitate
2757 973 3122 1042 huiusmodi
3153 974 3373 1043 Missae

1790 1054 2070 1139 votivae,
2105 1054 2477 1144 ibidemque
2507 1061 2976 1148 praescriptum
3010 1062 3200 1130 tuisse
3232 1064 3375 1130 Mis-

1789 1161 1920 1209 sam
1986 1163 2104 1233 pro
2172 1148 2327 1212 Pace
2398 1148 2844 1217 celebrandam
2910 1149 3121 1218 donec
3188 1151 3378 1219 aliter

1793 1235 2093 1300 Summus
2123 1234 2415 1302 Pontifex
2447 1235 2818 1319 constituat;
2865 1236 3069 1327 probe
3110 1258 3376 1307 censue-

1791 1331 1941 1387 runt
1989 1321 2055 1387 in
2099 1321 2507 1391 Dioecesibus
2552 1325 2628 1390 ab
2668 1325 3014 1393 ordinariis
3056 1332 3371 1395 Locorum

1796 1409 2318 1477 constituendum
2377 1431 2540 1499 quae
2597 1423 2663 1479 et
2716 1416 2971 1500 quando
3038 1415 3215 1482 Missa
3265 1436 3377 1483 vo·

1795 1498 1922 1564 tiva
1991 1496 2103 1564 tali
2172 1501 2503 1567 occasione
2571 1500 2881 1569 celebrari
2950 1503 3227 1571 debeat:
3307 1524 3376 1571 ac

1797 1586 2070 1675 proinde
2102 1586 2168 1652 in
2196 1588 2540 1656 ordinariis
2570 1590 2853 1658 comitiis
2894 1590 2972 1657 ad
3007 1590 3379 1660 Vaticanum

1795 1675 2103 1743 hodierna
2170 1674 2279 1742 die
2349 1676 2607 1762 habitis,
2658 1678 2868 1746 audita
2935 1679 3246 1748 relatione
3303 1681 3380 1747 ab

1799 1763 2199 1852 infrascripto
2247 1765 2605 1833 Secretario
2649 1767 2812 1834 facta
2865 1767 2943 1834 ad
2991 1768 3379 1855 propositam

1798 1852 2238 1938 quaestionem
2290 1851 2608 1920 Dioecesis
2675 1855 3070 1938 Mexicanae,
3119 1875 3381 1945 respon-

1801 1940 2093 2008 dendum
2160 1951 2576 2008 censuerunt:
2636 1964 2675 2007 ‹
2706 1943 2988 2011 Arbitrio
3047 1944 3379 2034 Episcopi,

1801 2027 2009 2116 quoad
2058 2030 2424 2114 qualitatem
2471 2030 2688 2097 Missae
2731 2031 2984 2098 votivae
3016 2042 3083 2097 et
3113 2033 3383 2121 assigna-

1806 2119 2048 2184 tionem
2117 2116 2286 2202 diei,
2336 2118 2439 2183 vel
2507 2117 2827 2187 secundae
2884 2121 2991 2187 vel
3055 2121 3281 2188 tertiae
3312 2142 3379 2186 ›.

1804 2209 2014 2291 Atque
2062 2204 2146 2270 ita
2191 2204 2679 2294 rescripserunt.
2729 2207 2843 2274 Die
2887 2211 2972 2275 23
3013 2207 3151 2274 Maii
3190 2212 3382 2276 1835.

1812 2381 2063 2452 2724.
2165 2385 2470 2451 ORDINIS
2510 2383 3025 2451 EREmTARmt
3156 2382 3382 2471 (4747)

2219 2490 2493 2558 SANGTI
2538 2490 2975 2558 AUGUSTINI.

1939 2650 2162 2715 Sacrae
2208 2647 2470 2719 Rituum
2514 2647 3005 2736 congregationi
3057 2649 3385 2736 sequentia

1808 2735 1998 2803 dubia
2067 2737 2394 2804 enodanda
2461 2738 2791 2824 proposuit
2858 2741 2936 2805 R.
2997 2740 3065 2803 P.
3132 2740 3390 2806 lacobus
3448 2800 3455 2805 .

1809 2828 2022 2913 Spratt
2053 2823 2299 2893 Ordinis
2329 2825 2755 2891 Eremitarum
2787 2825 2995 2893 Sancti
3027 2826 3387 2914 Augustini,

1807 2912 2162 2981 hodiernus
2205 2913 2381 2980 Pfior
2425 2913 2695 2999 collegii
2748 2916 3011 2981 Sanctae
3056 2913 3282 2981 Mariae
3326 2914 3391 2980 in

1808 3004 2135 3069 Posterula
2178 3001 2400 3081 Urbis;
2447 3001 2786 3069 nimirum:

1948 3095 2010 3156 1.
2060 3091 2317 3168 Quando
2364 3091 2429 3156 in
2474 3089 2653 3156 Missa
2689 3091 2793 3157 vel
2823 3089 3043 3158 Officio
3091 3088 3394 3158 dicuntur

1810 3178 2033 3279 plures
2078 3178 2405 3245 Orationes
2447 3177 2568 3244 sub
2612 3176 2794 3244 unica
2842 3177 3275 3262 conclusione,
3325 3188 3392 3245 et

1811 3286 1879 3334 1n
1924 3266 2132 3356 prima
2176 3267 2469 3333 Oratione
2514 3265 2621 3331 vel
2654 3269 2958 3352 secunda,
3000 3284 3129 3333 non
3175 3275 3392 3332 autem

1812 3356 1878 3422 in
1910 3355 2160 3441 ultima,
2185 3353 2549 3421 nominatur
2581 3354 2853 3441 Spiritus
2878 3357 3166 3434 Sanctus;
3200 3371 3393 3439 quae-

1814 3442 2018 3510 ritur:
2067 3446 2164 3510 An
2209 3443 2274 3510 in
2320 3442 2722 3510 conclusione
2757 3443 2882 3511 dici
2914 3441 3111 3512 debet
3140 3446 3215 3509 iat
3245 3444 3396 3509 uni-

1820 3541 1954 3599 tate
1998 3532 2278 3599 eiusdem
2322 3533 2619 3618 Spiritus
2664 3532 2897 3599 Sancti
2942 3530 3110 3599 stc-5
3254 3577 3261 3586 .

1948 3624 2014 3687 2.
2064 3625 2162 3687 An
2207 3621 2365 3687 item
2410 3619 2758 3687 dicendum
2805 3623 2925 3688 Por
2962 3620 3245 3687 eumdem
3275 3620 3395 3684 Do-

1815 3711 2071 3776 minum
2115 3718 2438 3792 nostrum,
2488 3708 2739 3796 quoties
2775 3709 2971 3777 Filius
3012 3727 3143 3776 non
3189 3708 3255 3775 in
3300 3708 3398 3774 ul·

1819 3798 1971 3864 tima
2014 3797 2338 3882 Oratione,
2387 3798 2499 3865 sed
2545 3795 2610 3864 in
2643 3797 2849 3883 aliqua
2880 3816 2962 3864 ex
3005 3795 3398 3884 praeceden-

1818 3885 1989 3953 tibus
2044 3895 2315 3970 tantum,
2365 3885 2562 3952 fuerit
2606 3881 3011 3952 nominatus?
3178 3891 3187 3902 “

1954 3973 2450 4042 Eminentissimi
2498 3983 2565 4039 et
2609 3971 3148 4043 Reverendissimi
3188 3976 3401 4040 Patres

1821 4062 2025 4132 Sacris
2070 4062 2328 4130 tuendis
2369 4060 2614 4130 Ritibus
2644 4060 3013 4164 praepositi,
3047 4060 3116 4126 in
3143 4060 3401 4128 Ordina-

1822 4150 1916 4217 rio
1938 4153 2144 4218 coetu
2174 4151 2253 4218 ad
2277 4151 2646 4218 Vaticanum
2678 4150 2986 4217 hodierna
3018 4147 3126 4215 die
3156 4147 3397 4235 habito,

1823 4238 2036 4306 audita
2094 4238 2404 4306 relatione
2456 4237 2535 4306 ab
2587 4236 2985 4326 infrascripto
3044 4236 3402 4305 secretario

1825 4326 1982 4393 facta
2001 4374 2020 4411 ,
2083 4325 2605 4413 respondendum
2658 4335 3087 4393 censueruntz
3136 4343 3176 4390 α
3198 4325 3401 4410 Nega-

1828 4413 1982 4500 tive,
2017 4414 2096 4484 ad
2143 4426 2494 4502 utrumque
2523 4434 2586 4481 ι.
2633 4413 2750 4482 Die
2797 4417 2881 4481 23
2927 4412 3070 4480 hlaii
3118 4415 3314 4479 1835.

1829 4575 2051 4650 2725
2064 4623 2082 4643 .
2461 4578 2764 4646 ORDINIS

2121 4683 2477 4750 mNonmt
2521 4682 3114 4750 CAPUCGINORUM

2013 4788 2590 4856 PROVINCIAE
2646 4786 3217 4854 HELVETIAE.

1960 4950 2214 5015 Sacram
2236 4947 2497 5014 Rituum
2530 4943 3106 5034 congregationem
3128 4943 3408 5034 supplex

1832 5034 2027 5103 adivit
2068 5039 2146 5104 B.
2196 5039 2266 5102 P.
2299 5033 2575 5103 Isidorus
2616 5053 2653 5100 a
2684 5032 2926 5102 valesia
2964 5035 3273 5104 Sacerdos
3299 5035 3408 5101 Or·

1834 5124 2002 5192 dinis
2054 5123 2368 5192 Minorum
2420 5127 2485 5195 S.
2545 5122 2857 5190 Francisci
2906 5122 3408 5211 capuccinorum

1832 5212 2195 5281 Provinciae
2241 5212 2609 5294 Helvetiae,
2656 5230 2727 5278 ac
2771 5210 3167 5297 insequentia
3222 5209 3408 5280 dubia

1838 5301 2143 5370 declarari
2193 5301 2498 5391 expetiit3
2544 5298 2883 5368 nimirum:

1975 5394 2037 5457 1.
2078 5397 2175 5459 An
2206 5387 2604 5460 consuetudo
2635 5387 3065 5457 benedicendi
3095 5387 3409 5478 populum

3044 5530 3099 5580 17

3176 4571 3402 4662 (474⁸)
