4042 5950
529 1787 542 1799 ‘
642 1811 885 1882 2414.

2040 250 2510 325 —100—

642 410 928 564 cessiope
974 410 1148 477 Ssmi
1197 409 1427 477 Rosarii
1464 457 1481 492 ,
1532 408 1768 492 absque
1818 407 2069 475 licentia
2117 413 2224 476 Pa-

644 497 822 565 rochi

772 590 837 652 2.
891 590 985 653 An
1032 586 1257 652 iisdem
1307 584 1588 652 Patribus
1637 584 1822 656 liceat
1868 582 1930 649 in
1979 588 2230 649 Proces-

638 674 856 757 sione,
907 693 1067 760 quae
1117 672 1189 740 fit
1237 675 1300 739 in
1360 684 1576 738 octava
1637 673 1933 770 Corporis
1998 671 2225 738 Christi

639 761 798 827 intra
833 763 1071 830 limites
1095 760 1414 826 Ecclesiae
1447 760 1845 846 parochialis,
1871 760 2225 825 solemnem

637 850 1164 917 benedictionem
1210 848 1522 935 impertiri
1558 867 1715 924 ,cum
1764 851 1956 918 SSmo
2012 850 2228 914 Sacra-

639 949 886 1020 mento,
938 938 1172 1022 absque
1222 935 1475 1002 licentia
1525 932 1835 1002 Parochi‘?

771 1029 852 1090 Et
897 1028 966 1092 S.
1000 1029 1080 1091 R.
1113 1027 1214 1106 C.,
1262 1023 1413 1088 visis
1458 1022 1701 1088 iuribus
1745 1021 1971 1089 Felicis
2001 1021 2085 1087 de
2134 1027 2227 1087 lu·

638 1110 819 1178 lianis
868 1111 1422 1198 Archipresbyteri
1473 1109 1739 1196 praelati
1783 1109 2039 1193 Oppidi,
2079 1128 2223 1176 cum

638 1199 899 1268 adversa
944 1219 1087 1286 pars
1134 1199 1399 1268 minime
1446 1197 1904 1284 comparuerit,
1938 1218 2008 1261 ac
2055 1197 2228 1272 illius

640 1291 1054 1354 Procuratore
1100 1286 1352 1374 scriptis
1400 1296 1463 1350 et
1511 1304 1665 1350 voce
1711 1284 1953 1367 audit0,
2003 1284 2080 1349 ad
2129 1304 2227 1349 re·

641 1374 943 1441 lationem
994 1373 1280 1439 eiusdem
1327 1374 1464 1440 Emi
1513 1373 1831 1455 PonentiS,
1877 1370 2228 1439 rescriben-

638 1464 792 1529 dum
844 1462 1132 1529 censuit:
1182 1485 1219 1526 ι
1253 1462 1559 1546 Negative
1609 1462 1671 1526 in
1717 1459 2010 1528 omnibus
2045 1483 2113 1525 ν.
2152 1465 2227 1538 Et

639 1551 718 1615 ita
769 1550 1056 1616 decrevit
1100 1568 1168 1614 ac
1217 1549 1452 1616 servari
1497 1549 1842 1615 mandavit.
1876 1549 1986 1613 Die
2020 1550 2226 1614 261u-

639 1637 726 1703 uh
781 1639 975 1704 1751.
1637 1675 1642 1682 ·

1178 1785 1696 1881 Venerianus

885 1921 1418 1986 memoriosum
1465 1921 1992 2023 sumnonem

1993 1811 2222 1897 (4219)

768 2080 924 2143 Cum
973 2077 1084 2143 ad·
1116 2077 1402 2144 notitiam
1464 2080 1638 2146 SSmi
1709 2077 1957 2146 Domini
2017 2081 2225 2148 Nostri

635 2165 1008 2253 pervenerit
1030 2165 1167 2231 Reli
1218 2165 1383 2231 iosos
1407 2168 1716 2232 Armenes
1738 2167 1986 2233 Ordinis
2012 2173 2080 2236 S.
2107 2174 2227 2236 An-

639 2253 793 2319 tonii
839 2253 1120 2320 Venetiis
1228 2264 1531 2340 egentes,
1582 2254 1642 2319 in
1704 2254 1946 2341 privata
2008 2258 2223 2323 Missae

636 2340 1091 2423 celebratione,
1143 2353 1359 2407 contra
1406 2342 1701 2428 proprios
1749 2342 1908 2407 ritus
1953 2345 2031 2410 ab
2061 2345 2225 2430 Apo-

633 2429 854 2495 stolica
901 2427 1070 2495 Sede
1116 2427 1495 2517 approbatos
1525 2478 1542 2512 ,
1589 2430 1986 2495 oblationem
2051 2434 2227 2519 panis

636 2529 700 2583 et
750 2515 878 2581 vini
929 2516 1339 2594 consecrandi
1390 2535 1518 2582 non
1565 2528 1711 2582 ante
1745 2517 2079 2594 introitum
2109 2521 2223 2586 sed

632 2612 778 2691 post
837 2602 1215 2688 Symbolum
1278 2604 1588 2689 explere3
1656 2617 1719 2670 et
1767 2604 1934 2672 istud
1985 2627 2112 2674 non
2161 2608 2224 2675 in

635 2690 927 2757 omnibus
973 2691 1086 2756 sed
1139 2690 1202 2757 in
1250 2690 1567 2775 aliquibus
1615 2692 1834 2773 Missis,
1885 2712 2064 2760 more
2111 2698 2223 2761 La-

637 2778 940 2862 tinorum,
979 2778 1248 2845 recitare
1268 2793 1285 2854 ;
1309 2781 1806 2852 Sacramentum
1838 2782 2049 2849 statim
2079 2796 2223 2867 post

633 2866 1188 2940 consecrationem
1247 2867 1543 2950 elevare,
1593 2887 1709 2956 nec
1772 2887 1915 2936 cum
1986 2870 2099 2936 illo
2145 2873 2223 2939 ad

634 2953 944 3042 populum
993 2951 1506 3021 benedicendum
1552 2956 1826 3041 amplius
1854 2977 1921 3022 se
1956 2979 2222 3025 conver·

635 3053 820 3126 tere;
881 3056 945 3107 et
1006 3043 1271 3129 insuper
1329 3042 1496 3108 ultra
1555 3045 2219 3129 proprii.Calendarii

631 3129 1035 3211 Festivitates
1081 3131 1265 3216 plura
1310 3134 1683 3201 Sanctorum
1732 3131 1939 3201 Officia
1989 3136 2065 3200 ab
2108 3139 2223 3200 Ec-

603 3216 1076 3293 .clesia.Latina
1127 3217 1268 3285 fieri
1315 3219 1497 3284 solita
1547 3220 1804 3307 propria
1849 3221 2224 3288 auctoritate

632 3304 1102 3383 introduxisse;
1167 3308 1431 3389 ssmus‚
1496 3307 1595 3372 cui
1658 3307 1844 3375 valde
1899 3309 2075 3376 cordi
2125 3322 2219 3375 est

630 3404 704 3459 ut
747 3392 1104 3458 Orientales
1165 3394 1488 3467 Ecclesiae
1539 3411 1752 3459 mores
1815 3406 1881 3461 et
1941 3396 2098 3462 ritus
2144 3398 2220 3463 ah

633 3478 990 3565 Apostolica
1052 3481 1222 3547 Sede
1290 3483 1669 3565 approbatos
1730 3494 1949 3549 exacte
2012 3495 2220 3550 custo-

632 3568 847 3633 diant:
895 3586 935 3630 ι
965 3567 1270 3633 Praefatas
1314 3570 1787 3653 innovationes,
1847 3582 1912 3653 et
1958 3573 2008 3638 si
2055 3592 2217 3657 quae

629 3653 787 3720 aliae
818 3655 987 3738 apud
1020 3673 1129 3720 eos
1162 3656 1420 3740 vigeant
1452 3672 1662 3722 contra
1696 3660 1989 3745 proprios
2031 3662 2214 3743 ritus,

634 3759 942 3828 expresse
1004 3751 1177 3806 vetat
1238 3763 1307 3808 ac
1366 3743 1701 3829 prohibet;
1766 3745 1984 3831 eisque
2045 3767 2218 3814 man-

632 3830 765 3913 dat,
815 3837 886 3893 ut
930 3830 1093 3895 circa
1147 3850 1350 3897 sacras
1411 3833 1837 3899 caeremonias
1892 3834 1955 3899 in
2011 3837 2217 3921 atissa,

632 3915 832 3983 divini
905 3916 1103 3983 Officii
1174 3918 1613 3987 recitationem
1683 3940 1754 3986 ac
1821 3921 2220 3989 Festivitates

632 4008 1008 4071 Sanctorum
1053 4004 1489 4091 celebrandas,
1538 4027 1568 4070 a
1616 4007 1891 4093 propriis
1929 4011 2222 4081 Rubricis

633 4102 698 4156 et
742 4091 1114 4158 calendario
1161 4111 1292 4159 non
1331 4096 1656 4161 recedant.
1709 4099 1803 4161 Ex
1835 4096 2097 4183 speciali
2134 4109 2216 4164 ta-

629 4196 782 4245 men
827 4178 1022 4265 gratia
1071 4180 1161 4247 eis
1207 4183 1691 4251 concedendum
1728 4203 1866 4249 esse
1897 4184 2109 4267 duxit,
2146 4197 2217 4251 ut

631 4267 695 4332 in
741 4270 967 4334 eadem
996 4266 1179 4337 Civit·
1205 4281 1267 4335 te
1301 4270 1713 4337 Venetiamm
1758 4270 2098 4357 degentes,
2133 4273 2215 4338 de

631 4352 1101 4422 Festivitatibus
1200 4357 1394 4423 omini
1444 4358 1651 4422 Nostri
1699 4379 1766 4422 ac
1814 4358 2212 4444 Sanctorum,

631 4462 793 4528 quae
844 4443 904 4509 in
953 4444 1234 4527 Ecclesia
1277 4446 1493 4511 Latina
1538 4464 1684 4512 cum
1733 4446 2106 4513 abstinentia
2138 4450 2215 4515 ab

631 4530 935 4616 operibus
992 4530 1331 4599 servilibus
1393 4533 1836 4618 celebrantur,
1907 4553 2027 4601 nec
2088 4555 2215 4604 non

630 4621 701 4687 S.
727 4620 1052 4686 Benedicti
1071 4619 1333 4688 -Abbatis
1367 4631 1433 4689 et
1465 4626 1531 4689 S.
1559 4621 1835 4691 'rhomae
1859 4624 2213 4709 Aquinatis,

628 4706 840 4773 Officia
872 4726 1017 4777 cum
1051 4709 1247 4775 Missis
1278 4711 1632 4777 secundum
1667 4710 2026 4794 praedictos
2057 4713 2217 4779 ritus

634 4794 904 4861 recitare
949 4795 1191 4881 possint
1223 4810 1289 4863 et
1321 4801 1571 4864 valeant
1605 4821 1666 4865 ».
1719 4802 1800 4864 Et
1830 4800 1950 4865 hoc
1982 4804 2213 4867 Decre-

633 4891 767 4945 tum
818 4882 955 4945 eius
1001 4884 1257 4953 nomine
1306 4884 1609 4957 Sanctitas
1658 4890 1778 4954 Sua
1825 4908 1858 4951 a
1904 4891 1971 4959 S.
2018 4891 2093 4954 R.
2136 4893 2206 4957 G.

628 4965 939 5052 publicari
987 4972 1330 5038 mandavit.
1384 4974 1494 5040 Die
1542 4979 1625 5041 22
1672 4976 1810 5041 lulii
1869 4980 2058 5042 1751.

636 5108 882 5180 2415.
1152 5112 1710 5183 SENocALLmN.
1981 5102 2208 5202 (422¹)

758 5237 902 5300 Orta
950 5237 1379 5301 controversia
1424 5237 1590 5302 inter
1621 5237 1981 5323 Philippum
2014 5237 2208 5303 Natali

630 5319 1273 5408 Archipresbyterum
1289 5323 1675 5409 collegiatae
1699 5323 2015 5389 Ecclesiae
2041 5327 2104 5389 S.
2128 5328 2220 5388 lu·

2322 407 2521 473 stiuae
2548 411 2778 473 Terrae
2805 407 3175 493 Mondulpbi
3205 419 3269 472 et
3294 403 3726 492 magistratum
3754 405 3896 471 eius·

2329 496 2477 562 dem
2526 493 2645 560 loci
2694 494 3011 560 Dioecesis
3060 495 3492 581 senogallien.
3530 512 3735 578 super
3764 511 3897 558 non-

2325 583 2520 648 nullis
2568 581 2796 648 ritibus
2864 583 3192 648 servandis
3242 584 3304 649 in
3352 581 3733 669 recipiendo
3779 600 3900 645 cau·

2324 669 2500 737 delas
2561 671 2669 736 die
2727 669 3222 753 Purificationis,
3270 691 3479 736 sacros
3540 669 3792 738 cineres
3848 679 3899 731 et

2324 759 2588 841 palmas,
2625 758 2863 841 illaque
2906 760 2981 823 ad
3019 762 3085 823 S.
3120 762 3195 824 R.
3232 761 3304 824 C.
3341 759 3575 839 delata,
3615 754 3902 821 infrascri-

2328 858 2509 930 ptum
2558 843 2855 929 dubium,
2891 864 3098 910 coram
3150 849 3308 911 Emo
3356 859 3421 911 et
3469 850 3631 911 Rmo
3669 848 3742 909 D.
3775 846 3899 908 Car-

2329 933 2540 999 dinale
2588 935 2847 1000 Tanai-io
2895 937 3177 999 Ponente
3225 934 3714 1012 concordatum,
3750 930 3901 996 deci·

2326 1022 2613 1087 dendum
2662 1022 3063 1109 propositum
3111 1022 3259 1104 fuit,
3309 1040 3549 1106 nempe
3574 1041 3601 1102 ,ε

2458 1110 2553 1175 An
2616 1110 3011 1195 Magistratus
3077 1114 3307 1174 Terrae
3379 1107 3756 1193 Mondulphi
3825 1115 3902 1167 te·

2328 1209 2555 1286 neatur
2601 1197 3041 1284 genuflectere
3090 1209 3235 1261 ante
3268 1193 3902 1281 Archipresbytcrum

2327 1284 2801 1368 celebrantem,
2852 1285 3181 1350 occasione
3243 1283 3714 1351 distributionis
3776 1300 3901 1345 can·

2328 1372 2647 1453 delarum,
2696 1373 2983 1439 cinerum
3019 1384 3083 1437 et
3118 1374 3505 1460 palmarum;
3562 1372 3669 1437 vel
3714 1367 3903 1454 potius

2326 1471 2620 1527 teneatur
2666 1473 2908 1526 tantum
2957 1460 3265 1526 inclinare
3312 1472 3503 1548 caput
3535 1457 3777 1543 absque
3806 1475 3899 1541 ge-

2327 1545 2744 1614 nuflexione?
3714 1559 3721 1566 '

2460 1640 2535 1700 Et
2596 1639 2664 1701 S.
2718 1639 2790 1701 R.
2843 1640 2945 1717 G„
3010 1647 3282 1722 utraque
3338 1648 3516 1724 parte
3564 1634 3804 1719 scripto
3848 1643 3901 1695 et

2330 1743 2486 1789 voce
2529 1723 2909 1798 informante
2939 1725 3149 1791 audita
3183 1724 3461 1808 visisque
3494 1721 3743 1790 iuribus
3773 1720 3901 1787 hinc

2330 1812 2483 1884 inde
2539 1812 2859 1894 deductis,
2909 1812 2981 1877 ad
3034 1811 3413 1878 relationem
3466 1811 3734 1898 praefati
3780 1809 3899 1874 Emi

2328 1899 2664 1983 Ponentis,
2739 1900 3224 1965 rescribendum
3296 1898 3590 1964 censuit:
3670 1921 3707 1962 ι
3740 1895 3901 1962 Affir-

2329 1988 2589 2069 mative,
2640 1988 2713 2052 ad
2771 1988 3044 2072 primam
3101 1998 3391 2074 partem;
3450 1987 3791 2073 Negative,
3834 1984 3894 2046 ad

2324 2075 2672 2143 secundam
2710 2098 2769 2138 t.
2826 2080 2900 2140 Et
2935 2076 3014 2141 ita
3048 2076 3333 2144 decrevit
3366 2095 3434 2139 ac
3466 2072 3713 2141 servari
3746 2090 3901 2138 man·

2325 2163 2523 2230 davit.
2575 2163 2687 2229 Die
2739 2165 2775 2227 4
2824 2162 3224 2248 Septembris
3277 2166 3466 2228 ¹75¹.
3975 2161 3984 2171 '

2330 2299 2583 2374 2416.
2967 2305 3280 2372 tMOLEN.
3689 2301 3897 2387 (4222)

2459 2433 2615 2496 Cum
2669 2430 2729 2494 in
2770 2432 2835 2496 S.
2886 2433 2963 2496 R.
2996 2434 3068 2495 C.
3114 2449 3231 2516 pro
3278 2449 3456 2494 causa
3490 2439 3791 2494 vertente
3822 2426 3896 2492 in·

2325 2528 2423 2583 ter
2468 2521 2905 2582 Promotorem
2952 2518 3255 2584 Fiscalem
3302 2516 3530 2584 Curiae
3589 2516 3898 2601 episcopa·

2325 2604 2401 2668 lis
2448 2604 2678 2671 {molae
2715 2614 2777 2668 et
2812 2604 3256 2671 venerabilem
3310 2603 3892 2673 confraternitatem

2325 2696 2391 2760 S.
2442 2691 2665 2758 Mariae
2715 2696 2947 2758 Terrae
3010 2692 3334 2758 Fuxiniani
3382 2693 3680 2758 eiusdem
3736 2692 3897 2758 Dice·

2326 2780 2509 2864 cesis,
2560 2799 2678 2868 per
2724 2782 2956 2846 Emum
3005 2792 3068 2845 et
3114 2784 3341 2846 Rtilum
3390 2784 3464 2848 D.
3512 2781 3707 2847 Gard.
3755 2781 3895 2842 Gua-

2324 2867 2512 2952 dagni
2559 2872 2908 2936 Ponentem
2940 2867 3339 2954 propositum
3373 2867 3571 2933 fuerit
3604 2866 3892 2934 dubium:
3988 2857 3989 2934 Ϊ

2323 2960 2417 3021 An
2464 2954 2854 3040 Ordinarius,
2891 2956 3304 3023 concedendo
3354 2955 3680 3022 licentiam
3716 2971 3895 3040 expo-

2325 3042 2518 3110 nendi
2580 3045 2847 3110 SSmum
2918 3044 3347 3111 Eucharistiae
3402 3048 3894 3117 Sacramentum,

2323 3130 2519 3215 possit
2564 3130 2642 3196 ab
2690 3131 2938 3198 libitum
2988 3133 3417 3199 conditionem
3449 3149 3783 3218 apponere
3810 3148 3896 3192 re·

2322 3217 2622 3303 quirendi
2669 3238 3049 3289 consensum
3099 3220 3353 3287 Parochi
3381 3216 3414 3284 ⁸?

2452 3308 2517 3374 S.
2554 3311 2629 3374 R.
2669 3310 2771 3388 C„
2805 3306 3032 3373 auditis
3080 3307 3383 3391 partibus,
3418 3308 3493 3372 ad
3529 3305 3892 3375 relationem

2323 3394 2613 3460 eiusdem
2660 3395 2798 3461 Emi
2848 3396 3168 3477 PonentiS,
3222 3394 3706 3463 rescribendum
3764 3408 3893 3457 cen·

2320 3480 2482 3547 suit:
2536 3503 2571 3544 ‹
2606 3483 2912 3568 Negative
2948 3504 3009 3545 ›.
3060 3483 3172 3548 Die
3207 3485 3245 3547 4
3277 3483 3676 3569 Septembris
3714 3482 3887 3547 1751.

2324 3613 2564 3733 241‘7J.
2963 3630 3272 3707 caninis
3680 3638 3888 3729 (4223)

2440 3747 3058 3811 CARMEL1'1·ARUM
3105 3746 3789 3815 Excaccnmonuu

2659 3854 3124 3919 Pnovmcmss
3172 3854 3571 3921 voconiae,

2451 4011 2606 4074 Cum
2656 4008 2854 4073 Fratri
2906 4010 3171 4094 losepho
3218 4030 3249 4072 a
3296 4013 3365 4074 B.
3404 4012 3604 4076 V.·H.
3655 4007 3889 4078 Ordinis

2319 4096 2801 4163 Carmelitarum
2837 4097 3361 4163 Excalceatorum
3394 4100 3759 4187 l'rovinciae
3789 4099 3885 4162 Po·

2321 4185 2522 4250 loniae
2570 4184 2873 4251 nonnulla
2922 4185 3319 4251 occurrerint
3367 4184 3555 4251 dubia
3588 4186 3752 4251 circa
3781 4188 3885 4250 Ru-

2321 4271 2556 4337 bricas:
2590 4274 2759 4358 apud
2795 4273 2860 4337 S.
2890 4276 2962 4338 R.
2993 4276 3063 4341 C.
3102 4272 3465 4339 humillime
3496 4269 3888 4373 supplicavit,

2318 4371 2630 4445 quatenus
2679 4360 2806 4446 ipsa
2855 4360 3131 4445 benigne
3168 4362 3498 4427 resolvere
3530 4363 3887 4449 dignaretur

2320 4447 2711 4534 infrascripta
2757 4446 2993 4514 dubia:

2454 4539 2512 4600 1.
2550 4537 2707 4601 Cum
2744 4536 3093 4621 Regulares
3128 4547 3469 4603 teneantur
3502 4538 3771 4603 recitare
3799 4531 3886 4601 Of·

2317 4621 2529 4689 ficium
2579 4624 2663 4690 de
2710 4624 3120 4691 Dedicatioue
3154 4625 3474 4691 Ecclesiae
3509 4619 3886 4692 cathedralis

2314 4710 2434 4776 sub
2490 4710 2615 4801 ritu
2679 4711 2919 4798 duplici
2984 4712 3305 4777 secundae
3368 4713 3616 4789 classis;
3683 4725 3880 4779 utrum

2320 4810 2561 4864 tantum
2609 4799 2769 4864 intra
2813 4800 3146 4866 Civitatem
3197 4799 3547 4884 constituti,
3584 4800 3690 4867 ubi
3723 4800 3879 4865 adest

2316 4889 2455 4953 talis
2502 4888 2785 4954 Ecclesia
2828 4887 3246 4970 cathedralis,
3296 4908 3373 4954 an
3422 4889 3610 4954 etiam
3659 4908 3775 4976 per
3805 4896 3881 4948 to·

2319 4988 2445 5041 tam
2493 4974 2895 5041 Dioecesim‘?
3197 4980 3202 4992 ’
3867 5057 3875 5067 ι

2447 5069 2509 5128 2.
2560 5067 2717 5130 Cum
2773 5064 2833 5128 in
2879 5064 3173 5134 omnibus
3220 5064 3629 5131 Dioecesihus
3696 5070 3877 5146 Regu·

2316 5150 2609 5217 Poloniae
2662 5164 2726 5216 et
2772 5151 2975 5236 Magni
3040 5156 3312 5218 Ducatus
3370 5152 3739 5219 Lithuaniae
3792 5146 3877 5214 Ol·

2315 5237 2458 5303 ficio
2508 5237 2929 5303 Dedicationis
2966 5238 3283 5304 Ecclesiae
3315 5241 3710 5306 cathedralis
3754 5233 3879 5303 assi·

2316 5334 2498 5410 gnata
2545 5322 2625 5387 sit
2671 5323 2807 5388 (lies
2855 5325 3173 5390 Dominica
3234 5330 3296 5391 in
3356 5340 3780 5415 perpetuum,
3825 5332 3875 5383 et
