4042 5950
2023 252 2495 335 -240-

619 412 888 482 dentem
918 411 1024 480 vel
1058 411 1134 479 ab
1172 410 1344 479 illius
1390 411 1572 478 ianua
1618 412 1698 479 ad
1742 412 2069 500 propriam
2099 413 2211 480 do-

621 521 799 571 mum
851 512 1293 570 revertentem
1339 501 1749 586 comitantur,
1800 501 1977 568 iuxta
2030 501 2212 568 obso-

620 595 824 659 letum
845 609 1095 658 morem
1118 591 1582 657 Canonicorum
1605 590 2214 674 Ravennatensium,

619 680 750 748 bini
817 689 962 767 post
1029 682 1304 747 Crucem
1371 678 2000 768 Archiepiscopalem
2068 689 2217 747 ante

619 768 830 858 ipsum
882 768 1252 835 Antistitem
1306 767 1846 855 progrediuntur.
1907 769 2002 834 Ad
2055 768 2218 835 hanc

618 857 921 924 tuendam
949 857 1482 924 consuetudinem
1508 856 1767 923 maximi
1801 856 2051 923 roboris
2073 875 2214 923 esse

615 944 1000 1034 perhibetur
1023 954 1321 1015 veterum
1351 947 1748 1031 picturarum
1775 945 2213 1012 testimonium

618 1046 685 1102 et
738 1034 1041 1124 perennis
1106 1034 1359 1111 traditio
1419 1054 1452 1099 a
1508 1032 1853 1100 maioribus
1906 1043 2210 1122 accepta;

616 1125 777 1191 adeo
823 1134 896 1190 ut
945 1131 1390 1211 praesumatur
1449 1122 1554 1189 hic
1604 1141 1757 1189 usus
1801 1121 1878 1188 ab
1925 1141 2001 1188 eo
2054 1134 2216 1188 tem-

616 1231 778 1301 pore
824 1212 1186 1295 inchoatus,
1218 1230 1346 1298 quo
1378 1212 1455 1279 ab
1489 1213 1740 1278 Urbano
1779 1214 1940 1298 Papa
1970 1215 2021 1276 Π
2055 1210 2214 1277 haec

615 1301 987 1369 Primatialis
1013 1302 1298 1368 Ecclesia
1332 1299 1395 1365 in
1426 1297 1959 1383 Metropoliticam
2004 1298 2215 1384 digni-

619 1402 814 1458 tatem
861 1401 1124 1476 recepta
1171 1400 1295 1455 est.
1354 1387 1694 1467 Quaeritur
1752 1387 1952 1473 igitur
1995 1398 2214 1455 utrum

617 1481 933 1548 recensita
980 1476 1379 1545 consuetudo
1424 1476 1734 1543 servanda
1780 1475 1910 1542 sit?

746 1572 858 1636 24.
907 1570 1137 1635 Utrum
1179 1586 1330 1633 usus
1375 1564 1451 1631 ab
1495 1563 2087 1652 Archipresbyteris
2118 1564 2214 1631 Pi-

616 1656 783 1725 sanis
806 1657 1099 1723 invectus
1127 1656 1190 1721 in
1213 1653 1404 1721 sacris
1433 1652 1870 1721 functionibus
1899 1653 2033 1720 ritu
2057 1658 2217 1720 Pon·

617 1745 831 1813 tificali
881 1743 1298 1834 peragendis,
1343 1742 1556 1830 redigi
1603 1742 1835 1810 debeat
1867 1741 1942 1808 ad
1980 1741 2220 1808 limites

618 1832 858 1900 indulti
906 1829 1277 1899 pontificii?

747 1925 829 1987 Et
861 1924 928 1987 S.
964 1925 1040 1988 R.
1076 1924 1179 2006 c.,
1220 1921 1298 1987 ad
1349 1919 1721 1986 Vaticanum
1772 1918 1836 1985 in
1881 1918 2212 1986 Ordinario

615 2012 818 2077 Coetu
848 2010 971 2076 sub
1002 2008 1402 2096 infrascripta
1449 2008 1558 2076 die
1588 2008 1965 2091 coadunata,
2000 2006 2079 2073 ad
2114 2026 2213 2073 re-

615 2097 920 2165 lationem
953 2098 1093 2164 Ειῐιί
1120 2109 1187 2165 et
1210 2097 1351 2165 Rmi
1383 2095 1633 2164 Domini
1666 2095 2021 2164 cardinalis
2052 2096 2214 2162 Tho-

616 2206 757 2254 mae
781 2188 968 2255 Weld
994 2186 1321 2270 Ponentis,
1348 2185 1662 2272 exquisita
1688 2185 1867 2272 prius
1897 2184 2214 2251 sententia

616 2275 882 2343 alterius
944 2295 1025 2342 ex
1081 2274 1596 2362 Apostolicarum
1653 2273 2212 2341 caeremoniarum

617 2364 930 2452 Magistris
973 2363 1230 2451 scriptis
1274 2361 1526 2429 reddita
1554 2362 1911 2451 praeloque
1944 2380 2115 2446 cusa,
2151 2374 2217 2428 et

615 2451 912 2519 omnibus
958 2463 1209 2519 mature
1243 2450 1723 2537 diligenterque
1755 2450 2080 2533 discussis,
2115 2468 2215 2517 re·

614 2540 1077 2626 spondendum
1123 2540 1424 2606 censuit:

747 2630 844 2696 Ad
900 2633 959 2695 1.
1015 2650 1053 2693 ‹
1087 2626 1403 2715 Negative
1439 2647 1504 2691 ν.

747 2718 843 2784 Ad
893 2721 959 2783 2.
1012 2736 1050 2781 4
1083 2716 1366 2782 Attentis
1433 2714 1865 2801 peculiaribus
1944 2717 2213 2783 circum-

612 2806 884 2891 stantiis,
911 2810 977 2871 in
1008 2823 1157 2872 casu
1189 2804 1275 2887 de
1306 2823 1436 2891 quo
1466 2805 1702 2890 agitur,
1738 2804 2212 2873 consulendum

614 2892 1028 2962 Sanctissimo
1061 2912 1178 2983 pro
1212 2893 1571 2978 Apostolica
1607 2893 2083 2982 dispensatione
2113 2913 2216 2960 re-

616 2983 852 3050 citandi
898 2982 1147 3049 Laudes
1190 2984 1331 3048 sine
1377 2993 1569 3050 cantu
1618 2995 1763 3071 post
1807 2984 2057 3050 Missam
2103 2985 2214 3050 So·

618 3074 941 3140 lemnam:
970 3071 1304 3139 canonicis
1338 3082 1550 3139 tamen
1590 3072 1858 3158 aliisque
1887 3073 1971 3139 de
2004 3090 2211 3156 more,

614 3179 819 3247 aeque
866 3180 936 3227 ac
984 3162 1049 3226 in
1080 3159 1219 3226 aliis
1261 3160 1518 3244 diebus„
1554 3160 1871 3228 obstrictis
1904 3161 1980 3228 ad
2016 3160 2215 3227 inter-

617 3249 1009 3317 veniendum
1055 3259 1128 3315 ut
1174 3250 1514 3316 lucrentur
1559 3248 1845 3316 matutini
1910 3248 2215 3318 distribu-

619 3339 864 3406 tionem
899 3359 964 3404 ν.

748 3428 843 3494 Ad
895 3431 958 3494 3.
1009 3446 1047 3491 4
1080 3425 1528 3506 Affirmativ03
1578 3426 1705 3492 illis
1751 3424 1980 3493 diebus
2025 3444 2213 3492 exce·

617 3515 768 3604 ptis,
794 3514 859 3581 in
885 3514 1118 3600 quibus
1141 3515 1703 3602 Archiepiscopus,
1731 3525 2068 3602 postquam
2093 3518 2214 3580 Ma-

617 3601 824 3669 tutino
870 3603 1253 3670 solemniter
1298 3602 1595 3691 peregit,
1645 3602 1894 3669 Laudes
1953 3620 2213 3690 quoque

614 3689 996 3756 solemniter
1042 3691 1374 3758 celebrare
1418 3690 1801 3758 voluerit».

748 3778 844 3844 Ad
896 3781 961 3844 4.
1017 3800 1055 3843 ‹
1085 3778 1399 3865 Negative
1438 3801 1506 3848 ».

746 3867 844 3933 Ad
895 3871 959 3933 ὅ.
1011 3888 1050 3930 ‹
1091 3871 1415 3934 Assertam
1478 3866 2014 3936 consuetudinem
2083 3888 2212 3936 non

616 3974 759 4023 esse
804 3954 1185 4034 ferendam;
1236 3965 1302 4021 et
1347 3957 1592 4024 Laudes
1637 3956 1704 4022 iu
1749 3956 1959 4024 choro
2020 3958 2212 4023 alter-

616 4044 841 4130 natim,
888 4044 1163 4111 solemni
1210 4044 1513 4111 Matutino
1560 4045 1880 4127 absoluto,
1937 4046 2213 4113 recitan-

618 4133 728 4201 das
775 4152 913 4202 esse
942 4154 1004 4198 ».

750 4223 845 4289 Ad
896 4226 962 4288 6.
1016 4244 1054 4287 ‹
1084 4220 1420 4308 Negative,
1455 4220 1630 4288 iuxta
1664 4222 1966 4300 modum;
2003 4240 2078 4288 ea
2114 4223 2210 4288 ni·

614 4310 852 4377 mirum
899 4310 965 4377 in
1010 4321 1221 4399 parte,
1255 4328 1420 4395 quae
1466 4310 1923 4378 caeremoniali
1955 4310 2214 4397 Episco-

616 4417 853 4489 porum
898 4398 1274 4466 adversatur
1308 4419 1371 4464 ».

543 4501 550 4508 ·
748 4487 846 4556 Ad
893 4490 958 4554 7.
1009 4507 1047 4553 c
1081 4487 1389 4573 Negative
1424 4508 1491 4553 ν.

748 4576 847 4644 Ad
894 4580 959 4643 8.
1011 4598 1050 4641 ‹
1081 4575 1500 4662 Affirmative,
1530 4577 1606 4644 ad
1633 4577 1907 4664 primam
1931 4587 2208 4663 partem3

616 4665 953 4752 Negative,
1003 4665 1080 4732 ad
1128 4665 1480 4734 secundam
1512 4687 1578 4732 ν.

753 4754 849 4821 Ad
897 4758 962 4823 9.
1017 4775 1055 4820 «
1087 4757 1179 4822 Ne
1230 4755 1397 4822 ative
1429 4775 1494 4820 ν.

749 4843 844 4908 Ad
900 4846 1006 4911 10.
1059 4864 1097 4909 4
1130 4843 1182 4909 Α
1255 4844 1524 4910 rmative
1559 4865 1624 4909 ν.

750 4930 848 4998 Ad
904 4936 1007 4998 11.
1059 4954 1098 4997 ‹
1132 4933 1440 5020 Negative
1473 4953 1537 5000 ν.

750 5020 844 5086 Ad
901 5021 1004 5086 12.
1055 5042 1094 5085 ‹
1127 5022 1441 5088 Probetur
1469 5021 1767 5090 formiter
1795 5031 2031 5090 asserta
2063 5041 2208 5088 con-

621 5107 901 5176 suetudo
934 5130 999 5174 ν.

753 5196 850 5263 Ad
901 5201 1006 5264 13.
1058 5216 1096 5261 4
1131 5198 1487 5284 Negativ03
1558 5210 1750 5286 atque
1811 5198 1895 5264 ita
1954 5216 2209 5265 servan-

622 5284 780 5355 dum
826 5286 889 5353 in
939 5285 1232 5354 omnibus
1279 5286 1415 5352 aliis
1459 5286 1713 5352 Pisanae
1745 5285 2063 5353 Dioecesis
2096 5291 2209 5353 Ec-

622 5375 858 5463 clesiis,
892 5383 1021 5441 tam
1056 5375 1371 5459 exemptis
1417 5391 1605 5464 quam
1635 5392 1762 5439 non
1797 5374 2117 5461 exemptis
2141 5387 2206 5439 t.

2440 413 2537 480 Ad
2588 417 2695 483 14.
2743 435 2781 478 ι
2816 413 3205 483 Servandam
3243 435 3384 483 esse
3415 416 3897 506 dispositionem

2311 502 2807 569 caeremonialia
2837 525 2904 569 ν.

2438 591 2537 658 Ad
2588 595 2692 658 15.
2745 613 2784 656 ‹
2816 595 3174 660 Serventur
3219 594 3531 662 Rubi-icae
3558 619 3624 663 ν.

2437 681 2535 747 Ad
2589 684 2692 746 16.
2745 700 2783 745 «
2817 681 3206 748 Servandam
3242 701 3380 749 esse
3412 684 3895 772 dispositionem

2307 769 2803 836 Caeremonialis
2840 770 2958 838 lib.
2991 774 3057 857 2,
3094 790 3237 858 cap.
3271 775 3338 856 8,
3374 774 3412 857 ἓ
3445 776 3534 841 24
3566 785 3634 840 et
3664 779 3795 842 27:
3830 795 3896 841 eo

2308 856 2502 924 modo
2533 870 2605 923 ut
2635 857 3074 926 subdiaconus
3106 860 3412 927 deferens
3457 862 3898 950 Archiepisco-

2309 947 2518 1046 palem
2563 949 2836 1015 crucem
2896 948 2979 1013 sit
3035 959 3319 1036 paratus,
3368 951 3627 1017 medius
3688 963 3896 1018 tamen

2307 1046 2481 1101 inter
2524 1035 2684 1104 duos
2736 1035 3167 1103 ceroferarios
3224 1056 3372 1105 cum
3432 1038 3892 1125 luminaribus->3

2311 1132 2377 1188 et
2432 1123 2738 1211 Acolytus
2798 1124 3104 1192 deferens
3162 1127 3430 1193 Crucem
3492 1127 3773 1216 capituli
3826 1130 3897 1194 sit

2311 1221 2478 1278 cotta
2526 1212 2786 1279 indutus
2820 1234 2883 1279 ».

2439 1299 2536 1366 Ad
2588 1304 2692 1367 17.
2745 1322 2783 1365 ι
2816 1302 3130 1389 Negative
3168 1324 3232 1367 ».

2441 1388 2535 1455 Ad
2592 1393 2697 1456 18.
2747 1411 2785 1454 ι
2820 1392 3180 1457 Serventur
3225 1392 3291 1458 in
3336 1393 3657 1478 omnibus,
3710 1394 3893 1460 etiam

2314 1477 2376 1545 in
2422 1478 2708 1546 vestibus
2766 1479 3187 1546 Diaconorum
3249 1481 3703 1565 assistentium,
3750 1485 3895 1549 cae·

2306 1566 2671 1633 remonialis
2715 1567 3180 1655 Episcoporum
3229 1568 3673 1655 dispositiones
3706 1592 3779 1636 ι.

2438 1654 2534 1720 Ad
2589 1658 2696 1723 19.
2745 1678 2784 1721 ‹
2816 1655 3068 1724 Servari
3149 1656 3345 1723 oterit
3376 1657 3723 1745 peculiaris
3756 1676 3895 1725 con·

2307 1745 2609 1828 suetudo,
2644 1744 2757 1810 sed
2792 1677 3261 1811 consulenSum
3308 1745 3719 1812 sanctissimo
3746 1770 3813 1813 ν.

2440 1833 2537 1899 Ad
2584 1835 2692 1900 20.
2748 1854 2786 1897 ‹
2824 1832 3133 1900 Diaconus
3194 1845 3259 1900 et
3328 1834 3797 1919 subdiaconus,
3832 1846 3895 1900 ut

2310 1932 2562 2007 praesto
2585 1921 2709 1987 sint
2732 1921 2810 1988 ad
2838 1920 3240 1989 induendum
3266 1924 3680 2011 Episcopum,
3701 1941 3893 2009 quum

2307 2008 2553 2075 dictum
2586 2008 2879 2076 fueritin
2910 2008 3169 2076 Litaniis
3204 2011 3449 2078 Sancta
3480 2012 3730 2091 Karia,
3768 2031 3897 2077 sur·

2308 2107 2537 2184 gentes
2581 2098 2890 2165 recedant
2919 2098 2998 2165 ad
3034 2096 3417 2184 sacristiam,
3453 2098 3561 2166 ubi
3592 2099 3897 2187 depositis

2308 2185 2610 2253 violaceis
2653 2185 2954 2271 Planetis,
3003 2196 3324 2254 assumant
3380 2185 3792 2254 Dalmaticam
3836 2195 3896 2254 et

2308 2274 2701 2341 Tunicellam
2734 2274 2928 2357 albaS,
2958 2294 3081 2341 nec
3114 2285 3519 2343 revertantur
3546 2276 3626 2343 ad
3657 2275 3893 2357 Altare,

2310 2361 2427 2429 nisi
2476 2382 2702 2449 quum,
2751 2362 3058 2429 absolutis
3105 2362 3393 2449 Litaniis,
3440 2363 3751 2431 solemnis
3813 2365 3897 2430 in·

2308 2451 2591 2518 choanda
2635 2452 2720 2518 sit
2766 2451 2945 2517 Missa
2976 2471 3041 2518 ν.

2437 2541 2535 2607 Ad
2583 2544 2695 2609 21.
2744 2560 2782 2603 ι
2816 2539 3070 2607 Servari
3133 2559 3321 2628 posse
3380 2539 3688 2626 solitum,
3758 2542 3895 2608 ada·

2308 2627 2573 2694 mussim
2622 2640 2835 2695 tamen
2876 2628 3145 2695 servatis
3188 2626 3478 2696 Rubricis
3523 2629 3895 2697 novissimae

2308 2716 2742 2804 martyrologii
2772 2715 3039 2784 editioni
3071 2716 3367 2802 adiectis;
3406 2717 3771 2785 dummodo
3793 2720 3897 2783 Ar-

2309 2804 2754 2908 chiepiscopus
2784 2805 3068 2872 noluerit
3096 2806 3555 2875 solemniorem
3586 2807 3791 2874 alium
3814 2808 3898 2872 in-

2310 2894 2552 2961 ducere
2600 2903 2800 2961 ritum
2831 2916 2898 2959 ».

2445 2983 2537 3051 Ad
2585 2987 2698 3050 22.
2746 3002 2784 3047 4
2816 2982 3239 3067 Affirmative,
3289 2986 3499 3070 quoad
3560 2995 3896 3072 utramque

2313 3083 2563 3160 partem
2597 3094 2664 3139 ».

2441 3161 2537 3227 Ad
2586 3165 2699 3228 23.
2747 3183 2786 3226 ‹
2818 3161 3167 3248 Negative;
3218 3173 3283 3227 et
3312 3172 3615 3228 servetur
3647 3161 3896 3228 omnino

2301 3240 2790 3318 caeremoniale
2836 3249 3303 3335 Episcoporum
3334 3270 3399 3314 ν.

2443 3338 2540 3404 Ad
2587 3342 2696 3405 24.
2746 3359 2784 3402 ‹
2818 3336 3236 3426 Affirmative3
3272 3338 3386 3405 sed
3418 3337 3682 3404 attentis
3713 3356 3896 3425 pecu-

2309 3427 2569 3494 liaribus
2616 3425 3111 3494 circumstantiis
3158 3425 3222 3492 in
3269 3445 3443 3509 casu,
3477 3426 3563 3492 de
3612 3446 3743 3512 quo
3772 3425 3896 3511 agi-

2311 3527 2450 3599 tur,
2500 3516 2974 3582 consulendum
3028 3511 3431 3583 Sanctissimo
3494 3533 3614 3604 pro
3680 3523 3892 3581 exten-

2306 3605 2488 3671 sione
2534 3603 2770 3671 lndulti
2816 3600 3379 3689 Archipresbyteri
3423 3602 3629 3670 Pisani
3669 3604 3746 3670 ad
3777 3611 3891 3667 tra·

2310 3692 2496 3759 mites
2532 3691 3017 3759 constitutionis
3046 3711 3101 3757 s.
3136 3709 3230 3757 m.
3263 3692 3349 3759 Pii
3383 3695 3487 3758 Vll
3522 3690 3631 3757 die
3662 3694 3745 3758 27
3771 3693 3891 3755 Au·

2311 3780 2481 3867 gusti
2534 3784 2702 3848 1822
2738 3801 2804 3845 ».

2442 3873 2650 3955 Atque
2713 3869 2797 3935 ita
2860 3867 3108 3934 censuit
3153 3877 3219 3933 et
3264 3865 3503 3936 servari
3549 3867 3880 3937 mandavit.

2309 3957 2421 4024 Die
2473 3961 2552 4024 12
2599 3956 2979 4024 Novembris
3035 3960 3231 4024 1831.

2437 4049 2646 4132 Super
2692 4044 2925 4131 quibus
2970 4043 3263 4112 omnibus
3294 4044 3453 4113 facta
3486 4042 3881 4133 postmodum

2308 4134 2718 4203 sanctissimo
2773 4133 3040 4199 Domino
3108 4135 3335 4199 Nostro
3397 4134 3713 4220 Gregorio
3761 4133 3883 4198 XV!

2307 4221 2594 4289 Pontifici
2619 4223 2891 4290 Maximo
2913 4221 3093 4289 fideli
3124 4221 3461 4306 relatione,
3488 4222 3600 4288 die
3630 4223 3711 4290 18
3735 4220 3885 4287 eius·

2309 4311 2460 4377 dem
2507 4311 2746 4378 mensis
2795 4320 2861 4376 et
2906 4310 3087 4395 anni,
3135 4312 3442 4378 Sanctitas
3504 4313 3631 4378 Sua
3676 4313 3883 4377 Sacrae

2307 4399 2835 4486 congregationis
2878 4403 3202 4486 Responsa
3233 4398 3298 4464 in
3331 4398 3630 4466 omnibus
3676 4415 3884 4487 appro·
3996 4409 3997 4414 ’

2309 4488 2505 4572 bavit,
2555 4499 2622 4554 et
2668 4487 2946 4574 benigne
2994 4486 3217 4553 annuit
3254 4505 3374 4575 pro
3404 4486 3775 4575 Apostolica
3800 4483 3885 4550 Di·
3996 4499 3997 4514 ¹

2307 4576 2716 4663 spensatione
2740 4576 2947 4662 quoad
2976 4580 3043 4659 2,
3079 4580 3157 4645 19
3184 4585 3249 4642 et
3271 4578 3384 4659 24,
3412 4574 3714 4642 dubium.
3742 4577 3885 4641 con·

2309 4666 2517 4732 trariis
2548 4684 2675 4731 non
2706 4663 3101 4731 obstantibus
3138 4665 3684 4751 quibuscumque.

2314 4842 2575 4913 2685.
2936 4843 3296 4909 sAmNEN.
3673 4836 3882 4930 (4673)
3996 4789 3997 4800 Ν

2445 5022 2631 5088 Ortae
2655 5037 2855 5105 quum
2881 5028 3094 5089 essent
3124 5018 3474 5088 nonnullae
3501 5021 3883 5105 quaestiones

2311 5108 2481 5176 inter
2510 5110 2878 5197 capitulum
2902 5107 3340 5174 etCanonicos
3361 5106 3752 5195 Collegiatae
3780 5110 3881 5171 Ec·

2310 5199 2543 5266 clesiae
2589 5202 2852 5266 Sanctae
2898 5195 3125 5263 Mariae
3171 5198 3584 5283 magdalenae
3623 5217 3702 5264 ex
3746 5212 3877 5274 una,

2311 5296 2505 5371 atque
2534 5288 2886 5354 Parochum
2915 5285 3245 5352 Ecclesiae
3273 5285 3484 5353 Sancti
3515 5284 3730 5352 Hilarii
3756 5299 3877 5369 par-

2320 5373 2486 5442 tibus
2531 5395 2612 5440 ex
2659 5375 2882 5459 altera,
2929 5372 3158 5459 Oppidi
3213 5373 3388 5440 Ereti
3433 5373 3749 5441 Dioecesis
3788 5372 3872 5436 Sa-
