4042 5950
2018 217 2334 297 -262
2387 258 2491 276 —

617 382 821 449 Coetu
879 378 1188 445 hodierna
1242 377 1348 445 die
1395 379 1473 446 ad
1523 377 1893 446 Vaticanum
1945 375 2187 460 habito,
2297 373 2575 460 cretarii,
2623 373 3145 462 respondendum
3184 372 3467 441 censuit:
3521 394 3559 439 ‹
3591 372 3884 441 Affirma-

623 465 979 553 rescripsit:
1021 488 1059 532 ι
1092 463 1433 554 Episcopo,
1469 478 1539 534 ut
1568 465 1739 533 veris
1771 463 2193 532 existentibus
2297 462 2455 547 tive,
2489 463 2563 530 ad
2597 462 2868 550 primam
2910 472 3199 548 partem;
3246 462 3322 529 ad
3367 461 3753 545 secundam,
3793 460 3882 528 in·

624 555 910 636 narratis,
960 554 1310 641 indulgeat,
1360 564 1431 621 ut
1476 553 1641 621 intra
1698 552 2022 621 biennium
2093 572 2195 618 su·

624 642 970 729 pellectilia
1012 652 1405 709 renoventur
1432 642 1508 709 ad
1548 641 1827 709 tramites
1872 639 2197 708 Generalis

624 730 900 812 Decreti,
934 730 1246 819 permisso
1294 729 1552 798 interim
1603 748 1820 798 earum
1866 749 1988 796 usu
2034 746 2196 814 quae

626 837 795 885 nunc
839 818 1157 886 habentur
1187 839 1253 883 ».
1300 817 1412 884 Die
1466 821 1543 884 12
1591 817 1790 884 Martii
1843 818 2034 884 1836.

632 958 880 1027 2738.
1248 960 1584 1026 LUCANA.
1973 955 2196 1043 (4775)

758 1087 825 1148 ln
872 1080 1162 1149 universa
1207 1079 1490 1149 Dioecesi
1521 1084 1766 1147 Lucana
1797 1078 2119 1146 Dominica
2144 1082 2198 1147 V

628 1179 771 1256 post
814 1173 1232 1236 Pentecosten
1278 1169 1349 1236 flt
1405 1168 1691 1236 Officium
1746 1167 1916 1236 Sacri
1974 1166 2198 1234 cordis

628 1261 852 1324 Beatae
911 1257 1131 1325 Mariae
1185 1256 1499 1345 Virginis,
1556 1255 1728 1341 quod
1789 1254 1852 1320 in
1918 1255 2199 1322 Ecclesia

627 1345 1025 1414 Clericorum
1067 1344 1480 1430 Regularium
1525 1342 1732 1410 Matris
1761 1343 1870 1410 Dei
1923 1343 2200 1411 celebra-

634 1443 739 1500 tur
782 1452 1011 1520 magno
1055 1432 1281 1519 populi
1339 1450 1685 1514 concursu,
1731 1430 1846 1498 sed
1905 1433 2035 1498 ritu
2080 1432 2201 1499 du·

629 1521 782 1608 plici
848 1522 1112 1602 maiori,
1163 1521 1344 1588 utin
1412 1519 1783 1588 calendario
1850 1520 2198 1587 Dioecesis.

630 1611 710 1674 At
755 1610 820 1676 in
863 1609 1183 1676 Dominica
1231 1608 1549 1696 praedicta
1595 1606 1978 1693 quandoque
2037 1606 2204 1674 cadit

631 1695 993 1763 solemnitas
1037 1701 1410 1765 Sanctorum
1440 1696 1887 1782 Apostolorum
1933 1695 2104 1762 Petri
2134 1705 2202 1761 et

632 1784 827 1869 Pauli,
862 1795 969 1851 aut
999 1782 1204 1852 Sancti
1243 1782 1479 1850 Paulini
1521 1783 1763 1851 Patroni
1809 1781 2202 1869 principalis,

634 1883 905 1958 utraque
959 1875 1139 1939 Festa
1198 1872 1437 1959 primae
1492 1871 1700 1938 classis
1755 1889 1901 1938 cum
1947 1882 2200 1950 octava;

635 1970 1024 2046 quapropter
1057 1959 1491 2048 supradictum
1535 1958 1824 2027 Officium
1853 1959 2022 2027 Sacri
2054 1960 2207 2025 Cor-

635 2046 732 2114 dis
777 2066 894 2134 pro
943 2046 1170 2115 iisdem
1230 2046 1415 2114 etiam
1469 2046 1729 2115 clericis
1786 2046 2207 2134 Regularibus

635 2134 1148 2203 transferendum
1193 2144 1313 2201 est.
1363 2138 1647 2222 Utroque
1695 2143 1905 2201 tamen
1951 2134 2015 2201 in
2061 2153 2208 2201 casu

635 2221 816 2290 unica
847 2223 1024 2289 Missa
1048 2223 1364 2291 Solemnis
1395 2223 1642 2291 canitur
1673 2222 1756 2290 de
1779 2223 2208 2291 Sacratissimo

634 2314 857 2377 Beatae
903 2310 1183 2399 Virginis
1226 2311 1473 2396 corde;
1524 2311 1695 2396 quod
1740 2310 2041 2377 asseritur
2070 2308 2209 2376 fieri

634 2416 821 2484 posse
868 2417 949 2464 ex
992 2398 1283 2468 Rubricis
1340 2397 1594 2466 Missalis
1652 2399 1735 2466 de
1781 2397 2209 2466 Translatione

637 2489 970 2640 Fesdtorum
1029 2486 1215 2554 titulo
1260 2489 1366 2571 VI,
1412 2485 1700 2573 quamvis
1759 2484 2018 2575 plurimi
2065 2503 2210 2551 con-

636 2582 733 2639 tra
783 2573 839 2639 ic
877 2585 975 2643 nt.

768 2595 923 2728 Ηίξιο
973 2661 1300 2750 proposito
1360 2661 1554 2729 dubio
1597 2682 1631 2728 a
1678 2661 1943 2730 clericis
2000 2665 2095 2729 Re
2141 2680 2213 2728 u-

638 2747 1438 2836 laribuscongregationis
1484 2749 1690 2817 Matris
1722 2749 1834 2817 Dei
1865 2754 2071 2818 Lucae
2148 2768 2214 2816 e-

638 2834 958 2922 gentibus,
991 2839 1322 2922 quaeritur
1364 2837 1518 2923 quid
1566 2841 1634 2907 S.
1667 2841 1737 2905 c.
1773 2835 2048 2906 sentiat?

769 2927 848 2991 Et
892 2924 1388 2994 Eminentissimi
1420 2946 1490 2994 ac
1526 2924 2062 2996 Reverendissimi
2108 2929 2214 2994 Pa-

638 3022 769 3079 tres
829 3013 1030 3080 Sacris
1092 3014 1346 3082 tuendis
1403 3015 1648 3083 Ritibus
1708 3033 1858 3106 prae
1909 3014 2091 3099 ositi,
2148 3014 2214 3080 in

637 3099 963 3168 ordinario
1005 3104 1208 3170 coetu
1246 3104 1321 3170 ad
1356 3103 1722 3170 Vaticanum
1755 3104 1840 3171 ho
1891 3103 2064 3170 ierna
2109 3101 2214 3170 die

640 3188 999 3277 coadunati,
1046 3191 1125 3258 ad
1172 3191 1549 3260 relationem
1593 3192 1955 3275 secretarii,
1994 3189 2217 3258 rescri-

640 3278 925 3345 bendum
972 3290 1395 3347 censuerunt:
1445 3300 1483 3344 ‹
1509 3280 1771 3348 Secluso
1815 3279 2075 3368 speciali
2121 3280 2214 3346 in·

639 3365 824 3434 dulto
877 3367 1142 3433 abusum
1196 3386 1332 3434 esse
1379 3377 1444 3434 et
1490 3367 1947 3437 eliminandum
1980 3388 2048 3433 ι.
2100 3367 2214 3434 Die

645 3456 724 3519 12
769 3453 968 3521 Martii
1020 3457 1214 3522 1836.

642 3593 895 3663 2739.
1208 3597 1641 3666 TARVISINA.
1985 3595 2210 3684 (4776)

772 3717 1360 3785 Reverendissimus
1404 3723 1477 3786 D.
1529 3718 1925 3787 Sebastianus
1972 3719 2212 3788 Soldati

644 3801 994 3902 Episcopus
1039 3805 1394 3873 'tarvisinus
1456 3826 1731 3893 sequens
1775 3807 2045 3875 dubium
2096 3809 2212 3875 hu-

644 3890 914 3957 millime
959 3893 1292 3981 proponit3
1341 3913 1489 3962 nem
1541 3914 1611 3962 e:

774 3981 870 4044 An
933 3981 1283 4067 Episcopus
1351 4000 1471 4068 gau
1524 4001 1671 4067 ens,
1720 3994 1911 4083 prout
1979 3993 2076 4050 est
2132 3983 2214 4050 de

644 4082 850 4149 more,
932 4067 1222 4154 rivilegio
1254 4069 1482 4136 Altaris
1508 4070 1840 4159 portatilis,
1868 4071 2041 4138 licite
2070 4090 2214 4159 pos·

644 4153 750 4238 sit,
782 4153 834 4220 si
907 4167 1049 4224 orte
1077 4157 1415 4243 aliquando
1461 4157 1541 4225 sit
1585 4159 1805 4225 morbo
1839 4159 2211 4249 impeditus,

644 4240 870 4310 iubere
915 4255 985 4311 ut
1032 4245 1254 4332 aliquis
1308 4266 1387 4313 ex
1434 4245 1875 4316 Sacerdotibus
1933 4247 2052 4315 sihi
2108 4246 2213 4314 be-

646 4329 879 4396 nevisis
944 4351 1140 4420 super
1206 4335 1381 4402 idem
1427 4336 1641 4402 Altare
1706 4335 2041 4437 portatile,
2104 4336 2212 4403 de-

646 4428 869 4484 center
913 4420 1294 4490 collocatum
1352 4422 1525 4490 iuxta
1585 4423 1951 4491 cubiculum
1994 4443 2210 4508 suum,

645 4506 829 4574 Sacra
896 4518 1156 4595 peragat
1210 4511 1286 4578 ad
1348 4509 1703 4578 devotionis
1766 4508 2107 4578 solatium?
2150 4524 2215 4579 et

646 4604 961 4679 quatenus
1005 4597 1341 4683 negative,
1391 4599 1562 4667 idem
1613 4599 1961 4685 Episcopus
2023 4601 2215 4668 enixe

646 4682 1031 4771 deprecatur
1074 4702 1193 4770 pro
1226 4684 1586 4755 huiusmodi
1621 4685 1869 4754 indulto
1912 4688 2210 4774 valituro,

645 4788 762 4858 pro
809 4790 1211 4859 quocumque
1271 4793 1415 4841 casu
1461 4775 1835 4862 eveniente,
1884 4796 2089 4863 usque
2133 4776 2212 4843 ad

646 4859 935 4926 eiusdem
980 4859 1278 4950 Episcopi
1333 4861 1598 4930 obitum.

776 4951 855 5014 Et
899 4951 1083 5016 Sacra
1127 4951 1389 5018 Rituum
1433 4952 1879 5038 congregatio,
1919 4953 1996 5021 ad
2046 4954 2213 5021 Vati-

648 5054 873 5102 canum
918 5038 1276 5124 subsignata
1322 5039 1428 5106 die
1475 5041 1814 5110 coadunata
1861 5042 1926 5108 in
1953 5042 2211 5108 Ordina-

646 5120 756 5186 riis
798 5122 1107 5209 comitiis,
1157 5127 1234 5193 ad
1278 5125 1652 5197 relationem
1699 5127 2036 5218 subscripti
2101 5132 2210 5196 Se·

784 5311 866 5385 (t)
900 5313 962 5371 Ε.
997 5315 1136 5373 Dub.
1173 5315 1223 5372 6.

2298 551 2483 618 dulto
2527 570 2654 618 non
2700 550 2991 637 indigere
3024 570 3088 614 ι.
3138 549 3249 616 Die
3302 553 3378 616 12
3425 548 3631 617 Hartii
3683 554 3880 617 1836.

2304 726 2557 798 2740.
2848 700 3347 796 rmnnNTmA.
3653 725 3879 815 (4777)

2432 902 2655 1005 Sacrae
2692 900 2950 969 Bituum
2983 900 3477 1003 congregationi
3509 899 3877 1002 humillime

2299 990 2815 1145 3ἳὲὲὲᾋῖἱῖῑηῖ
2831 989 3729 1145 ὧῇοῗὲὲξὲἓὲἓηῗξῖἓζὲ.
3761 993 3880 1144 ιῗὲῐ

2308 1165 2718 1233 formatorum
2775 1164 3137 1233 Provinciae
3191 1164 3622 1250 Tridentinae,
3670 1177 3746 1232 ut
3792 1165 3881 1267 in·
4000 1142 4001 1235 Ῑ

2304 1254 2633 1353 sequentia
2691 1253 2884 1322 dubia
2941 1254 3267 1322 declarare
3327 1254 3746 1342 dignaretur3
3792 1275 3879 1322 m·

2305 1358 2580 1408 mirum:

2444 1434 2506 1495 1.
2552 1431 2757 1509 Quum
2803 1429 2977 1497 iuxta
3022 1434 3366 1497 Decretum
3410 1430 3729 1497 cenet-ale
3775 1434 3873 1498 Sa-
4000 1402 4001 1413 ἵ

2246 1584 2252 1595 ,
2306 1536 2451 1584 crae
2496 1516 2754 1586 Rituum
2797 1522 2931 1586 con
2979 1518 3318 1620 rogationis
3363 1518 3428 1585 in
3466 1519 3878 1605 responsione

2305 1605 2384 1672 ad
2432 1604 2697 1673 dubium
2743 1610 2810 1691 6,
2858 1627 2932 1672 su
3021 1606 3128 1673 die
3173 1610 3253 1674 31
3287 1605 3483 1672 Martii
3523 1609 3723 1689 1821,
3772 1607 3880 1672 eli·

2306 1692 2598 1760 minanda
2641 1694 2721 1760 sit
2767 1695 3163 1767 consuetudo
3209 1694 3571 1782 apponendi
3629 1697 3881 1762 Sancto·

2311 1800 2453 1847 rum
2482 1781 2800 1868 Reliquias
2833 1782 3159 1870 pictasque
3192 1781 3501 1871 Imagines
3531 1802 3734 1871 super
3776 1787 3882 1850 'l'a-

2310 1867 2652 1937 hernaculo
2685 1871 2749 1937 in
2779 1889 2905 1957 quo
2937 1871 3415 1938 sanctissimum
3455 1869 3880 1938 Eucharistiae

2314 1958 2787 2025 Sacramentum
2816 1968 3193 2044 asservatur,
3226 1958 3384 2027 adeo
3416 1968 3488 2026 ut
3535 1959 3750 2046 ipsum
3778 1963 3881 2026 Τε-

2312 2043 2726 2112 beruaculum
2773 2044 3072 2114 inserviat
3162 2066 3235 2114 ro
3280 2046 3450 2125 hasi3
3513 2047 3877 2133 quaeritur:

2312 2134 2408 2199 An
2452 2133 2572 2199 hoc
2631 2137 2973 2202 Decretum
3036 2155 3113 2201 va
3140 2145 3241 2202 eat
3300 2134 3490 2201 etiam
3551 2153 3675 2223 pro
3721 2134 3882 2204 Beli·
4002 2124 4003 2179 ἶ

2313 2220 2476 2307 quiis
2510 2222 2943 2289 Sanctissimae
2975 2223 3196 2290 Crucis
3218 2223 3325 2291 vel
3357 2220 3619 2291 alterius
3652 2225 3879 2289 lustru·
4002 2248 4003 2255 ¹

2312 2308 2514 2375 menti
2570 2310 2929 2377 Dominicae
2981 2310 3285 2379 Passionis
3337 2309 3635 2397 publicae
3691 2329 3881 2377 vene-
4002 2352 4003 2379 l

2314 2396 2537 2464 rationi
2586 2394 2933 2484 expositis?

2445 2489 2510 2551 2.
2559 2489 2656 2554 An
2699 2486 2774 2552 iis
2820 2486 2886 2553 in
2930 2485 3257 2570 Ecclesiis,
3289 2486 3354 2553 in
3399 2485 3633 2572 quibus
3673 2484 3758 2552 ob
3784 2488 3886 2554 Sa·
4002 2488 4003 2517 ³

2315 2573 2645 2641 cerdotum
2670 2573 2995 2643 defectum
3020 2575 3361 2643 celebrans
3383 2574 3450 2641 in
3478 2573 3884 2642 Hebdomada

2316 2661 2532 2727 maiori
2577 2662 2911 2729 decantare
2965 2662 3215 2750 cogitur
3265 2674 3511 2750 partem
3563 2660 3883 2745 Passionis,

2314 2747 2486 2815 illam
2535 2749 2871 2817 decantare
2910 2751 3142 2819 debeat
3173 2750 3241 2817 in
3267 2754 3480 2819 cornu
3511 2748 3887 2839 Evangelii?

2447 2841 2510 2904 3.
2561 2840 2656 2904 An
2703 2837 2767 2905 in
2811 2838 2989 2906 Missa
3039 2839 3501 2924 conventuali,
3549 2838 3687 2905 sive
3750 2857 3886 2906 can·

2316 2934 2437 2992 tata
2481 2924 2615 3081 sife
2648 2926 2871 3083 plana,
2904 2926 3108 2995 Passio
3141 2925 3270 3014 legi
3316 2926 3550 2996 debeat
3582 2927 3649 2996 iu
3679 2929 3885 2996 cornu

2316 3011 2534 3102 Episto
2563 3032 2635 3079 ae

2446 3107 2512 3169 4.
2546 3104 2643 3168 An
2674 3102 3072 3190 reprobanda
3100 3123 3174 3171 ac
3206 3103 3480 3191 proinde
3510 3103 3885 3174 eliminanda

2314 3190 2393 3257 sit
2441 3194 2864 3291 consuetudo²
2896 3192 3077 3259 Feria
3107 3202 3284 3260 sexta
3314 3191 3381 3259 in
3411 3198 3776 3277 Parasceve,
3808 3193 3885 3259 de

2316 3298 2459 3345 sero
2504 3276 2571 3345 in
2614 3281 2893 3347 Ecclesia
2927 3290 2994 3347 et
3023 3281 3100 3347 ad
3132 3279 3466 3369 proprium
3495 3281 3714 3349 Altare
3743 3299 3883 3350 cum

2318 3366 2732 3434 luminaribus
2752 3418 2769 3453 ,
2846 3369 3081 3435 iterum
3150 3369 3502 3437 collocandi
3569 3368 3883 3437 Sanctissi-

2314 3472 2491 3521 mum
2536 3455 2968 3523 Eucharistiae
3012 3454 3544 3524 Sacramentum?

2448 3546 2512 3608 6.
2561 3548 2657 3609 An
2704 3544 2917 3629 liceat,
2958 3544 3180 3612 eadem
3224 3545 3406 3626 Feria
3449 3556 3633 3614 sexta
3676 3545 3741 3612 in
3784 3547 3882 3609 Pa-
4004 3521 4006 3544 '

2318 3649 2605 3715 rasceve,
2661 3631 2726 3698 in
2789 3633 2929 3699 loco
2991 3631 3102 3699 ubi
3151 3642 3514 3704 asservatur
3569 3631 3880 3702 Sanctissi-

2320 3737 2497 3786 mum
2563 3719 2993 3787 Eucharistiae
3055 3723 3535 3790 Sacramentum
3594 3741 3714 3809 pro
3770 3720 3877 3787 hac

2314 3807 2527 3892 Feria,
2576 3807 2788 3878 statim
2846 3818 2989 3894 post
3036 3809 3475 3878 caeremonias
3534 3810 3731 3894 ipsius
3774 3812 3878 3874 Fe-

2316 3897 2490 3980 riae,
2542 3913 2867 3984 exponere
2925 3897 3224 3985 publicae
3274 3897 3670 3966 venerationi
3724 3895 3876 3965 Reli-

2317 3983 2527 4071 quiam
2587 3984 3024 4053 Sanctissimae
3070 3985 3314 4069 Crucis,
3366 3997 3429 4053 et
3473 3986 3560 4054 ihi
3609 3985 3875 4054 retinere

2316 4090 2520 4157 usque
2572 4070 2940 4158 crastinum,
2989 4074 3067 4141 ad
3121 4074 3342 4142 horam
3392 4074 3698 4142 solemnis
3751 4072 3877 4140 iun-

2319 4158 2568 4245 ctionis,
2619 4159 3021 4260 expositam?
3064 4162 3155 4250 (1)

2449 4250 2514 4313 6.
2564 4251 2660 4315 An
2708 4266 2772 4314 ιιι
2817 4251 3139 4317 Provincia
3184 4249 3576 4336 Tridentina,
3624 4269 3785 4338 quae
3811 4246 3877 4313 ab

2316 4341 2705 4423 Imperatore
2735 4339 3059 4424 Leopoldo
3089 4343 3112 4405 1
3153 4339 3324 4405 inter
3352 4339 3711 4408 Provincias
3741 4342 3875 4406 Ger·

2316 4423 2560 4490 maniae
2605 4424 3017 4493 adnumerata
3066 4435 3186 4509 est,
3213 4426 3289 4493 ah
3325 4427 3599 4495 alumnis
3646 4425 3877 4495 Ordinis

2316 4512 2628 4579 Minorum
2693 4512 2901 4581 Sancti
2969 4513 3275 4582 Francisci
3342 4515 3873 4596 Reformatorum,

2314 4600 2550 4687 absque
2594 4600 2903 4668 ordinarii
2970 4603 3259 4685 licentia,
3313 4614 3571 4689 praeter
3626 4621 3873 4670 consue·

2316 4696 2409 4754 tas
2452 4707 2702 4775 usuque
2751 4701 3042 4777 receptas
3087 4689 3472 4759 sanctissimi
3505 4687 3875 4759 Sacramenti

2319 4775 2767 4864 expositioneS,
2823 4775 2965 4845 fieri
3025 4779 3267 4866 possint
3326 4778 3871 4859 extraordinariae,

2315 4884 2476 4952 quae
2524 4865 2588 4932 in
2643 4865 2768 4931 illis
2812 4866 3151 4934 Provinciis
3209 4886 3288 4934 ex
3333 4865 3688 4934 inveterata
3744 4885 3873 4933 con·

2315 4954 2653 5024 suetudine
2701 4952 3102 5022 introductae
3147 4951 3348 5022 sunt?

2449 5044 2512 5108 7.
2560 5045 2655 5109 An
2703 5043 2765 5108 in
2809 5042 2988 5111 Missa
3015 5040 3435 5112 conventuali
3477 5044 3662 5131 plana
3708 5041 3871 5110 omit-

2316 5129 2506 5196 t'enda
2541 5130 2622 5196 sit
2656 5132 2718 5198 in
2750 5131 3113 5218 duplicibus
3136 5130 3453 5200 secundae
3478 5131 3691 5199 classis
3721 5148 3868 5200 com-
