4042 5950
1526 363 1995 441 -465-

113 513 454 584 Ordinariis
517 518 853 584 Sacrorum
917 516 1178 585 Rituum
1244 516 1527 586 comitiis
1587 518 1698 585 ho·

116 602 337 670 dierna
385 603 492 670 die
540 605 616 670 ad
665 605 1032 673 Vaticanum
1077 603 1304 674 habitis
1374 605 1700 673 retulisset

114 695 310 757 Emus
355 703 422 756 et
464 696 660 759 limus
687 693 1033 762 cardinalis
1076 693 1346 761 Aloisius
1391 692 1551 760 Bilio
1581 695 1698 761 bu-

114 778 213 844 ius
256 782 491 846 Causae
536 784 780 849 Ponens
811 781 1230 866 constitutus;
1282 781 1421 849 Emi
1456 792 1522 847 et
1557 782 1697 849 bei

112 869 327 933 Patres
397 867 602 935 Sacris
670 868 925 935 tuendis
994 869 1241 937 Ritibus
1308 869 1692 957 praepositi,

113 952 408 1022 omnibus
456 966 702 1023 mature
748 955 1082 1043 perpensis
1128 977 1198 1024 ac
1252 955 1692 1040 consideratis,

110 1041 597 1112 rescribendum
646 1055 1074 1111 censuerunt:

241 1131 337 1196 Ad
394 1136 440 1200 l.
501 1153 540 1197 ι
574 1134 768 1199 Usum
828 1132 1192 1219 expositum
1250 1151 1390 1199 esse
1449 1143 1696 1199 contra-

113 1219 275 1285 rium
314 1219 766 1286 caeremoniali
799 1218 1258 1308 Episcoporum
1292 1230 1361 1287 et
1406 1219 1696 1288 Rubricis

109 1305 366 1374 missalis
417 1306 713 1385 Romani3
762 1318 829 1374 01
875 1306 939 1374 111
994 1327 1138 1375 casu
1170 1307 1256 1374 de
1286 1327 1414 1393 quo
1461 1308 1692 1396 agitur,

108 1392 459 1483 Episcopus
506 1405 690 1462 curet
735 1395 921 1462 illum
983 1395 1294 1462 eliminari
1346 1396 1531 1462 etiam
1588 1414 1693 1461 au·

107 1482 404 1550 ctoritate
466 1485 688 1549 Sacrae
740 1483 1002 1552 Rituum
1067 1483 1587 1570 congregationis
1627 1504 1691 1548 ν.

239 1569 332 1637 Ad
385 1575 461 1638 ll.
510 1592 549 1636 ι
581 1573 907 1638 Provisum
952 1570 1019 1637 in
1067 1570 1272 1661 primo
1303 1593 1369 1637 ν.

239 1661 447 1744 Atque
493 1658 578 1724 ita
624 1658 1092 1747 rescripserunt
1141 1669 1206 1725 et
1258 1658 1689 1726 declararunt.

241 1745 353 1812 Die
399 1749 485 1813 26
529 1745 928 1834 Septembris
978 1750 1175 1815 1868.

632 1922 1162 1989 leLEvANEN.

105 1921 350 1991 31⁷9.
1460 1919 1688 2008 (11100)

236 2095 522 2163 Decretis
569 2099 791 2164 Sacrae
836 2095 1095 2164 Rituum
1140 2091 1686 2185 congregationis,

105 2203 230 2251 uno
281 2184 544 2269 quidem
611 2183 741 2251 diei
793 2188 869 2252 13
932 2187 1014 2254 80
1070 2186 1331 2253 tembris
1398 2189 1564 2255 1692
1610 2187 1686 2254 ab

103 2272 470 2339 Innocentio
501 2277 659 2363 Papa
683 2274 790 2340 Xll
822 2293 1020 2362 appro
1103 2286 1197 2357 to,
1232 2285 1299 2341 et
1326 2275 1530 2342 altero
1556 2274 1684 2342 diei

108 2363 187 2426 12
218 2360 618 2449 Septembris
654 2363 822 2428 1716
867 2363 1211 2448 approbato
1250 2386 1280 2429 a
1313 2384 1365 2430 s.
1403 2380 1491 2430 m.
1542 2364 1682 2429 cle·

103 2458 326 2514 mente
370 2451 526 2534 Papa
560 2451 642 2517 XI
683 2458 988 2516 statutum
1037 2449 1181 2535 tuit,
1230 2451 1279 2517 si
1325 2450 1503 2517 Feria
1536 2454 1589 2519 V
1622 2451 1684 2517 iu

101 2538 311 2602 Coena
341 2535 588 2602 Domini
634 2540 893 2603 Festum
925 2536 1006 2603 de
1055 2549 1400 2628 praecepto
1448 2538 1686 2606 incide-

102 2633 223 2707 ret,
266 2643 388 2708 pcr
430 2620 813 2692 ordinarios
859 2627 1171 2692 Locorum
1219 2627 1682 2712 providendum

99 2730 222 2776 esso
245 2722 352 2794 ut,
379 2730 497 2795 pro
530 2713 895 2780 civitatum
924 2724 984 2780 ot
1017 2716 1341 2800 Pacorum
1362 2716 1684 2799 qualitate

102 2819 175 2864 ac
201 2799 454 2866 Christi
481 2801 767 2886 fideliam
798 2803 871 2867 in
895 2803 980 2867 iis
1002 2802 1364 2887 aequuum
1393 2822 1678 2884 numero,

95 2889 316 2974 plures
372 2888 604 2957 Missae
655 2893 958 2976 privatae
1004 2901 1156 2957 autc
1211 2891 1683 2960 celebrationem

101 2976 336 3043 Missae
392 2978 831 3045 conventualis
892 2997 1010 3062 pro
1078 2984 1406 3066 praecepti
1478 2981 1683 3047 adim-

95 3065 408 3150 plemcnto
475 3065 877 3133 celebrandas
943 3086 1070 3132 noa
1136 3068 1372 3135 desint.
1445 3071 1682 3137 Verum

100 3170 300 3238 quum
333 3152 524 3220 modo
569 3153 637 3220 in
683 3152 928 3221 Ditione
973 3155 1436 3222 Pedemontana
1470 3154 1552 3222 ob
1583 3174 1686 3222 re-

101 3241 471 3308 ductionem
537 3246 867 3308 Festorum
925 3262 956 3308 a
1013 3244 1205 3312 88ῶο
1264 3245 1399 3309 1)ῆο
1458 3245 1684 3310 Nostro

102 3329 204 3394 Pio
247 3334 415 3416 Papa
443 3333 526 3398 IX
558 3329 872 3396 indultam
918 3331 1174 3399 Litteris
1207 3330 1500 3397 informa
1530 3334 1682 3397 Bre-

99 3416 189 3483 vis
234 3417 369 3485 diei
429 3420 470 3485 6
515 3416 909 3504 Septembris
967 3422 1177 3504 1863,
1223 3438 1352 3486 non
1409 3417 1683 3507 amplius

100 3502 179 3570 de
224 3517 575 3607 praecepto
635 3504 1048 3573 celebrentur
1111 3512 1292 3574 Festa
1336 3505 1681 3574 Annuntia-

101 3593 286 3659 tionts
331 3596 400 3659 B.
454 3597 539 3661 11.
586 3595 666 3660 V.
716 3602 780 3660 et
823 3595 891 3661 S.
926 3596 1172 3683 losepbi
1223 3594 1512 3662 eiusdem
1544 3593 1680 3661 Vir-

100 3679 260 3767 ginis
309 3680 560 3768 Sponsi,
609 3699 773 3767 quae
825 3684 1006 3749 Festa
1066 3701 1183 3769 pro
1247 3682 1528 3748 Dioecesi
1573 3681 1676 3749 Vi·

99 3769 468 3921 {lovanensi
501 3768 788 3836 incidere
833 3780 1125 3856 poterant
1158 3771 1222 3837 in
1269 3780 1679 3836 memoratam

145 3855 344 3922 eriam
389 3858 468 3940 V,
519 3856 821 3923 videntur
873 3856 1199 3946 praedicta
1259 3858 1504 3925 indulta
1548 3856 1679 3924 diei

108 3947 180 4011 13
211 3945 609 4031 Septembris
645 3947 809 4015 1692
840 3955 907 4011 01
960 3950 1041 4013 12
1072 3945 1466 4033 Septembris
1511 3947 1678 4012 1716

101 4032 369 4118 amplius
402 4033 615 4100 locum
643 4052 772 4100 non
809 4032 1070 4117 habere,
1105 4053 1251 4100 cum
1283 4032 1510 4101 iisdem
1543 4032 1677 4099 die·

103 4120 215 4186 bus
262 4132 606 4209 praecepto
651 4123 841 4189 Sacro
886 4122 1165 4189 adstandi
1214 4120 1440 4189 fideles
1479 4139 1677 4187 enun-

101 4207 300 4275 ciatae
344 4207 723 4276 Dioeceseos
767 4227 895 4276 non
944 4218 1306 4276 teneantur.
1357 4208 1481 4277 Sed
1530 4227 1676 4275 cum

103 4315 180 4362 ex
238 4296 442 4364 citatis
496 4296 777 4380 Litteris,
826 4297 1033 4383 quoad
1082 4296 1271 4365 cbori
1317 4295 1678 4384 servitium,

103 4383 596 4453 celebrationem
661 4383 982 4450 Missurum
1042 4404 1110 4451 ac
1169 4385 1316 4451 alias
1382 4384 1677 4451 ecclesia-

101 4471 282 4538 sticas
329 4470 712 4556 functiones,
746 4470 903 4539 nibil
937 4472 1222 4539 innovari
1268 4471 1536 4557 debeat3
1572 4474 1678 4538 80-

103 4558 324 4626 cerdos
353 4610 371 4646 ,
420 4559 521 4627 cui
568 4558 922 4628 calendarii
967 4560 1343 4628 Dioeceseos
1392 4559 1679 4646 Vigleva-

102 4665 248 4714 nen.
301 4646 677 4715 conficiendi
724 4666 872 4715 cura
919 4649 1243 4715 commissa
1291 4657 1410 4733 est,
1446 4645 1678 4715 bumil-

101 4734 251 4802 lime
295 4756 331 4802 a
376 4738 561 4803 Sacra
605 4736 865 4803 Rituum
913 4735 1421 4825 congregatione
1467 4736 1676 4803 decla-

104 4822 222 4889 rari
245 4822 486 4913 petiit:
553 4826 872 4903 Quaenam
932 4842 1152 4891 norma
1205 4823 1512 4891 servanda
1569 4824 1675 4907 sit,

104 4928 245 4977 cum
290 4911 357 4979 in
401 4912 646 4979 Feriam
691 4914 746 4980 V
789 4911 854 4978 in
899 4915 1108 4980 coena
1155 4912 1402 4980 Domini
1455 4911 1681 4980 incidit

104 5001 356 5066 Festum
414 4999 699 5087 aliquod,
765 4999 936 5086 quod
1001 5000 1180 5087 prius
1221 4998 1342 5067 sub
1403 5010 1677 5085 utroque

103 5084 1137 5276 praeggptzocglslzrgffirgum
1182 5175 1383 5243 Sacris
1423 5173 1680 5275 tuendis

106 5262 345 5332 Ritibus
410 5263 791 5352 praepositi,
854 5265 919 5331 in
985 5262 1328 5331 ordinatus
1392 5267 1680 5331 comatus

107 5349 405 5420 hodierna
453 5352 560 5420 die
605 5352 682 5419 ad
731 5353 1102 5420 Vaticanum
1160 5350 1524 5435 coadunati,
1572 5370 1678 5418 au·

107 5437 230 5506 dita
289 5440 600 5508 relatione
665 5439 1031 5509 huiusmodi
1078 5440 1408 5507 instantiae
1452 5459 1487 5505 0
1529 5439 1676 5507 sub·

303 5578 520 5626 nme·
544 5578 862 5626 Anthemiou
888 5579 939 5624 8.
965 5579 1028 5624 R.
1055 5576 1108 5623 c.
1134 5600 1188 5612 —
1215 5575 1324 5625 vol.
1356 5578 1420 5624 n.

1799 518 2036 606 scripto
2083 519 2435 586 Secretario
2484 518 2639 586 iacta
2687 530 2752 586 et
2794 539 2863 586 re
2912 529 3160 586 mature
3204 538 3387 585 accu-

1802 615 2068 692 rateque
2102 625 2439 694 perpensa,
2476 607 2927 675 declarandum
2957 615 3384 673 censuerunt:

1800 715 1838 756 ‹
1862 695 2139 761 Attentis
2173 695 2504 783 expositis,
2538 713 2665 761 non
2700 714 2837 762 esse
2867 693 3136 781 amplius
3172 691 3386 761 locum

1800 781 2186 848 concessioni
2220 781 2454 848 indulti
2481 782 2923 849 celebrationis
2955 782 3218 849 aliarum
3249 781 3388 848 Mis-

1797 887 2006 935 sarum
2044 892 2105 937 ».
2155 872 2363 956 Atque
2410 869 2492 936 ita
2539 870 2966 937 declararunt.

1928 955 2040 1023 Die
2089 961 2173 1025 26
2219 956 2614 1045 Septembris
2666 961 2866 1026 1868.

1796 1099 2054 1168 3130.
2424 1102 2767 1168 1111011111.
3153 1098 3378 1186 (stoc)

1927 1222 2234 1311 Iosephus
2291 1221 2548 1309 Fayolle
2613 1221 2806 1287 Presb
2854 1232 2951 1287 ter
3013 1221 3381 1307 Eleemosy-

1796 1311 2009 1377 narius
2068 1330 2184 1377 seu
2228 1309 2608 1397 capellanus
2664 1312 2798 1376 con
2829 1309 3093 1377 essarius
3142 1307 3382 1378 Sancti-

1795 1396 2163 1465 monialium
2231 1403 2455 1466 Beatae
2502 1397 2727 1464 Mariae
2781 1397 2844 1462 in
2899 1396 3167 1464 civitate
3232 1394 3380 1462 Ani·

1795 1484 1992 1552 ciensi
2038 1486 2102 1553 in
2125 1485 2363 1570 Galliis,
2412 1504 2443 1549 a
2491 1486 2672 1552 Sacra
2716 1484 2976 1552 Rituum
3021 1486 3381 1570 congrega-

1797 1572 1968 1639 tione
2031 1573 2392 1641 humillime
2458 1571 2802 1658 exquisivit
2858 1582 2930 1638 ut
2988 1570 3213 1638 diebus
3258 1574 3378 1638 Do·

1794 1659 2040 1728 minicis
2089 1671 2154 1727 et
2199 1661 2397 1729 Festis
2441 1658 2560 1726 sibi
2604 1660 2862 1747 suisque
2914 1657 3380 1726 successoribus

1796 1749 1982 1815 liceat
2012 1766 2307 1835 praeesse
2341 1766 2485 1815 cum
2518 1748 2688 1816 Stola
2723 1758 2788 1814 et
2821 1746 3078 1835 pluviali
3113 1745 3178 1812 in
3215 1745 3381 1814 cbo-

1797 1856 1866 1903 ro
1898 1837 2223 1905 Ecclesiae
2252 1836 2566 1905 dictarum
2598 1833 3204 1917 Sanctimonialium,
3239 1852 3380 1899 can-

1795 1924 1976 1992 cellis
2017 1936 2310 2013 separato
2355 1944 2387 1989 a
2435 1923 2667 1990 ceteris
2713 1921 3021 2012 partibus,
3055 1921 3121 1989 111
3150 1919 3381 2008 quibus

1794 2012 2109 2080 intersunt
2160 2011 2675 2081 sanctimoniales
2737 2030 2881 2077 cum
2929 2011 3057 2076 suis
3107 2007 3383 2076 alumnis

1792 2101 1950 2168 dum
1982 2112 2316 2167 cantantur
2335 2103 2459 2168 Ves
2508 2118 2653 2167 erae
2679 2099 2762 2166 de
2785 2102 2967 2165 Beata
2992 2097 3201 2165 Maria:
3229 2094 3377 2162 illae

1794 2188 1964 2254 enim
1996 2192 2261 2255 Sorores
2299 2189 2375 2256 ad
2406 2188 2455 2255 Ο
2524 2186 2693 2252 cium
2724 2189 2947 2253 Beatae
2982 2183 3205 2252 Mariae
3236 2185 3374 2251 Vir-

1792 2275 1957 2377 ginis
2005 2295 2087 2341 ex
2140 2276 2361 2364 regula
2432 2285 2731 2342 tenentur
2792 2284 2856 2339 et
2914 2272 3198 2341 Officium
3247 2269 3374 2338 diei

1793 2375 1964 2430 iuxta
1995 2362 2331 2431 Rubricam
2363 2372 2611 2430 cantare
2639 2371 3022 2451 repugnant.
3058 2357 3374 2427 Solemnis

1788 2461 2004 2519 autem
2050 2450 2471 2539 praesidentia
2514 2447 2873 2537 Presbyteri
2926 2445 3374 2518 Sanctimonia-

1791 2540 1945 2606 lium
1979 2541 2277 2626 vesperis
2309 2539 2526 2628 pietati
2568 2547 2631 2603 et
2677 2535 2970 2604 fidelium
3002 2546 3065 2602 et
3097 2534 3375 2602 alumna-

1790 2646 1933 2694 rum
1977 2627 2330 2714 plurimum
2378 2627 2571 2694 iavet.

1918 2718 2100 2784 Sacra
2158 2733 2312 2782 vero
2369 2715 2595 2782 eadem
2654 2709 3116 2799 congregatio,
3158 2707 3373 2776 audita

1786 2803 2097 2870 relatione
2144 2822 2264 2890 per
2306 2802 2781 2891 infrascriptum
2813 2797 3240 2868 Secretarium
3288 2796 3375 2896 fa·

1787 2902 1921 2976 cta,
1986 2892 2339 2958 rescribere
2400 2899 2531 2956 rata
2591 2899 2725 2956 est:
2790 2910 2827 2953 «
2860 2891 3058 2955 Usum
3171 2885 3373 2952 raedi-

1787 2993 1961 3049 ctum
2006 2980 2264 3047 tolerari
2311 2999 2439 3046 non
2485 2992 2712 3063 posse;
2770 2976 3045 3062 ideoque
3217 2973 3375 3061 peti·

1786 3068 2066 3135 tionem:
2129 3068 2433 3152 Negative
2466 3089 2528 3131 ν.
2594 3068 2806 3150 Atque
2863 3064 2949 3132 ita
2994 3059 3366 3132 declaravit.

1915 3155 2030 3223 Die
2078 3158 2160 3222 26
2203 3153 2594 3244 Septembris
2645 3155 2839 3220 1868.

1784 3331 2029 3402 3181.
2088 3331 2452 3396 asmona.
2500 3346 2618 3393 seu
2661 3328 3051 3397 0111111111
3137 3321 3366 3409 (0407)

1911 3508 2118 3585 01111111
2164 3503 2430 3571 dubium
2493 3513 2791 3571 exortum
2854 3498 3047 3566 fuerit
3101 3513 3265 3597 num·
3301 3494 3371 3562 in

1783 3594 1997 3662 Officio
2030 3592 2464 3660 pretiosissimi
2498 3589 2831 3678 Sanguinis
2861 3590 2935 3654 D.
2961 3588 3037 3653 N.
3065 3590 3115 3653 1.
3142 3587 3217 3652 c.
3249 3602 3368 3651 tm-

1785 3682 2082 3750 mutanda
2110 3681 2191 3747 sit
2223 3682 2615 3767 flymnorum
2662 3674 3025 3761 conclusio;
3077 3673 3368 3758 Magister

1783 3769 2336 3838 Caeremoniarum
2382 3765 2773 3836 cathedralis
2815 3761 3138 3830 Ecclesiae
3182 3759 3367 3859 Gadi-

1782 3870 1965 3925 tanae
2003 3879 2037 3923 a
2068 3858 2249 3922 Sacra
2296 3857 2556 3923 Rituum
2602 3851 3110 3940 congregatione
3158 3850 3365 3917 humi·

1783 3946 1931 4014 liter
1991 3943 2381 4029 exquisivit,
2439 3954 2512 4011 ut
2568 3941 2892 4010 declarare
2955 3937 3364 4037 dignaretur:

1782 4038 1878 4102 An
1924 4035 1989 4101 in
2032 4031 2365 4120 praedicto
2423 4035 2606 4097 Festo
2653 4025 3044 4095 immutanda
3085 4035 3171 4090 s1t
3216 4042 3368 4123 cont

1783 4124 1983 4190 clusio
2032 4123 2096 4187 in
2142 4120 2270 4186 fine
2328 4123 2381 4186 Η
2424 4135 2761 4200 mnorum,
2813 4116 2892 4181 ita
2941 4124 3011 4180 ut
3070 4109 3367 4178 concludi

1782 4211 2089 4279 debeant:
2140 4211 2279 4274 Iesu
2312 4211 2368 4275 ti
2403 4211 2431 4274 i
2474 4210 2566 4275 sit
2609 4205 2842 4293 gloria,
2902 4204 3030 4280 0111·
3076 4207 3274 4267 natus
3302 4218 3367 4266 os

1782 4300 1856 4366 de
1893 4296 2194 4384 Vimine?

1913 4390 2095 4455 Sacra
2120 4402 2273 4450 vero
2307 4383 2529 4450 eadem
2553 4377 3002 4467 congregatio,
3039 4374 3363 4442 referente

1777 4473 2135 4562 subscripto
2194 4469 2589 4552 Secretario,
2638 4463 3161 4554 respondendum
3216 4480 3391 4530 cen--

1780 4562 1945 4630 suit:
1994 4582 2034 4626 ι
2066 4560 2412 4647 Negative;
2468 4576 2582 4623 seu
2627 4574 2754 4623 non
2803 4570 2941 4620 esse
2997 4550 3365 4651 mutandam

1783 4654 2178 4739 Hymnorum
2237 4645 2707 4715 conclusionem
2740 4664 2807 4708 ν.
2862 4642 3076 4727 Atque
3131 4649 3215 4704 lta
3268 4656 3367 4704 re-

1780 4737 2031 4825 scripsit
2076 4746 2142 4801 et
2185 4734 2421 4802 servari
2470 4731 2813 4800 mandavit.

1912 4825 2027 4892 Die
2074 4826 2159 4891 26
2206 4820 2599 4912 Septembris
2650 4820 2842 4888 1868.

1781 4966 2031 5036 3182.
2371 4961 2768 5031 0111011οΝ.
3133 4950 3362 5042 (utos)

1912 5088 2188 5152 Renatus
2245 5085 2495 5150 Bauzon
2550 5079 2898 5148 Canonicus
2956 5074 3247 5143 Titularis
3301 5083 3368 5142 et

1782 5176 1874 5242 ua
1920 5172 2076 5238 ister
2140 5167 2696 5237 Caeremoniarum
2764 5162 3087 5233 Ecclesiae
3137 5163 3366 5230 Cathe-

1783 5262 1894 5330 dra
1925 5261 1975 5327 is
2019 5258 2351 5325 Divionen.
2403 5259 2739 5324 Sacrorum
2786 5253 3049 5322 Rituum
3085 5253 3365 5337 congre-

1783 5347 2020 5437 gationi
2047 5344 2339 5434 exposuit
2362 5345 2537 5432 quod
2565 5342 2929 5431 capitulum
2959 5338 3362 5427 praedictum

1780 5438 2160 5506 Divionense
2207 5442 2455 5501 constet
2486 5443 2628 5499 octo
2659 5428 3017 5500 canonicisz
3051 5424 3224 5514 quod
3253 5424 3361 5493 01-
