4042 5950
2009 269 2486 348 -428-

603 445 746 583 gge-
778 426 845 494 iu
886 424 1119 495 Ordine
1167 425 1410 511 nissae,
1459 427 1612 494 dum
1658 430 1961 496 statuitur
2005 439 2076 496 ut
2121 428 2188 497 in

696 533 733 581 e
764 514 979 581 nissae
1026 515 1277 602 legatur
1321 516 1737 603 Evangelium
1771 516 1980 584 Sancti
2011 523 2185 585 loan-

602 603 699 670 nis
744 606 818 669 In
858 606 1185 688 principio
1215 614 1359 670 erat
1399 605 1684 685 Verbum,
1726 605 1856 671 ulla
1890 604 2188 673 indicatio

604 692 907 773 occurrit,
957 711 1079 776 qua
1125 691 1291 758 scire
1338 691 1532 779 possit
1588 694 1896 762 Sacerdos
1954 693 2020 760 in
2065 712 2186 782 qua

601 790 782 867 parte
829 778 1086 847 Missalis
1133 779 1554 866 Evangelium
1594 781 1753 850 illud
1786 781 2185 870 reperiatur;

603 879 670 935 et
717 867 1071 935 istiusmodi
1130 868 1453 935 silentium
1515 887 1856 937 commune
1905 880 2002 935 est
2048 868 2188 955 qui-

604 957 1001 1042 buscumque
1036 954 1290 1024 missalis
1320 956 1581 1023 Romani
1612 956 2022 1042 editionibus,
2057 975 2187 1023 non

604 1042 876 1111 exclusis
936 1043 1297 1132 archetypis
1354 1045 1704 1112 Clementis
1763 1049 1894 1114 Vlll
1955 1057 2018 1111 et
2071 1047 2187 1111 Ur-

601 1131 743 1199 bani
789 1135 949 1202 vul.
995 1135 1201 1210 Quum
1248 1143 1461 1200 aulem
1509 1152 1712 1221 perop
1763 1145 2064 1201 ortunum
2095 1132 2186 1199 vi·

602 1221 737 1288 deri
773 1221 969 1309 possit
1016 1221 1078 1288 id
1126 1221 1339 1308 aliquo
1378 1221 1568 1289 modo
1605 1221 1696 1289 iu.
1749 1222 1934 1289 rdine
1966 1221 2187 1288 Missae

601 1307 889 1395 indicari,
909 1329 1022 1377 seu
1048 1309 1438 1376 remittendo
1462 1310 1877 1378 Sacerdotem
1902 1329 2022 1397 per
2044 1310 2187 1377 sim-

600 1395 841 1483 plicem
899 1396 1265 1464 citationem
1321 1397 1454 1464 folii
1502 1398 1579 1465 ad
1631 1398 1879 1465 tertiam
1939 1397 2188 1464 Missam

602 1484 951 1552 Nativitatis
992 1486 1271 1569 Domini,
1305 1484 1410 1553 ubi
1461 1486 1859 1576 praedictum
1903 1490 2187 1572 Evange-

603 1572 758 1639 lium
800 1572 1094 1658 babetur,
1127 1574 1262 1642 sive
1295 1573 1717 1661 Evangelium
1751 1574 1958 1662 ipsum
1991 1592 2186 1663 appo-

602 1661 815 1728 nendo
1999 1662 2012 1675 ‘

600 1761 792 1835 prout

910 1681 980 1727 er
1007 1675 1351 1729 extensum
1385 1661 1451 1729 iu
1483 1663 1610 1729 tine
1654 1664 1907 1731 Ordinis
1936 1664 2181 1747 Missae,

886 1749 974 1814 eri
1024 1750 1189 1816 solet
1236 1750 1299 1817 in
1344 1753 1595 1818 Canone
1650 1752 1867 1819 Missae
1931 1750 2185 1837 pontifi-

601 1837 797 1914 calis3
848 1837 1220 1924 quaeritur:
1270 1842 1366 1906 An
1414 1849 1479 1904 et
1524 1840 1846 1925 quomodo
1884 1840 2186 1925 allegatio

601 1925 910 2079 praedicti
958 1925 1281 2013 Evangelii
1331 1930 1564 2015 apponi
1619 1928 1818 2016 possit
1865 1929 1930 1995 iu
1975 1930 2185 1994 Missa-

627 2013 764 2081 ibus
811 2014 1105 2102 proxime
1153 2012 1475 2084 edendis?

727 2104 807 2170 Β.
856 2124 895 2167 s
927 2101 1094 2171 Nibil
1145 2101 1539 2172 innovetur?
1577 2127 1614 2171 ›

545 2256 555 2265 ,
729 2190 1007 2259 Dubium
1045 2194 1144 2257 lll.
1194 2192 1402 2269 Ouum
1433 2193 1511 2261 ab
1541 2213 1703 2260 anno
1741 2199 1909 2264 1806
1943 2194 2007 2261 in
2039 2212 2185 2284 per-

597 2298 747 2346 sona
793 2279 1102 2346 Francisci
1151 2284 1202 2346 11
1247 2280 1536 2349 Austriae
1596 2282 2006 2372 imperatoris
2052 2301 2189 2348 ces-

598 2367 830 2433 saverit
888 2372 1244 2435 Romanum
1304 2369 1682 2456 Imperium,
1729 2389 1856 2437 non
1911 2368 2187 2459 amplius

600 2454 792 2522 bodie
824 2455 1137 2524 dicendae
1181 2469 1328 2524 sunt
1371 2457 1696 2525 Orationes
1731 2478 1844 2544 pro
1877 2463 2187 2527 Romano-

601 2561 743 2609 rum
790 2548 1184 2632 lmperatore
1230 2545 1574 2633 assignatae
1624 2557 1758 2614 tum
1792 2548 1970 2614 Feria
2005 2550 2083 2615 Vl
2120 2545 2183 2612 in

599 2634 936 2698 Parasceve
975 2631 1041 2697 in
1072 2631 1247 2699 Missa
1292 2633 2011 2719 Praesanctificatorum,
2050 2644 2185 2701 tum

600 2718 869 2786 Sabbato
916 2722 1143 2787 Sancto
1192 2719 1254 2787 in
1299 2730 1623 2807 postrema
1657 2733 1832 2811 parte
1864 2721 2186 2790 Praeconii

601 2806 952 2893 paschalis,
1002 2808 1331 2894 quaeritur
1378 2825 1533 2895 ergo
1586 2815 1644 2878 1.
1682 2813 1779 2877 An
1825 2810 2191 2897 praedictae

599 2893 922 2963 Orationes
969 2895 1440 2997 expungendas
1467 2899 1595 2966 sint
1627 2898 1690 2966 in
1721 2899 1900 2967 novis
1929 2899 2187 2967 Missalis

598 2984 859 3053 Romani
908 2983 1349 3054 editionibus?

729 3077 810 3141 Et
857 3084 1169 3161 quatenus
1215 3075 1540 3163 negative,
1590 3081 1654 3144 2.
1695 3080 1789 3144 Au
1834 3077 1912 3145 ad
1949 3085 2187 3144 utram·

599 3182 725 3249 que
785 3162 1147 3232 Orationem
1212 3163 1422 3231 brevis
1476 3186 1557 3256 ap
1605 3166 1706 3233 oni
1768 3165 2001 3234 debeat
2060 3170 2187 3232 Ru·

599 3250 796 3407 britia,
845 3272 970 3406 gua
1017 3251 1386 3319 declaretur
1431 3272 1535 3321 eas
1628 3252 1775 3322 odie
1823 3274 1964 3322 esse
1999 3254 2189 3322 omit-

602 3351 710 3407 ten
760 3360 824 3406 as

729 3431 813 3494 Et
878 3441 1191 3515 quatenus
1262 3429 1597 3517 negative,
1670 3435 1734 3499 3.
1797 3434 1894 3498 An
1960 3433 2188 3498 saltem

599 3514 953 3584 istiusmodi
1022 3517 1340 3585 adnotatio
1406 3519 1639 3606 apponi
1708 3517 1938 3587 debeat
2005 3518 2187 3587 initio

601 3603 855 3671 uissalis
903 3617 1042 3693 post
1087 3605 1391 3674 Rubricas
1435 3608 1779 3675 Generales
1841 3607 2011 3675 inter
2067 3611 2186 3674 De-

600 3702 773 3758 creta
819 3696 1150 3761 Sacrorum
1196 3694 1458 3762 Rituum
1504 3692 2072 3782 congregationis?

734 3783 805 3880 ll.
858 3803 897 3846 c
928 3781 1025 3847 Ad
1081 3785 1112 3848 1
1162 3794 1226 3849 et
1287 3787 1326 3848 2
1387 3783 1735 3869 Negative3
1783 3784 1860 3851 ad
1916 3788 1954 3852 3
2007 3784 2189 3853 Affir-

599 3878 837 3937 mative
871 3892 932 3936 ».

731 3957 1006 4026 Dubium
1053 3963 1155 4028 lv.
1206 3961 1528 4047 Quotquot
1573 3959 1637 4027 in
1685 3960 1898 4029 lucem
1936 3961 2189 4049 prodie-

601 4057 750 4114 runt
815 4046 962 4133 po‘st
1028 4047 1351 4115 Urbanum
1412 4052 1541 4118 vlu
1605 4048 1863 4117 Missalis
1923 4049 2188 4118 Romani

601 4134 941 4221 editiones,
994 4136 1455 4204 recentioribus
1514 4140 1953 4205 tantummodo
2001 4156 2189 4204 exce-

601 4223 755 4310 ptis,
805 4224 1141 4292 Rubricam
1189 4224 1403 4293 Missae
1449 4227 1534 4293 de
1589 4225 1994 4293 solemnitate
2041 4230 2191 4294 Gor-

602 4312 775 4399 poris
820 4312 1053 4380 Christi
1101 4313 1273 4381 hisce
1306 4312 1517 4381 verbis
1557 4314 1963 4403 concipiuntz
1998 4316 2190 4399 Infra

606 4401 910 4468 Octavam
932 4402 1185 4468 dicitur
1210 4402 1361 4470 baec
1389 4402 1601 4469 eadem
1626 4404 1851 4485 Missa,
1878 4413 1938 4469 et
1963 4422 2092 4471 non
2116 4404 2189 4489 fit

600 4491 674 4556 de
717 4491 942 4575 atiquo
989 4491 1252 4572 Sancto,
1285 4494 1423 4557 nisi
1452 4493 1664 4577 suerit
1694 4492 1930 4577 duple&
1963 4509 2189 4559 occur-

601 4597 775 4661 rens,
801 4598 930 4644 non
955 4587 1170 4646 autem
1204 4579 1634 4659 translatum,-
1662 4591 1855 4666 atque
1878 4578 2193 4647 Rubricae

602 4666 751 4734 huic
798 4668 1085 4754 perfecte
1135 4670 1476 4749 concordat
1523 4667 1825 4768 parallela
1885 4666 2190 4735 Breviarii

599 4755 863 4825 Romani
897 4754 1165 4823 Rubrica
1199 4765 1343 4822 ante
1366 4753 1654 4823 Officium
1678 4756 1977 4845 Corporis
2010 4755 2192 4823 Chri-

601 4842 706 4929 sti,
756 4863 917 4930 quae
965 4844 1050 4911 ita
1092 4864 1163 4911 se
1207 4844 1443 4911 babet:
1491 4846 1683 4930 Intra
1722 4847 2031 4912 Octavam
2064 4863 2189 4910 non

600 4935 674 5020 fit
719 4933 792 5000 de
837 4934 1038 5012 Festo,
1084 4934 1219 5000 nisi
1246 4934 1458 5017 suerit
1506 4933 1754 5018 Dupleoe
1760 4980 1895 5000 .....
1948 4936 2190 5001 Verum

601 5039 803 5106 quum
846 5020 911 5088 in
957 5019 1423 5089 recentioribus
1468 5020 1902 5089 additionibus
1948 5020 2191 5109 primae

601 5106 911 5176 Rubricae
959 5108 1171 5177 addita
1215 5110 1463 5195 privato
1500 5108 1764 5176 arbitrio
1809 5110 1967 5178 baec
1997 5110 2193 5177 verba

604 5196 874 5267 tuerint:
910 5199 1046 5264 nisi
1072 5199 1162 5265 sit
1186 5200 1440 5283 primae
1465 5197 1556 5264 vel
1584 5198 1901 5266 secundae
1930 5197 2183 5279 classis,

667 5459 680 5473 Ι
744 5389 822 5462 (ι)
858 5391 920 5447 n.
957 5389 1099 5450 nuh.
1134 5390 1227 5460 Ἡ,
1264 5390 1383 5459 vn,
1419 5391 1522 5449 xv
1560 5397 1617 5449 ot
1649 5392 1798 5449 xlx„

2290 427 2527 496 factum
2556 429 2707 498 binc
2738 440 2860 513 est,
2888 441 2959 497 ut
2987 448 3155 517 quae
3184 428 3347 499 intra
3377 441 3715 517 utramque
3745 435 3859 501 lla-

2291 516 2607 586 bricarum
2656 518 2873 586 aderat
2920 519 3076 586 olim
3134 518 3591 607 perfectissima
3652 539 3865 588 conso-

2286 606 2521 692 nantia,
2563 607 2644 674 ob
2692 626 2918 674 recens
2965 607 3319 675 istiusmodi
3366 606 3861 675 additamentum

2291 692 2548 761 omniuo
2594 696 2958 762 cessaverit.
3006 698 3311 763 Ceterum
3359 713 3504 762 cum
3565 695 3863 782 denegari

2289 799 2418 848 non
2465 782 2662 868 possit
2709 783 2901 849 verba
2947 787 3082 850 nisi
3123 788 3209 850 sit
3251 788 3502 870 primae
3530 783 3624 850 vei
3652 805 3869 850 smn-

2288 869 2406 936 dae
2451 870 2699 950 classis,
2753 872 3098 939 cohaerere
3143 872 3550 940 declarationi
3611 871 3679 938 in
3723 891 3868 938 non·

2289 957 2486 1024 nullis
2520 958 3001 1048 particularibus
3030 960 3316 1028 Decretis
3340 981 3372 1025 a
3403 961 3585 1028 Sacra
3618 960 3868 1028 Rituum

2282 1048 2797 1133 congregatione
2819 1048 3018 1115 factae
3044 1048 3419 1136 praesertim
3447 1048 3510 1115 in
3532 1047 3867 1115 Lisbonen.

2289 1133 2419 1202 diei
2452 1137 2536 1202 30
2565 1135 2705 1203 Maii
2743 1139 2909 1206 1699
2939 1136 3016 1203 ad
3056 1140 3135 1212 2;
3186 1137 3335 1204 binc
3367 1136 3742 1222 quaeritur:
3780 1137 3867 1202 An

2288 1244 2321 1289 a
2350 1223 2672 1308 praedicta
2707 1222 2963 1290 Hissalis
2992 1222 3263 1294 {lubrica
3295 1225 3727 1313 expungenda
3756 1224 3869 1290 sint

2292 1309 2484 1378 verba
2529 1310 2854 1379 recentius
2899 1312 3144 1380 addita:
3196 1317 3333 1380 nisi
3375 1317 3466 1380 sit
3502 1315 3761 1397 primae
3786 1311 3869 1378 cel

2288 1400 2600 1467 secundae
2647 1398 2916 1467 classis?

2415 1491 2493 1554 R.
2542 1510 2581 1553 c
2614 1487 2968 1577 Negative;
3017 1490 3380 1575 eademque
3424 1488 3620 1556 verba
3654 1489 3871 1558 addan·

2291 1586 2396 1642 tur
2429 1575 2493 1641 in
2522 1575 2705 1643 novis
2750 1576 3053 1644 Breviarii
3097 1576 3361 1647 Romani
3395 1576 3787 1645 editionibus
3810 1600 3866 1643 ›.

2423 1663 2695 1732 Dubium
2732 1666 2809 1732 V.
2845 1669 2913 1732 ln
2943 1669 3130 1736 Festo
3162 1665 3622 1733 Purificationis
3654 1670 3869 1733 Beatae

2290 1751 2512 1820 Mariae
2543 1753 2820 1838 Virginis
2851 1764 2996 1820 ante
3021 1754 3270 1821 Missam
3303 1754 3543 1839 legitur
3573 1754 3733 1820 baec
3756 1757 3868 1820 Ru·

2286 1840 2491 1909 brica:
2540 1863 2581 1908 c
2611 1843 2689 1909 Si
2717 1842 2831 1907 boc
2863 1843 3121 1908 Festum
3151 1846 3400 1909 venerit
3433 1845 3505 1908 in
3536 1843 3872 1908 Dominica

2287 1929 2820 2015 Septuaqesimaffl
2875 1931 3317 2014 Seaeaqesimae
3358 1940 3417 1996 et
3470 1930 3869 2016 Quinquaqe·

2284 2020 2509 2098 simae,
2558 2020 2634 2106 fit
2683 2027 2943 2086 tantum
3000 2019 3351 2086 benedictio
3394 2028 3451 2084 et
3499 2019 3874 2086 distributio

2287 2106 2707 2174 candelarum
2750 2113 2810 2170 et
2861 2109 3228 2188 Proceaat'05
3271 2116 3334 2172 et
3379 2109 3582 2174 Missa
3627 2107 3875 2173 dicitur

2286 2196 2360 2260 de
2390 2196 2768 2274 Dominica5
2802 2196 3002 2263 mssa
3027 2205 3243 2262 autem
3267 2197 3442 2261 Festi
3472 2196 3875 2279 transfertur

2289 2284 2372 2349 ad
2401 2293 2756 2367 sequentem
2785 2285 2952 2351 diem
2978 2307 3041 2350 ιν.
3076 2283 3239 2362 Ouid
3268 2282 3532 2349 nomine
3559 2285 3877 2368 sequentis

2288 2372 2421 2438 diei
2453 2372 2515 2437 in
2550 2370 2662 2439 bac
2692 2372 2959 2440 Rubrica
2995 2372 3163 2439 foret
3192 2370 3699 2455 intelligendum
3744 2369 3875 2438 nul·

2291 2459 2425 2526 lum
2462 2458 2672 2548 potuit
2718 2460 2956 2527 exoriri
3001 2461 3269 2528 dubium
3316 2459 3524 2527 donec
3570 2460 3717 2528 dies
3760 2471 3878 2525 ter·

2291 2546 2376 2613 tia
2420 2546 2746 2614 Februarii
2798 2547 3049 2615 nonnisi
3101 2568 3135 2614 a
3189 2552 3376 2615 Festo
3435 2545 3715 2638 simplici
3768 2545 3880 2614 tuit

2290 2647 2614 2725 occupata.
2666 2638 2778 2704 Ast
2822 2647 3159 2725 postquam
3198 2654 3318 2722 pro
3350 2636 3569 2703 multis
3619 2636 3876 2705 Dioece·

2289 2722 2461 2791 sibus
2522 2724 2886 2813 praedictae
2947 2723 3076 2793 diei
3131 2724 3299 2811 affigi
3359 2725 3572 2814 coepit
3627 2728 3879 2792 Festum

2290 2811 2380 2879 du
2430 2813 2537 2880 lex
2586 2813 2687 2883 vel
2735 2813 3172 2903 semiduplex,
3207 2823 3359 2880 tunc
3399 2832 3527 2880 nou
3559 2811 3881 2880 immerito

2290 2831 2651 2968 dugitatum
2697 2901 2843 2986 fuit,
2891 2913 3111 2970 utrum
3156 2919 3277 2990 pro
3319 2902 3424 2967 die
3450 2903 3752 2986 sequenti
3796 2898 3882 2965 in-

2294 2989 2642 3077 telligenda
2688 2990 2856 3060 foret
2903 2990 3034 3081 ipsa
3088 2991 3229 3059 dies
3288 2990 3473 3057 tertia
3530 2987 3879 3071 Februarii,

2290 3077 2577 3163 quamvis
2645 3078 2991 3165 impedita,
3052 3099 3130 3145 an
3190 3076 3402 3167 potius
3469 3079 3677 3165 prima
3753 3076 3883 3143 dies

2290 3177 2435 3255 post
2481 3183 2620 3233 eam
2666 3186 2860 3233 vacua
2890 3189 2923 3234 a
2956 3169 3120 3236 festo
3154 3166 3395 3255 duplici
3442 3168 3545 3234 vel
3593 3164 3878 3233 semidu-

2289 3253 2466 3341 plici.
2515 3255 2631 3322 Cui
2679 3253 2877 3322 dubio
2910 3259 3095 3325 Sacra
3130 3255 3394 3325 Rituum
3426 3252 3877 3343 congregatio,

2290 3353 2362 3408 ut
2393 3351 2769 3409 occurreret
2812 3344 3116 3429 generale
3148 3347 3492 3419 Decretum
3523 3341 3736 3411 edidit
3778 3342 3881 3407 Ur·

2289 3432 2385 3498 bis
2416 3441 2476 3497 et
2506 3427 2687 3498 Orbis
2719 3430 2850 3499 diei
2881 3436 2966 3503 22
2997 3431 3138 3500 Iulii
3177 3434 3370 3515 1748,
3405 3450 3535 3517 quo
3566 3430 3652 3496 ita
3684 3428 3877 3498 cavit:

2297 3519 2566 3597 Qando
2611 3522 2926 3588 eiusmodi
2984 3540 3174 3587 casus
3230 3522 3689 3602 intervenerit,
3750 3517 3879 3604 Offi-

2289 3610 2466 3674 cium
2512 3609 3014 3695 Purificationis
3060 3628 3201 3683 esse,
3232 3608 3764 3693 transferendum
3802 3605 3879 3673 ad

2291 3698 2551 3763 Feriam
2571 3697 2920 3764 secundam
2944 3697 3307 3764 immediate
3326 3706 3714 3781 sequentem,
3740 3713 3881 3780 quo-

2289 3804 2558 3869 cumque
2581 3787 2761 3852 Feato
2792 3790 2992 3853 etiam
3019 3784 3338 3869 aequalis,
3376 3804 3505 3849 raon
3538 3794 3761 3851 tamen
3790 3782 3877 3849 al·

2294 3875 2489 3951 tioris,
2534 3874 2712 3940 ritus
2760 3879 2833 3942 in
2880 3893 3018 3941 eam
3072 3874 3444 3954 incidente‚·
3503 3871 3875 3958 quaeritur:

2290 3964 2386 4029 An
2435 3959 2625 4027 verba
2688 3964 2760 4028 in
2816 3973 3171 4046 sequentem
3215 3962 3380 4029 diem
3433 3960 3875 4027 commutanda

2289 4048 2414 4117 sint
2461 4067 2610 4115 cum
2657 4051 2832 4118 bisce
2878 4049 3089 4118 verbis
3126 4053 3200 4116 in
3234 4052 3492 4117 Feriam
3535 4049 3879 4115 secundam

2291 4138 2653 4204 immediate
2670 4149 3048 4224 sequentem,
3069 4155 3467 4224 quocumque
3484 4139 3665 4203 Festo
3687 4140 3877 4203 etiam

2290 4225 2607 4311 aequalis,
2636 4247 2765 4293 non
2788 4239 3007 4294 autem
3030 4226 3292 4293 altioris
3316 4230 3493 4293 ritus
3518 4228 3591 4292 in
3618 4245 3759 4291 eam
3785 4227 3878 4291 in-

2291 4315 2537 4383 cidente
2558 4312 2591 4378 5

2424 4406 2496 4469 it.
2549 4425 2588 4468 s
2621 4404 3014 4472 Affirmative
3048 4426 3111 4472 ι».
3149 4403 3243 4489 (1)

2424 4490 2698 4558 Dubium
2730 4494 2831 4560 Vl.
2870 4495 2938 4558 ln
2986 4492 3281 4560 omnibus
3326 4489 3604 4576 antiquis
3636 4489 3873 4558 Editio·

2292 4581 2478 4648 nibus
2510 4580 2770 4648 Missalis
2799 4579 3087 4663 Romani,
3114 4599 3243 4647 non
3276 4577 3553 4647 exclusis
3586 4578 3716 4646 illis
3742 4578 3877 4647 Cle·

2293 4669 2525 4736 mentis
2572 4671 2704 4736 vm
2751 4679 2815 4736 et
2864 4667 3094 4736 Urbani
3126 4671 3283 4752 vill,
3332 4666 3706 4734 immediate
3736 4675 3876 4733 ante

2295 4757 2538 4824 Missam
2584 4754 3037 4824 Purificatiouis
3081 4761 3307 4824 Beatae
3348 4755 3572 4821 Mariae
3606 4755 3680 4822 Vi
3766 4753 3877 4822 inis

2294 4846 2377 4911 ita
2410 4844 2649 4931 legitur
2693 4866 2733 4910 e
2764 4847 2995 4913 Finita
3030 4848 3548 4911 processione...
3586 4862 3662 4910 ca
3810 4860 3876 4908 ae

2294 4943 2594 5001 tenentur
2642 4936 2714 5000 in
2763 4933 3062 5001 manibus
3107 4951 3410 5001 accensae
3452 4932 3607 4997 dum
3642 4930 3875 5018 leqitur

2292 5021 2739 5107 Evanqelinm,
2789 5032 2850 5088 et
2895 5024 3136 5089 iterum
3182 5022 3265 5087 ad
3310 5020 3724 5087 elevationem
3768 5020 3875 5085 Sa·

2293 5113 2613 5177 eramenti
2673 5130 2872 5195 usque
2916 5110 3000 5176 ad
3053 5111 3575 5177 communionem
3607 5130 3673 5175 ›.
3723 5107 3871 5175 Huic

2293 5198 2605 5266 Rubricae
2650 5197 2715 5266 in
2761 5198 3129 5266 recentibus
3176 5196 3561 5265 editionibus
3589 5196 3874 5264 adiuncta
