<?xml version="1.0" encoding="UTF-8"?>
<!DOCTYPE html PUBLIC "-//W3C//DTD XHTML 1.0 Transitional//EN"
    "http://www.w3.org/TR/xhtml1/DTD/xhtml1-transitional.dtd">
<html xmlns="http://www.w3.org/1999/xhtml" xml:lang="en" lang="en">
 <head>
  <title>
</title>
<meta http-equiv="Content-Type" content="text/html;charset=utf-8" />
  <meta name='ocr-system' content='tesseract 3.04.00' />
  <meta name='ocr-capabilities' content='ocr_page ocr_carea ocr_par ocr_line ocrx_word'/>
</head>
<body>
  <div class='ocr_page' id='page_1' title='image "./decretaauthenti00ritugoog_0184.png"; bbox 0 0 4042 5950; ppageno 0'>
   <div class='ocr_carea' id='block_1_1' title="bbox 2084 277 2558 356">
    <p class='ocr_par' dir='ltr' id='par_1_1' title="bbox 2084 277 2558 356">
     <span class='ocr_line' id='line_1_1' title="bbox 2084 277 2558 356; baseline -0.002 -19"><span class='ocrx_word' id='word_1_1' title='bbox 2084 277 2558 356; x_wconf 71' lang='grc'><strong>..148-</strong></span> 
     </span>
    </p>
   </div>
   <div class='ocr_carea' id='block_1_2' title="bbox 660 435 2279 2625">
    <p class='ocr_par' dir='ltr' id='par_1_2' title="bbox 660 435 2279 1227">
     <span class='ocr_line' id='line_1_2' title="bbox 666 435 2279 509; baseline -0.006 -2"><span class='ocrx_word' id='word_1_2' title='bbox 666 440 1154 509; x_wconf 81' lang='lat' dir='ltr'>abscindendam</span> <span class='ocrx_word' id='word_1_3' title='bbox 1211 457 1351 505; x_wconf 89' lang='lat' dir='ltr'>esse</span> <span class='ocrx_word' id='word_1_4' title='bbox 1414 436 1950 504; x_wconf 89' lang='lat' dir='ltr'>consuetudinem</span> <span class='ocrx_word' id='word_1_5' title='bbox 2011 448 2137 502; x_wconf 76' lang='lat' dir='ltr'>tam</span> <span class='ocrx_word' id='word_1_6' title='bbox 2200 435 2279 501; x_wconf 89' lang='lat' dir='ltr'>in.</span> 
     </span>
     <span class='ocr_line' id='line_1_3' title="bbox 666 525 2263 612; baseline -0.006 -14"><span class='ocrx_word' id='word_1_7' title='bbox 666 525 1056 612; x_wconf 83' lang='lat' dir='ltr'>Cathedrali,</span> <span class='ocrx_word' id='word_1_8' title='bbox 1105 527 1221 594; x_wconf 87' lang='lat' dir='ltr'>ubi</span> <span class='ocrx_word' id='word_1_9' title='bbox 1261 526 1512 593; x_wconf 89' lang='lat' dir='ltr'>Clerico</span> <span class='ocrx_word' id='word_1_10' title='bbox 1570 526 1763 592; x_wconf 90' lang='lat' dir='ltr'>etiam</span> <span class='ocrx_word' id='word_1_11' title='bbox 1825 535 2002 591; x_wconf 81' lang='lat' dir='ltr'>extra</span> <span class='ocrx_word' id='word_1_12' title='bbox 2052 543 2263 591; x_wconf 89' lang='lat' dir='ltr'>casum</span> 
     </span>
     <span class='ocr_line' id='line_1_4' title="bbox 666 612 2266 703; baseline -0.005 -18"><span class='ocrx_word' id='word_1_13' title='bbox 666 617 1061 685; x_wconf 73' lang='lat' dir='ltr'><strong>necessitatis</strong></span> <span class='ocrx_word' id='word_1_14' title='bbox 1106 613 1507 703; x_wconf 76' lang='lat' dir='ltr'>permittitur</span> <span class='ocrx_word' id='word_1_15' title='bbox 1549 634 1618 680; x_wconf 90' lang='lat' dir='ltr'>se</span> <span class='ocrx_word' id='word_1_16' title='bbox 1669 631 1891 703; x_wconf 89' lang='lat' dir='ltr'>parare</span> <span class='ocrx_word' id='word_1_17' title='bbox 1939 633 2057 701; x_wconf 89' lang='lat' dir='ltr'>pro</span> <span class='ocrx_word' id='word_1_18' title='bbox 2106 612 2266 679; x_wconf 91' lang='lat' dir='ltr'>Sub-</span> 
     </span>
     <span class='ocr_line' id='line_1_5' title="bbox 667 701 2263 791; baseline -0.006 -18"><span class='ocrx_word' id='word_1_19' title='bbox 667 707 935 773; x_wconf 88' lang='lat' dir='ltr'>diacono</span> <span class='ocrx_word' id='word_1_20' title='bbox 965 705 1105 771; x_wconf 90' lang='lat' dir='ltr'>sine</span> <span class='ocrx_word' id='word_1_21' title='bbox 1137 704 1466 791; x_wconf 89' lang='lat' dir='ltr'>manipulo</span> <span class='ocrx_word' id='word_1_22' title='bbox 1496 719 1514 781; x_wconf 82' lang='lat'>3</span> <span class='ocrx_word' id='word_1_23' title='bbox 1565 721 1755 788; x_wconf 91' lang='lat' dir='ltr'>quam</span> <span class='ocrx_word' id='word_1_24' title='bbox 1791 701 1853 767; x_wconf 94' lang='lat' dir='ltr'>in</span> <span class='ocrx_word' id='word_1_25' title='bbox 1887 702 2263 788; x_wconf 75' lang='lat' dir='ltr'>collegiata,</span> 
     </span>
     <span class='ocr_line' id='line_1_6' title="bbox 660 790 2266 880; baseline -0.004 -19"><span class='ocrx_word' id='word_1_26' title='bbox 660 795 730 872; x_wconf 77' lang='lat' dir='ltr'>ju</span> <span class='ocrx_word' id='word_1_27' title='bbox 777 814 899 880; x_wconf 90' lang='lat' dir='ltr'>qua</span> <span class='ocrx_word' id='word_1_28' title='bbox 947 792 1163 860; x_wconf 90' lang='lat' dir='ltr'>induci</span> <span class='ocrx_word' id='word_1_29' title='bbox 1209 793 1439 874; x_wconf 86' lang='lat' dir='ltr'>vellet,</span> <span class='ocrx_word' id='word_1_30' title='bbox 1473 801 1545 857; x_wconf 91' lang='lat' dir='ltr'>ut</span> <span class='ocrx_word' id='word_1_31' title='bbox 1577 790 1931 859; x_wconf 87' lang='lat' dir='ltr'>Canonicus</span> <span class='ocrx_word' id='word_1_32' title='bbox 1978 791 2266 856; x_wconf 80' lang='lat' dir='ltr'>Clericus</span> 
     </span>
     <span class='ocr_line' id='line_1_7' title="bbox 664 879 2262 969; baseline -0.003 -21"><span class='ocrx_word' id='word_1_33' title='bbox 664 883 983 949; x_wconf 86' lang='lat' dir='ltr'>ministret</span> <span class='ocrx_word' id='word_1_34' title='bbox 1054 901 1172 969; x_wconf 90' lang='lat' dir='ltr'>pro</span> <span class='ocrx_word' id='word_1_35' title='bbox 1241 880 1644 947; x_wconf 85' lang='lat' dir='ltr'>Subdiacono</span> <span class='ocrx_word' id='word_1_36' title='bbox 1706 879 1842 944; x_wconf 84' lang='lat' dir='ltr'>sine</span> <span class='ocrx_word' id='word_1_37' title='bbox 1903 879 2262 964; x_wconf 87' lang='lat' dir='ltr'>manipulo,</span> 
     </span>
     <span class='ocr_line' id='line_1_8' title="bbox 664 967 2268 1037; baseline -0.003 -1"><span class='ocrx_word' id='word_1_38' title='bbox 664 969 1089 1037; x_wconf 83' lang='lat' dir='ltr'>existentibus</span> <span class='ocrx_word' id='word_1_39' title='bbox 1135 968 1271 1035; x_wconf 89' lang='lat' dir='ltr'>aliis</span> <span class='ocrx_word' id='word_1_40' title='bbox 1317 967 1648 1035; x_wconf 88' lang='lat' dir='ltr'>Canonicis</span> <span class='ocrx_word' id='word_1_41' title='bbox 1692 968 1982 1034; x_wconf 90' lang='lat' dir='ltr'>Diaconis</span> <span class='ocrx_word' id='word_1_42' title='bbox 2026 976 2091 1032; x_wconf 92' lang='lat' dir='ltr'>et</span> <span class='ocrx_word' id='word_1_43' title='bbox 2122 971 2268 1032; x_wconf 84' lang='lat' dir='ltr'>Pre-</span> 
     </span>
     <span class='ocr_line' id='line_1_9' title="bbox 665 1055 2267 1145; baseline -0.002 -22"><span class='ocrx_word' id='word_1_44' title='bbox 665 1057 965 1145; x_wconf 77' lang='lat' dir='ltr'>sbyteriS,</span> <span class='ocrx_word' id='word_1_45' title='bbox 1013 1058 1092 1124; x_wconf 91' lang='lat' dir='ltr'>ad</span> <span class='ocrx_word' id='word_1_46' title='bbox 1139 1077 1300 1143; x_wconf 91' lang='lat' dir='ltr'>quos</span> <span class='ocrx_word' id='word_1_47' title='bbox 1346 1057 1431 1124; x_wconf 94' lang='lat' dir='ltr'>de</span> <span class='ocrx_word' id='word_1_48' title='bbox 1479 1056 1618 1122; x_wconf 89' lang='lat' dir='ltr'>iure</span> <span class='ocrx_word' id='word_1_49' title='bbox 1663 1065 1911 1142; x_wconf 90' lang='lat' dir='ltr'>spectat</span> <span class='ocrx_word' id='word_1_50' title='bbox 1954 1055 2267 1143; x_wconf 90' lang='lat' dir='ltr'>supplere</span> 
     </span>
     <span class='ocr_line' id='line_1_10' title="bbox 668 1143 2261 1227; baseline -0.002 -16"><span class='ocrx_word' id='word_1_51' title='bbox 668 1148 843 1212; x_wconf 84' lang='lat' dir='ltr'>vices</span> <span class='ocrx_word' id='word_1_52' title='bbox 867 1145 1161 1212; x_wconf 91' lang='lat' dir='ltr'>Canonici</span> <span class='ocrx_word' id='word_1_53' title='bbox 1187 1144 1419 1227; x_wconf 83' lang='lat' dir='ltr'>Clerici</span> <span class='ocrx_word' id='word_1_54' title='bbox 1453 1144 1514 1209; x_wconf 92' lang='lat' dir='ltr'>in</span> <span class='ocrx_word' id='word_1_55' title='bbox 1540 1144 1760 1211; x_wconf 85' lang='lat' dir='ltr'>Officio</span> <span class='ocrx_word' id='word_1_56' title='bbox 1784 1143 2169 1211; x_wconf 82' lang='lat' dir='ltr'>subdiaconi</span> <span class='ocrx_word' id='word_1_57' title='bbox 2197 1165 2261 1208; x_wconf 80' lang='lat'>».</span> 
     </span>
    </p>

    <p class='ocr_par' dir='ltr' id='par_1_3' title="bbox 666 1234 2271 2469">
     <span class='ocr_line' id='line_1_11' title="bbox 804 1234 2268 1312; baseline -0.002 -12"><span class='ocrx_word' id='word_1_58' title='bbox 804 1235 898 1301; x_wconf 79' lang='lat' dir='ltr'>Ad</span> <span class='ocrx_word' id='word_1_59' title='bbox 932 1238 995 1300; x_wconf 99' lang='grc'>2.</span> <span class='ocrx_word' id='word_1_60' title='bbox 1035 1256 1073 1298; x_wconf 61' lang='grc' dir='ltr'><strong><em>α</em></strong></span> <span class='ocrx_word' id='word_1_61' title='bbox 1101 1235 1340 1312; x_wconf 89' lang='lat' dir='ltr'>Dilata;</span> <span class='ocrx_word' id='word_1_62' title='bbox 1393 1244 1458 1298; x_wconf 89' lang='lat' dir='ltr'>et</span> <span class='ocrx_word' id='word_1_63' title='bbox 1488 1234 1566 1300; x_wconf 89' lang='lat' dir='ltr'>ad</span> <span class='ocrx_word' id='word_1_64' title='bbox 1599 1242 1886 1298; x_wconf 89' lang='lat' dir='ltr'>mentem</span> <span class='ocrx_word' id='word_1_65' title='bbox 1914 1253 1951 1296; x_wconf 81' lang='lat'><strong>»</strong></span> <span class='ocrx_word' id='word_1_66' title='bbox 1987 1241 2053 1297; x_wconf 91' lang='lat' dir='ltr'>et</span> <span class='ocrx_word' id='word_1_67' title='bbox 2085 1251 2268 1298; x_wconf 90' lang='lat' dir='ltr'>mens</span> 
     </span>
     <span class='ocr_line' id='line_1_12' title="bbox 669 1320 2266 1408; baseline -0.003 -19"><span class='ocrx_word' id='word_1_68' title='bbox 669 1334 805 1390; x_wconf 89' lang='lat' dir='ltr'>est:</span> <span class='ocrx_word' id='word_1_69' title='bbox 854 1344 892 1386; x_wconf 62' lang='grc' dir='ltr'><strong><em>α</em></strong></span> <span class='ocrx_word' id='word_1_70' title='bbox 927 1323 1097 1408; x_wconf 91' lang='lat' dir='ltr'>quod</span> <span class='ocrx_word' id='word_1_71' title='bbox 1148 1325 1224 1390; x_wconf 90' lang='lat' dir='ltr'>ab</span> <span class='ocrx_word' id='word_1_72' title='bbox 1258 1342 1334 1388; x_wconf 93' lang='lat' dir='ltr'>eo</span> <span class='ocrx_word' id='word_1_73' title='bbox 1367 1321 1685 1387; x_wconf 89' lang='lat' dir='ltr'>Canonico</span> <span class='ocrx_word' id='word_1_74' title='bbox 1731 1320 2097 1387; x_wconf 86' lang='lat' dir='ltr'>buiusm&#39;odi</span> <span class='ocrx_word' id='word_1_75' title='bbox 2132 1320 2266 1386; x_wconf 89' lang='lat' dir='ltr'>offi-</span> 
     </span>
     <span class='ocr_line' id='line_1_13' title="bbox 668 1410 2266 1498; baseline -0.003 -21"><span class='ocrx_word' id='word_1_76' title='bbox 668 1413 839 1478; x_wconf 90' lang='lat' dir='ltr'>cium</span> <span class='ocrx_word' id='word_1_77' title='bbox 881 1421 1273 1498; x_wconf 80' lang='lat' dir='ltr'>praestetur,</span> <span class='ocrx_word' id='word_1_78' title='bbox 1308 1411 1383 1475; x_wconf 89' lang='lat' dir='ltr'>ad</span> <span class='ocrx_word' id='word_1_79' title='bbox 1421 1427 1616 1494; x_wconf 86' lang='lat' dir='ltr'>quem</span> <span class='ocrx_word' id='word_1_80' title='bbox 1647 1419 1893 1495; x_wconf 88' lang='lat' dir='ltr'>spectat</span> <span class='ocrx_word' id='word_1_81' title='bbox 1928 1410 2072 1495; x_wconf 90' lang='lat' dir='ltr'>(per</span> <span class='ocrx_word' id='word_1_82' title='bbox 2103 1411 2266 1474; x_wconf 90' lang='lat' dir='ltr'>Con-</span> 
     </span>
     <span class='ocr_line' id='line_1_14' title="bbox 666 1496 2266 1583; baseline -0.003 -18"><span class='ocrx_word' id='word_1_83' title='bbox 666 1498 1031 1566; x_wconf 90' lang='lat' dir='ltr'>stitutiones</span> <span class='ocrx_word' id='word_1_84' title='bbox 1079 1509 1143 1564; x_wconf 86' lang='lat' dir='ltr'>et</span> <span class='ocrx_word' id='word_1_85' title='bbox 1190 1497 1693 1580; x_wconf 86' lang='lat' dir='ltr'>consuetudines</span> <span class='ocrx_word' id='word_1_86' title='bbox 1741 1496 2123 1583; x_wconf 87' lang='lat' dir='ltr'>capitulares</span> <span class='ocrx_word' id='word_1_87' title='bbox 2173 1496 2266 1563; x_wconf 91' lang='lat' dir='ltr'>di-</span> 
     </span>
     <span class='ocr_line' id='line_1_15' title="bbox 668 1585 2267 1675; baseline -0.003 -22"><span class='ocrx_word' id='word_1_88' title='bbox 668 1602 807 1654; x_wconf 89' lang='lat' dir='ltr'>ctae</span> <span class='ocrx_word' id='word_1_89' title='bbox 839 1587 1163 1654; x_wconf 83' lang='lat' dir='ltr'>Ecclesiae</span> <span class='ocrx_word' id='word_1_90' title='bbox 1211 1585 1630 1675; x_wconf 86' lang='lat' dir='ltr'>respicientes</span> <span class='ocrx_word' id='word_1_91' title='bbox 1661 1585 1996 1651; x_wconf 86' lang='lat' dir='ltr'>servitium</span> <span class='ocrx_word' id='word_1_92' title='bbox 2048 1585 2267 1671; x_wconf 91' lang='lat' dir='ltr'>Chori)</span> 
     </span>
     <span class='ocr_line' id='line_1_16' title="bbox 668 1673 2267 1763; baseline -0.003 -21"><span class='ocrx_word' id='word_1_93' title='bbox 668 1676 978 1763; x_wconf 90' lang='lat' dir='ltr'>supplere</span> <span class='ocrx_word' id='word_1_94' title='bbox 1024 1676 1198 1741; x_wconf 89' lang='lat' dir='ltr'>vices</span> <span class='ocrx_word' id='word_1_95' title='bbox 1251 1676 1549 1742; x_wconf 88' lang='lat' dir='ltr'>Canonici</span> <span class='ocrx_word' id='word_1_96' title='bbox 1595 1673 1834 1756; x_wconf 90' lang='lat' dir='ltr'>ultimi,</span> <span class='ocrx_word' id='word_1_97' title='bbox 1883 1674 1992 1759; x_wconf 91' lang='lat' dir='ltr'>qui</span> <span class='ocrx_word' id='word_1_98' title='bbox 2041 1674 2267 1741; x_wconf 86' lang='lat' dir='ltr'>absens</span> 
     </span>
     <span class='ocr_line' id='line_1_17' title="bbox 671 1762 2267 1847; baseline -0.003 -17"><span class='ocrx_word' id='word_1_99' title='bbox 671 1765 839 1830; x_wconf 73' lang='lat' dir='ltr'>forte</span> <span class='ocrx_word' id='word_1_100' title='bbox 884 1764 964 1829; x_wconf 91' lang='lat' dir='ltr'>sit</span> <span class='ocrx_word' id='word_1_101' title='bbox 1008 1765 1113 1829; x_wconf 88' lang='lat' dir='ltr'>vel</span> <span class='ocrx_word' id='word_1_102' title='bbox 1164 1764 1454 1830; x_wconf 86' lang='lat' dir='ltr'>infirmus</span> <span class='ocrx_word' id='word_1_103' title='bbox 1488 1763 1591 1828; x_wconf 85' lang='lat' dir='ltr'>vel</span> <span class='ocrx_word' id='word_1_104' title='bbox 1626 1762 1855 1847; x_wconf 87' lang='lat' dir='ltr'>quovis</span> <span class='ocrx_word' id='word_1_105' title='bbox 1901 1762 2026 1827; x_wconf 90' lang='lat' dir='ltr'>alio</span> <span class='ocrx_word' id='word_1_106' title='bbox 2075 1763 2267 1828; x_wconf 90' lang='lat' dir='ltr'>modo</span> 
     </span>
     <span class='ocr_line' id='line_1_18' title="bbox 674 1850 2267 1941; baseline -0.001 -24"><span class='ocrx_word' id='word_1_107' title='bbox 674 1853 968 1939; x_wconf 77' lang='lat' dir='ltr'>legitime</span> <span class='ocrx_word' id='word_1_108' title='bbox 1017 1852 1394 1941; x_wconf 90' lang='lat' dir='ltr'>impeditus.</span> <span class='ocrx_word' id='word_1_109' title='bbox 1444 1850 1629 1917; x_wconf 86' lang='lat' dir='ltr'>Istius</span> <span class='ocrx_word' id='word_1_110' title='bbox 1672 1850 1992 1935; x_wconf 84' lang='lat' dir='ltr'>siquidem</span> <span class='ocrx_word' id='word_1_111' title='bbox 2022 1850 2267 1916; x_wconf 88' lang='lat' dir='ltr'>servitii</span> 
     </span>
     <span class='ocr_line' id='line_1_19' title="bbox 669 1939 2271 2008; baseline -0.002 -2"><span class='ocrx_word' id='word_1_112' title='bbox 669 1941 830 2006; x_wconf 90' lang='lat' dir='ltr'>ordo</span> <span class='ocrx_word' id='word_1_113' title='bbox 878 1941 1261 2008; x_wconf 80' lang='lat' dir='ltr'>adamussim</span> <span class='ocrx_word' id='word_1_114' title='bbox 1320 1939 1699 2006; x_wconf 90' lang='lat' dir='ltr'>retinendus</span> <span class='ocrx_word' id='word_1_115' title='bbox 1748 1948 1842 2003; x_wconf 88' lang='lat' dir='ltr'>est</span> <span class='ocrx_word' id='word_1_116' title='bbox 1897 1940 2271 2005; x_wconf 89' lang='lat' dir='ltr'>constantis-</span> 
     </span>
     <span class='ocr_line' id='line_1_20' title="bbox 666 2027 2271 2118; baseline -0.001 -24"><span class='ocrx_word' id='word_1_117' title='bbox 666 2030 828 2095; x_wconf 90' lang='lat' dir='ltr'>sime</span> <span class='ocrx_word' id='word_1_118' title='bbox 890 2029 964 2095; x_wconf 88' lang='lat' dir='ltr'>ad</span> <span class='ocrx_word' id='word_1_119' title='bbox 1030 2029 1497 2118; x_wconf 85' lang='lat' dir='ltr'>praescriptum</span> <span class='ocrx_word' id='word_1_120' title='bbox 1546 2027 1622 2092; x_wconf 91' lang='lat' dir='ltr'>ab</span> <span class='ocrx_word' id='word_1_121' title='bbox 1672 2027 2120 2093; x_wconf 89' lang='lat' dir='ltr'>ecclesiasticis</span> <span class='ocrx_word' id='word_1_122' title='bbox 2182 2029 2271 2093; x_wconf 90' lang='lat' dir='ltr'>le-</span> 
     </span>
     <span class='ocr_line' id='line_1_21' title="bbox 668 2116 2269 2204; baseline -0.002 -21"><span class='ocrx_word' id='word_1_123' title='bbox 668 2116 887 2204; x_wconf 89' lang='lat' dir='ltr'>gibus,</span> <span class='ocrx_word' id='word_1_124' title='bbox 949 2129 1142 2202; x_wconf 90' lang='lat' dir='ltr'>atque</span> <span class='ocrx_word' id='word_1_125' title='bbox 1202 2139 1233 2182; x_wconf 91' lang='lat' dir='ltr'>a</span> <span class='ocrx_word' id='word_1_126' title='bbox 1296 2116 1639 2184; x_wconf 84' lang='lat' dir='ltr'>notissimis</span> <span class='ocrx_word' id='word_1_127' title='bbox 1704 2116 1988 2181; x_wconf 86' lang='lat' dir='ltr'>Decretis</span> <span class='ocrx_word' id='word_1_128' title='bbox 2051 2117 2269 2182; x_wconf 89' lang='lat' dir='ltr'>huius-</span> 
     </span>
     <span class='ocr_line' id='line_1_22' title="bbox 668 2203 2269 2290; baseline -0.002 -17"><span class='ocrx_word' id='word_1_129' title='bbox 668 2206 845 2273; x_wconf 89' lang='lat' dir='ltr'>modi</span> <span class='ocrx_word' id='word_1_130' title='bbox 894 2209 960 2272; x_wconf 91' lang='lat' dir='ltr'>S.</span> <span class='ocrx_word' id='word_1_131' title='bbox 999 2211 1073 2273; x_wconf 89' lang='lat' dir='ltr'>R.</span> <span class='ocrx_word' id='word_1_132' title='bbox 1120 2210 1224 2284; x_wconf 88' lang='lat' dir='ltr'>C.;</span> <span class='ocrx_word' id='word_1_133' title='bbox 1261 2206 1337 2273; x_wconf 89' lang='lat' dir='ltr'>ad</span> <span class='ocrx_word' id='word_1_134' title='bbox 1387 2223 1606 2290; x_wconf 90' lang='lat' dir='ltr'>quam,</span> <span class='ocrx_word' id='word_1_135' title='bbox 1643 2203 1984 2290; x_wconf 88' lang='lat' dir='ltr'>siquando</span> <span class='ocrx_word' id='word_1_136' title='bbox 2032 2205 2269 2290; x_wconf 90' lang='lat' dir='ltr'>aliquid</span> 
     </span>
     <span class='ocr_line' id='line_1_23' title="bbox 668 2293 2270 2362; baseline -0.003 0"><span class='ocrx_word' id='word_1_137' title='bbox 668 2295 771 2362; x_wconf 88' lang='lat' dir='ltr'>vel</span> <span class='ocrx_word' id='word_1_138' title='bbox 801 2314 1000 2362; x_wconf 86' lang='lat' dir='ltr'>novae</span> <span class='ocrx_word' id='word_1_139' title='bbox 1024 2294 1415 2361; x_wconf 86' lang='lat' dir='ltr'>difficultatis</span> <span class='ocrx_word' id='word_1_140' title='bbox 1442 2294 1544 2358; x_wconf 86' lang='lat' dir='ltr'>vel</span> <span class='ocrx_word' id='word_1_141' title='bbox 1572 2293 2044 2357; x_wconf 89' lang='lat' dir='ltr'>controversiae</span> <span class='ocrx_word' id='word_1_142' title='bbox 2070 2312 2270 2358; x_wconf 87' lang='lat' dir='ltr'>emer-</span> 
     </span>
     <span class='ocr_line' id='line_1_24' title="bbox 669 2380 1804 2469; baseline -0.004 -21"><span class='ocrx_word' id='word_1_143' title='bbox 669 2382 849 2467; x_wconf 85' lang='lat' dir='ltr'>serit,</span> <span class='ocrx_word' id='word_1_144' title='bbox 900 2400 1160 2469; x_wconf 89' lang='lat' dir='ltr'>semper</span> <span class='ocrx_word' id='word_1_145' title='bbox 1206 2382 1449 2469; x_wconf 91' lang='lat' dir='ltr'>patebit</span> <span class='ocrx_word' id='word_1_146' title='bbox 1496 2380 1708 2447; x_wconf 92' lang='lat' dir='ltr'>aditus</span> <span class='ocrx_word' id='word_1_147' title='bbox 1740 2402 1804 2445; x_wconf 82' lang='lat'>›.</span> 
     </span>
    </p>

    <p class='ocr_par' dir='ltr' id='par_1_4' title="bbox 669 2468 2259 2625">
     <span class='ocr_line' id='line_1_25' title="bbox 800 2468 2259 2537; baseline -0.001 -1"><span class='ocrx_word' id='word_1_148' title='bbox 800 2475 881 2536; x_wconf 87' lang='lat' dir='ltr'>Et</span> <span class='ocrx_word' id='word_1_149' title='bbox 937 2470 1019 2535; x_wconf 88' lang='lat' dir='ltr'>ita</span> <span class='ocrx_word' id='word_1_150' title='bbox 1077 2470 1426 2537; x_wconf 86' lang='lat' dir='ltr'>declaravit</span> <span class='ocrx_word' id='word_1_151' title='bbox 1483 2489 1551 2533; x_wconf 90' lang='lat' dir='ltr'>ac</span> <span class='ocrx_word' id='word_1_152' title='bbox 1608 2468 1845 2533; x_wconf 87' lang='lat' dir='ltr'>servari</span> <span class='ocrx_word' id='word_1_153' title='bbox 1912 2469 2259 2535; x_wconf 86' lang='lat' dir='ltr'>mandavit.</span> 
     </span>
     <span class='ocr_line' id='line_1_26' title="bbox 669 2557 1584 2625; baseline -0.003 -1"><span class='ocrx_word' id='word_1_154' title='bbox 669 2559 783 2625; x_wconf 88' lang='lat' dir='ltr'>Die</span> <span class='ocrx_word' id='word_1_155' title='bbox 836 2563 915 2625; x_wconf 98' lang='grc'><strong>18</strong></span> <span class='ocrx_word' id='word_1_156' title='bbox 965 2557 1333 2624; x_wconf 87' lang='lat' dir='ltr'>Decembris</span> <span class='ocrx_word' id='word_1_157' title='bbox 1389 2561 1584 2624; x_wconf 77' lang='grc'><strong>1784.</strong></span> 
     </span>
    </p>
   </div>
   <div class='ocr_carea' id='block_1_3' title="bbox 638 2700 2263 2786">
    <p class='ocr_par' dir='ltr' id='par_1_5' title="bbox 638 2700 2263 2786">
     <span class='ocr_line' id='line_1_27' title="bbox 638 2700 2263 2786; baseline 0.002 -22"><span class='ocrx_word' id='word_1_158' title='bbox 638 2700 930 2769; x_wconf 78' lang='grc'><strong>2526.</strong></span> <span class='ocrx_word' id='word_1_159' title='bbox 1205 2701 1731 2765; x_wconf 75' lang='lat' dir='ltr'>SALUTtARUM.</span> <span class='ocrx_word' id='word_1_160' title='bbox 2038 2701 2263 2786; x_wconf 73' lang='lat'>(4419)</span> 
     </span>
    </p>
   </div>
   <div class='ocr_carea' id='block_1_4' title="bbox 669 2821 2274 3622">
    <p class='ocr_par' dir='ltr' id='par_1_6' title="bbox 671 2821 2266 3176">
     <span class='ocr_line' id='line_1_28' title="bbox 804 2821 2266 2921; baseline -0.001 -31"><span class='ocrx_word' id='word_1_161' title='bbox 804 2827 962 2890; x_wconf 91' lang='lat' dir='ltr'>Cum</span> <span class='ocrx_word' id='word_1_162' title='bbox 997 2827 1159 2891; x_wconf 75' lang='grc' dir='ltr'>Βῐῖιο</span> <span class='ocrx_word' id='word_1_163' title='bbox 1190 2823 1506 2921; x_wconf 83' lang='lat' dir='ltr'>Episcopo</span> <span class='ocrx_word' id='word_1_164' title='bbox 1542 2821 1924 2888; x_wconf 89' lang='lat' dir='ltr'>Salutiarum</span> <span class='ocrx_word' id='word_1_165' title='bbox 1964 2824 2266 2890; x_wconf 89' lang='lat' dir='ltr'>nonnulla</span> 
     </span>
     <span class='ocr_line' id='line_1_29' title="bbox 674 2910 2266 2999; baseline 0 -19"><span class='ocrx_word' id='word_1_166' title='bbox 674 2912 1074 2981; x_wconf 86' lang='lat' dir='ltr'>occurrerint</span> <span class='ocrx_word' id='word_1_167' title='bbox 1119 2910 1337 2995; x_wconf 83' lang='lat' dir='ltr'>dubia,</span> <span class='ocrx_word' id='word_1_168' title='bbox 1375 2910 1740 2977; x_wconf 84' lang='lat' dir='ltr'>humillime</span> <span class='ocrx_word' id='word_1_169' title='bbox 1772 2912 1940 2999; x_wconf 88' lang='lat' dir='ltr'>apud</span> <span class='ocrx_word' id='word_1_170' title='bbox 1983 2915 2050 2979; x_wconf 87' lang='lat' dir='ltr'>S.</span> <span class='ocrx_word' id='word_1_171' title='bbox 2087 2917 2156 2980; x_wconf 83' lang='lat' dir='ltr'>R.</span> <span class='ocrx_word' id='word_1_172' title='bbox 2192 2916 2266 2980; x_wconf 93' lang='lat' dir='ltr'>C.</span> 
     </span>
     <span class='ocr_line' id='line_1_30' title="bbox 671 2998 2264 3089; baseline 0 -22"><span class='ocrx_word' id='word_1_173' title='bbox 671 2998 807 3089; x_wconf 78' lang='lat' dir='ltr'>ip‘se</span> <span class='ocrx_word' id='word_1_174' title='bbox 852 3001 1266 3088; x_wconf 86' lang='lat' dir='ltr'>supplicavit,</span> <span class='ocrx_word' id='word_1_175' title='bbox 1325 3009 1642 3086; x_wconf 87' lang='lat' dir='ltr'>quatenus</span> <span class='ocrx_word' id='word_1_176' title='bbox 1690 3019 1760 3064; x_wconf 90' lang='lat' dir='ltr'>ea</span> <span class='ocrx_word' id='word_1_177' title='bbox 1821 3001 2100 3088; x_wconf 86' lang='lat' dir='ltr'>benigne</span> <span class='ocrx_word' id='word_1_178' title='bbox 2152 3002 2264 3067; x_wconf 89' lang='lat' dir='ltr'>de-</span> 
     </span>
     <span class='ocr_line' id='line_1_31' title="bbox 672 3091 1407 3176; baseline -0.007 -18"><span class='ocrx_word' id='word_1_179' title='bbox 672 3109 942 3158; x_wconf 88' lang='lat' dir='ltr'>cernere</span> <span class='ocrx_word' id='word_1_180' title='bbox 989 3091 1407 3176; x_wconf 78' lang='lat' dir='ltr'>dignaretur:</span> 
     </span>
    </p>

    <p class='ocr_par' dir='ltr' id='par_1_7' title="bbox 669 3177 2274 3622">
     <span class='ocr_line' id='line_1_32' title="bbox 808 3177 2268 3246; baseline 0 -2"><span class='ocrx_word' id='word_1_181' title='bbox 808 3182 870 3244; x_wconf 93' lang='grc'>1.</span> <span class='ocrx_word' id='word_1_182' title='bbox 921 3182 1014 3244; x_wconf 81' lang='lat' dir='ltr'>An</span> <span class='ocrx_word' id='word_1_183' title='bbox 1073 3178 1429 3244; x_wconf 89' lang='lat' dir='ltr'>Canonicus</span> <span class='ocrx_word' id='word_1_184' title='bbox 1489 3177 1794 3242; x_wconf 78' lang='lat' dir='ltr'>deferens</span> <span class='ocrx_word' id='word_1_185' title='bbox 1843 3180 2112 3244; x_wconf 77' lang='lat' dir='ltr'>SSfi‘mm</span> <span class='ocrx_word' id='word_1_186' title='bbox 2161 3183 2268 3246; x_wconf 89' lang='lat' dir='ltr'>Sa-</span> 
     </span>
     <span class='ocr_line' id='line_1_33' title="bbox 671 3266 2268 3351; baseline -0.001 -16"><span class='ocrx_word' id='word_1_187' title='bbox 671 3277 1066 3335; x_wconf 88' lang='lat' dir='ltr'>cramentum</span> <span class='ocrx_word' id='word_1_188' title='bbox 1116 3268 1178 3334; x_wconf 90' lang='lat' dir='ltr'>in</span> <span class='ocrx_word' id='word_1_189' title='bbox 1225 3266 1665 3350; x_wconf 76' lang='lat' dir='ltr'>processione,</span> <span class='ocrx_word' id='word_1_190' title='bbox 1717 3284 1882 3351; x_wconf 91' lang='lat' dir='ltr'>quae</span> <span class='ocrx_word' id='word_1_191' title='bbox 1928 3268 2071 3335; x_wconf 85' lang='lat' dir='ltr'>fieri</span> <span class='ocrx_word' id='word_1_192' title='bbox 2101 3268 2268 3334; x_wconf 89' lang='lat' dir='ltr'>solet</span> 
     </span>
     <span class='ocr_line' id='line_1_34' title="bbox 669 3356 2271 3443; baseline 0 -21"><span class='ocrx_word' id='word_1_193' title='bbox 669 3376 817 3423; x_wconf 90' lang='lat' dir='ltr'>cum</span> <span class='ocrx_word' id='word_1_194' title='bbox 866 3374 1096 3443; x_wconf 90' lang='lat' dir='ltr'>magno</span> <span class='ocrx_word' id='word_1_195' title='bbox 1144 3375 1463 3423; x_wconf 87' lang='lat' dir='ltr'>concursu</span> <span class='ocrx_word' id='word_1_196' title='bbox 1508 3356 1734 3442; x_wconf 83' lang='lat' dir='ltr'>populi</span> <span class='ocrx_word' id='word_1_197' title='bbox 1768 3356 2052 3440; x_wconf 90' lang='lat' dir='ltr'>qualibet</span> <span class='ocrx_word' id='word_1_198' title='bbox 2086 3357 2271 3422; x_wconf 89' lang='lat' dir='ltr'>tertia</span> 
     </span>
     <span class='ocr_line' id='line_1_35' title="bbox 671 3444 2274 3525; baseline 0 -15"><span class='ocrx_word' id='word_1_199' title='bbox 671 3445 994 3510; x_wconf 91' lang='lat' dir='ltr'>Dominica</span> <span class='ocrx_word' id='word_1_200' title='bbox 1029 3444 1371 3511; x_wconf 90' lang='lat' dir='ltr'>cuiuslibet</span> <span class='ocrx_word' id='word_1_201' title='bbox 1401 3445 1666 3525; x_wconf 90' lang='lat' dir='ltr'>mensis,</span> <span class='ocrx_word' id='word_1_202' title='bbox 1703 3444 1934 3510; x_wconf 86' lang='lat' dir='ltr'>debeat</span> <span class='ocrx_word' id='word_1_203' title='bbox 1967 3446 2274 3512; x_wconf 90' lang='lat' dir='ltr'>incedere</span> 
     </span>
     <span class='ocr_line' id='line_1_36' title="bbox 669 3531 2271 3622; baseline 0.003 -26"><span class='ocrx_word' id='word_1_204' title='bbox 669 3533 934 3598; x_wconf 90' lang='lat' dir='ltr'>indutus</span> <span class='ocrx_word' id='word_1_205' title='bbox 967 3531 1276 3621; x_wconf 85' lang='lat' dir='ltr'>pluviali;</span> <span class='ocrx_word' id='word_1_206' title='bbox 1328 3533 1431 3598; x_wconf 89' lang='lat' dir='ltr'>vel</span> <span class='ocrx_word' id='word_1_207' title='bbox 1481 3532 1751 3611; x_wconf 83' lang='lat' dir='ltr'>sufficiat</span> <span class='ocrx_word' id='word_1_208' title='bbox 1782 3534 2064 3622; x_wconf 79' lang='lat' dir='ltr'>simplex</span> <span class='ocrx_word' id='word_1_209' title='bbox 2097 3535 2271 3601; x_wconf 89' lang='lat' dir='ltr'>Stola</span> 
     </span>
    </p>
   </div>
   <div class='ocr_carea' id='block_1_5' title="bbox 544 3618 1229 3721">
    <p class='ocr_par' dir='ltr' id='par_1_8' title="bbox 544 3618 1229 3721">
     <span class='ocr_line' id='line_1_37' title="bbox 544 3618 1229 3721; baseline 0.001 -36"><span class='ocrx_word' id='word_1_210' title='bbox 544 3716 553 3721; x_wconf 17' lang='grc' dir='ltr'><strong><em>ι</em></strong></span> <span class='ocrx_word' id='word_1_211' title='bbox 667 3640 857 3708; x_wconf 90' lang='lat' dir='ltr'>supra</span> <span class='ocrx_word' id='word_1_212' title='bbox 906 3618 1229 3709; x_wconf 75' lang='lat' dir='ltr'>cappam?</span> 
     </span>
    </p>
   </div>
   <div class='ocr_carea' id='block_1_6' title="bbox 667 3708 2273 4860">
    <p class='ocr_par' dir='ltr' id='par_1_9' title="bbox 669 3708 2273 4324">
     <span class='ocr_line' id='line_1_38' title="bbox 803 3708 2268 3794; baseline 0.003 -21"><span class='ocrx_word' id='word_1_213' title='bbox 803 3711 871 3773; x_wconf 90' lang='grc'>2.</span> <span class='ocrx_word' id='word_1_214' title='bbox 929 3709 1025 3775; x_wconf 76' lang='lat' dir='ltr'>An</span> <span class='ocrx_word' id='word_1_215' title='bbox 1095 3709 1415 3794; x_wconf 86' lang='lat' dir='ltr'>Episcopo</span> <span class='ocrx_word' id='word_1_216' title='bbox 1482 3708 1719 3775; x_wconf 90' lang='lat' dir='ltr'>dictam</span> <span class='ocrx_word' id='word_1_217' title='bbox 1791 3711 2268 3778; x_wconf 88' lang='lat' dir='ltr'>Processionem</span> 
     </span>
     <span class='ocr_line' id='line_1_39' title="bbox 669 3797 2269 3883; baseline 0.004 -21"><span class='ocrx_word' id='word_1_218' title='bbox 669 3808 1023 3883; x_wconf 74' lang='lat' dir='ltr'>peragente</span> <span class='ocrx_word' id='word_1_219' title='bbox 1071 3808 1135 3863; x_wconf 94' lang='lat' dir='ltr'>et</span> <span class='ocrx_word' id='word_1_220' title='bbox 1181 3797 1522 3864; x_wconf 82' lang='lat' dir='ltr'>deferente</span> <span class='ocrx_word' id='word_1_221' title='bbox 1570 3801 1839 3865; x_wconf 72' lang='lat' dir='ltr'>SSri&#39;ium</span> <span class='ocrx_word' id='word_1_222' title='bbox 1902 3804 2269 3868; x_wconf 88' lang='lat' dir='ltr'>Sacramen-</span> 
     </span>
     <span class='ocr_line' id='line_1_40' title="bbox 669 3885 2267 3975; baseline 0.003 -26"><span class='ocrx_word' id='word_1_223' title='bbox 669 3897 808 3950; x_wconf 91' lang='lat' dir='ltr'>tum</span> <span class='ocrx_word' id='word_1_224' title='bbox 868 3885 1136 3970; x_wconf 87' lang='lat' dir='ltr'>pluviali</span> <span class='ocrx_word' id='word_1_225' title='bbox 1200 3885 1450 3970; x_wconf 86' lang='lat' dir='ltr'>induto,</span> <span class='ocrx_word' id='word_1_226' title='bbox 1503 3886 1631 3952; x_wconf 93' lang='lat' dir='ltr'>duo</span> <span class='ocrx_word' id='word_1_227' title='bbox 1681 3906 1760 3952; x_wconf 87' lang='lat' dir='ltr'>ex</span> <span class='ocrx_word' id='word_1_228' title='bbox 1817 3887 2267 3975; x_wconf 75' lang='lat' dir='ltr'>DignitatibuS,</span> 
     </span>
     <span class='ocr_line' id='line_1_41' title="bbox 669 3972 2273 4059; baseline 0.003 -21"><span class='ocrx_word' id='word_1_229' title='bbox 669 3974 772 4038; x_wconf 85' lang='lat' dir='ltr'>vel</span> <span class='ocrx_word' id='word_1_230' title='bbox 826 3972 960 4040; x_wconf 71' lang='lat' dir='ltr'>illis</span> <span class='ocrx_word' id='word_1_231' title='bbox 1021 3974 1505 4059; x_wconf 86' lang='lat' dir='ltr'>deficientibus,</span> <span class='ocrx_word' id='word_1_232' title='bbox 1573 3975 1848 4042; x_wconf 81' lang='lat' dir='ltr'>duo‘ex</span> <span class='ocrx_word' id='word_1_233' title='bbox 1912 3977 2273 4044; x_wconf 89' lang='lat' dir='ltr'>senioribus</span> 
     </span>
     <span class='ocr_line' id='line_1_42' title="bbox 669 4061 2269 4149; baseline 0.003 -20"><span class='ocrx_word' id='word_1_234' title='bbox 669 4061 943 4149; x_wconf 87' lang='lat' dir='ltr'>Capituli</span> <span class='ocrx_word' id='word_1_235' title='bbox 978 4062 1254 4130; x_wconf 86' lang='lat' dir='ltr'>debeant</span> <span class='ocrx_word' id='word_1_236' title='bbox 1288 4063 1499 4130; x_wconf 88' lang='lat' dir='ltr'>eidem</span> <span class='ocrx_word' id='word_1_237' title='bbox 1537 4064 1856 4148; x_wconf 88' lang='lat' dir='ltr'>assistere,</span> <span class='ocrx_word' id='word_1_238' title='bbox 1893 4066 2084 4131; x_wconf 88' lang='lat' dir='ltr'>simul</span> <span class='ocrx_word' id='word_1_239' title='bbox 2122 4067 2269 4133; x_wconf 88' lang='lat' dir='ltr'>hinc</span> 
     </span>
     <span class='ocr_line' id='line_1_43' title="bbox 669 4150 2268 4243; baseline 0.003 -27"><span class='ocrx_word' id='word_1_240' title='bbox 669 4150 818 4217; x_wconf 89' lang='lat' dir='ltr'>inde</span> <span class='ocrx_word' id='word_1_241' title='bbox 852 4152 1269 4239; x_wconf 87' lang='lat' dir='ltr'>procedendo</span> <span class='ocrx_word' id='word_1_242' title='bbox 1315 4151 1521 4218; x_wconf 86' lang='lat' dir='ltr'>induti</span> <span class='ocrx_word' id='word_1_243' title='bbox 1564 4153 1961 4221; x_wconf 75' lang='lat' dir='ltr'>Dalmaticis?</span> <span class='ocrx_word' id='word_1_244' title='bbox 2009 4159 2085 4220; x_wconf 89' lang='lat' dir='ltr'>Et</span> <span class='ocrx_word' id='word_1_245' title='bbox 2119 4176 2268 4243; x_wconf 86' lang='lat' dir='ltr'>qua-</span> 
     </span>
     <span class='ocr_line' id='line_1_44' title="bbox 673 4240 1307 4324; baseline 0 -19"><span class='ocrx_word' id='word_1_246' title='bbox 673 4250 859 4306; x_wconf 86' lang='lat' dir='ltr'>tenus</span> <span class='ocrx_word' id='word_1_247' title='bbox 906 4240 1307 4324; x_wconf 86' lang='lat' dir='ltr'>affirmative,</span> 
     </span>
    </p>

    <p class='ocr_par' dir='ltr' id='par_1_10' title="bbox 804 4328 2271 4417">
     <span class='ocr_line' id='line_1_45' title="bbox 804 4328 2271 4417; baseline 0.003 -22"><span class='ocrx_word' id='word_1_248' title='bbox 804 4333 869 4396; x_wconf 82' lang='lat'>3.</span> <span class='ocrx_word' id='word_1_249' title='bbox 910 4332 1142 4396; x_wconf 89' lang='lat' dir='ltr'>Utrum</span> <span class='ocrx_word' id='word_1_250' title='bbox 1175 4329 1251 4395; x_wconf 88' lang='lat' dir='ltr'>ad</span> <span class='ocrx_word' id='word_1_251' title='bbox 1290 4328 1351 4395; x_wconf 87' lang='lat' dir='ltr'>id</span> <span class='ocrx_word' id='word_1_252' title='bbox 1388 4330 1530 4416; x_wconf 85' lang='lat' dir='ltr'>cogi</span> <span class='ocrx_word' id='word_1_253' title='bbox 1565 4331 1831 4417; x_wconf 87' lang='lat' dir='ltr'>possint,</span> <span class='ocrx_word' id='word_1_254' title='bbox 1867 4331 1919 4397; x_wconf 90' lang='lat' dir='ltr'>si</span> <span class='ocrx_word' id='word_1_255' title='bbox 1949 4332 2271 4400; x_wconf 74' lang='lat' dir='ltr'>renuant?</span> 
     </span>
    </p>

    <p class='ocr_par' dir='ltr' id='par_1_11' title="bbox 667 4417 2270 4860">
     <span class='ocr_line' id='line_1_46' title="bbox 802 4417 2268 4504; baseline 0.002 -20"><span class='ocrx_word' id='word_1_256' title='bbox 802 4423 881 4484; x_wconf 89' lang='lat' dir='ltr'>Et</span> <span class='ocrx_word' id='word_1_257' title='bbox 928 4422 993 4487; x_wconf 89' lang='lat' dir='ltr'>S.</span> <span class='ocrx_word' id='word_1_258' title='bbox 1032 4422 1108 4486; x_wconf 83' lang='lat' dir='ltr'>R.</span> <span class='ocrx_word' id='word_1_259' title='bbox 1149 4421 1261 4501; x_wconf 90' lang='lat' dir='ltr'>C.,.</span> <span class='ocrx_word' id='word_1_260' title='bbox 1289 4417 1506 4486; x_wconf 86' lang='lat' dir='ltr'>audito</span> <span class='ocrx_word' id='word_1_261' title='bbox 1555 4420 1734 4504; x_wconf 88' lang='lat' dir='ltr'>prius</span> <span class='ocrx_word' id='word_1_262' title='bbox 1781 4431 1931 4485; x_wconf 93' lang='lat' dir='ltr'>voto</span> <span class='ocrx_word' id='word_1_263' title='bbox 1965 4421 2153 4487; x_wconf 88' lang='lat' dir='ltr'>unius</span> <span class='ocrx_word' id='word_1_264' title='bbox 2187 4443 2268 4489; x_wconf 79' lang='lat' dir='ltr'>ex</span> 
     </span>
     <span class='ocr_line' id='line_1_47' title="bbox 667 4509 2270 4597; baseline 0.002 -23"><span class='ocrx_word' id='word_1_265' title='bbox 667 4509 1171 4597; x_wconf 72' lang='lat' dir='ltr'>Apostolicarum</span> <span class='ocrx_word' id='word_1_266' title='bbox 1198 4510 1759 4574; x_wconf 80' lang='lat' dir='ltr'>caeremoniarum</span> <span class='ocrx_word' id='word_1_267' title='bbox 1786 4509 2099 4593; x_wconf 67' lang='lat' dir='ltr'>magistris</span> <span class='ocrx_word' id='word_1_268' title='bbox 2119 4510 2270 4577; x_wconf 87' lang='lat' dir='ltr'>scri-</span> 
     </span>
     <span class='ocr_line' id='line_1_48' title="bbox 668 4596 2266 4684; baseline 0.003 -22"><span class='ocrx_word' id='word_1_269' title='bbox 668 4596 795 4684; x_wconf 91' lang='lat' dir='ltr'>ptis</span> <span class='ocrx_word' id='word_1_270' title='bbox 827 4606 1084 4663; x_wconf 82' lang='lat' dir='ltr'>exarato</span> <span class='ocrx_word' id='word_1_271' title='bbox 1120 4597 1419 4684; x_wconf 78' lang='lat' dir='ltr'>typisque</span> <span class='ocrx_word' id='word_1_272' title='bbox 1452 4598 1736 4682; x_wconf 90' lang='lat' dir='ltr'>vulgato,</span> <span class='ocrx_word' id='word_1_273' title='bbox 1771 4597 1847 4663; x_wconf 92' lang='lat' dir='ltr'>ad</span> <span class='ocrx_word' id='word_1_274' title='bbox 1886 4598 2266 4665; x_wconf 85' lang='lat' dir='ltr'>relationem</span> 
     </span>
     <span class='ocr_line' id='line_1_49' title="bbox 669 4685 2268 4755; baseline 0.004 -6"><span class='ocrx_word' id='word_1_275' title='bbox 669 4686 807 4749; x_wconf 73' lang='lat' dir='ltr'>Emi</span> <span class='ocrx_word' id='word_1_276' title='bbox 861 4695 926 4753; x_wconf 92' lang='lat' dir='ltr'>et</span> <span class='ocrx_word' id='word_1_277' title='bbox 972 4685 1110 4752; x_wconf 75' lang='lat' dir='ltr'>Rmi</span> <span class='ocrx_word' id='word_1_278' title='bbox 1172 4685 1418 4751; x_wconf 91' lang='lat' dir='ltr'>Domini</span> <span class='ocrx_word' id='word_1_279' title='bbox 1473 4685 1821 4752; x_wconf 88' lang='lat' dir='ltr'>Cardinalis</span> <span class='ocrx_word' id='word_1_280' title='bbox 1883 4688 2108 4755; x_wconf 86' lang='lat' dir='ltr'>Boscbi</span> <span class='ocrx_word' id='word_1_281' title='bbox 2154 4692 2268 4754; x_wconf 89' lang='lat' dir='ltr'>Po-</span> 
     </span>
     <span class='ocr_line' id='line_1_50' title="bbox 668 4771 1789 4860; baseline 0.002 -22"><span class='ocrx_word' id='word_1_282' title='bbox 668 4773 905 4860; x_wconf 77' lang='lat' dir='ltr'>nentiS,</span> <span class='ocrx_word' id='word_1_283' title='bbox 955 4771 1446 4841; x_wconf 90' lang='lat' dir='ltr'>rescribendum</span> <span class='ocrx_word' id='word_1_284' title='bbox 1494 4775 1789 4841; x_wconf 87' lang='lat' dir='ltr'>censuit:</span> 
     </span>
    </p>
   </div>
   <div class='ocr_carea' id='block_1_7' title="bbox 2367 434 3906 591">
    <p class='ocr_par' dir='ltr' id='par_1_12' title="bbox 2367 434 3906 591">
     <span class='ocr_line' id='line_1_51' title="bbox 2499 434 3906 506; baseline -0.002 -4"><span class='ocrx_word' id='word_1_285' title='bbox 2499 442 2574 502; x_wconf 88' lang='lat' dir='ltr'>Et</span> <span class='ocrx_word' id='word_1_286' title='bbox 2634 436 2712 500; x_wconf 91' lang='lat' dir='ltr'>ita</span> <span class='ocrx_word' id='word_1_287' title='bbox 2776 435 3124 506; x_wconf 80' lang='lat' dir='ltr'>declaravit</span> <span class='ocrx_word' id='word_1_288' title='bbox 3183 456 3252 501; x_wconf 89' lang='lat' dir='ltr'>ac</span> <span class='ocrx_word' id='word_1_289' title='bbox 3308 434 3544 502; x_wconf 88' lang='lat' dir='ltr'>servari</span> <span class='ocrx_word' id='word_1_290' title='bbox 3602 435 3906 502; x_wconf 81' lang='lat' dir='ltr'>mandavit.</span> 
     </span>
     <span class='ocr_line' id='line_1_52' title="bbox 2367 523 3274 591; baseline 0 -2"><span class='ocrx_word' id='word_1_291' title='bbox 2367 525 2480 590; x_wconf 79' lang='lat' dir='ltr'>nie</span> <span class='ocrx_word' id='word_1_292' title='bbox 2530 529 2612 591; x_wconf 86' lang='grc'><strong>18</strong></span> <span class='ocrx_word' id='word_1_293' title='bbox 2660 523 3033 590; x_wconf 84' lang='lat' dir='ltr'>Decembris</span> <span class='ocrx_word' id='word_1_294' title='bbox 3084 527 3274 590; x_wconf 72' lang='lat'><strong>1784.</strong></span> 
     </span>
    </p>
   </div>
   <div class='ocr_carea' id='block_1_8' title="bbox 2369 663 3909 750">
    <p class='ocr_par' dir='ltr' id='par_1_13' title="bbox 2369 663 3909 750">
     <span class='ocr_line' id='line_1_53' title="bbox 2369 663 3909 750; baseline 0 -19"><span class='ocrx_word' id='word_1_295' title='bbox 2369 663 2616 732; x_wconf 79' lang='grc'><strong>2527.</strong></span> <span class='ocrx_word' id='word_1_296' title='bbox 3010 667 3314 732; x_wconf 67' lang='lat' dir='ltr'>sarim.</span> <span class='ocrx_word' id='word_1_297' title='bbox 3721 665 3909 750; x_wconf 71' lang='lat'>(4420)</span> 
     </span>
    </p>
   </div>
   <div class='ocr_carea' id='block_1_9' title="bbox 2363 789 3943 4754">
    <p class='ocr_par' dir='ltr' id='par_1_14' title="bbox 2363 789 3922 1938">
     <span class='ocr_line' id='line_1_54' title="bbox 2452 789 3914 856; baseline -0.001 -2"><span class='ocrx_word' id='word_1_298' title='bbox 2452 791 2625 854; x_wconf 90' lang='lat' dir='ltr'>Inter</span> <span class='ocrx_word' id='word_1_299' title='bbox 2687 789 3097 856; x_wconf 83' lang='lat' dir='ltr'>Franciscum·</span> <span class='ocrx_word' id='word_1_300' title='bbox 3152 790 3322 855; x_wconf 91' lang='lat' dir='ltr'>Cima</span> <span class='ocrx_word' id='word_1_301' title='bbox 3385 789 3762 855; x_wconf 88' lang='lat' dir='ltr'>Canonicum</span> <span class='ocrx_word' id='word_1_302' title='bbox 3821 793 3914 854; x_wconf 85' lang='lat' dir='ltr'>Ee-</span> 
     </span>
     <span class='ocr_line' id='line_1_55' title="bbox 2363 877 3916 945; baseline -0.001 -3"><span class='ocrx_word' id='word_1_303' title='bbox 2363 877 2595 943; x_wconf 87' lang='lat' dir='ltr'>clesiae</span> <span class='ocrx_word' id='word_1_304' title='bbox 2645 878 3038 945; x_wconf 84' lang='lat' dir='ltr'>Catbedralis</span> <span class='ocrx_word' id='word_1_305' title='bbox 3072 878 3354 945; x_wconf 84' lang='lat' dir='ltr'>Civitatis</span> <span class='ocrx_word' id='word_1_306' title='bbox 3384 879 3639 944; x_wconf 88' lang='lat' dir='ltr'>Setinae</span> <span class='ocrx_word' id='word_1_307' title='bbox 3683 879 3916 942; x_wconf 90' lang='lat' dir='ltr'>anterio·</span> 
     </span>
     <span class='ocr_line' id='line_1_56' title="bbox 2365 965 3915 1054; baseline -0.001 -23"><span class='ocrx_word' id='word_1_308' title='bbox 2365 984 2503 1031; x_wconf 91' lang='lat' dir='ltr'>rem</span> <span class='ocrx_word' id='word_1_309' title='bbox 2539 966 2603 1032; x_wconf 91' lang='lat' dir='ltr'>in</span> <span class='ocrx_word' id='word_1_310' title='bbox 2635 965 3035 1054; x_wconf 89' lang='lat' dir='ltr'>possessione</span> <span class='ocrx_word' id='word_1_311' title='bbox 3067 965 3508 1052; x_wconf 66' lang='lat' dir='ltr'>Canonicatus,</span> <span class='ocrx_word' id='word_1_312' title='bbox 3543 976 3609 1031; x_wconf 93' lang='lat' dir='ltr'>et</span> <span class='ocrx_word' id='word_1_313' title='bbox 3640 967 3915 1051; x_wconf 78' lang='lat' dir='ltr'>Angelum</span> 
     </span>
     <span class='ocr_line' id='line_1_57' title="bbox 2363 1053 3916 1121; baseline -0.001 -2"><span class='ocrx_word' id='word_1_314' title='bbox 2363 1054 2614 1120; x_wconf 90' lang='lat' dir='ltr'>Tirletti</span> <span class='ocrx_word' id='word_1_315' title='bbox 2663 1054 2953 1121; x_wconf 90' lang='lat' dir='ltr'>eiusdem</span> <span class='ocrx_word' id='word_1_316' title='bbox 2991 1055 3310 1121; x_wconf 84' lang='lat' dir='ltr'>Ecclesiae</span> <span class='ocrx_word' id='word_1_317' title='bbox 3342 1053 3730 1121; x_wconf 87' lang='lat' dir='ltr'>Cathedralis</span> <span class='ocrx_word' id='word_1_318' title='bbox 3753 1058 3916 1120; x_wconf 87' lang='lat' dir='ltr'>Cano·</span> 
     </span>
     <span class='ocr_line' id='line_1_58' title="bbox 2364 1142 3916 1224; baseline -0.001 -17"><span class='ocrx_word' id='word_1_319' title='bbox 2364 1142 2582 1207; x_wconf 85' lang='lat' dir='ltr'>uicum</span> <span class='ocrx_word' id='word_1_320' title='bbox 2652 1143 3047 1214; x_wconf 90' lang='lat' dir='ltr'>anteriorem</span> <span class='ocrx_word' id='word_1_321' title='bbox 3117 1145 3179 1208; x_wconf 90' lang='lat' dir='ltr'>in</span> <span class='ocrx_word' id='word_1_322' title='bbox 3238 1143 3478 1210; x_wconf 88' lang='lat' dir='ltr'>Ordine</span> <span class='ocrx_word' id='word_1_323' title='bbox 3540 1142 3916 1224; x_wconf 80' lang='lat' dir='ltr'>sacerdotali,</span> 
     </span>
     <span class='ocr_line' id='line_1_59' title="bbox 2368 1230 3920 1320; baseline -0.001 -25"><span class='ocrx_word' id='word_1_324' title='bbox 2368 1230 2792 1317; x_wconf 88' lang='lat' dir='ltr'>posteriorem</span> <span class='ocrx_word' id='word_1_325' title='bbox 2840 1250 2996 1296; x_wconf 90' lang='lat' dir='ltr'>vero</span> <span class='ocrx_word' id='word_1_326' title='bbox 3052 1230 3117 1297; x_wconf 89' lang='lat' dir='ltr'>in</span> <span class='ocrx_word' id='word_1_327' title='bbox 3174 1232 3574 1320; x_wconf 85' lang='lat' dir='ltr'>possessione</span> <span class='ocrx_word' id='word_1_328' title='bbox 3621 1231 3920 1297; x_wconf 84' lang='lat' dir='ltr'>Canonica-</span> 
     </span>
     <span class='ocr_line' id='line_1_60' title="bbox 2369 1319 3920 1407; baseline -0.001 -23"><span class='ocrx_word' id='word_1_329' title='bbox 2369 1330 2503 1403; x_wconf 89' lang='lat' dir='ltr'>tus,</span> <span class='ocrx_word' id='word_1_330' title='bbox 2562 1330 2698 1385; x_wconf 88' lang='lat' dir='ltr'>orta</span> <span class='ocrx_word' id='word_1_331' title='bbox 2759 1319 3192 1386; x_wconf 87' lang='lat' dir='ltr'>controversia</span> <span class='ocrx_word' id='word_1_332' title='bbox 3245 1339 3444 1407; x_wconf 88' lang='lat' dir='ltr'>super</span> <span class='ocrx_word' id='word_1_333' title='bbox 3503 1319 3642 1385; x_wconf 88' lang='lat' dir='ltr'>iure</span> <span class='ocrx_word' id='word_1_334' title='bbox 3743 1338 3920 1385; x_wconf 85' lang='lat' dir='ltr'>raece-</span> 
     </span>
     <span class='ocr_line' id='line_1_61' title="bbox 2367 1407 3919 1495; baseline -0.001 -22"><span class='ocrx_word' id='word_1_335' title='bbox 2367 1408 2563 1474; x_wconf 88' lang='lat' dir='ltr'>dendi</span> <span class='ocrx_word' id='word_1_336' title='bbox 2629 1408 2691 1473; x_wconf 89' lang='lat' dir='ltr'>in</span> <span class='ocrx_word' id='word_1_337' title='bbox 2750 1408 2985 1492; x_wconf 87' lang='lat' dir='ltr'>Choro,</span> <span class='ocrx_word' id='word_1_338' title='bbox 3048 1408 3319 1495; x_wconf 90' lang='lat' dir='ltr'>aliisque</span> <span class='ocrx_word' id='word_1_339' title='bbox 3382 1407 3687 1473; x_wconf 89' lang='lat' dir='ltr'>l&#39;unctioni</span> <span class='ocrx_word' id='word_1_340' title='bbox 3733 1427 3799 1472; x_wconf 92' lang='lat' dir='ltr'>us</span> <span class='ocrx_word' id='word_1_341' title='bbox 3840 1427 3919 1471; x_wconf 84' lang='lat' dir='ltr'>ec-</span> 
     </span>
     <span class='ocr_line' id='line_1_62' title="bbox 2369 1496 3920 1582; baseline -0.005 -20"><span class='ocrx_word' id='word_1_342' title='bbox 2369 1496 2759 1579; x_wconf 76' lang='lat' dir='ltr'>clesiastici3‚</span> <span class='ocrx_word' id='word_1_343' title='bbox 2813 1497 3050 1582; x_wconf 89' lang='lat' dir='ltr'>illaque</span> <span class='ocrx_word' id='word_1_344' title='bbox 3098 1498 3175 1563; x_wconf 88' lang='lat' dir='ltr'>ad</span> <span class='ocrx_word' id='word_1_345' title='bbox 3232 1501 3370 1565; x_wconf 82' lang='lat' dir='ltr'>Sac.</span> <span class='ocrx_word' id='word_1_346' title='bbox 3424 1496 3549 1564; x_wconf 81' lang='lat' dir='ltr'>Bit.</span> <span class='ocrx_word' id='word_1_347' title='bbox 3602 1498 3920 1581; x_wconf 86' lang='lat' dir='ltr'>Congrega-</span> 
     </span>
     <span class='ocr_line' id='line_1_63' title="bbox 2373 1584 3921 1673; baseline -0.003 -24"><span class='ocrx_word' id='word_1_348' title='bbox 2373 1585 2613 1650; x_wconf 90' lang='lat' dir='ltr'>tionem</span> <span class='ocrx_word' id='word_1_349' title='bbox 2675 1584 2925 1663; x_wconf 89' lang='lat' dir='ltr'>delata;</span> <span class='ocrx_word' id='word_1_350' title='bbox 2985 1585 3455 1673; x_wconf 81' lang='lat' dir='ltr'>infrascriptum</span> <span class='ocrx_word' id='word_1_351' title='bbox 3515 1584 3797 1666; x_wconf 91' lang='lat' dir='ltr'>dubium,</span> <span class='ocrx_word' id='word_1_352' title='bbox 3839 1600 3921 1647; x_wconf 87' lang='lat' dir='ltr'>co-</span> 
     </span>
     <span class='ocr_line' id='line_1_64' title="bbox 2365 1670 3922 1741; baseline -0.003 -4"><span class='ocrx_word' id='word_1_353' title='bbox 2365 1691 2499 1737; x_wconf 91' lang='lat' dir='ltr'>ram</span> <span class='ocrx_word' id='word_1_354' title='bbox 2529 1676 2687 1738; x_wconf 75' lang='lat' dir='ltr'>Eme</span> <span class='ocrx_word' id='word_1_355' title='bbox 2721 1682 2786 1738; x_wconf 91' lang='lat' dir='ltr'>et</span> <span class='ocrx_word' id='word_1_356' title='bbox 2813 1678 2973 1741; x_wconf 71' lang='lat' dir='ltr'>nnio</span> <span class='ocrx_word' id='word_1_357' title='bbox 3005 1676 3275 1740; x_wconf 90' lang='lat' dir='ltr'>Domino</span> <span class='ocrx_word' id='word_1_358' title='bbox 3305 1672 3622 1740; x_wconf 90' lang='lat' dir='ltr'>Cardinali</span> <span class='ocrx_word' id='word_1_359' title='bbox 3655 1670 3922 1737; x_wconf 81' lang='lat' dir='ltr'>Archinto</span> 
     </span>
     <span class='ocr_line' id='line_1_65' title="bbox 2368 1762 3922 1846; baseline -0.002 -22"><span class='ocrx_word' id='word_1_360' title='bbox 2368 1762 2695 1830; x_wconf 78' lang='lat' dir='ltr'>Praefecto</span> <span class='ocrx_word' id='word_1_361' title='bbox 2744 1771 2812 1828; x_wconf 89' lang='lat' dir='ltr'>et</span> <span class='ocrx_word' id='word_1_362' title='bbox 2855 1766 3140 1829; x_wconf 79' lang='lat' dir='ltr'>Ponente</span> <span class='ocrx_word' id='word_1_363' title='bbox 3195 1762 3680 1843; x_wconf 88' lang='lat' dir='ltr'>concordatum,</span> <span class='ocrx_word' id='word_1_364' title='bbox 3723 1778 3922 1846; x_wconf 88' lang='lat' dir='ltr'>propo·</span> 
     </span>
     <span class='ocr_line' id='line_1_66' title="bbox 2368 1849 3083 1938; baseline 0.004 -26"><span class='ocrx_word' id='word_1_365' title='bbox 2368 1849 2563 1915; x_wconf 90' lang='lat' dir='ltr'>situm</span> <span class='ocrx_word' id='word_1_366' title='bbox 2615 1849 2758 1932; x_wconf 79' lang='lat' dir='ltr'>luit,</span> <span class='ocrx_word' id='word_1_367' title='bbox 2807 1868 3083 1938; x_wconf 83' lang='lat' dir='ltr'>nempe:</span> 
     </span>
    </p>

    <p class='ocr_par' dir='ltr' id='par_1_15' title="bbox 2365 1936 3928 2468">
     <span class='ocr_line' id='line_1_67' title="bbox 2501 1936 3924 2022; baseline -0.003 -20"><span class='ocrx_word' id='word_1_368' title='bbox 2501 1940 2599 2004; x_wconf 82' lang='lat' dir='ltr'>An</span> <span class='ocrx_word' id='word_1_369' title='bbox 2666 1938 3022 2005; x_wconf 88' lang='lat' dir='ltr'>Canonicus</span> <span class='ocrx_word' id='word_1_370' title='bbox 3073 1938 3360 2022; x_wconf 86' lang='lat' dir='ltr'>Tirletti,</span> <span class='ocrx_word' id='word_1_371' title='bbox 3418 1939 3480 2004; x_wconf 90' lang='lat' dir='ltr'>in</span> <span class='ocrx_word' id='word_1_372' title='bbox 3528 1936 3924 2022; x_wconf 77' lang='lat' dir='ltr'>assumptione</span> 
     </span>
     <span class='ocr_line' id='line_1_68' title="bbox 2369 2026 3925 2114; baseline -0.004 -21"><span class='ocrx_word' id='word_1_373' title='bbox 2369 2026 2785 2093; x_wconf 89' lang='lat' dir='ltr'>Canonicatus</span> <span class='ocrx_word' id='word_1_374' title='bbox 2819 2026 3163 2114; x_wconf 88' lang='lat' dir='ltr'>posterior,</span> <span class='ocrx_word' id='word_1_375' title='bbox 3201 2027 3260 2094; x_wconf 90' lang='lat' dir='ltr'>in</span> <span class='ocrx_word' id='word_1_376' title='bbox 3293 2028 3769 2113; x_wconf 79' lang='lat' dir='ltr'>Presbyteratus</span> <span class='ocrx_word' id='word_1_377' title='bbox 3796 2042 3925 2088; x_wconf 86' lang='lat' dir='ltr'>vero</span> 
     </span>
     <span class='ocr_line' id='line_1_69' title="bbox 2365 2113 3926 2201; baseline -0.003 -21"><span class='ocrx_word' id='word_1_378' title='bbox 2365 2115 2601 2182; x_wconf 89' lang='lat' dir='ltr'>Ordine</span> <span class='ocrx_word' id='word_1_379' title='bbox 2661 2116 2967 2200; x_wconf 81' lang='lat' dir='ltr'>anterior,</span> <span class='ocrx_word' id='word_1_380' title='bbox 3028 2115 3243 2181; x_wconf 91' lang='lat' dir='ltr'>locum</span> <span class='ocrx_word' id='word_1_381' title='bbox 3302 2115 3666 2201; x_wconf 91' lang='lat' dir='ltr'>digniorem</span> <span class='ocrx_word' id='word_1_382' title='bbox 3725 2113 3926 2179; x_wconf 80' lang='lat' dir='ltr'>cedere</span> 
     </span>
     <span class='ocr_line' id='line_1_70' title="bbox 2369 2202 3926 2270; baseline -0.004 -1"><span class='ocrx_word' id='word_1_383' title='bbox 2369 2202 2598 2269; x_wconf 89' lang='lat' dir='ltr'>debeat</span> <span class='ocrx_word' id='word_1_384' title='bbox 2667 2202 2983 2269; x_wconf 88' lang='lat' dir='ltr'>Canonico</span> <span class='ocrx_word' id='word_1_385' title='bbox 3043 2203 3217 2270; x_wconf 88' lang='lat' dir='ltr'>Cima</span> <span class='ocrx_word' id='word_1_386' title='bbox 3285 2215 3466 2270; x_wconf 90' lang='lat' dir='ltr'>antea</span> <span class='ocrx_word' id='word_1_387' title='bbox 3531 2203 3702 2270; x_wconf 90' lang='lat' dir='ltr'>inter</span> <span class='ocrx_word' id='word_1_388' title='bbox 3763 2206 3926 2268; x_wconf 88' lang='lat' dir='ltr'>Cano·</span> 
     </span>
     <span class='ocr_line' id='line_1_71' title="bbox 2367 2290 3928 2380; baseline -0.004 -23"><span class='ocrx_word' id='word_1_389' title='bbox 2367 2291 2542 2357; x_wconf 89' lang='lat' dir='ltr'>nicos</span> <span class='ocrx_word' id='word_1_390' title='bbox 2575 2301 2896 2380; x_wconf 89' lang='lat' dir='ltr'>cooptato,</span> <span class='ocrx_word' id='word_1_391' title='bbox 2935 2291 3085 2358; x_wconf 87' lang='lat' dir='ltr'>licet</span> <span class='ocrx_word' id='word_1_392' title='bbox 3118 2292 3181 2358; x_wconf 91' lang='lat' dir='ltr'>in</span> <span class='ocrx_word' id='word_1_393' title='bbox 3214 2294 3450 2360; x_wconf 88' lang='lat' dir='ltr'>Ordine</span> <span class='ocrx_word' id='word_1_394' title='bbox 3483 2290 3928 2377; x_wconf 80' lang='lat' dir='ltr'>Presbyteratus</span> 
     </span>
     <span class='ocr_line' id='line_1_72' title="bbox 2372 2378 2767 2468; baseline 0.005 -24"><span class='ocrx_word' id='word_1_395' title='bbox 2372 2378 2767 2468; x_wconf 69' lang='lat' dir='ltr'>posteriori?</span> 
     </span>
    </p>

    <p class='ocr_par' dir='ltr' id='par_1_16' title="bbox 2363 2465 3931 3267">
     <span class='ocr_line' id='line_1_73' title="bbox 2501 2465 3928 2555; baseline -0.002 -20"><span class='ocrx_word' id='word_1_396' title='bbox 2501 2473 2582 2535; x_wconf 88' lang='lat' dir='ltr'>Et</span> <span class='ocrx_word' id='word_1_397' title='bbox 2615 2470 2685 2534; x_wconf 93' lang='lat' dir='ltr'>S.</span> <span class='ocrx_word' id='word_1_398' title='bbox 2707 2469 2937 2534; x_wconf 86' lang='lat' dir='ltr'>eadem</span> <span class='ocrx_word' id='word_1_399' title='bbox 2968 2472 3164 2551; x_wconf 86' lang='lat' dir='ltr'>R.C.,</span> <span class='ocrx_word' id='word_1_400' title='bbox 3200 2480 3474 2555; x_wconf 90' lang='lat' dir='ltr'>utraque</span> <span class='ocrx_word' id='word_1_401' title='bbox 3507 2481 3691 2555; x_wconf 85' lang='lat' dir='ltr'>parte</span> <span class='ocrx_word' id='word_1_402' title='bbox 3722 2465 3928 2551; x_wconf 76' lang='lat' dir='ltr'>scripto</span> 
     </span>
     <span class='ocr_line' id='line_1_74' title="bbox 2370 2556 3927 2644; baseline -0.003 -23"><span class='ocrx_word' id='word_1_403' title='bbox 2370 2568 2435 2622; x_wconf 90' lang='lat' dir='ltr'>et</span> <span class='ocrx_word' id='word_1_404' title='bbox 2460 2576 2620 2622; x_wconf 84' lang='lat' dir='ltr'>voce</span> <span class='ocrx_word' id='word_1_405' title='bbox 2647 2556 3053 2642; x_wconf 77' lang='lat' dir='ltr'>informante,</span> <span class='ocrx_word' id='word_1_406' title='bbox 3082 2560 3514 2644; x_wconf 81' lang='lat' dir='ltr'>expensisque</span> <span class='ocrx_word' id='word_1_407' title='bbox 3547 2558 3787 2623; x_wconf 91' lang='lat' dir='ltr'>iuribus</span> <span class='ocrx_word' id='word_1_408' title='bbox 3807 2556 3927 2621; x_wconf 80' lang='lat' dir='ltr'>iiiuc</span> 
     </span>
     <span class='ocr_line' id='line_1_75' title="bbox 2372 2645 3928 2729; baseline -0.001 -19"><span class='ocrx_word' id='word_1_409' title='bbox 2372 2645 2521 2711; x_wconf 88' lang='lat' dir='ltr'>inde</span> <span class='ocrx_word' id='word_1_410' title='bbox 2555 2645 2880 2729; x_wconf 90' lang='lat' dir='ltr'>deductis,</span> <span class='ocrx_word' id='word_1_411' title='bbox 2910 2647 2985 2711; x_wconf 89' lang='lat' dir='ltr'>ad</span> <span class='ocrx_word' id='word_1_412' title='bbox 3015 2648 3397 2713; x_wconf 90' lang='lat' dir='ltr'>relationem</span> <span class='ocrx_word' id='word_1_413' title='bbox 3422 2647 3562 2712; x_wconf 72' lang='lat' dir='ltr'>Emi</span> <span class='ocrx_word' id='word_1_414' title='bbox 3592 2645 3928 2712; x_wconf 66' lang='grc' dir='ltr'><strong>011111ιίὓο-</strong></span> 
     </span>
     <span class='ocr_line' id='line_1_76' title="bbox 2371 2731 3930 2817; baseline -0.003 -19"><span class='ocrx_word' id='word_1_415' title='bbox 2371 2733 2519 2799; x_wconf 87' lang='lat' dir='ltr'>mini</span> <span class='ocrx_word' id='word_1_416' title='bbox 2590 2734 2937 2801; x_wconf 81' lang='lat' dir='ltr'>cardinalis</span> <span class='ocrx_word' id='word_1_417' title='bbox 2991 2733 3276 2802; x_wconf 82' lang='lat' dir='ltr'>Archinti</span> <span class='ocrx_word' id='word_1_418' title='bbox 3341 2737 3677 2817; x_wconf 87' lang='lat' dir='ltr'>Ponentis,</span> <span class='ocrx_word' id='word_1_419' title='bbox 3737 2731 3930 2799; x_wconf 87' lang='lat' dir='ltr'>rescri-</span> 
     </span>
     <span class='ocr_line' id='line_1_77' title="bbox 2371 2821 3929 2890; baseline -0.003 -3"><span class='ocrx_word' id='word_1_420' title='bbox 2371 2821 2652 2888; x_wconf 90' lang='lat' dir='ltr'>bendum</span> <span class='ocrx_word' id='word_1_421' title='bbox 2699 2823 2987 2890; x_wconf 86' lang='lat' dir='ltr'>censuit:</span> <span class='ocrx_word' id='word_1_422' title='bbox 3025 2844 3063 2886; x_wconf 62' lang='lat' dir='ltr'>c</span> <span class='ocrx_word' id='word_1_423' title='bbox 3093 2823 3486 2890; x_wconf 73' lang='lat' dir='ltr'>Affirmative</span> <span class='ocrx_word' id='word_1_424' title='bbox 3513 2846 3579 2888; x_wconf 58' lang='grc' dir='ltr'>ν.</span> <span class='ocrx_word' id='word_1_425' title='bbox 3625 2828 3703 2889; x_wconf 88' lang='lat' dir='ltr'>Et</span> <span class='ocrx_word' id='word_1_426' title='bbox 3735 2823 3808 2887; x_wconf 89' lang='lat' dir='ltr'>ita</span> <span class='ocrx_word' id='word_1_427' title='bbox 3838 2821 3929 2885; x_wconf 85' lang='lat' dir='ltr'>de-</span> 
     </span>
     <span class='ocr_line' id='line_1_78' title="bbox 2366 2908 3931 2997; baseline 0 -22"><span class='ocrx_word' id='word_1_428' title='bbox 2366 2910 2626 2977; x_wconf 80' lang='lat' dir='ltr'>claravit</span> <span class='ocrx_word' id='word_1_429' title='bbox 2685 2930 2754 2976; x_wconf 86' lang='lat' dir='ltr'>ac</span> <span class='ocrx_word' id='word_1_430' title='bbox 2815 2912 3053 2980; x_wconf 85' lang='lat' dir='ltr'>servari</span> <span class='ocrx_word' id='word_1_431' title='bbox 3104 2912 3449 2979; x_wconf 84' lang='lat' dir='ltr'>mandavit.</span> <span class='ocrx_word' id='word_1_432' title='bbox 3501 2913 3619 2978; x_wconf 88' lang='lat' dir='ltr'>Die</span> <span class='ocrx_word' id='word_1_433' title='bbox 3667 2915 3748 2979; x_wconf 81' lang='lat'>30</span> <span class='ocrx_word' id='word_1_434' title='bbox 3779 2908 3931 2997; x_wconf 73' lang='lat' dir='ltr'>Apri·</span> 
     </span>
     <span class='ocr_line' id='line_1_79' title="bbox 2363 2999 2688 3067; baseline 0.009 -3"><span class='ocrx_word' id='word_1_435' title='bbox 2363 2999 2438 3064; x_wconf 70' lang='lat' dir='ltr'>fis</span> <span class='ocrx_word' id='word_1_436' title='bbox 2493 3004 2688 3067; x_wconf 73' lang='lat'><strong>1785.</strong></span> 
     </span>
     <span class='ocr_line' id='line_1_80' title="bbox 2365 3177 3928 3267; baseline -0.003 -22"><span class='ocrx_word' id='word_1_437' title='bbox 2365 3177 2627 3246; x_wconf 83' lang='lat'><strong>2528.</strong></span> <span class='ocrx_word' id='word_1_438' title='bbox 2855 3181 3469 3248; x_wconf 77' lang='lat' dir='ltr'>PORTUGALLIEN.</span> <span class='ocrx_word' id='word_1_439' title='bbox 3734 3177 3928 3267; x_wconf 77' lang='grc'><strong>(4421)</strong></span> 
     </span>
    </p>

    <p class='ocr_par' dir='ltr' id='par_1_17' title="bbox 2363 3358 3935 3799">
     <span class='ocr_line' id='line_1_81' title="bbox 2499 3358 3932 3446; baseline -0.008 -18"><span class='ocrx_word' id='word_1_440' title='bbox 2499 3358 2736 3428; x_wconf 83' lang='lat' dir='ltr'>Relatis</span> <span class='ocrx_word' id='word_1_441' title='bbox 2771 3359 2833 3424; x_wconf 90' lang='lat' dir='ltr'>in</span> <span class='ocrx_word' id='word_1_442' title='bbox 2867 3363 2930 3427; x_wconf 91' lang='lat' dir='ltr'>S.</span> <span class='ocrx_word' id='word_1_443' title='bbox 2972 3363 3042 3435; x_wconf 79' lang='lat' dir='ltr'>R.</span> <span class='ocrx_word' id='word_1_444' title='bbox 3080 3363 3182 3444; x_wconf 90' lang='lat' dir='ltr'>C.,</span> <span class='ocrx_word' id='word_1_445' title='bbox 3215 3378 3337 3446; x_wconf 91' lang='lat' dir='ltr'>per</span> <span class='ocrx_word' id='word_1_446' title='bbox 3371 3364 3602 3425; x_wconf 73' lang='lat' dir='ltr'>Emum</span> <span class='ocrx_word' id='word_1_447' title='bbox 3638 3369 3704 3424; x_wconf 91' lang='lat' dir='ltr'>et</span> <span class='ocrx_word' id='word_1_448' title='bbox 3736 3361 3932 3424; x_wconf 70' lang='lat' dir='ltr'>Binum</span> 
     </span>
     <span class='ocr_line' id='line_1_82' title="bbox 2369 3442 3930 3525; baseline -0.003 -10"><span class='ocrx_word' id='word_1_449' title='bbox 2369 3448 2709 3515; x_wconf 89' lang='lat' dir='ltr'>Dominum</span> <span class='ocrx_word' id='word_1_450' title='bbox 2759 3447 3156 3515; x_wconf 89' lang='lat' dir='ltr'>Cardinalem</span> <span class='ocrx_word' id='word_1_451' title='bbox 3199 3449 3424 3515; x_wconf 88' lang='lat' dir='ltr'>Boscbi</span> <span class='ocrx_word' id='word_1_452' title='bbox 3470 3451 3841 3525; x_wconf 86' lang='lat' dir='ltr'>Ponentem‚</span> <span class='ocrx_word' id='word_1_453' title='bbox 3870 3442 3930 3505; x_wconf 82' lang='lat' dir='ltr'>ad</span> 
     </span>
     <span class='ocr_line' id='line_1_83' title="bbox 2366 3533 3933 3623; baseline -0.006 -19"><span class='ocrx_word' id='word_1_454' title='bbox 2366 3537 2727 3604; x_wconf 83' lang='lat' dir='ltr'>instantiam</span> <span class='ocrx_word' id='word_1_455' title='bbox 2783 3537 3059 3623; x_wconf 81' lang='lat' dir='ltr'>Magistri</span> <span class='ocrx_word' id='word_1_456' title='bbox 3118 3537 3682 3603; x_wconf 81' lang='lat' dir='ltr'>caeremoniarum</span> <span class='ocrx_word' id='word_1_457' title='bbox 3747 3533 3933 3601; x_wconf 83' lang='lat' dir='ltr'>Eccle-</span> 
     </span>
     <span class='ocr_line' id='line_1_84' title="bbox 2363 3618 3935 3712; baseline -0.006 -22"><span class='ocrx_word' id='word_1_458' title='bbox 2363 3625 2492 3691; x_wconf 89' lang='lat' dir='ltr'>siae</span> <span class='ocrx_word' id='word_1_459' title='bbox 2542 3625 2936 3693; x_wconf 87' lang='lat' dir='ltr'>Cathedralis</span> <span class='ocrx_word' id='word_1_460' title='bbox 2967 3625 3515 3712; x_wconf 85' lang='lat' dir='ltr'>Portugalliensis,</span> <span class='ocrx_word' id='word_1_461' title='bbox 3548 3618 3935 3706; x_wconf 77' lang='lat' dir='ltr'>infrascriptis</span> 
     </span>
     <span class='ocr_line' id='line_1_85' title="bbox 2367 3713 2938 3799; baseline -0.005 -19"><span class='ocrx_word' id='word_1_462' title='bbox 2367 3713 2606 3796; x_wconf 90' lang='lat' dir='ltr'>dubiis,</span> <span class='ocrx_word' id='word_1_463' title='bbox 2657 3733 2938 3799; x_wconf 88' lang='lat' dir='ltr'>nempe:</span> 
     </span>
    </p>

    <p class='ocr_par' dir='ltr' id='par_1_18' title="bbox 2363 3796 3943 4691">
     <span class='ocr_line' id='line_1_86' title="bbox 2507 3796 3935 3889; baseline -0.008 -22"><span class='ocrx_word' id='word_1_464' title='bbox 2507 3806 2565 3868; x_wconf 93' lang='grc'>1.</span> <span class='ocrx_word' id='word_1_465' title='bbox 2620 3805 2711 3867; x_wconf 82' lang='lat' dir='ltr'>An</span> <span class='ocrx_word' id='word_1_466' title='bbox 2760 3802 3132 3887; x_wconf 89' lang='lat' dir='ltr'>recipienda</span> <span class='ocrx_word' id='word_1_467' title='bbox 3179 3801 3261 3868; x_wconf 91' lang='lat' dir='ltr'>sit</span> <span class='ocrx_word' id='word_1_468' title='bbox 3307 3803 3369 3867; x_wconf 91' lang='lat' dir='ltr'>in</span> <span class='ocrx_word' id='word_1_469' title='bbox 3429 3802 3616 3889; x_wconf 82' lang='lat' dir='ltr'>praxi</span> <span class='ocrx_word' id='word_1_470' title='bbox 3680 3796 3935 3870; x_wconf 82' lang='lat' dir='ltr'>doctrina</span> 
     </span>
     <span class='ocr_line' id='line_1_87' title="bbox 2366 3884 3935 3977; baseline -0.003 -20"><span class='ocrx_word' id='word_1_471' title='bbox 2366 3891 2697 3957; x_wconf 90' lang='lat' dir='ltr'>cuiusdam</span> <span class='ocrx_word' id='word_1_472' title='bbox 2720 3890 3018 3977; x_wconf 84' lang='lat' dir='ltr'>anonymi</span> <span class='ocrx_word' id='word_1_473' title='bbox 3043 3890 3337 3956; x_wconf 82' lang='lat' dir='ltr'>Auctoris</span> <span class='ocrx_word' id='word_1_474' title='bbox 3362 3892 3733 3974; x_wconf 88' lang='lat' dir='ltr'>asserentis,</span> <span class='ocrx_word' id='word_1_475' title='bbox 3760 3884 3935 3974; x_wconf 91' lang='lat' dir='ltr'>quod,</span> 
     </span>
     <span class='ocr_line' id='line_1_88' title="bbox 2365 3978 3938 4063; baseline -0.002 -20"><span class='ocrx_word' id='word_1_476' title='bbox 2365 3979 2441 4045; x_wconf 87' lang='lat' dir='ltr'>ad</span> <span class='ocrx_word' id='word_1_477' title='bbox 2474 3978 2938 4063; x_wconf 89' lang='lat' dir='ltr'>deponendum</span> <span class='ocrx_word' id='word_1_478' title='bbox 2971 3982 3240 4046; x_wconf 73' lang='lat' dir='ltr'>SSfiium</span> <span class='ocrx_word' id='word_1_479' title='bbox 3272 3983 3755 4046; x_wconf 89' lang='lat' dir='ltr'>Sacramentum</span> <span class='ocrx_word' id='word_1_480' title='bbox 3785 3997 3814 4040; x_wconf 87' lang='lat' dir='ltr'>a</span> <span class='ocrx_word' id='word_1_481' title='bbox 3841 3991 3938 4036; x_wconf 83' lang='lat' dir='ltr'>suo</span> 
     </span>
     <span class='ocr_line' id='line_1_89' title="bbox 2370 4065 3937 4154; baseline -0.003 -22"><span class='ocrx_word' id='word_1_482' title='bbox 2370 4066 2776 4133; x_wconf 89' lang='lat' dir='ltr'>eminentiori</span> <span class='ocrx_word' id='word_1_483' title='bbox 2826 4067 3115 4152; x_wconf 87' lang='lat' dir='ltr'>Throno,</span> <span class='ocrx_word' id='word_1_484' title='bbox 3165 4068 3371 4154; x_wconf 87' lang='lat' dir='ltr'>parari</span> <span class='ocrx_word' id='word_1_485' title='bbox 3420 4067 3704 4133; x_wconf 86' lang='lat' dir='ltr'>debeant</span> <span class='ocrx_word' id='word_1_486' title='bbox 3749 4067 3810 4132; x_wconf 91' lang='lat' dir='ltr'>in</span> <span class='ocrx_word' id='word_1_487' title='bbox 3853 4065 3937 4126; x_wconf 79' lang='lat' dir='ltr'>Sa·</span> 
     </span>
     <span class='ocr_line' id='line_1_90' title="bbox 2365 4153 3937 4239; baseline -0.005 -18"><span class='ocrx_word' id='word_1_488' title='bbox 2365 4155 2574 4221; x_wconf 90' lang='lat' dir='ltr'>cristia</span> <span class='ocrx_word' id='word_1_489' title='bbox 2615 4158 2994 4223; x_wconf 82' lang='lat' dir='ltr'>Sacerdotes</span> <span class='ocrx_word' id='word_1_490' title='bbox 3029 4167 3184 4239; x_wconf 89' lang='lat' dir='ltr'>tres,</span> <span class='ocrx_word' id='word_1_491' title='bbox 3221 4174 3386 4221; x_wconf 90' lang='lat' dir='ltr'>unus</span> <span class='ocrx_word' id='word_1_492' title='bbox 3417 4156 3668 4222; x_wconf 89' lang='lat' dir='ltr'>scilicet</span> <span class='ocrx_word' id='word_1_493' title='bbox 3701 4153 3937 4227; x_wconf 89' lang='lat' dir='ltr'>amictu,</span> 
     </span>
     <span class='ocr_line' id='line_1_91' title="bbox 2363 4237 3940 4329; baseline -0.006 -20"><span class='ocrx_word' id='word_1_494' title='bbox 2363 4243 2527 4326; x_wconf 89' lang='lat' dir='ltr'>alba,</span> <span class='ocrx_word' id='word_1_495' title='bbox 2577 4245 2751 4311; x_wconf 89' lang='lat' dir='ltr'>Stola</span> <span class='ocrx_word' id='word_1_496' title='bbox 2802 4254 2866 4310; x_wconf 90' lang='lat' dir='ltr'>et</span> <span class='ocrx_word' id='word_1_497' title='bbox 2911 4245 3215 4329; x_wconf 86' lang='lat' dir='ltr'>pluviali;</span> <span class='ocrx_word' id='word_1_498' title='bbox 3278 4244 3382 4310; x_wconf 89' lang='lat' dir='ltr'>alii</span> <span class='ocrx_word' id='word_1_499' title='bbox 3431 4264 3589 4311; x_wconf 89' lang='lat' dir='ltr'>vero</span> <span class='ocrx_word' id='word_1_500' title='bbox 3638 4245 3771 4310; x_wconf 92' lang='lat' dir='ltr'>duo</span> <span class='ocrx_word' id='word_1_501' title='bbox 3815 4237 3940 4305; x_wconf 80' lang='lat' dir='ltr'>assi-</span> 
     </span>
     <span class='ocr_line' id='line_1_92' title="bbox 2364 4333 3942 4421; baseline -0.004 -24"><span class='ocrx_word' id='word_1_502' title='bbox 2364 4343 2609 4398; x_wconf 89' lang='lat' dir='ltr'>stentes</span> <span class='ocrx_word' id='word_1_503' title='bbox 2633 4333 3022 4417; x_wconf 83' lang='lat' dir='ltr'>pluvialibus</span> <span class='ocrx_word' id='word_1_504' title='bbox 3049 4342 3294 4399; x_wconf 90' lang='lat' dir='ltr'>tantum</span> <span class='ocrx_word' id='word_1_505' title='bbox 3321 4352 3520 4421; x_wconf 91' lang='lat' dir='ltr'>super</span> <span class='ocrx_word' id='word_1_506' title='bbox 3544 4342 3777 4399; x_wconf 83' lang='lat' dir='ltr'>cottas:</span> <span class='ocrx_word' id='word_1_507' title='bbox 3806 4347 3942 4414; x_wconf 88' lang='lat' dir='ltr'>quo·</span> 
     </span>
     <span class='ocr_line' id='line_1_93' title="bbox 2367 4419 3942 4508; baseline -0.004 -22"><span class='ocrx_word' id='word_1_508' title='bbox 2367 4439 2510 4487; x_wconf 89' lang='lat' dir='ltr'>rum</span> <span class='ocrx_word' id='word_1_509' title='bbox 2559 4421 2814 4505; x_wconf 90' lang='lat' dir='ltr'>dignior</span> <span class='ocrx_word' id='word_1_510' title='bbox 2858 4421 3153 4487; x_wconf 87' lang='lat' dir='ltr'>assistens</span> <span class='ocrx_word' id='word_1_511' title='bbox 3200 4421 3482 4508; x_wconf 87' lang='lat' dir='ltr'>deponat</span> <span class='ocrx_word' id='word_1_512' title='bbox 3526 4419 3942 4488; x_wconf 87' lang='lat' dir='ltr'>Ostensorium</span> 
     </span>
     <span class='ocr_line' id='line_1_94' title="bbox 2366 4508 3943 4596; baseline -0.005 -20"><span class='ocrx_word' id='word_1_513' title='bbox 2366 4510 2678 4595; x_wconf 90' lang='lat' dir='ltr'>(notetur)</span> <span class='ocrx_word' id='word_1_514' title='bbox 2732 4510 2888 4596; x_wconf 85' lang='lat' dir='ltr'>quin</span> <span class='ocrx_word' id='word_1_515' title='bbox 2935 4522 3154 4576; x_wconf 87' lang='lat' dir='ltr'>utatur</span> <span class='ocrx_word' id='word_1_516' title='bbox 3200 4512 3399 4594; x_wconf 87' lang='lat' dir='ltr'>Stola,</span> <span class='ocrx_word' id='word_1_517' title='bbox 3457 4511 3605 4596; x_wconf 86' lang='lat' dir='ltr'>quia</span> <span class='ocrx_word' id='word_1_518' title='bbox 3664 4509 3778 4596; x_wconf 90' lang='lat' dir='ltr'>(ait</span> <span class='ocrx_word' id='word_1_519' title='bbox 3826 4508 3943 4593; x_wconf 86' lang='lat' dir='ltr'>ipse</span> 
     </span>
     <span class='ocr_line' id='line_1_95' title="bbox 2364 4596 3941 4691; baseline 0.001 -28"><span class='ocrx_word' id='word_1_520' title='bbox 2364 4599 2627 4683; x_wconf 87' lang='lat' dir='ltr'>Auctor)</span> <span class='ocrx_word' id='word_1_521' title='bbox 2684 4607 2780 4662; x_wconf 92' lang='lat' dir='ltr'>est</span> <span class='ocrx_word' id='word_1_522' title='bbox 2826 4599 3091 4684; x_wconf 88' lang='lat' dir='ltr'>pluviali</span> <span class='ocrx_word' id='word_1_523' title='bbox 3143 4596 3459 4665; x_wconf 77' lang='lat' dir='ltr'>indutus?</span> <span class='ocrx_word' id='word_1_524' title='bbox 3931 4678 3941 4691; x_wconf 31' lang='grc' dir='ltr'><strong>ο</strong></span> 
     </span>
    </p>

    <p class='ocr_par' dir='ltr' id='par_1_19' title="bbox 2497 4685 3942 4754">
     <span class='ocr_line' id='line_1_96' title="bbox 2497 4685 3942 4754; baseline -0.004 -3"><span class='ocrx_word' id='word_1_525' title='bbox 2497 4690 2566 4752; x_wconf 89' lang='grc'>2.</span> <span class='ocrx_word' id='word_1_526' title='bbox 2615 4689 2710 4753; x_wconf 77' lang='lat' dir='ltr'>An</span> <span class='ocrx_word' id='word_1_527' title='bbox 2776 4688 3041 4752; x_wconf 89' lang='lat' dir='ltr'>retineri</span> <span class='ocrx_word' id='word_1_528' title='bbox 3097 4687 3330 4754; x_wconf 89' lang='lat' dir='ltr'>debeat</span> <span class='ocrx_word' id='word_1_529' title='bbox 3391 4698 3465 4754; x_wconf 89' lang='lat' dir='ltr'>ut</span> <span class='ocrx_word' id='word_1_530' title='bbox 3518 4687 3648 4754; x_wconf 93' lang='lat' dir='ltr'>duo</span> <span class='ocrx_word' id='word_1_531' title='bbox 3709 4685 3942 4752; x_wconf 77' lang='lat' dir='ltr'>Diacon·</span> 
     </span>
    </p>
   </div>
   <div class='ocr_carea' id='block_1_10' title="bbox 2359 4772 3947 4863">
    <p class='ocr_par' dir='ltr' id='par_1_20' title="bbox 2359 4772 3947 4863">
     <span class='ocr_line' id='line_1_97' title="bbox 2359 4772 3947 4863; baseline -0.004 -24"><span class='ocrx_word' id='word_1_532' title='bbox 2359 4775 2728 4841; x_wconf 89' lang='lat' dir='ltr'>assistentes</span> <span class='ocrx_word' id='word_1_533' title='bbox 2760 4798 2792 4842; x_wconf 93' lang='lat' dir='ltr'>a</span> <span class='ocrx_word' id='word_1_534' title='bbox 2827 4776 3131 4842; x_wconf 87' lang='lat' dir='ltr'>lateribus</span> <span class='ocrx_word' id='word_1_535' title='bbox 3164 4777 3465 4863; x_wconf 88' lang='lat' dir='ltr'>Episcopi</span> <span class='ocrx_word' id='word_1_536' title='bbox 3516 4776 3581 4842; x_wconf 91' lang='lat' dir='ltr'>in</span> <span class='ocrx_word' id='word_1_537' title='bbox 3627 4772 3947 4840; x_wconf 82' lang='lat' dir='ltr'>solemnis-</span> 
     </span>
    </p>
   </div>
   <div class='ocr_carea' id='block_1_11' title="bbox 800 4860 3946 4953">
    <p class='ocr_par' dir='ltr' id='par_1_21' title="bbox 800 4860 3946 4953">
     <span class='ocr_line' id='line_1_98' title="bbox 800 4860 3946 4953; baseline -0.001 -27"><span class='ocrx_word' id='word_1_538' title='bbox 800 4864 896 4929; x_wconf 82' lang='lat' dir='ltr'>Ad</span> <span class='ocrx_word' id='word_1_539' title='bbox 936 4867 996 4928; x_wconf 82' lang='lat'>1.</span> <span class='ocrx_word' id='word_1_540' title='bbox 1036 4885 1073 4926; x_wconf 73' lang='lat' dir='ltr'>&lt;t</span> <span class='ocrx_word' id='word_1_541' title='bbox 1101 4862 1519 4947; x_wconf 84' lang='lat' dir='ltr'>Affirmative,</span> <span class='ocrx_word' id='word_1_542' title='bbox 1550 4865 1627 4930; x_wconf 90' lang='lat' dir='ltr'>ad</span> <span class='ocrx_word' id='word_1_543' title='bbox 1661 4863 1937 4950; x_wconf 89' lang='lat' dir='ltr'>primam</span> <span class='ocrx_word' id='word_1_544' title='bbox 1970 4874 2261 4951; x_wconf 79' lang='lat' dir='ltr'>partem3</span> <span class='ocrx_word' id='word_1_545' title='bbox 2361 4864 2516 4929; x_wconf 89' lang='lat' dir='ltr'>sima</span> <span class='ocrx_word' id='word_1_546' title='bbox 2549 4865 2959 4931; x_wconf 86' lang='lat' dir='ltr'>Processione</span> <span class='ocrx_word' id='word_1_547' title='bbox 2998 4865 3301 4953; x_wconf 87' lang='lat' dir='ltr'>Corporis</span> <span class='ocrx_word' id='word_1_548' title='bbox 3333 4865 3566 4931; x_wconf 87' lang='lat' dir='ltr'>Christi</span> <span class='ocrx_word' id='word_1_549' title='bbox 3603 4872 3669 4928; x_wconf 89' lang='lat' dir='ltr'>et</span> <span class='ocrx_word' id='word_1_550' title='bbox 3699 4861 3873 4929; x_wconf 79' lang='lat' dir='ltr'>Feria</span> <span class='ocrx_word' id='word_1_551' title='bbox 3904 4860 3946 4922; x_wconf 74' lang='lat' dir='ltr'>V</span> 
     </span>
    </p>
   </div>
   <div class='ocr_carea' id='block_1_12' title="bbox 667 4944 2267 5459">
    <p class='ocr_par' dir='ltr' id='par_1_22' title="bbox 670 4944 1632 5035">
     <span class='ocr_line' id='line_1_99' title="bbox 670 4944 1632 5035; baseline 0.004 -22"><span class='ocrx_word' id='word_1_552' title='bbox 670 4950 1006 5035; x_wconf 86' lang='lat' dir='ltr'>Negative‚</span> <span class='ocrx_word' id='word_1_553' title='bbox 1036 4944 1132 5016; x_wconf 70' lang='lat' dir='ltr'>&#39;ad</span> <span class='ocrx_word' id='word_1_554' title='bbox 1183 4952 1533 5019; x_wconf 87' lang='lat' dir='ltr'>secundam</span> <span class='ocrx_word' id='word_1_555' title='bbox 1566 4975 1632 5017; x_wconf 58' lang='grc' dir='ltr'>ν.</span> 
     </span>
    </p>

    <p class='ocr_par' dir='ltr' id='par_1_23' title="bbox 667 5038 2267 5371">
     <span class='ocr_line' id='line_1_100' title="bbox 802 5038 2263 5126; baseline 0.003 -24"><span class='ocrx_word' id='word_1_556' title='bbox 802 5038 896 5103; x_wconf 87' lang='lat' dir='ltr'>Ad</span> <span class='ocrx_word' id='word_1_557' title='bbox 947 5042 1011 5105; x_wconf 88' lang='grc'>2.</span> <span class='ocrx_word' id='word_1_558' title='bbox 1063 5060 1101 5102; x_wconf 61' lang='lat' dir='ltr'>c</span> <span class='ocrx_word' id='word_1_559' title='bbox 1136 5040 1551 5125; x_wconf 86' lang='lat' dir='ltr'>Affirmative,</span> <span class='ocrx_word' id='word_1_560' title='bbox 1595 5042 1769 5107; x_wconf 85' lang='lat' dir='ltr'>iuxta</span> <span class='ocrx_word' id='word_1_561' title='bbox 1818 5043 2128 5126; x_wconf 85' lang='lat' dir='ltr'>modum;</span> <span class='ocrx_word' id='word_1_562' title='bbox 2171 5043 2263 5107; x_wconf 86' lang='lat' dir='ltr'>vi-</span> 
     </span>
     <span class='ocr_line' id='line_1_101' title="bbox 668 5128 2263 5217; baseline 0.001 -24"><span class='ocrx_word' id='word_1_563' title='bbox 668 5128 933 5211; x_wconf 90' lang='lat' dir='ltr'>delicet,</span> <span class='ocrx_word' id='word_1_564' title='bbox 964 5128 1279 5216; x_wconf 87' lang='lat' dir='ltr'>Episcopo</span> <span class='ocrx_word' id='word_1_565' title='bbox 1306 5132 1570 5198; x_wconf 74' lang='lat' dir='ltr'>SSffium</span> <span class='ocrx_word' id='word_1_566' title='bbox 1605 5133 2085 5197; x_wconf 89' lang='lat' dir='ltr'>Sacramentum</span> <span class='ocrx_word' id='word_1_567' title='bbox 2121 5150 2263 5217; x_wconf 89' lang='lat' dir='ltr'>pro-</span> 
     </span>
     <span class='ocr_line' id='line_1_102' title="bbox 667 5213 2267 5284; baseline 0 -3"><span class='ocrx_word' id='word_1_568' title='bbox 667 5213 1107 5282; x_wconf 88' lang='lat' dir='ltr'>cessionaliter</span> <span class='ocrx_word' id='word_1_569' title='bbox 1137 5216 1463 5284; x_wconf 78' lang='lat' dir='ltr'>deferenti</span> <span class='ocrx_word' id='word_1_570' title='bbox 1497 5218 1793 5284; x_wconf 88' lang='lat' dir='ltr'>assistere</span> <span class='ocrx_word' id='word_1_571' title='bbox 1825 5219 2069 5284; x_wconf 85' lang='lat' dir='ltr'>debere</span> <span class='ocrx_word' id='word_1_572' title='bbox 2104 5222 2267 5283; x_wconf 90' lang='lat' dir='ltr'>duos</span> 
     </span>
     <span class='ocr_line' id='line_1_103' title="bbox 667 5304 1827 5371; baseline -0.001 -1"><span class='ocrx_word' id='word_1_573' title='bbox 667 5304 1015 5371; x_wconf 88' lang='lat' dir='ltr'>Canonicos</span> <span class='ocrx_word' id='word_1_574' title='bbox 1064 5305 1422 5369; x_wconf 88' lang='lat' dir='ltr'>Dalmaticis</span> <span class='ocrx_word' id='word_1_575' title='bbox 1472 5305 1730 5371; x_wconf 90' lang='lat' dir='ltr'>indutos</span> <span class='ocrx_word' id='word_1_576' title='bbox 1763 5327 1827 5369; x_wconf 57' lang='grc' dir='ltr'>ν.</span> 
     </span>
    </p>

    <p class='ocr_par' dir='ltr' id='par_1_24' title="bbox 804 5392 1630 5459">
     <span class='ocr_line' id='line_1_104' title="bbox 804 5392 1630 5459; baseline -0.002 -2"><span class='ocrx_word' id='word_1_577' title='bbox 804 5393 898 5459; x_wconf 80' lang='lat' dir='ltr'>Ad</span> <span class='ocrx_word' id='word_1_578' title='bbox 948 5396 1011 5459; x_wconf 86' lang='lat'>3.</span> <span class='ocrx_word' id='word_1_579' title='bbox 1066 5415 1104 5457; x_wconf 62' lang='grc'><strong>0</strong></span> <span class='ocrx_word' id='word_1_580' title='bbox 1140 5392 1533 5458; x_wconf 78' lang='lat' dir='ltr'>Affirmative</span> <span class='ocrx_word' id='word_1_581' title='bbox 1568 5417 1630 5456; x_wconf 66' lang='grc' dir='ltr'><strong>ιν.</strong></span> 
     </span>
    </p>
   </div>
   <div class='ocr_carea' id='block_1_13' title="bbox 2366 4947 3974 5482">
    <p class='ocr_par' dir='ltr' id='par_1_25' title="bbox 2366 4947 3974 5482">
     <span class='ocr_line' id='line_1_105' title="bbox 2372 4947 3974 5040; baseline -0.004 -22"><span class='ocrx_word' id='word_1_582' title='bbox 2372 4952 2433 5019; x_wconf 86' lang='grc' dir='ltr'><strong>ἰ11</strong></span> <span class='ocrx_word' id='word_1_583' title='bbox 2483 4956 2692 5019; x_wconf 89' lang='lat' dir='ltr'>Coena</span> <span class='ocrx_word' id='word_1_584' title='bbox 2755 4952 3004 5019; x_wconf 88' lang='lat' dir='ltr'>Domini</span> <span class='ocrx_word' id='word_1_585' title='bbox 3063 4964 3374 5040; x_wconf 89' lang='lat' dir='ltr'>parentur</span> <span class='ocrx_word' id='word_1_586' title='bbox 3431 4953 3665 5019; x_wconf 88' lang='lat' dir='ltr'>amictu</span> <span class='ocrx_word' id='word_1_587' title='bbox 3714 4960 3780 5017; x_wconf 90' lang='lat' dir='ltr'>et</span> <span class='ocrx_word' id='word_1_588' title='bbox 3825 4947 3974 5016; x_wconf 51' lang='lat' dir='ltr'>Dal·¹</span> 
     </span>
     <span class='ocr_line' id='line_1_106' title="bbox 2369 5040 3944 5125; baseline -0.004 -18"><span class='ocrx_word' id='word_1_589' title='bbox 2369 5040 2651 5108; x_wconf 78' lang='lat' dir='ltr'>matica‘?</span> <span class='ocrx_word' id='word_1_590' title='bbox 2709 5041 2888 5108; x_wconf 80' lang='lat' dir='ltr'>Ratio</span> <span class='ocrx_word' id='word_1_591' title='bbox 2943 5052 3039 5107; x_wconf 90' lang='lat' dir='ltr'>est</span> <span class='ocrx_word' id='word_1_592' title='bbox 3099 5041 3472 5124; x_wconf 89' lang='lat' dir='ltr'>dubitandi,</span> <span class='ocrx_word' id='word_1_593' title='bbox 3530 5040 3675 5125; x_wconf 89' lang='lat' dir='ltr'>quia</span> <span class='ocrx_word' id='word_1_594' title='bbox 3738 5042 3944 5106; x_wconf 85' lang='lat' dir='ltr'>Caere·</span> 
     </span>
     <span class='ocr_line' id='line_1_107' title="bbox 2366 5130 3944 5217; baseline -0.001 -21"><span class='ocrx_word' id='word_1_595' title='bbox 2366 5131 2644 5196; x_wconf 89' lang='lat' dir='ltr'>moniale</span> <span class='ocrx_word' id='word_1_596' title='bbox 2689 5131 3148 5217; x_wconf 88' lang='lat' dir='ltr'>Episcoporum</span> <span class='ocrx_word' id='word_1_597' title='bbox 3189 5130 3302 5197; x_wconf 89' lang='lat' dir='ltr'>lib.</span> <span class='ocrx_word' id='word_1_598' title='bbox 3334 5136 3401 5215; x_wconf 82' lang='grc'><strong>2,</strong></span> <span class='ocrx_word' id='word_1_599' title='bbox 3438 5149 3582 5217; x_wconf 90' lang='lat' dir='ltr'>cap.</span> <span class='ocrx_word' id='word_1_600' title='bbox 3617 5132 3726 5212; x_wconf 83' lang='grc'><strong>23,</strong></span> <span class='ocrx_word' id='word_1_601' title='bbox 3765 5133 3803 5207; x_wconf 69' lang='lat' dir='ltr'>g</span> <span class='ocrx_word' id='word_1_602' title='bbox 3839 5131 3944 5195; x_wconf 85' lang='grc'><strong>12;</strong></span> 
     </span>
     <span class='ocr_line' id='line_1_108' title="bbox 2367 5211 3876 5302; baseline -0.004 -19"><span class='ocrx_word' id='word_1_603' title='bbox 2367 5232 2433 5284; x_wconf 92' lang='lat' dir='ltr'>et</span> <span class='ocrx_word' id='word_1_604' title='bbox 2465 5237 2603 5302; x_wconf 91' lang='lat' dir='ltr'>cap.</span> <span class='ocrx_word' id='word_1_605' title='bbox 2646 5221 2753 5299; x_wconf 81' lang='lat'>33,</span> <span class='ocrx_word' id='word_1_606' title='bbox 2792 5224 2831 5297; x_wconf 71' lang='lat'>5</span> <span class='ocrx_word' id='word_1_607' title='bbox 2864 5222 2974 5300; x_wconf 85' lang='grc'><strong>20,</strong></span> <span class='ocrx_word' id='word_1_608' title='bbox 3009 5238 3139 5285; x_wconf 91' lang='lat' dir='ltr'>non</span> <span class='ocrx_word' id='word_1_609' title='bbox 3173 5218 3467 5285; x_wconf 87' lang='lat' dir='ltr'>meminit</span> <span class='ocrx_word' id='word_1_610' title='bbox 3513 5211 3876 5283; x_wconf 75' lang='lat' dir='ltr'>stolarum?</span> 
     </span>
     <span class='ocr_line' id='line_1_109' title="bbox 2498 5302 3948 5383; baseline -0.004 -13"><span class='ocrx_word' id='word_1_611' title='bbox 2498 5311 2562 5372; x_wconf 85' lang='lat'>3.</span> <span class='ocrx_word' id='word_1_612' title='bbox 2613 5306 2946 5383; x_wconf 87' lang='lat' dir='ltr'>Quomodo</span> <span class='ocrx_word' id='word_1_613' title='bbox 3012 5307 3394 5374; x_wconf 89' lang='lat' dir='ltr'>celebranda</span> <span class='ocrx_word' id='word_1_614' title='bbox 3448 5308 3530 5372; x_wconf 90' lang='lat' dir='ltr'>sit</span> <span class='ocrx_word' id='word_1_615' title='bbox 3593 5306 3731 5372; x_wconf 90' lang='lat' dir='ltr'>dies</span> <span class='ocrx_word' id='word_1_616' title='bbox 3792 5302 3948 5369; x_wconf 88' lang='lat' dir='ltr'>anni-</span> 
     </span>
     <span class='ocr_line' id='line_1_110' title="bbox 2373 5393 3947 5482; baseline -0.004 -23"><span class='ocrx_word' id='word_1_617' title='bbox 2373 5393 2641 5463; x_wconf 84' lang='lat' dir='ltr'>versaria</span> <span class='ocrx_word' id='word_1_618' title='bbox 2675 5394 3182 5461; x_wconf 82' lang='lat' dir='ltr'>consecrationis</span> <span class='ocrx_word' id='word_1_619' title='bbox 3229 5395 3555 5482; x_wconf 87' lang='lat' dir='ltr'>Episcopi,</span> <span class='ocrx_word' id='word_1_620' title='bbox 3591 5393 3639 5458; x_wconf 88' lang='lat' dir='ltr'>si</span> <span class='ocrx_word' id='word_1_621' title='bbox 3673 5398 3947 5459; x_wconf 83' lang='lat' dir='ltr'>occurrat</span> 
     </span>
    </p>
   </div>
  </div>
 </body>
</html>
