4042 5950
1577 293 2046 371 —105-·-

199 468 342 530 sam,
388 449 693 535 aliamque
744 452 1001 539 legendi
1053 453 1124 518 iis
1171 451 1398 519 diebus
1444 449 1674 536 quibus
1719 473 1749 515 a

201 537 448 604 Robrica
496 540 660 604 duae
704 540 1189 626 praecipiuntur
1223 539 1493 606 Missae?

316 629 376 689 Β.
413 628 507 690 An
548 625 610 690 in
659 631 828 696 lllissa
875 627 1291 695 conventuali
1325 629 1458 694 cani
1491 645 1750 713 semper

199 713 456 778 debeant
507 714 752 794 Gloria,
790 718 1007 796 Credo,
1047 725 1251 782 totum
1283 715 1617 798 Graduale,
1651 714 1750 780 Ol-

203 799 546 882 lertorium,
596 803 893 868 Praelatio
942 816 1008 871 et
1053 807 1254 871 Pater
1303 800 1580 872 Noster?
1677 853 1682 866 ,

313 893 376 954 3.
423 892 520 953 An
565 890 822 954 servari·
843 893 1031 974 possit
1061 902 1292 958 asserta
1322 890 1569 975 antiqua
1604 909 1754 955 con-

197 976 661 1060 suetud0,‚qua
719 975 943 1044 diebus
1002 998 1130 1045 non
1179 979 1418 1044 festivis
1466 984 1528 1045 in
1575 978 1747 1044 Missa

195 1065 590 1130 Conventuali
639 1083 766 1130 non
812 1066 1033 1132 assistit
1081 1068 1374 1151 Magister
1418 1071 1750 1134 caeremo-

195 1151 418 1214 niarum
468 1171 586 1216 nec
631 1152 970 1218 adhibetur
1014 1151 1395 1220 incensum?

309 1239 366 1302 t.
419 1241 514 1302 An
558 1240 796 1305 servari
842 1241 1037 1324 possit
1083 1253 1314 1307 asserta
1353 1241 1749 1307 consuetudo

195 1325 460 1409 pulsandi
509 1331 829 1411 organum
877 1337 1168 1412 tempore
1198 1330 1748 1414 Quadragesimae,

193 1413 502 1479 Adventus
575 1427 639 1479 et
707 1414 1075 1500 Vigiliarum
1143 1415 1208 1480 in
1267 1416 1460 1482 Missis
1523 1415 1757 1499 votivis

194 1505 250 1566 Β.
281 1503 359 1565 Μ.
395 1504 501 1585 V.,
530 1521 693 1587 quae
740 1501 1006 1587 singulis
1053 1503 1331 1569 Sabbatis
1376 1502 1755 1569 solemniter

193 1587 580 1656 celebrantur
611 1601 676 1656 et
707 1589 773 1655 in
806 1592 1095 1657 eiusdem
1124 1590 1380 1657 Litaniis
1419 1611 1579 1677 quae
1615 1598 1754 1677 post

197 1678 480 1761 vesperas
529 1676 910 1746 cantantur?

305 1767 363 1829 5.
413 1770 510 1832 An
561 1768 851 1834 Canonici
899 1766 1141 1852 possint
1169 1788 1239 1832 ac
1270 1776 1606 1832 teneantur
1638 1769 1751 1830 Fe-

194 1851 264 1915 ria
319 1856 390 1917 lv
457 1854 802 1937 Cinerum,
875 1854 1215 1921 transferre
1281 1853 1752 1920 Processionem

192 1943 503 2021 quamdam
535 1952 625 2008 -et
671 1943 910 2029 aliquas
953 1941 1589 2010 commemorationes
1638 1961 1750 2027 pro

189 2028 522 2111 defunctis,
573 2031 648 2096 ad
698 2049 849 2115 quas
896 2050 974 2095 ex
1034 2032 1242 2115 legato
1302 2038 1637 2112 tenentur,
1680 2038 1751 2094 ut

195 2114 651 2199 Expositionem
713 2117 1121 2202 quadraginta
1187 2118 1481 2187 horarum
1543 2118 1752 2182 iacere

193 2202 441 2286 possint;
495 2205 600 2269 vel
634 2205 866 2270 melius
895 2207 977 2271 sit
1006 2205 1239 2270 dictam
1269 2204 1748 2289 Expositionem

191 2309 242 2353 m
280 2289 454 2355 aliam
505 2294 682 2358 diem
732 2294 1073 2359 transferre
1124 2304 1196 2358 ut
1238 2292 1577 2377 praedictis
1609 2293 1748 2357 fun-

189 2375 474 2444 ctionibus
523 2390 807 2446 mentem
857 2382 1167 2446 testatoris
1214 2377 1655 2466 adimpleant?

297 2473 360 2531 6.
414 2473 516 2534 An
580 2469 642 2534 in
704 2469 1062 2536 elevatione
1123 2470 1296 2535 Ssmi
1361 2467 1743 2535 sacramenti

190 2551 240 2616 in
289 2555 479 2620 Missis
545 2555 938 2622 solemnibus
994 2557 1124 2626 cani
1194 2557 1394 2644 possit
1464 2557 1748 2619 Tamum

187 2662 308 2724 erqo
348 2653 500 2723 etc„
559 2645 660 2708 vel
711 2645 916 2730 aliqua
962 2644 1302 2731 antiphona
1352 2641 1498 2722 tanti
1540 2647 1750 2708 Sacra-

191 2731 357 2794 menti
406 2730 723 2818 propria?

299 2822 358 2882 7.
409 2823 508 2884 An
539 2842 571 2881 a
604 2821 979 2886 cantoribus
1026 2820 1088 2885 iu
1131 2821 1337 2887 Choro
1381 2816 1576 2904 incipi
1605 2836 1747 2902 pos-

186 2902 253 2966 sit
314 2907 610 2973 introitus
683 2908 929 2991 Missae,
1003 2909 1368 2995 priusquam
1440 2907 1746 2973 Sacerdos

188 2996 468 3149 eamdem?
510 2997 752 3061 missam
788 2997 1223 3062 celebraturus
1253 3000 1329 3065 ad
1363 2996 1576 3063 Altare
1608 3013 1750 3079 per·

187 3092 413 3146 venerit

297 3172 360 3235 8.
408 3172 510 3236 An
577 3172 1121 3239 Hebdomadarius
1193 3173 1256 3238 in
1318 3173 1523 3239 choro
1595 3171 1748 3237 into-

183 3277 312 3322 nare
360 3259 562 3345 possit
607 3260 860 3325 initium
907 3266 1109 3327 Horae
1155 3262 1508 3345 sequentis,
1542 3263 1746 3346 prius-

182 3364 346 3429 quam
398 3351 712 3414 Sacerdos
763 3349 1178 3435 Evangelium
1227 3354 1290 3417 S.
1331 3350 1573 3414 loannis
1621 3362 1747 3413 ter-

185 3433 552 3500 minaverit?

292 3526 355 3589 0.
405 3527 640 3590 Utrum
686 3525 921 3589 servari
972 3527 1166 3610 possit
1212 3534 1444 3590 asserta
1477 3544 1743 3590 consue-

184 3612 344 3693 tudo,
394 3622 465 3675 ut
517 3612 694 3678 Feria
740 3615 816 3678 Ν
864 3613 1166 3679 Cinerum
1212 3613 1556 3681 canonicus
1608 3623 1740 3679 tur-

183 3700 391 3781 narius,
442 3699 758 3781 impedito
807 3704 908 3767 vel
960 3702 1608 3787 nolenteEpiscopo,
1659 3704 1742 3768 ci-

183 3804 422 3940 nerum?
461 3788 982 3855 benedictionem
1049 3800 1312 3876 peragat
1375 3803 1439 3854 et
1497 3788 1740 3857 Missam

183 3883 368 3939 cantet

193 3992 200 3997 ·
301 3966 396 4029 10.
427 3966 528 4029 An
556 3964 792 4029 servari
827 3967 1022 4050 possit
1051 3976 1285 4032 asserta
1311 3967 1736 4050 consuetudo,

184 4060 237 4111 ut
279 4050 336 4115 in
383 4051 894 4119 Processionibus
941 4055 1291 4139 palmarum
1336 4065 1402 4120 et
1448 4056 1739 4120 candela-

185 4156 302 4202 rum
349 4139 772 4224 (functionem
819 4159 945 4205 non
991 4155 1343 4228 peragente
1393 4142 1737 4230 Episcopo)

183 4228 423 4378 Crucegn
475 4238 692 4314 portet
738 4229 1157 4314 cappellanus
1191 4248 1307 4314 per
1342 4241 1599 4294 turnum
1637 4250 1738 4317 pa·

185 4326 330 4377 ratus

297 4406 392 4468 11.
447 4408 542 4469 An
615 4405 850 4473 servari
924 4405 1118 4492 possit
1184 4414 1411 4469 asserta
1475 4426 1737 4472 consue-

186 4490 341 4570 tudo,
391 4504 460 4556 ut
512 4493 574 4556 in
620 4492 1128 4559 processionibus
1193 4493 1572 4560 Litaniarum
1638 4513 1736 4558 ea-

184 4582 452 4730 :iamdeem
504 4584 806 4645 Cantores
855 4580 1146 4645 incedant
1207 4580 1594 4667 pluvialibus
1649 4580 1740 4647 in·

225 4678 301 4728 uti

299 4758 395 4819 ¹2.
448 4759 544 4821 An
593 4754 652 4821 in
703 4755 1029 4838 Ecclesiis,
1077 4775 1232 4841 quas
1278 4757 1593 4823 Processio
1641 4758 1739 4824 Li-

188 4840 458 4907 taniarum
517 4862 639 4930 per
695 4844 827 4907 vias
873 4844 1255 4929 ingreditur,
1310 4846 1442 4910 lieri
1497 4847 1736 4931 possint

185 4934 790 4997 commemorationes
835 4950 952 5015 pro
986 4932 1302 4999 defunctis
1337 4932 1399 4997 in
1429 4934 1738 5018 adimple-

187 5028 449 5083 mentum
513 5022 864 5104 legatorum
930 5039 961 5082 a
1020 5022 1307 5106 personis
1371 5025 1430 5087 in
1496 5022 1734 5087 eisdem

187 5102 458 5170 Ecclesiis
501 5108 770 5192 sepultis
815 5105 1241 5173 relictorum?
1555 5182 1563 5193 ,

299 5196 394 5257 13.
431 5198 522 5259 An
551 5194 791 5261 servari
824 5196 1017 5280 possit
1045 5209 1277 5260 asserta
1305 5194 1728 5281 consuetudo,

183 5286 240 5372 ut
279 5279 402 5345 duo
449 5282 640 5346 medii
689 5283 981 5350 canonici
1028 5303 1143 5347 seu
1192 5284 1554 5350 Tertianarii
1610 5286 1731 5348 Tu-

185 5365 384 5430 meella
435 5383 496 5434 et
549 5371 877 5435 Dalmatica
942 5370 1145 5436 induti
1207 5373 1267 5435 in
1325 5370 1733 5437 processione

1855 450 2153 538 Corporis
2198 448 2430 516 Christi
2478 449 2796 518 thuribula
2845 449 3137 515 delerant
3178 461 3242 514 et
3286 450 3436 514 San-

1857 541 2205 603 ctissimum
2257 539 2731 602 Sacramentum
2781 536 3109 603 ini-ensem
3139 537 3172 601 ⁸?

1993 629 2095 690 ¹4.
2148 629 2369 691 Utrum
2417 621 2647 689 asserta
2703 625 3121 707 consuetude,
3174 635 3243 688 ut
3289 644 3437 709 qua-

1860 727 2001 780 tuor
2027 711 2322 779 Canonici
2358 714 2460 777 vel
2498 709 2693 777 me'dii
2725 711 3015 780 Canonici
3053 712 3437 796 pluvialibus

1857 801 2058 865 induti
2111 801 2419 885 quaedam
2472 811 2767 886 argentea
2820 798 3078 884 insignia
3127 797 3262 866 sine
3309 801 3437 887 pal-

1859 887 1974 954 mis
2031 898 2095 952 et
2153 887 2434 953 candelis
2495 907 2643 973 prae
2704 886 2996 953 manibus
3058 898 3313 971 gestent
3376 888 3437 951 in

1859 965 2371 1050 processionibus
2411 977 2764 1060 palmarum
2799 988 2862 1039 et
2895 975 3326 1059 candelarum,
3367 975 3437 1037 li-

1858 1062 1981 1128 cite
2030 1061 2293 1127 retineri
2342 1061 2591 1146 possit?

1989 1155 2068 1215 Et
2106 1153 2174 1215 S.
2200 1154 2277 1216 R.
2305 1153 2405 1233 C.,
2446 1171 2511 1214 re
2548 1157 2790 1216 mature
2824 1150 3126 1231 discussa,
3164 1168 3436 1235 perpen-

1855 1238 2068 1323 sisque
2119 1250 2238 1302 tam
2292 1238 2429 1303 Rmi
2480 1237 2770 1325 Episcopi
2820 1257 3005 1321 quam
3053 1236 3322 1322 Capituli
3372 1248 3436 1302 et

1856 1325 2311 1393 Canonicorum
2378 1325 2616 1390 iuribus
2679 1345 2793 1411 per
2855 1345 3077 1391 eorum
3138 1327 3435 1390 Procura-

1858 1425 2027 1478 tores
2088 1431 2242 1477 voce
2290 1424 2354 1479 et
2401 1412 2635 1499 scripto
2685 1413 3026 1500 expositis,
3085 1409 3433 1478 rescriben-

1858 1500 2009 1566 dum
2058 1500 2348 1566 censuit:

1987 1587 2081 1652 Ad
2138 1591 2196 1653 1.
2248 1608 2285 1648 ⁴
2320 1588 2658 1673 Negative,
2710 1599 3030 1654 reservato
3094 1589 3229 1655 iure
3292 1608 3435 1675 pro-

1859 1675 2038 1826 bzlmdi
2118 1674 2437 1760 antiquam
2517 1675 3095 1754 consuetudinem;
3177 1687 3239 1741 et
3308 1694 3433 1740 am·

1858 1779 1899 1846 p
1933 1783 2026 1826 ius
2063 1786 2123 1828 ι».

1984 1852 2077 1916 Ad
2123 1855 2185 1917 2.
2238 1874 2275 1914 ⁴
2312 1851 2728 1933 Affirmative,
2767 1853 2939 1920 iuxta
2969 1851 3431 1939 praescriptum

1853 1939 2342 2032 Caeremonialis
2386 1943 2892 2028 Episcoporum;
2950 1952 3012 2006 et
3060 1940 3334 2026 amplius
3368 1962 3432 2004 ».

1988 2025 2083 2092 Ad
2134 2033 2197 2094 3.
2248 2050 2285 2090 ⁴
2318 2028 2704 2098 Affirmative
2735 2076 2753 2110 ,
2809 2029 3015 2112 quoad
3074 2029 3431 2115 Magistrum

1856 2115 2459 2194 caeremoniarum
2511 2116 2842 2202 Negative,
2877 2117 3082 2200 quoad
3119 2111 3434 2180 thurifica-

1860 2206 2138 2287 tionem3
2192 2214 2256 2270 et
2301 2205 2570 2294 amplius
2608 2228 2670 2270 ».

1983 2300 2079 2364 Ad
2129 2301 2190 2362 4.
2243 2317 2281 2360 ⁴
2316 2293 2741 2370 Affirmative3
2792 2303 2857 2358 et
2904 2291 3172 2378 amplius
3207 2313 3268 2354 ».

1984 2387 2079 2451 Ad
2128 2390 2195 2450 5.
2242 2405 2280 2448 ⁴
2314 2385 2656 2468 Negative,
2713 2380 3247 2465 quoadprimam
3296 2399 3432 2464 par-

1856 2484 2035 2557 tem;
2116 2484 2181 2538 et
2252 2471 2678 2551 Affirmative,
2756 2467 2962 2552 quoad
3039 2464 3385 2532 secundam
3414 2512 3430 2545 ,

1853 2579 2087 2646 nempe
2136 2560 2611 2648 Expositionem
2659 2557 2827 2624 SSmi
2879 2553 3260 2620 sacramenti
3295 2573 3433 2616 esse

1856 2651 2351 2718 transferendam
2382 2647 2448 2714 in
2480 2647 2663 2712 aliam
2695 2646 2870 2710 diem
2905 2640 3430 2720 commodiorem,

1852 2737 2108 2802 arbitrio
2158 2736 2498 2823 Episcopi;
2551 2745 2615 2798 et
2660 2731 2929 2819 amplius
2963 2751 3027 2795 ».

1984 2825 2077 2891 Ad
2128 2829 2191 2890 6.
2244 2846 2282 2889 ⁴
2317 2821 2749 2903 Affirmative3
2802 2829 2867 2883 et
2916 2817 3186 2905 amplius
3221 2839 3282 2882 ».

1980 2913 2079 2979 Ad
2131 2916 2195 2979 7.
2244 2934 2281 2975 ⁴
2317 2911 2617 2998 Negative
2667 2919 2732 2973 et
2778 2907 3050 2991 amplius
3085 2928 3147 2970 ».

1981 3004 2077 3066 Ad
2127 3006 2192 3065 8.
2244 3020 2282 3063 ⁴
2316 2997 2667 3085 Negative3
2718 3007 2783 3061 et
2829 2994 3192 3079 amplius».

1984 3090 2080 3155 Ad
2129 3093 2192 3157 9.
2246 3110 2283 3150 ⁴
2322 3085 2754 3171 AffirmativeJ
2807 3096 2870 3148 et
2915 3084 3188 3168 amplius
3223 3106 3282 3147 ».

1981 3178 2075 3243 Ad
2131 3181 2235 3243 10.
2285 3198 2323 3241 ⁴
2357 3173 2795 3258 Affirmative3
2848 3183 2912 3236 et
2958 3171 3231 3256 amplius
3262 3194 3323 3233 ιν.

1981 3266 2078 3331 Ad
2130 3269 2232 3330 11.
2282 3286 2320 3329 ⁴
2354 3263 2789 3346 Affirmative3
2841 3272 2905 3326 et
2951 3257 3221 3345 amplius
3255 3280 3316 3321 ι».

1983 3355 2079 3420 Ad
2134 3357 2238 3418 ¹2.
2290 3375 2327 3415 ⁴
2359 3351 2752 3419 Affirmative
2789 3372 2848 3413 ».

1981 3442 2076 3507 Ad
2134 3444 2237 3506 13.
2287 3463 2324 3503 ⁴
2357 3440 2792 3521 Affirmative;
2849 3447 2912 3501 et
2959 3435 3232 3523 amplius
3264 3458 3324 3498 υ.

1982 3531 2075 3596 Ad
2132 3532 2234 3593 14.
2285 3550 2323 3593 ⁴
2361 3528 2793 3612 Affirmative;
2845 3538 2911 3588 et
2957 3523 3227 3609 amplius
3264 3545 3323 3585 ».

1983 3622 2060 3683 Et
2091 3617 2173 3683 ita
2205 3614 2546 3682 declaravit
2578 3636 2646 3679 ac
2678 3612 2911 3679 servari
2942 3611 3282 3678 mandavit.
3322 3610 3429 3675 Die

1852 3711 1930 3772 ¹4
1961 3705 2196 3794 Aprilis
2237 3708 2426 3771 1753.

1853 3879 2106 3949 2425.
2451 3876 2833 3949 CASALEN.
3199 3877 3425 3965 (4235)

1974 4060 2138 4128 Ortis
2170 4060 2492 4125 nonnullis
2522 4056 2971 4125 controversiis
3006 4056 3173 4121 inter
3198 4059 3427 4121 Rmum

1845 4149 2233 4234 Episcopum
2304 4150 2585 4214 Casalen.
2656 4148 2921 4232 eiusque
2992 4149 3427 4209 promotorem

1847 4237 2147 4302 Fiscalem
2193 4246 2383 4321 atque
2428 4236 2785 4320 Capitulum
2829 4246 2891 4299 et
2938 4232 3280 4299 canonicos
3316 4235 3428 4297 Ec-

1844 4325 2071 4389 clesiae
2121 4324 2510 4390 cathedralis
2560 4323 2721 4389 circa
2769 4320 3229 4391 observantiam
3277 4323 3426 4387 Cae-

1843 4413 2207 4477 remonialis
2279 4424 2342 4477 et
2413 4410 2674 4479 Ritualis
2742 4408 3029 4490 Romani,
3090 4408 3291 4493 iisque
3347 4407 3425 4472 ad

1843 4501 1907 4565 S.
1946 4503 2021 4564 R.
2068 4503 2140 4565 G.
2192 4498 2502 4565 iudicium
2549 4500 2818 4581 delatis;
2867 4497 3242 4561 concordata
3292 4490 3426 4559 fue-

1844 4598 2017 4666 runt,
2071 4606 2280 4652 coram
2334 4591 2486 4653 Emo
2521 4599 2585 4652 et
2617 4590 2771 4651 Rmo
2807 4584 3068 4650 Domino
3110 4583 3422 4649 Cardinali

1741 4680 1752 4685 “
1843 4674 2225 4740 Tamburino
2270 4676 2560 4741 eiusdem
2593 4678 2661 4738 S.
2693 4675 2762 4737 C.
2818 4670 3137 4737 Praefecto
3170 4681 3234 4735 et
3267 4674 3423 4736 Cau-

1839 4782 1940 4826 sae
1989 4766 2299 4844 Ponente,
2348 4761 2675 4847 sequentia
2723 4760 2937 4840 dubia,
2986 4758 3331 4827 videlicet:

1976 4854 2034 4914 1.
2090 4854 2182 4914 An
2231 4859 2295 4913 et
2345 4854 2596 4934 quando
2646 4848 2843 4935 prima
2876 4847 3152 4931 Dignitas
3185 4866 3297 4912 seu
3332 4843 3423 4911 di-

1837 4937 2022 5022 gnior
2071 4957 2149 5001 ex
2196 4936 2523 5001 canonicis
2588 4948 2923 5001 teneantur
2981 4934 3299 5000 sustinere
3349 4933 3422 4996 li·

1841 5025 2025 5089 brum
2058 5024 2370 5111 Episcopo
2403 5026 2671 5090 cantanti
2710 5022 2770 5088 in
2808 5022 3000 5087 Missis
3035 5032 3097 5087 et
3126 5022 3421 5107 vesperis

1837 5111 2351 5196 pontificalibus3
2414 5116 2510 5177 vel
2565 5113 2776 5199 potius
2822 5111 2902 5176 sit
2968 5112 3271 5176 servanda
3330 5132 3421 5175 as-

1837 5212 2001 5263 serta
2051 5197 2504 5267 consuetudo?
3140 5223 3152 5235 ·

1971 5292 2040 5353 2.
2088 5292 2184 5355 An
2256 5288 2480 5354 eadem
2548 5288 2745 5374 prima
2817 5286 3096 5371 Dignitas
3148 5307 3263 5353 seu
3325 5288 3420 5352 di·

1837 5373 2022 5459 gnior
2087 5394 2169 5441 ex
2245 5376 2570 5443 canonicis
2639 5386 2930 5441 teneatur
3002 5375 3419 5441 assistentiam
