<?xml version="1.0" encoding="UTF-8"?>
<!DOCTYPE html PUBLIC "-//W3C//DTD XHTML 1.0 Transitional//EN"
    "http://www.w3.org/TR/xhtml1/DTD/xhtml1-transitional.dtd">
<html xmlns="http://www.w3.org/1999/xhtml" xml:lang="en" lang="en">
 <head>
  <title>
</title>
<meta http-equiv="Content-Type" content="text/html;charset=utf-8" />
  <meta name='ocr-system' content='tesseract 3.04.00' />
  <meta name='ocr-capabilities' content='ocr_page ocr_carea ocr_par ocr_line ocrx_word'/>
</head>
<body>
  <div class='ocr_page' id='page_1' title='image "./decretaauthenti00ritugoog_0464.png"; bbox 0 0 4042 5950; ppageno 0'>
   <div class='ocr_carea' id='block_1_1' title="bbox 75 5134 78 5909">
    <p class='ocr_par' dir='ltr' id='par_1_1' title="bbox 75 5134 78 5909">
     <span class='ocr_line' id='line_1_1' title="bbox 75 5134 78 5909; baseline 0 0"><span class='ocrx_word' id='word_1_1' title='bbox 75 5134 78 5909; x_wconf 95' lang='lat' dir='ltr'><strong> </strong></span> 
     </span>
    </p>
   </div>
   <div class='ocr_carea' id='block_1_2' title="bbox 2062 280 2537 363">
    <p class='ocr_par' dir='ltr' id='par_1_2' title="bbox 2062 280 2537 363">
     <span class='ocr_line' id='line_1_2' title="bbox 2062 280 2537 363; baseline 0.004 -2"><span class='ocrx_word' id='word_1_2' title='bbox 2062 280 2537 363; x_wconf 74' lang='lat'>—416-</span> 
     </span>
    </p>
   </div>
   <div class='ocr_carea' id='block_1_3' title="bbox 777 436 2235 510">
    <p class='ocr_par' dir='ltr' id='par_1_3' title="bbox 777 436 2235 510">
     <span class='ocr_line' id='line_1_3' title="bbox 777 436 2235 510; baseline 0 -3"><span class='ocrx_word' id='word_1_3' title='bbox 777 436 1050 507; x_wconf 86' lang='lat' dir='ltr'><strong>Dubium</strong></span> <span class='ocrx_word' id='word_1_4' title='bbox 1098 441 1203 510; x_wconf 77' lang='lat' dir='ltr'><strong>IV.</strong></span> <span class='ocrx_word' id='word_1_5' title='bbox 1254 440 1349 507; x_wconf 87' lang='lat' dir='ltr'><strong>An</strong></span> <span class='ocrx_word' id='word_1_6' title='bbox 1397 440 1590 508; x_wconf 86' lang='lat' dir='ltr'><strong>etiam</strong></span> <span class='ocrx_word' id='word_1_7' title='bbox 1637 440 1724 509; x_wconf 90' lang='lat' dir='ltr'><strong>de</strong></span> <span class='ocrx_word' id='word_1_8' title='bbox 1761 443 1994 509; x_wconf 91' lang='lat' dir='ltr'><strong>eodem</strong></span> <span class='ocrx_word' id='word_1_9' title='bbox 2042 441 2235 508; x_wconf 88' lang='lat' dir='ltr'><strong>Anni·</strong></span> 
     </span>
    </p>
   </div>
   <div class='ocr_carea' id='block_1_4' title="bbox 647 528 2243 686">
    <p class='ocr_par' dir='ltr' id='par_1_4' title="bbox 647 528 2243 686">
     <span class='ocr_line' id='line_1_4' title="bbox 647 528 2243 596; baseline 0 -1"><span class='ocrx_word' id='word_1_10' title='bbox 647 528 929 595; x_wconf 80' lang='lat' dir='ltr'><strong>versario</strong></span> <span class='ocrx_word' id='word_1_11' title='bbox 988 529 1091 595; x_wconf 85' lang='lat' dir='ltr'><strong>vel</strong></span> <span class='ocrx_word' id='word_1_12' title='bbox 1162 529 1620 596; x_wconf 80' lang='lat' dir='ltr'><strong>Anniversariis</strong></span> <span class='ocrx_word' id='word_1_13' title='bbox 1688 529 2243 596; x_wconf 87' lang='lat' dir='ltr'><strong>commemoratio-</strong></span> 
     </span>
     <span class='ocr_line' id='line_1_5' title="bbox 649 615 2242 686; baseline 0 -4"><span class='ocrx_word' id='word_1_14' title='bbox 649 634 796 682; x_wconf 92' lang='lat' dir='ltr'><strong>nem</strong></span> <span class='ocrx_word' id='word_1_15' title='bbox 845 616 1053 683; x_wconf 81' lang='lat' dir='ltr'><strong>facere</strong></span> <span class='ocrx_word' id='word_1_16' title='bbox 1102 627 1442 684; x_wconf 90' lang='lat' dir='ltr'><strong>teneantur</strong></span> <span class='ocrx_word' id='word_1_17' title='bbox 1482 617 1546 685; x_wconf 91' lang='lat' dir='ltr'><strong>in</strong></span> <span class='ocrx_word' id='word_1_18' title='bbox 1579 615 1771 684; x_wconf 73' lang='lat' dir='ltr'><strong>Missis</strong></span> <span class='ocrx_word' id='word_1_19' title='bbox 1820 631 1947 686; x_wconf 90' lang='lat' dir='ltr'><strong>tam</strong></span> <span class='ocrx_word' id='word_1_20' title='bbox 1979 616 2242 684; x_wconf 89' lang='lat' dir='ltr'><strong>cantatis</strong></span> 
     </span>
    </p>
   </div>
   <div class='ocr_carea' id='block_1_5' title="bbox 569 704 2241 876">
    <p class='ocr_par' dir='ltr' id='par_1_5' title="bbox 569 704 2241 876">
     <span class='ocr_line' id='line_1_6' title="bbox 647 704 2241 791; baseline 0 -21"><span class='ocrx_word' id='word_1_21' title='bbox 647 723 835 791; x_wconf 85' lang='lat' dir='ltr'><strong>quam</strong></span> <span class='ocrx_word' id='word_1_22' title='bbox 886 704 1068 771; x_wconf 89' lang='lat' dir='ltr'><strong>lectis</strong></span> <span class='ocrx_word' id='word_1_23' title='bbox 1115 721 1339 771; x_wconf 89' lang='lat' dir='ltr'><strong>omnes</strong></span> <span class='ocrx_word' id='word_1_24' title='bbox 1369 707 1748 774; x_wconf 86' lang='lat' dir='ltr'><strong>Sacerdotes</strong></span> <span class='ocrx_word' id='word_1_25' title='bbox 1780 707 2114 775; x_wconf 82' lang='lat' dir='ltr'><strong>seculares</strong></span> <span class='ocrx_word' id='word_1_26' title='bbox 2148 717 2241 771; x_wconf 89' lang='lat' dir='ltr'><strong>to·</strong></span> 
     </span>
     <span class='ocr_line' id='line_1_7' title="bbox 569 792 2240 876; baseline -0.002 -12"><span class='ocrx_word' id='word_1_27' title='bbox 569 857 588 864; x_wconf 83' lang='lat'><strong>-</strong></span> <span class='ocrx_word' id='word_1_28' title='bbox 651 792 777 859; x_wconf 88' lang='lat' dir='ltr'><strong>tius</strong></span> <span class='ocrx_word' id='word_1_29' title='bbox 799 793 1117 860; x_wconf 83' lang='lat' dir='ltr'><strong>Dioecesis</strong></span> <span class='ocrx_word' id='word_1_30' title='bbox 1141 794 1519 862; x_wconf 87' lang='lat' dir='ltr'><strong>calendario</strong></span> <span class='ocrx_word' id='word_1_31' title='bbox 1552 794 1929 862; x_wconf 89' lang='lat' dir='ltr'><strong>dioecesano</strong></span> <span class='ocrx_word' id='word_1_32' title='bbox 1961 807 2240 876; x_wconf 86' lang='lat' dir='ltr'><strong>utentes,</strong></span> 
     </span>
    </p>
   </div>
   <div class='ocr_carea' id='block_1_6' title="bbox 647 878 2246 968">
    <p class='ocr_par' dir='ltr' id='par_1_6' title="bbox 647 878 2246 968">
     <span class='ocr_line' id='line_1_8' title="bbox 647 878 2246 968; baseline 0 -21"><span class='ocrx_word' id='word_1_33' title='bbox 647 900 775 947; x_wconf 93' lang='lat' dir='ltr'><strong>non</strong></span> <span class='ocrx_word' id='word_1_34' title='bbox 802 882 1093 949; x_wconf 90' lang='lat' dir='ltr'><strong>obstante</strong></span> <span class='ocrx_word' id='word_1_35' title='bbox 1118 883 1426 948; x_wconf 88' lang='lat' dir='ltr'><strong>contraria</strong></span> <span class='ocrx_word' id='word_1_36' title='bbox 1450 881 1703 968; x_wconf 81' lang='lat' dir='ltr'><strong>antiqua</strong></span> <span class='ocrx_word' id='word_1_37' title='bbox 1730 878 2246 951; x_wconf 74' lang='lat' dir='ltr'><strong>consuetudine?</strong></span> 
     </span>
    </p>
   </div>
   <div class='ocr_carea' id='block_1_7' title="bbox 646 970 2240 2472">
    <p class='ocr_par' dir='ltr' id='par_1_7' title="bbox 650 970 1487 1055">
     <span class='ocr_line' id='line_1_9' title="bbox 650 970 1487 1055; baseline 0.005 -21"><span class='ocrx_word' id='word_1_38' title='bbox 650 978 714 1034; x_wconf 89' lang='lat' dir='ltr'><strong>et</strong></span> <span class='ocrx_word' id='word_1_39' title='bbox 746 981 1060 1055; x_wconf 87' lang='lat' dir='ltr'><strong>quatenus</strong></span> <span class='ocrx_word' id='word_1_40' title='bbox 1092 970 1487 1055; x_wconf 77' lang='lat' dir='ltr'><strong>affirmative,</strong></span> 
     </span>
    </p>

    <p class='ocr_par' dir='ltr' id='par_1_8' title="bbox 646 1057 2239 1763">
     <span class='ocr_line' id='line_1_10' title="bbox 782 1057 2237 1129; baseline 0 -5"><span class='ocrx_word' id='word_1_41' title='bbox 782 1057 1058 1125; x_wconf 87' lang='lat' dir='ltr'><strong>Dubium</strong></span> <span class='ocrx_word' id='word_1_42' title='bbox 1108 1061 1185 1125; x_wconf 79' lang='lat' dir='ltr'><strong>V.</strong></span> <span class='ocrx_word' id='word_1_43' title='bbox 1237 1059 1334 1125; x_wconf 88' lang='lat' dir='ltr'><strong>An</strong></span> <span class='ocrx_word' id='word_1_44' title='bbox 1381 1059 1570 1125; x_wconf 91' lang='lat' dir='ltr'><strong>etiam</strong></span> <span class='ocrx_word' id='word_1_45' title='bbox 1631 1059 1719 1126; x_wconf 90' lang='lat' dir='ltr'><strong>de</strong></span> <span class='ocrx_word' id='word_1_46' title='bbox 1768 1062 1998 1129; x_wconf 92' lang='lat' dir='ltr'><strong>eodem</strong></span> <span class='ocrx_word' id='word_1_47' title='bbox 2045 1058 2237 1126; x_wconf 90' lang='lat' dir='ltr'><strong>Anni-</strong></span> 
     </span>
     <span class='ocr_line' id='line_1_11' title="bbox 647 1145 2237 1215; baseline 0.002 -6"><span class='ocrx_word' id='word_1_48' title='bbox 647 1145 926 1213; x_wconf 82' lang='lat' dir='ltr'><strong>versario</strong></span> <span class='ocrx_word' id='word_1_49' title='bbox 952 1147 1056 1211; x_wconf 80' lang='lat' dir='ltr'><strong>vel</strong></span> <span class='ocrx_word' id='word_1_50' title='bbox 1083 1146 1538 1214; x_wconf 80' lang='lat' dir='ltr'><strong>Anniversariis</strong></span> <span class='ocrx_word' id='word_1_51' title='bbox 1563 1149 2237 1215; x_wconf 76' lang='lat' dir='ltr'><strong>commemorationem</strong></span> 
     </span>
     <span class='ocr_line' id='line_1_12' title="bbox 648 1234 2239 1304; baseline 0.001 -5"><span class='ocrx_word' id='word_1_52' title='bbox 648 1234 861 1301; x_wconf 76' lang='lat' dir='ltr'><strong>iacere</strong></span> <span class='ocrx_word' id='word_1_53' title='bbox 899 1245 1237 1302; x_wconf 89' lang='lat' dir='ltr'><strong>teneantur</strong></span> <span class='ocrx_word' id='word_1_54' title='bbox 1282 1235 1344 1302; x_wconf 92' lang='lat' dir='ltr'><strong>in</strong></span> <span class='ocrx_word' id='word_1_55' title='bbox 1392 1234 1687 1304; x_wconf 86' lang='lat' dir='ltr'><strong>omnibus</strong></span> <span class='ocrx_word' id='word_1_56' title='bbox 1730 1236 1929 1303; x_wconf 79' lang='lat' dir='ltr'>Missis</span> <span class='ocrx_word' id='word_1_57' title='bbox 1973 1235 2239 1302; x_wconf 88' lang='lat' dir='ltr'><strong>cantatis</strong></span> 
     </span>
     <span class='ocr_line' id='line_1_13' title="bbox 649 1322 2239 1413; baseline 0.001 -25"><span class='ocrx_word' id='word_1_58' title='bbox 649 1332 715 1387; x_wconf 89' lang='lat' dir='ltr'><strong>et</strong></span> <span class='ocrx_word' id='word_1_59' title='bbox 750 1322 929 1389; x_wconf 90' lang='lat' dir='ltr'><strong>lectis</strong></span> <span class='ocrx_word' id='word_1_60' title='bbox 968 1342 1191 1389; x_wconf 85' lang='lat' dir='ltr'><strong>omnes</strong></span> <span class='ocrx_word' id='word_1_61' title='bbox 1237 1325 1616 1391; x_wconf 79' lang='lat' dir='ltr'><strong>Sacerdotes</strong></span> <span class='ocrx_word' id='word_1_62' title='bbox 1664 1325 2012 1413; x_wconf 84' lang='lat' dir='ltr'><strong>Regulares</strong></span> <span class='ocrx_word' id='word_1_63' title='bbox 2044 1325 2239 1390; x_wconf 89' lang='lat' dir='ltr'><strong>totius</strong></span> 
     </span>
     <span class='ocr_line' id='line_1_14' title="bbox 647 1407 2237 1499; baseline 0 -22"><span class='ocrx_word' id='word_1_64' title='bbox 647 1409 964 1478; x_wconf 84' lang='lat' dir='ltr'><strong>Dioecesis</strong></span> <span class='ocrx_word' id='word_1_65' title='bbox 1014 1407 1273 1499; x_wconf 82' lang='lat' dir='ltr'><strong>prop&#39;rio</strong></span> <span class='ocrx_word' id='word_1_66' title='bbox 1322 1412 1697 1479; x_wconf 88' lang='lat' dir='ltr'><strong>calendario</strong></span> <span class='ocrx_word' id='word_1_67' title='bbox 1759 1424 2042 1496; x_wconf 87' lang='lat' dir='ltr'><strong>utentes,</strong></span> <span class='ocrx_word' id='word_1_68' title='bbox 2108 1430 2237 1478; x_wconf 90' lang='lat' dir='ltr'><strong>non</strong></span> 
     </span>
     <span class='ocr_line' id='line_1_15' title="bbox 647 1498 2234 1588; baseline 0.001 -24"><span class='ocrx_word' id='word_1_69' title='bbox 647 1498 938 1565; x_wconf 87' lang='lat' dir='ltr'><strong>obstante</strong></span> <span class='ocrx_word' id='word_1_70' title='bbox 983 1499 1221 1588; x_wconf 85' lang='lat' dir='ltr'><strong>pariter</strong></span> <span class='ocrx_word' id='word_1_71' title='bbox 1268 1500 1578 1567; x_wconf 87' lang='lat' dir='ltr'><strong>contraria</strong></span> <span class='ocrx_word' id='word_1_72' title='bbox 1625 1511 1937 1588; x_wconf 88' lang='lat' dir='ltr'><strong>perpetua</strong></span> <span class='ocrx_word' id='word_1_73' title='bbox 1969 1518 2234 1568; x_wconf 88' lang='lat' dir='ltr'><strong>consue-</strong></span> 
     </span>
     <span class='ocr_line' id='line_1_16' title="bbox 648 1585 2237 1677; baseline 0.003 -27"><span class='ocrx_word' id='word_1_74' title='bbox 648 1585 895 1670; x_wconf 79' lang='lat' dir='ltr'><strong>tudine,</strong></span> <span class='ocrx_word' id='word_1_75' title='bbox 947 1599 1014 1654; x_wconf 92' lang='lat' dir='ltr'><strong>et</strong></span> <span class='ocrx_word' id='word_1_76' title='bbox 1043 1588 1214 1675; x_wconf 90' lang='lat' dir='ltr'><strong>quod</strong></span> <span class='ocrx_word' id='word_1_77' title='bbox 1266 1587 1527 1656; x_wconf 90' lang='lat' dir='ltr'><strong>illorum</strong></span> <span class='ocrx_word' id='word_1_78' title='bbox 1557 1590 2006 1657; x_wconf 87' lang='lat' dir='ltr'><strong>calendarium</strong></span> <span class='ocrx_word' id='word_1_79' title='bbox 2040 1607 2237 1677; x_wconf 90' lang='lat' dir='ltr'><strong>gene-</strong></span> 
     </span>
     <span class='ocr_line' id='line_1_17' title="bbox 646 1674 2061 1763; baseline 0.005 -24"><span class='ocrx_word' id='word_1_80' title='bbox 646 1674 834 1741; x_wconf 87' lang='lat' dir='ltr'><strong>ratim</strong></span> <span class='ocrx_word' id='word_1_81' title='bbox 865 1676 1086 1763; x_wconf 88' lang='lat' dir='ltr'><strong>plures</strong></span> <span class='ocrx_word' id='word_1_82' title='bbox 1132 1677 1637 1762; x_wconf 84' lang='lat' dir='ltr'><strong>comprehendat</strong></span> <span class='ocrx_word' id='word_1_83' title='bbox 1682 1676 2061 1746; x_wconf 73' lang='lat' dir='ltr'><strong>Dioeceses?</strong></span> 
     </span>
    </p>

    <p class='ocr_par' dir='ltr' id='par_1_9' title="bbox 646 1763 2240 2472">
     <span class='ocr_line' id='line_1_18' title="bbox 784 1763 2236 1842; baseline 0.004 -13"><span class='ocrx_word' id='word_1_84' title='bbox 784 1763 1056 1831; x_wconf 90' lang='lat' dir='ltr'><strong>Dubium</strong></span> <span class='ocrx_word' id='word_1_85' title='bbox 1106 1768 1204 1830; x_wconf 87' lang='lat' dir='ltr'><strong>vl.</strong></span> <span class='ocrx_word' id='word_1_86' title='bbox 1255 1766 1460 1842; x_wconf 84' lang='lat' dir='ltr'><strong>Quum</strong></span> <span class='ocrx_word' id='word_1_87' title='bbox 1510 1766 1683 1832; x_wconf 81' lang='lat' dir='ltr'><strong>iuxta</strong></span> <span class='ocrx_word' id='word_1_88' title='bbox 1730 1769 2075 1835; x_wconf 88' lang='lat' dir='ltr'><strong>Decretum</strong></span> <span class='ocrx_word' id='word_1_89' title='bbox 2130 1769 2236 1834; x_wconf 79' lang='lat' dir='ltr'><strong>Sa-</strong></span> 
     </span>
     <span class='ocr_line' id='line_1_19' title="bbox 648 1853 2239 1942; baseline 0.003 -25"><span class='ocrx_word' id='word_1_90' title='bbox 648 1870 793 1918; x_wconf 87' lang='lat' dir='ltr'><strong>crae</strong></span> <span class='ocrx_word' id='word_1_91' title='bbox 839 1853 1099 1920; x_wconf 80' lang='lat' dir='ltr'><strong>Rituum</strong></span> <span class='ocrx_word' id='word_1_92' title='bbox 1144 1854 1669 1942; x_wconf 86' lang='lat' dir='ltr'><strong>congregationis</strong></span> <span class='ocrx_word' id='word_1_93' title='bbox 1716 1855 1782 1920; x_wconf 93' lang='lat' dir='ltr'><strong>in</strong></span> <span class='ocrx_word' id='word_1_94' title='bbox 1828 1858 2080 1941; x_wconf 84' lang='lat' dir='ltr'><strong>Aquen.</strong></span> <span class='ocrx_word' id='word_1_95' title='bbox 2133 1855 2239 1921; x_wconf 88' lang='lat' dir='ltr'><strong>die</strong></span> 
     </span>
     <span class='ocr_line' id='line_1_20' title="bbox 649 1941 2238 2029; baseline 0.002 -24"><span class='ocrx_word' id='word_1_96' title='bbox 649 1943 689 2005; x_wconf 77' lang='lat'><em>2</em></span> <span class='ocrx_word' id='word_1_97' title='bbox 737 1941 1137 2028; x_wconf 83' lang='lat' dir='ltr'><strong>Septembris</strong></span> <span class='ocrx_word' id='word_1_98' title='bbox 1189 1945 1350 2008; x_wconf 88' lang='grc'><strong>1741</strong></span> <span class='ocrx_word' id='word_1_99' title='bbox 1399 1942 1475 2008; x_wconf 89' lang='lat' dir='ltr'><strong>ad</strong></span> <span class='ocrx_word' id='word_1_100' title='bbox 1527 1942 1794 2010; x_wconf 88' lang='lat' dir='ltr'><strong>dubium</strong></span> <span class='ocrx_word' id='word_1_101' title='bbox 1841 1945 1909 2026; x_wconf 83' lang='lat'><strong>6,</strong></span> <span class='ocrx_word' id='word_1_102' title='bbox 1959 1943 2042 2011; x_wconf 93' lang='lat' dir='ltr'><strong>de</strong></span> <span class='ocrx_word' id='word_1_103' title='bbox 2089 1944 2238 2029; x_wconf 89' lang='lat' dir='ltr'><strong>Epi·</strong></span> 
     </span>
     <span class='ocr_line' id='line_1_21' title="bbox 646 2029 2237 2116; baseline 0.004 -23"><span class='ocrx_word' id='word_1_104' title='bbox 646 2047 840 2116; x_wconf 90' lang='lat' dir='ltr'><strong>scopo</strong></span> <span class='ocrx_word' id='word_1_105' title='bbox 889 2029 1190 2096; x_wconf 89' lang='lat' dir='ltr'><strong>translato</strong></span> <span class='ocrx_word' id='word_1_106' title='bbox 1250 2030 1628 2097; x_wconf 84' lang='lat' dir='ltr'><strong>celebranda</strong></span> <span class='ocrx_word' id='word_1_107' title='bbox 1676 2041 1772 2097; x_wconf 92' lang='lat' dir='ltr'><strong>est</strong></span> <span class='ocrx_word' id='word_1_108' title='bbox 1817 2031 1992 2097; x_wconf 82' lang='lat' dir='ltr'><strong>Missa</strong></span> <span class='ocrx_word' id='word_1_109' title='bbox 2028 2033 2091 2099; x_wconf 92' lang='lat' dir='ltr'><strong>in</strong></span> <span class='ocrx_word' id='word_1_110' title='bbox 2122 2037 2237 2098; x_wconf 91' lang='lat' dir='ltr'><strong>Ec-</strong></span> 
     </span>
     <span class='ocr_line' id='line_1_22' title="bbox 648 2116 2236 2218; baseline 0.001 -34"><span class='ocrx_word' id='word_1_111' title='bbox 648 2116 837 2184; x_wconf 89' lang='lat' dir='ltr'><strong>clesia</strong></span> <span class='ocrx_word' id='word_1_112' title='bbox 883 2116 988 2184; x_wconf 88' lang='lat' dir='ltr'><strong>cni</strong></span> <span class='ocrx_word' id='word_1_113' title='bbox 1034 2117 1151 2184; x_wconf 80' lang='lat' dir='ltr'><strong>luit</strong></span> <span class='ocrx_word' id='word_1_114' title='bbox 1199 2118 1424 2186; x_wconf 87' lang='lat' dir='ltr'><strong>ultimo</strong></span> <span class='ocrx_word' id='word_1_115' title='bbox 1474 2119 1615 2186; x_wconf 90' lang='lat' dir='ltr'><strong>loco</strong></span> <span class='ocrx_word' id='word_1_116' title='bbox 1660 2120 2087 2218; x_wconf 89' lang='lat' dir='ltr'><strong>praepositus,</strong></span> <span class='ocrx_word' id='word_1_117' title='bbox 2136 2139 2236 2186; x_wconf 91' lang='lat' dir='ltr'><strong>re·</strong></span> 
     </span>
     <span class='ocr_line' id='line_1_23' title="bbox 649 2206 2240 2296; baseline 0.003 -26"><span class='ocrx_word' id='word_1_118' title='bbox 649 2215 952 2273; x_wconf 87' lang='lat' dir='ltr'><strong>currente</strong></span> <span class='ocrx_word' id='word_1_119' title='bbox 997 2206 1103 2274; x_wconf 90' lang='lat' dir='ltr'><strong>die</strong></span> <span class='ocrx_word' id='word_1_120' title='bbox 1148 2225 1274 2292; x_wconf 91' lang='lat' dir='ltr'><strong>quo</strong></span> <span class='ocrx_word' id='word_1_121' title='bbox 1337 2212 1489 2296; x_wconf 86' lang='lat' dir='ltr'><strong>Papa</strong></span> <span class='ocrx_word' id='word_1_122' title='bbox 1536 2227 1683 2274; x_wconf 91' lang='lat' dir='ltr'><strong>eum</strong></span> <span class='ocrx_word' id='word_1_123' title='bbox 1747 2209 1851 2274; x_wconf 77' lang='lat' dir='ltr'><strong>tali</strong></span> <span class='ocrx_word' id='word_1_124' title='bbox 1915 2210 2240 2276; x_wconf 80' lang='lat' dir='ltr'><strong>Ecclesiae</strong></span> 
     </span>
     <span class='ocr_line' id='line_1_24' title="bbox 646 2295 2236 2382; baseline 0.003 -23"><span class='ocrx_word' id='word_1_125' title='bbox 646 2295 996 2380; x_wconf 80' lang='lat' dir='ltr'><strong>praefecit3</strong></span> <span class='ocrx_word' id='word_1_126' title='bbox 1059 2297 1432 2382; x_wconf 76' lang='lat' dir='ltr'><strong>quaeriturz</strong></span> <span class='ocrx_word' id='word_1_127' title='bbox 1482 2298 1646 2363; x_wconf 85' lang='lat' dir='ltr'><strong>Num</strong></span> <span class='ocrx_word' id='word_1_128' title='bbox 1693 2295 1998 2364; x_wconf 88' lang='lat' dir='ltr'><strong>celebrari</strong></span> <span class='ocrx_word' id='word_1_129' title='bbox 2047 2297 2236 2364; x_wconf 90' lang='lat' dir='ltr'><strong>etiam</strong></span> 
     </span>
     <span class='ocr_line' id='line_1_25' title="bbox 648 2382 2237 2472; baseline 0.002 -23"><span class='ocrx_word' id='word_1_130' title='bbox 648 2382 882 2449; x_wconf 88' lang='lat' dir='ltr'><strong>debeat</strong></span> <span class='ocrx_word' id='word_1_131' title='bbox 910 2395 1017 2451; x_wconf 91' lang='lat' dir='ltr'><strong>aut</strong></span> <span class='ocrx_word' id='word_1_132' title='bbox 1045 2385 1268 2451; x_wconf 85' lang='lat' dir='ltr'><strong>saltem</strong></span> <span class='ocrx_word' id='word_1_133' title='bbox 1303 2383 1499 2470; x_wconf 87' lang='lat' dir='ltr'><strong>possit</strong></span> <span class='ocrx_word' id='word_1_134' title='bbox 1531 2384 1704 2451; x_wconf 72' lang='lat' dir='ltr'><strong>Missa</strong></span> <span class='ocrx_word' id='word_1_135' title='bbox 1736 2387 1841 2452; x_wconf 80' lang='lat' dir='ltr'><strong>vel</strong></span> <span class='ocrx_word' id='word_1_136' title='bbox 1876 2386 2237 2472; x_wconf 79' lang='lat' dir='ltr'><strong>respective</strong></span> 
     </span>
    </p>
   </div>
   <div class='ocr_carea' id='block_1_8' title="bbox 535 2471 2095 2542">
    <p class='ocr_par' dir='ltr' id='par_1_10' title="bbox 535 2471 2095 2542">
     <span class='ocr_line' id='line_1_26' title="bbox 535 2471 2095 2542; baseline 0.003 -5"><span class='ocrx_word' id='word_1_137' title='bbox 535 2499 544 2504; x_wconf 95' lang='lat'>·</span> <span class='ocrx_word' id='word_1_138' title='bbox 648 2471 1172 2539; x_wconf 84' lang='lat' dir='ltr'><strong>commemoratio</strong></span> <span class='ocrx_word' id='word_1_139' title='bbox 1219 2472 1704 2540; x_wconf 85' lang='lat' dir='ltr'><strong>consecrationis</strong></span> <span class='ocrx_word' id='word_1_140' title='bbox 1752 2474 2095 2542; x_wconf 75' lang='lat' dir='ltr'><strong>eiusdem?</strong></span> 
     </span>
    </p>
   </div>
   <div class='ocr_carea' id='block_1_9' title="bbox 636 2559 2239 5303">
    <p class='ocr_par' dir='ltr' id='par_1_11' title="bbox 636 2559 2238 4678">
     <span class='ocr_line' id='line_1_27' title="bbox 778 2559 2235 2630; baseline 0.002 -4"><span class='ocrx_word' id='word_1_141' title='bbox 778 2559 1053 2627; x_wconf 86' lang='lat' dir='ltr'><strong>Dubium</strong></span> <span class='ocrx_word' id='word_1_142' title='bbox 1101 2564 1231 2627; x_wconf 84' lang='lat' dir='ltr'><strong>vu.</strong></span> <span class='ocrx_word' id='word_1_143' title='bbox 1290 2563 1519 2627; x_wconf 83' lang='lat' dir='ltr'><strong>Utrum</strong></span> <span class='ocrx_word' id='word_1_144' title='bbox 1581 2560 1645 2627; x_wconf 92' lang='lat' dir='ltr'><strong>in</strong></span> <span class='ocrx_word' id='word_1_145' title='bbox 1707 2573 1839 2628; x_wconf 89' lang='lat' dir='ltr'><strong>toto</strong></span> <span class='ocrx_word' id='word_1_146' title='bbox 1898 2562 2065 2630; x_wconf 86' lang='lat' dir='ltr'><strong>Orbe</strong></span> <span class='ocrx_word' id='word_1_147' title='bbox 2125 2566 2235 2629; x_wconf 87' lang='lat' dir='ltr'><strong>Ca-</strong></span> 
     </span>
     <span class='ocr_line' id='line_1_28' title="bbox 648 2647 2237 2738; baseline 0.003 -25"><span class='ocrx_word' id='word_1_148' title='bbox 648 2647 886 2714; x_wconf 85' lang='lat' dir='ltr'><strong>tholico</strong></span> <span class='ocrx_word' id='word_1_149' title='bbox 930 2648 1013 2714; x_wconf 88' lang='lat' dir='ltr'><strong>sit</strong></span> <span class='ocrx_word' id='word_1_150' title='bbox 1068 2648 1473 2737; x_wconf 82' lang='lat' dir='ltr'><strong>praeceptiva</strong></span> <span class='ocrx_word' id='word_1_151' title='bbox 1538 2653 2057 2719; x_wconf 87' lang='lat' dir='ltr'><strong>commemoratio</strong></span> <span class='ocrx_word' id='word_1_152' title='bbox 2119 2669 2237 2738; x_wconf 88' lang='lat' dir='ltr'><strong>pro</strong></span> 
     </span>
     <span class='ocr_line' id='line_1_29' title="bbox 649 2735 2238 2826; baseline 0.002 -24"><span class='ocrx_word' id='word_1_153' title='bbox 649 2737 913 2802; x_wconf 90' lang='lat' dir='ltr'><strong>Summo</strong></span> <span class='ocrx_word' id='word_1_154' title='bbox 945 2735 1251 2804; x_wconf 81' lang='lat' dir='ltr'><strong>Pontifice</strong></span> <span class='ocrx_word' id='word_1_155' title='bbox 1283 2748 1592 2826; x_wconf 77' lang='lat' dir='ltr'><strong>regnante</strong></span> <span class='ocrx_word' id='word_1_156' title='bbox 1625 2737 1689 2805; x_wconf 90' lang='lat' dir='ltr'><strong>in</strong></span> <span class='ocrx_word' id='word_1_157' title='bbox 1720 2738 2013 2807; x_wconf 89' lang='lat' dir='ltr'><strong>omnibus</strong></span> <span class='ocrx_word' id='word_1_158' title='bbox 2039 2739 2238 2807; x_wconf 72' lang='lat' dir='ltr'><strong>Missis</strong></span> 
     </span>
     <span class='ocr_line' id='line_1_30' title="bbox 648 2823 2236 2896; baseline 0.003 -7"><span class='ocrx_word' id='word_1_159' title='bbox 648 2823 908 2890; x_wconf 90' lang='lat' dir='ltr'><strong>cantatis</strong></span> <span class='ocrx_word' id='word_1_160' title='bbox 966 2836 1031 2891; x_wconf 90' lang='lat' dir='ltr'><strong>et</strong></span> <span class='ocrx_word' id='word_1_161' title='bbox 1092 2823 1274 2892; x_wconf 88' lang='lat' dir='ltr'><strong>lectis</strong></span> <span class='ocrx_word' id='word_1_162' title='bbox 1329 2826 1392 2892; x_wconf 92' lang='lat' dir='ltr'><strong>in</strong></span> <span class='ocrx_word' id='word_1_163' title='bbox 1448 2825 1555 2893; x_wconf 90' lang='lat' dir='ltr'><strong>die</strong></span> <span class='ocrx_word' id='word_1_164' title='bbox 1608 2826 2047 2896; x_wconf 81' lang='lat' dir='ltr'><strong>Anniversaria</strong></span> <span class='ocrx_word' id='word_1_165' title='bbox 2108 2841 2236 2896; x_wconf 88' lang='lat' dir='ltr'><strong>tam</strong></span> 
     </span>
     <span class='ocr_line' id='line_1_31' title="bbox 647 2911 2238 3007; baseline 0.006 -30"><span class='ocrx_word' id='word_1_166' title='bbox 647 2911 982 2980; x_wconf 85' lang='lat' dir='ltr'><strong>creationis</strong></span> <span class='ocrx_word' id='word_1_167' title='bbox 1007 2933 1196 3001; x_wconf 87' lang='lat' dir='ltr'><strong>quam</strong></span> <span class='ocrx_word' id='word_1_168' title='bbox 1221 2915 1643 2984; x_wconf 86' lang='lat' dir='ltr'><strong>coronationis</strong></span> <span class='ocrx_word' id='word_1_169' title='bbox 1670 2915 1994 2999; x_wconf 81' lang='lat' dir='ltr'><strong>eiusdem3</strong></span> <span class='ocrx_word' id='word_1_170' title='bbox 2022 2936 2238 3007; x_wconf 86' lang='lat' dir='ltr'><strong>quam-</strong></span> 
     </span>
     <span class='ocr_line' id='line_1_32' title="bbox 648 3000 2237 3093; baseline 0.005 -26"><span class='ocrx_word' id='word_1_171' title='bbox 648 3000 746 3068; x_wconf 79' lang='lat' dir='ltr'><strong>vis</strong></span> <span class='ocrx_word' id='word_1_172' title='bbox 776 3001 1112 3089; x_wconf 86' lang='lat' dir='ltr'><strong>hucusque</strong></span> <span class='ocrx_word' id='word_1_173' title='bbox 1136 3003 1198 3070; x_wconf 86' lang='lat' dir='ltr'><strong>in</strong></span> <span class='ocrx_word' id='word_1_174' title='bbox 1223 3003 1319 3072; x_wconf 85' lang='lat' dir='ltr'><strong>bis</strong></span> <span class='ocrx_word' id='word_1_175' title='bbox 1353 3006 1634 3092; x_wconf 86' lang='lat' dir='ltr'><strong>partibus</strong></span> <span class='ocrx_word' id='word_1_176' title='bbox 1666 3023 1877 3093; x_wconf 88' lang='lat' dir='ltr'><strong>neque</strong></span> <span class='ocrx_word' id='word_1_177' title='bbox 1911 3006 2069 3073; x_wconf 73' lang='lat' dir='ltr'><strong>facta</strong></span> <span class='ocrx_word' id='word_1_178' title='bbox 2103 3007 2237 3074; x_wconf 77' lang='lat' dir='ltr'><strong>sue·</strong></span> 
     </span>
     <span class='ocr_line' id='line_1_33' title="bbox 648 3089 2234 3184; baseline 0.005 -30"><span class='ocrx_word' id='word_1_179' title='bbox 648 3089 756 3174; x_wconf 87' lang='lat' dir='ltr'><strong>rit,</strong></span> <span class='ocrx_word' id='word_1_180' title='bbox 789 3108 1004 3176; x_wconf 87' lang='lat' dir='ltr'><strong>neque</strong></span> <span class='ocrx_word' id='word_1_181' title='bbox 1045 3090 1406 3160; x_wconf 82' lang='lat' dir='ltr'><strong>huiusmodi</strong></span> <span class='ocrx_word' id='word_1_182' title='bbox 1456 3105 1872 3183; x_wconf 89' lang='lat' dir='ltr'><strong>praeceptum</strong></span> <span class='ocrx_word' id='word_1_183' title='bbox 1905 3095 2234 3184; x_wconf 88' lang='lat' dir='ltr'><strong>cognitum</strong></span> 
     </span>
     <span class='ocr_line' id='line_1_34' title="bbox 649 3176 2236 3266; baseline 0.004 -22"><span class='ocrx_word' id='word_1_184' title='bbox 649 3176 867 3264; x_wconf 79' lang='lat' dir='ltr'><strong>fuerit,</strong></span> <span class='ocrx_word' id='word_1_185' title='bbox 917 3199 1130 3266; x_wconf 88' lang='lat' dir='ltr'><strong>neque</strong></span> <span class='ocrx_word' id='word_1_186' title='bbox 1190 3181 1328 3249; x_wconf 87' lang='lat' dir='ltr'><strong>erui</strong></span> <span class='ocrx_word' id='word_1_187' title='bbox 1391 3185 1747 3249; x_wconf 87' lang='lat' dir='ltr'><strong>necessario</strong></span> <span class='ocrx_word' id='word_1_188' title='bbox 1799 3183 2093 3250; x_wconf 77' lang='lat' dir='ltr'><strong>videatur</strong></span> <span class='ocrx_word' id='word_1_189' title='bbox 2152 3203 2236 3250; x_wconf 83' lang='lat' dir='ltr'><strong>ex</strong></span> 
     </span>
     <span class='ocr_line' id='line_1_35' title="bbox 646 3267 2229 3360; baseline 0.004 -27"><span class='ocrx_word' id='word_1_190' title='bbox 646 3267 937 3334; x_wconf 84' lang='lat' dir='ltr'><strong>Rubricis</strong></span> <span class='ocrx_word' id='word_1_191' title='bbox 1002 3269 1292 3354; x_wconf 67' lang='lat' dir='ltr'><strong>missalis,</strong></span> <span class='ocrx_word' id='word_1_192' title='bbox 1341 3287 1554 3356; x_wconf 87' lang='lat' dir='ltr'><strong>neque</strong></span> <span class='ocrx_word' id='word_1_193' title='bbox 1627 3290 1708 3337; x_wconf 83' lang='lat' dir='ltr'><strong>ex</strong></span> <span class='ocrx_word' id='word_1_194' title='bbox 1776 3270 2087 3360; x_wconf 83' lang='lat' dir='ltr'><strong>capitibus</strong></span> <span class='ocrx_word' id='word_1_195' title='bbox 2150 3277 2229 3340; x_wconf 81' lang='grc'><strong>31</strong></span> 
     </span>
     <span class='ocr_line' id='line_1_36' title="bbox 650 3359 2232 3511; baseline 0.003 -90"><span class='ocrx_word' id='word_1_196' title='bbox 650 3365 718 3510; x_wconf 70' lang='grc' dir='ltr'><strong>οΙῑ</strong></span> <span class='ocrx_word' id='word_1_197' title='bbox 764 3359 847 3457; x_wconf 64' lang='grc'><strong>82</strong></span> <span class='ocrx_word' id='word_1_198' title='bbox 892 3359 1388 3511; x_wconf 58' lang='grc' dir='ltr'><strong>ξοοτθωοιιίυῆε</strong></span> <span class='ocrx_word' id='word_1_199' title='bbox 1431 3363 1696 3428; x_wconf 83' lang='lat' dir='ltr'><strong>Sanctae</strong></span> <span class='ocrx_word' id='word_1_200' title='bbox 1757 3365 2071 3428; x_wconf 80' lang='lat' dir='ltr'><strong>Romanae</strong></span> <span class='ocrx_word' id='word_1_201' title='bbox 2116 3365 2232 3428; x_wconf 92' lang='lat' dir='ltr'><strong>Ec-</strong></span> 
     </span>
     <span class='ocr_line' id='line_1_37' title="bbox 650 3464 881 3511; baseline -0.004 0"><span class='ocrx_word' id='word_1_202' title='bbox 650 3464 683 3511; x_wconf 88' lang='lat' dir='ltr'><strong>c</strong></span> <span class='ocrx_word' id='word_1_203' title='bbox 714 3464 881 3511; x_wconf 72' lang='lat' dir='ltr'><strong>esrae</strong></span> 
     </span>
     <span class='ocr_line' id='line_1_38' title="bbox 636 3536 2234 3625; baseline 0.003 -25"><span class='ocrx_word' id='word_1_204' title='bbox 636 3583 651 3600; x_wconf 92' lang='lat'><strong>.</strong></span> <span class='ocrx_word' id='word_1_205' title='bbox 779 3536 942 3600; x_wconf 87' lang='lat' dir='ltr'><strong>Haec</strong></span> <span class='ocrx_word' id='word_1_206' title='bbox 1001 3555 1193 3623; x_wconf 87' lang='lat' dir='ltr'><strong>porro</strong></span> <span class='ocrx_word' id='word_1_207' title='bbox 1252 3536 1479 3620; x_wconf 89' lang='lat' dir='ltr'><strong>dubia,</strong></span> <span class='ocrx_word' id='word_1_208' title='bbox 1528 3556 1725 3625; x_wconf 91' lang='lat' dir='ltr'><strong>super</strong></span> <span class='ocrx_word' id='word_1_209' title='bbox 1768 3537 1999 3624; x_wconf 87' lang='lat' dir='ltr'><strong>quibus</strong></span> <span class='ocrx_word' id='word_1_210' title='bbox 2062 3556 2234 3605; x_wconf 92' lang='lat' dir='ltr'><strong>man-</strong></span> 
     </span>
     <span class='ocr_line' id='line_1_39' title="bbox 649 3620 2237 3715; baseline 0.003 -27"><span class='ocrx_word' id='word_1_211' title='bbox 649 3620 841 3688; x_wconf 86' lang='lat' dir='ltr'><strong>dante</strong></span> <span class='ocrx_word' id='word_1_212' title='bbox 887 3625 952 3690; x_wconf 88' lang='lat' dir='ltr'><strong>S.</strong></span> <span class='ocrx_word' id='word_1_213' title='bbox 986 3625 1495 3712; x_wconf 74' lang='lat' dir='ltr'><strong>congregatione</strong></span> <span class='ocrx_word' id='word_1_214' title='bbox 1526 3639 1746 3693; x_wconf 80' lang='lat' dir='ltr'><strong>votum</strong></span> <span class='ocrx_word' id='word_1_215' title='bbox 1777 3646 1962 3694; x_wconf 87' lang='lat' dir='ltr'><strong>suum</strong></span> <span class='ocrx_word' id='word_1_216' title='bbox 1998 3626 2237 3715; x_wconf 89' lang='lat' dir='ltr'><strong>scripto</strong></span> 
     </span>
     <span class='ocr_line' id='line_1_40' title="bbox 650 3709 2235 3801; baseline 0.002 -25"><span class='ocrx_word' id='word_1_217' title='bbox 650 3709 828 3776; x_wconf 84' lang='lat' dir='ltr'><strong>dedit</strong></span> <span class='ocrx_word' id='word_1_218' title='bbox 889 3711 1053 3778; x_wconf 85' lang='lat' dir='ltr'><strong>alter</strong></span> <span class='ocrx_word' id='word_1_219' title='bbox 1100 3731 1180 3778; x_wconf 83' lang='lat' dir='ltr'><strong>ex</strong></span> <span class='ocrx_word' id='word_1_220' title='bbox 1226 3712 1736 3801; x_wconf 81' lang='lat' dir='ltr'><strong>Apostolicarum</strong></span> <span class='ocrx_word' id='word_1_221' title='bbox 1798 3716 2235 3784; x_wconf 88' lang='lat' dir='ltr'><strong>caeremonia-</strong></span> 
     </span>
     <span class='ocr_line' id='line_1_41' title="bbox 649 3798 2238 3887; baseline 0.003 -24"><span class='ocrx_word' id='word_1_222' title='bbox 649 3814 793 3864; x_wconf 91' lang='lat' dir='ltr'><strong>rum</strong></span> <span class='ocrx_word' id='word_1_223' title='bbox 853 3798 1187 3887; x_wconf 68' lang='lat' dir='ltr'><strong>Hagistris,</strong></span> <span class='ocrx_word' id='word_1_224' title='bbox 1237 3820 1438 3887; x_wconf 87' lang='lat' dir='ltr'><strong>quum</strong></span> <span class='ocrx_word' id='word_1_225' title='bbox 1500 3801 1638 3868; x_wconf 91' lang='lat' dir='ltr'><strong>loco</strong></span> <span class='ocrx_word' id='word_1_226' title='bbox 1686 3814 1752 3869; x_wconf 89' lang='lat' dir='ltr'><strong>et</strong></span> <span class='ocrx_word' id='word_1_227' title='bbox 1796 3804 1936 3870; x_wconf 80' lang='lat' dir='ltr'><strong>vice</strong></span> <span class='ocrx_word' id='word_1_228' title='bbox 1981 3804 2124 3869; x_wconf 78' lang='lat' dir='ltr'><strong>Emi</strong></span> <span class='ocrx_word' id='word_1_229' title='bbox 2172 3813 2238 3869; x_wconf 92' lang='lat' dir='ltr'><strong>et</strong></span> 
     </span>
     <span class='ocr_line' id='line_1_42' title="bbox 649 3885 2234 3978; baseline 0.003 -26"><span class='ocrx_word' id='word_1_230' title='bbox 649 3885 789 3952; x_wconf 79' lang='lat' dir='ltr'><strong>Rmi</strong></span> <span class='ocrx_word' id='word_1_231' title='bbox 849 3890 924 3954; x_wconf 85' lang='lat' dir='ltr'><strong>D.</strong></span> <span class='ocrx_word' id='word_1_232' title='bbox 975 3888 1162 3957; x_wconf 87' lang='lat' dir='ltr'><strong>card.</strong></span> <span class='ocrx_word' id='word_1_233' title='bbox 1212 3888 1517 3957; x_wconf 85' lang='lat' dir='ltr'><strong>Gabrielis</strong></span> <span class='ocrx_word' id='word_1_234' title='bbox 1579 3890 1754 3957; x_wconf 87' lang='lat' dir='ltr'><strong>Della</strong></span> <span class='ocrx_word' id='word_1_235' title='bbox 1813 3894 2027 3978; x_wconf 84' lang='lat' dir='ltr'><strong>Genga</strong></span> <span class='ocrx_word' id='word_1_236' title='bbox 2090 3895 2234 3959; x_wconf 87' lang='lat' dir='ltr'><strong>Ser-</strong></span> 
     </span>
     <span class='ocr_line' id='line_1_43' title="bbox 648 3976 2236 4061; baseline 0.003 -21"><span class='ocrx_word' id='word_1_237' title='bbox 648 3976 866 4041; x_wconf 88' lang='lat' dir='ltr'><strong>mattei</strong></span> <span class='ocrx_word' id='word_1_238' title='bbox 917 3977 1237 4061; x_wconf 80' lang='lat' dir='ltr'><strong>Ponentis,</strong></span> <span class='ocrx_word' id='word_1_239' title='bbox 1288 3977 1353 4045; x_wconf 87' lang='lat' dir='ltr'><strong>in</strong></span> <span class='ocrx_word' id='word_1_240' title='bbox 1396 3978 1739 4047; x_wconf 82' lang='lat' dir='ltr'><strong>ordinariis</strong></span> <span class='ocrx_word' id='word_1_241' title='bbox 1770 3984 2104 4048; x_wconf 86' lang='lat' dir='ltr'><strong>Sacrorum</strong></span> <span class='ocrx_word' id='word_1_242' title='bbox 2134 3980 2236 4047; x_wconf 82' lang='lat' dir='ltr'><strong>Ri-</strong></span> 
     </span>
     <span class='ocr_line' id='line_1_44' title="bbox 652 4065 2237 4135; baseline 0.003 -6"><span class='ocrx_word' id='word_1_243' title='bbox 652 4073 833 4130; x_wconf 85' lang='lat' dir='ltr'><strong>tuum</strong></span> <span class='ocrx_word' id='word_1_244' title='bbox 880 4065 1166 4133; x_wconf 90' lang='lat' dir='ltr'><strong>comitiis</strong></span> <span class='ocrx_word' id='word_1_245' title='bbox 1210 4067 1286 4134; x_wconf 89' lang='lat' dir='ltr'><strong>ad</strong></span> <span class='ocrx_word' id='word_1_246' title='bbox 1337 4067 1701 4135; x_wconf 85' lang='lat' dir='ltr'><strong>Vaticanum</strong></span> <span class='ocrx_word' id='word_1_247' title='bbox 1762 4068 2071 4135; x_wconf 86' lang='lat' dir='ltr'><strong>hodierna</strong></span> <span class='ocrx_word' id='word_1_248' title='bbox 2131 4068 2237 4135; x_wconf 90' lang='lat' dir='ltr'><strong>die</strong></span> 
     </span>
     <span class='ocr_line' id='line_1_45' title="bbox 652 4151 2236 4224; baseline 0.003 -6"><span class='ocrx_word' id='word_1_249' title='bbox 652 4151 878 4219; x_wconf 82' lang='lat' dir='ltr'><strong>habitis</strong></span> <span class='ocrx_word' id='word_1_250' title='bbox 934 4154 1232 4221; x_wconf 87' lang='lat' dir='ltr'><strong>retulerit</strong></span> <span class='ocrx_word' id='word_1_251' title='bbox 1290 4160 1485 4222; x_wconf 76' lang='lat' dir='ltr'><strong>Emus</strong></span> <span class='ocrx_word' id='word_1_252' title='bbox 1528 4166 1594 4221; x_wconf 88' lang='lat' dir='ltr'><strong>et</strong></span> <span class='ocrx_word' id='word_1_253' title='bbox 1641 4161 1833 4224; x_wconf 76' lang='lat' dir='ltr'><strong>Rffius</strong></span> <span class='ocrx_word' id='word_1_254' title='bbox 1897 4160 1973 4223; x_wconf 88' lang='lat' dir='ltr'><strong>D.</strong></span> <span class='ocrx_word' id='word_1_255' title='bbox 2020 4156 2236 4222; x_wconf 88' lang='lat' dir='ltr'><strong>Cardi-</strong></span> 
     </span>
     <span class='ocr_line' id='line_1_46' title="bbox 652 4238 2236 4322; baseline 0.003 -16"><span class='ocrx_word' id='word_1_256' title='bbox 652 4238 812 4306; x_wconf 90' lang='lat' dir='ltr'><strong>nalis</strong></span> <span class='ocrx_word' id='word_1_257' title='bbox 857 4243 1108 4310; x_wconf 87' lang='lat' dir='ltr'><strong>Gabriel</strong></span> <span class='ocrx_word' id='word_1_258' title='bbox 1167 4244 1485 4322; x_wconf 85' lang='lat' dir='ltr'><strong>Ferretti;</strong></span> <span class='ocrx_word' id='word_1_259' title='bbox 1546 4245 1683 4311; x_wconf 72' lang='lat' dir='ltr'><strong>Emi</strong></span> <span class='ocrx_word' id='word_1_260' title='bbox 1732 4256 1796 4311; x_wconf 90' lang='lat' dir='ltr'><strong>et</strong></span> <span class='ocrx_word' id='word_1_261' title='bbox 1841 4245 1978 4311; x_wconf 70' lang='lat' dir='ltr'><strong>ami</strong></span> <span class='ocrx_word' id='word_1_262' title='bbox 2028 4249 2236 4311; x_wconf 87' lang='lat' dir='ltr'><strong>Patres</strong></span> 
     </span>
     <span class='ocr_line' id='line_1_47' title="bbox 651 4328 2238 4422; baseline 0.001 -28"><span class='ocrx_word' id='word_1_263' title='bbox 651 4328 853 4395; x_wconf 85' lang='lat' dir='ltr'><strong>Sacris</strong></span> <span class='ocrx_word' id='word_1_264' title='bbox 901 4331 1157 4398; x_wconf 88' lang='lat' dir='ltr'><strong>tuendis</strong></span> <span class='ocrx_word' id='word_1_265' title='bbox 1219 4331 1461 4399; x_wconf 82' lang='lat' dir='ltr'><strong>Ritibus</strong></span> <span class='ocrx_word' id='word_1_266' title='bbox 1516 4333 1891 4422; x_wconf 86' lang='lat' dir='ltr'><strong>praepositi,</strong></span> <span class='ocrx_word' id='word_1_267' title='bbox 1943 4333 2238 4399; x_wconf 88' lang='lat' dir='ltr'><strong>omnibus</strong></span> 
     </span>
     <span class='ocr_line' id='line_1_48' title="bbox 647 4416 2237 4508; baseline 0.003 -27"><span class='ocrx_word' id='word_1_268' title='bbox 647 4416 840 4502; x_wconf 87' lang='lat' dir='ltr'><strong>plane</strong></span> <span class='ocrx_word' id='word_1_269' title='bbox 887 4431 1307 4508; x_wconf 84' lang='lat' dir='ltr'><strong>accurateque</strong></span> <span class='ocrx_word' id='word_1_270' title='bbox 1355 4440 1473 4508; x_wconf 89' lang='lat' dir='ltr'><strong>per</strong></span> <span class='ocrx_word' id='word_1_271' title='bbox 1522 4420 1715 4507; x_wconf 87' lang='lat' dir='ltr'><strong>ensis,</strong></span> <span class='ocrx_word' id='word_1_272' title='bbox 1748 4420 2237 4488; x_wconf 86' lang='lat' dir='ltr'><strong>rescribendum</strong></span> 
     </span>
     <span class='ocr_line' id='line_1_49' title="bbox 651 4509 2237 4577; baseline 0.003 -7"><span class='ocrx_word' id='word_1_273' title='bbox 651 4519 1080 4575; x_wconf 83' lang='lat' dir='ltr'><strong>censuerunt:</strong></span> <span class='ocrx_word' id='word_1_274' title='bbox 1129 4530 1168 4574; x_wconf 65' lang='grc' dir='ltr'><em>α</em></span> <span class='ocrx_word' id='word_1_275' title='bbox 1202 4516 1268 4576; x_wconf 88' lang='lat' dir='ltr'><strong>ln</strong></span> <span class='ocrx_word' id='word_1_276' title='bbox 1314 4510 1485 4575; x_wconf 89' lang='lat' dir='ltr'><strong>omni</strong></span> <span class='ocrx_word' id='word_1_277' title='bbox 1536 4528 1608 4575; x_wconf 90' lang='lat' dir='ltr'><strong>us</strong></span> <span class='ocrx_word' id='word_1_278' title='bbox 1655 4509 1828 4577; x_wconf 83' lang='lat' dir='ltr'><strong>iuxta</strong></span> <span class='ocrx_word' id='word_1_279' title='bbox 1860 4521 2085 4575; x_wconf 85' lang='lat' dir='ltr'><strong>votum</strong></span> <span class='ocrx_word' id='word_1_280' title='bbox 2117 4512 2237 4575; x_wconf 68' lang='lat' dir='ltr'><strong>hla-</strong></span> 
     </span>
     <span class='ocr_line' id='line_1_50' title="bbox 651 4591 1934 4678; baseline 0.004 -21"><span class='ocrx_word' id='word_1_281' title='bbox 651 4591 833 4678; x_wconf 87' lang='lat' dir='ltr'><strong>gistri</strong></span> <span class='ocrx_word' id='word_1_282' title='bbox 881 4598 1437 4665; x_wconf 88' lang='lat' dir='ltr'><strong>Caeremoniarum</strong></span> <span class='ocrx_word' id='word_1_283' title='bbox 1470 4613 1534 4678; x_wconf 81' lang='lat'><strong>»3</strong></span> <span class='ocrx_word' id='word_1_284' title='bbox 1584 4597 1934 4666; x_wconf 80' lang='lat' dir='ltr'><strong>videlicet:</strong></span> 
     </span>
    </p>

    <p class='ocr_par' dir='ltr' id='par_1_12' title="bbox 655 4684 2236 4860">
     <span class='ocr_line' id='line_1_51' title="bbox 781 4684 2236 4771; baseline 0.002 -22"><span class='ocrx_word' id='word_1_285' title='bbox 781 4684 877 4752; x_wconf 91' lang='lat' dir='ltr'><strong>Ad</strong></span> <span class='ocrx_word' id='word_1_286' title='bbox 926 4689 972 4751; x_wconf 91' lang='lat' dir='ltr'><strong>l.</strong></span> <span class='ocrx_word' id='word_1_287' title='bbox 1024 4707 1062 4749; x_wconf 63' lang='grc' dir='ltr'>ι</span> <span class='ocrx_word' id='word_1_288' title='bbox 1095 4685 1514 4771; x_wconf 74' lang='lat' dir='ltr'><strong>Affirmative,</strong></span> <span class='ocrx_word' id='word_1_289' title='bbox 1562 4688 1909 4756; x_wconf 86' lang='lat' dir='ltr'><strong>accedente</strong></span> <span class='ocrx_word' id='word_1_290' title='bbox 1938 4685 2236 4755; x_wconf 91' lang='lat' dir='ltr'><strong>mandato</strong></span> 
     </span>
     <span class='ocr_line' id='line_1_52' title="bbox 655 4769 1051 4860; baseline 0.008 -23"><span class='ocrx_word' id='word_1_291' title='bbox 655 4769 1051 4860; x_wconf 81' lang='lat' dir='ltr'><strong>Episcopi».</strong></span> 
     </span>
    </p>

    <p class='ocr_par' dir='ltr' id='par_1_13' title="bbox 651 4863 2234 5042">
     <span class='ocr_line' id='line_1_53' title="bbox 786 4863 2234 4952; baseline 0.003 -24"><span class='ocrx_word' id='word_1_292' title='bbox 786 4863 880 4930; x_wconf 85' lang='lat' dir='ltr'><strong>Ad</strong></span> <span class='ocrx_word' id='word_1_293' title='bbox 931 4867 1010 4930; x_wconf 76' lang='lat'><strong>11.</strong></span> <span class='ocrx_word' id='word_1_294' title='bbox 1054 4885 1093 4929; x_wconf 65' lang='grc' dir='ltr'><em>α</em></span> <span class='ocrx_word' id='word_1_295' title='bbox 1129 4864 1569 4943; x_wconf 76' lang='lat' dir='ltr'><strong>Affirmative3</strong></span> <span class='ocrx_word' id='word_1_296' title='bbox 1643 4877 1712 4932; x_wconf 91' lang='lat' dir='ltr'><strong>ut</strong></span> <span class='ocrx_word' id='word_1_297' title='bbox 1778 4864 1855 4931; x_wconf 94' lang='lat' dir='ltr'><strong>ad</strong></span> <span class='ocrx_word' id='word_1_298' title='bbox 1924 4864 2234 4952; x_wconf 89' lang='lat' dir='ltr'><strong>primum,</strong></span> 
     </span>
     <span class='ocr_line' id='line_1_54' title="bbox 651 4947 1996 5042; baseline 0.006 -30"><span class='ocrx_word' id='word_1_299' title='bbox 651 4947 825 5018; x_wconf 80' lang='lat' dir='ltr'><strong>iuxta</strong></span> <span class='ocrx_word' id='word_1_300' title='bbox 869 4953 1350 5020; x_wconf 76' lang='lat' dir='ltr'><strong>caeremoniale</strong></span> <span class='ocrx_word' id='word_1_301' title='bbox 1395 4953 1857 5042; x_wconf 84' lang='lat' dir='ltr'><strong>Episcoporum</strong></span> <span class='ocrx_word' id='word_1_302' title='bbox 1891 4952 1996 5020; x_wconf 76' lang='lat'><strong>».&#39;</strong></span> 
     </span>
    </p>

    <p class='ocr_par' dir='ltr' id='par_1_14' title="bbox 784 5041 1641 5110">
     <span class='ocr_line' id='line_1_55' title="bbox 784 5041 1641 5110; baseline 0.002 -4"><span class='ocrx_word' id='word_1_303' title='bbox 784 5041 880 5109; x_wconf 85' lang='lat' dir='ltr'><strong>Ad</strong></span> <span class='ocrx_word' id='word_1_304' title='bbox 927 5045 1028 5108; x_wconf 90' lang='lat'><strong>111.</strong></span> <span class='ocrx_word' id='word_1_305' title='bbox 1079 5064 1118 5108; x_wconf 65' lang='grc' dir='ltr'><em>α</em></span> <span class='ocrx_word' id='word_1_306' title='bbox 1152 5041 1546 5110; x_wconf 76' lang='lat' dir='ltr'><strong>Affirmative</strong></span> <span class='ocrx_word' id='word_1_307' title='bbox 1579 5063 1641 5109; x_wconf 79' lang='lat'><strong>».</strong></span> 
     </span>
    </p>

    <p class='ocr_par' dir='ltr' id='par_1_15' title="bbox 783 5129 1647 5200">
     <span class='ocr_line' id='line_1_56' title="bbox 783 5129 1647 5200; baseline 0.003 -5"><span class='ocrx_word' id='word_1_308' title='bbox 783 5129 880 5196; x_wconf 90' lang='lat' dir='ltr'><strong>Ad</strong></span> <span class='ocrx_word' id='word_1_309' title='bbox 928 5131 1034 5195; x_wconf 82' lang='lat' dir='ltr'><strong>IV.</strong></span> <span class='ocrx_word' id='word_1_310' title='bbox 1083 5153 1122 5197; x_wconf 65' lang='grc' dir='ltr'><em>α</em></span> <span class='ocrx_word' id='word_1_311' title='bbox 1156 5130 1548 5200; x_wconf 83' lang='lat' dir='ltr'><strong>Affirmative</strong></span> <span class='ocrx_word' id='word_1_312' title='bbox 1583 5153 1647 5198; x_wconf 80' lang='lat'><strong>».</strong></span> 
     </span>
    </p>

    <p class='ocr_par' dir='ltr' id='par_1_16' title="bbox 783 5219 2239 5303">
     <span class='ocr_line' id='line_1_57' title="bbox 783 5219 2239 5303; baseline 0.003 -21"><span class='ocrx_word' id='word_1_313' title='bbox 783 5219 880 5284; x_wconf 92' lang='lat' dir='ltr'><strong>Ad</strong></span> <span class='ocrx_word' id='word_1_314' title='bbox 927 5222 1004 5286; x_wconf 80' lang='lat' dir='ltr'><strong>V.</strong></span> <span class='ocrx_word' id='word_1_315' title='bbox 1057 5241 1095 5284; x_wconf 72' lang='grc' dir='ltr'>ι</span> <span class='ocrx_word' id='word_1_316' title='bbox 1128 5219 1544 5303; x_wconf 76' lang='lat' dir='ltr'><strong>Affirmative,</strong></span> <span class='ocrx_word' id='word_1_317' title='bbox 1581 5222 1753 5288; x_wconf 81' lang='lat' dir='ltr'><strong>iuxta</strong></span> <span class='ocrx_word' id='word_1_318' title='bbox 1800 5225 2143 5289; x_wconf 85' lang='lat' dir='ltr'><strong>Decretum</strong></span> <span class='ocrx_word' id='word_1_319' title='bbox 2175 5220 2239 5287; x_wconf 91' lang='lat' dir='ltr'><strong>in</strong></span> 
     </span>
    </p>
   </div>
   <div class='ocr_carea' id='block_1_10' title="bbox 794 5413 1429 5493">
    <p class='ocr_par' dir='ltr' id='par_1_17' title="bbox 794 5413 1429 5493">
     <span class='ocr_line' id='line_1_58' title="bbox 794 5413 1429 5493; baseline -0.008 -19"><span class='ocrx_word' id='word_1_320' title='bbox 794 5413 876 5493; x_wconf 79' lang='grc' dir='ltr'><strong>(ι)</strong></span> <span class='ocrx_word' id='word_1_321' title='bbox 915 5416 975 5473; x_wconf 77' lang='lat' dir='ltr'><strong>u.</strong></span> <span class='ocrx_word' id='word_1_322' title='bbox 1014 5416 1156 5474; x_wconf 76' lang='lat' dir='ltr'><strong>nub.</strong></span> <span class='ocrx_word' id='word_1_323' title='bbox 1194 5415 1235 5471; x_wconf 93' lang='lat'><strong>1.</strong></span> <span class='ocrx_word' id='word_1_324' title='bbox 1272 5424 1328 5472; x_wconf 70' lang='lat' dir='ltr'><strong>et</strong></span> <span class='ocrx_word' id='word_1_325' title='bbox 1363 5415 1429 5471; x_wconf 84' lang='lat'><strong>11.</strong></span> 
     </span>
    </p>
   </div>
   <div class='ocr_carea' id='block_1_11' title="bbox 2339 437 3890 528">
    <p class='ocr_par' dir='ltr' id='par_1_18' title="bbox 2339 437 3890 528">
     <span class='ocr_line' id='line_1_59' title="bbox 2339 437 3890 528; baseline -0.001 -20"><span class='ocrx_word' id='word_1_326' title='bbox 2339 460 2462 508; x_wconf 84' lang='lat' dir='ltr'><strong>una</strong></span> <span class='ocrx_word' id='word_1_327' title='bbox 2522 438 2984 528; x_wconf 73' lang='lat' dir='ltr'><strong>portugallien.</strong></span> <span class='ocrx_word' id='word_1_328' title='bbox 3041 439 3118 507; x_wconf 87' lang='lat' dir='ltr'><strong>ad</strong></span> <span class='ocrx_word' id='word_1_329' title='bbox 3183 440 3336 508; x_wconf 90' lang='lat' dir='ltr'><strong>dub.</strong></span> <span class='ocrx_word' id='word_1_330' title='bbox 3390 446 3469 524; x_wconf 80' lang='lat'><strong>3,</strong></span> <span class='ocrx_word' id='word_1_331' title='bbox 3517 437 3645 508; x_wconf 92' lang='lat' dir='ltr'><strong>diei</strong></span> <span class='ocrx_word' id='word_1_332' title='bbox 3693 443 3761 506; x_wconf 84' lang='grc'><strong>17</strong></span> <span class='ocrx_word' id='word_1_333' title='bbox 3802 443 3890 507; x_wconf 88' lang='lat' dir='ltr'><strong>Se-</strong></span> 
     </span>
    </p>
   </div>
   <div class='ocr_carea' id='block_1_12' title="bbox 2336 528 2972 619">
    <p class='ocr_par' dir='ltr' id='par_1_19' title="bbox 2336 528 2972 619">
     <span class='ocr_line' id='line_1_60' title="bbox 2336 528 2972 619; baseline -0.003 -23"><span class='ocrx_word' id='word_1_334' title='bbox 2336 528 2656 619; x_wconf 86' lang='lat' dir='ltr'><strong>ptembris</strong></span> <span class='ocrx_word' id='word_1_335' title='bbox 2710 532 2877 596; x_wconf 73' lang='lat'><strong>1785</strong></span> <span class='ocrx_word' id='word_1_336' title='bbox 2910 551 2972 594; x_wconf 82' lang='lat'><strong>›.</strong></span> 
     </span>
    </p>
   </div>
   <div class='ocr_carea' id='block_1_13' title="bbox 2338 617 3895 1058">
    <p class='ocr_par' dir='ltr' id='par_1_20' title="bbox 2338 617 3895 883">
     <span class='ocr_line' id='line_1_61' title="bbox 2469 617 3892 685; baseline -0.001 0"><span class='ocrx_word' id='word_1_337' title='bbox 2469 617 2562 685; x_wconf 84' lang='lat' dir='ltr'><strong>Ad</strong></span> <span class='ocrx_word' id='word_1_338' title='bbox 2612 619 2717 685; x_wconf 76' lang='grc' dir='ltr'><strong>Ἦ.</strong></span> <span class='ocrx_word' id='word_1_339' title='bbox 2770 638 2808 681; x_wconf 73' lang='grc' dir='ltr'>ι</span> <span class='ocrx_word' id='word_1_340' title='bbox 2840 620 2960 684; x_wconf 84' lang='lat' dir='ltr'><strong>Per</strong></span> <span class='ocrx_word' id='word_1_341' title='bbox 2990 618 3508 684; x_wconf 76' lang='lat' dir='ltr'><strong>Anniversarium</strong></span> <span class='ocrx_word' id='word_1_342' title='bbox 3555 617 3892 685; x_wconf 83' lang='lat' dir='ltr'><strong>Translatio-</strong></span> 
     </span>
     <span class='ocr_line' id='line_1_62' title="bbox 2338 704 3895 785; baseline -0.001 -14"><span class='ocrx_word' id='word_1_343' title='bbox 2338 705 2432 771; x_wconf 86' lang='lat' dir='ltr'><strong>nis</strong></span> <span class='ocrx_word' id='word_1_344' title='bbox 2465 704 2623 772; x_wconf 81' lang='lat' dir='ltr'><strong>nibil</strong></span> <span class='ocrx_word' id='word_1_345' title='bbox 2657 705 2904 772; x_wconf 85' lang='lat' dir='ltr'><strong>detrahi</strong></span> <span class='ocrx_word' id='word_1_346' title='bbox 2937 705 3389 785; x_wconf 75' lang='lat' dir='ltr'><strong>Anniversario</strong></span> <span class='ocrx_word' id='word_1_347' title='bbox 3434 705 3895 773; x_wconf 83' lang='lat' dir='ltr'><strong>consecrationis</strong></span> 
     </span>
     <span class='ocr_line' id='line_1_63' title="bbox 2345 793 2742 883; baseline 0.003 -24"><span class='ocrx_word' id='word_1_348' title='bbox 2345 793 2641 883; x_wconf 84' lang='lat' dir='ltr'><strong>Episcopi</strong></span> <span class='ocrx_word' id='word_1_349' title='bbox 2676 813 2742 860; x_wconf 80' lang='lat'><strong>».</strong></span> 
     </span>
    </p>

    <p class='ocr_par' dir='ltr' id='par_1_21' title="bbox 2476 882 3365 950">
     <span class='ocr_line' id='line_1_64' title="bbox 2476 882 3365 950; baseline 0.003 -3"><span class='ocrx_word' id='word_1_350' title='bbox 2476 883 2571 948; x_wconf 90' lang='lat' dir='ltr'><strong>Ad</strong></span> <span class='ocrx_word' id='word_1_351' title='bbox 2619 885 2753 949; x_wconf 83' lang='lat' dir='ltr'><strong>Vll.</strong></span> <span class='ocrx_word' id='word_1_352' title='bbox 2804 903 2843 945; x_wconf 71' lang='lat' dir='ltr'><strong>c</strong></span> <span class='ocrx_word' id='word_1_353' title='bbox 2877 882 3269 950; x_wconf 81' lang='lat' dir='ltr'><strong>Affirmative</strong></span> <span class='ocrx_word' id='word_1_354' title='bbox 3303 909 3365 950; x_wconf 65' lang='grc' dir='ltr'><strong>ν.</strong></span> 
     </span>
    </p>

    <p class='ocr_par' dir='ltr' id='par_1_22' title="bbox 2472 970 3279 1058">
     <span class='ocr_line' id='line_1_65' title="bbox 2472 970 3279 1058; baseline 0.002 -21"><span class='ocrx_word' id='word_1_355' title='bbox 2472 970 2585 1037; x_wconf 87' lang='lat' dir='ltr'><strong>Die</strong></span> <span class='ocrx_word' id='word_1_356' title='bbox 2640 973 2719 1037; x_wconf 89' lang='grc'><strong>14</strong></span> <span class='ocrx_word' id='word_1_357' title='bbox 2763 972 3034 1058; x_wconf 76' lang='lat' dir='ltr'><strong>Augusti</strong></span> <span class='ocrx_word' id='word_1_358' title='bbox 3085 975 3279 1039; x_wconf 71' lang='grc'><strong>1858.</strong></span> 
     </span>
    </p>
   </div>
   <div class='ocr_carea' id='block_1_14' title="bbox 2344 1110 3894 1204">
    <p class='ocr_par' dir='ltr' id='par_1_23' title="bbox 2344 1110 3894 1204">
     <span class='ocr_line' id='line_1_66' title="bbox 2344 1110 3894 1204; baseline 0 -26"><span class='ocrx_word' id='word_1_359' title='bbox 2344 1110 2603 1180; x_wconf 78' lang='grc'><strong>3079.</strong></span> <span class='ocrx_word' id='word_1_360' title='bbox 2800 1115 3103 1181; x_wconf 59' lang='lat' dir='ltr'><strong>nouus</strong></span> <span class='ocrx_word' id='word_1_361' title='bbox 3150 1115 3461 1204; x_wconf 70' lang='lat' dir='ltr'><strong>ALBANJ.</strong></span> <span class='ocrx_word' id='word_1_362' title='bbox 3704 1113 3894 1199; x_wconf 70' lang='lat'><strong>(5275)</strong></span> 
     </span>
    </p>
   </div>
   <div class='ocr_carea' id='block_1_15' title="bbox 2339 1235 3903 5303">
    <p class='ocr_par' dir='ltr' id='par_1_24' title="bbox 2343 1235 3897 1590">
     <span class='ocr_line' id='line_1_67' title="bbox 2473 1235 3894 1323; baseline -0.001 -21"><span class='ocrx_word' id='word_1_363' title='bbox 2473 1239 2668 1302; x_wconf 79' lang='lat' dir='ltr'><strong>Rmus</strong></span> <span class='ocrx_word' id='word_1_364' title='bbox 2714 1235 3068 1323; x_wconf 85' lang='lat' dir='ltr'><strong>Episcopus</strong></span> <span class='ocrx_word' id='word_1_365' title='bbox 3098 1236 3416 1304; x_wconf 81' lang='lat' dir='ltr'><strong>Dioecesis</strong></span> <span class='ocrx_word' id='word_1_366' title='bbox 3451 1236 3676 1304; x_wconf 67' lang='lat' dir='ltr'><strong>Montis</strong></span> <span class='ocrx_word' id='word_1_367' title='bbox 3711 1235 3894 1302; x_wconf 83' lang='lat' dir='ltr'><strong>Albani</strong></span> 
     </span>
     <span class='ocr_line' id='line_1_68' title="bbox 2343 1323 3897 1411; baseline 0 -22"><span class='ocrx_word' id='word_1_368' title='bbox 2343 1323 2407 1390; x_wconf 90' lang='lat' dir='ltr'><strong>in</strong></span> <span class='ocrx_word' id='word_1_369' title='bbox 2454 1323 2669 1391; x_wconf 85' lang='lat' dir='ltr'><strong>Galliis</strong></span> <span class='ocrx_word' id='word_1_370' title='bbox 2714 1324 2791 1391; x_wconf 90' lang='lat' dir='ltr'><strong>ab</strong></span> <span class='ocrx_word' id='word_1_371' title='bbox 2838 1324 2952 1392; x_wconf 90' lang='lat' dir='ltr'><strong>hac</strong></span> <span class='ocrx_word' id='word_1_372' title='bbox 2996 1327 3067 1391; x_wconf 84' lang='lat' dir='ltr'><strong>S.</strong></span> <span class='ocrx_word' id='word_1_373' title='bbox 3119 1328 3207 1391; x_wconf 77' lang='lat' dir='ltr'><strong>R..</strong></span> <span class='ocrx_word' id='word_1_374' title='bbox 3240 1327 3313 1392; x_wconf 95' lang='lat' dir='ltr'><strong>c.</strong></span> <span class='ocrx_word' id='word_1_375' title='bbox 3358 1326 3766 1411; x_wconf 83' lang='lat' dir='ltr'><strong>sequentium</strong></span> <span class='ocrx_word' id='word_1_376' title='bbox 3804 1327 3897 1389; x_wconf 89' lang='lat' dir='ltr'><strong>du-</strong></span> 
     </span>
     <span class='ocr_line' id='line_1_69' title="bbox 2343 1412 3897 1502; baseline -0.001 -23"><span class='ocrx_word' id='word_1_377' title='bbox 2343 1412 2594 1480; x_wconf 89' lang='lat' dir='ltr'><strong>biorum</strong></span> <span class='ocrx_word' id='word_1_378' title='bbox 2641 1412 3139 1480; x_wconf 78' lang='lat' dir='ltr'><strong>declarationem</strong></span> <span class='ocrx_word' id='word_1_379' title='bbox 3186 1413 3593 1502; x_wconf 84' lang='lat' dir='ltr'><strong>supplicibus</strong></span> <span class='ocrx_word' id='word_1_380' title='bbox 3621 1412 3778 1479; x_wconf 78' lang='lat' dir='ltr'><strong>votis</strong></span> <span class='ocrx_word' id='word_1_381' title='bbox 3814 1412 3897 1477; x_wconf 78' lang='lat' dir='ltr'><strong>in—</strong></span> 
     </span>
     <span class='ocr_line' id='line_1_70' title="bbox 2344 1499 3181 1590; baseline 0.002 -24"><span class='ocrx_word' id='word_1_382' title='bbox 2344 1500 2650 1590; x_wconf 76' lang='lat' dir='ltr'><strong>ploravit3</strong></span> <span class='ocrx_word' id='word_1_383' title='bbox 2702 1499 3043 1567; x_wconf 87' lang='lat' dir='ltr'><strong>nimirum:</strong></span> <span class='ocrx_word' id='word_1_384' title='bbox 3085 1501 3181 1590; x_wconf 88' lang='grc'><strong>(1)</strong></span> 
     </span>
    </p>

    <p class='ocr_par' dir='ltr' id='par_1_25' title="bbox 2340 1588 3903 2982">
     <span class='ocr_line' id='line_1_71' title="bbox 2474 1588 3894 1677; baseline -0.001 -20"><span class='ocrx_word' id='word_1_385' title='bbox 2474 1589 2748 1657; x_wconf 85' lang='lat' dir='ltr'><strong>Dubium</strong></span> <span class='ocrx_word' id='word_1_386' title='bbox 2784 1593 2842 1658; x_wconf 81' lang='lat'><strong>1.</strong></span> <span class='ocrx_word' id='word_1_387' title='bbox 2893 1591 3121 1656; x_wconf 88' lang='lat' dir='ltr'><strong>Utrum</strong></span> <span class='ocrx_word' id='word_1_388' title='bbox 3166 1588 3520 1676; x_wconf 85' lang='lat' dir='ltr'><strong>probibitio</strong></span> <span class='ocrx_word' id='word_1_389' title='bbox 3552 1589 3894 1677; x_wconf 81' lang='lat' dir='ltr'><strong>Nuptiarum</strong></span> 
     </span>
     <span class='ocr_line' id='line_1_72' title="bbox 2344 1677 3897 1766; baseline -0.001 -23"><span class='ocrx_word' id='word_1_390' title='bbox 2344 1688 2637 1764; x_wconf 88' lang='lat' dir='ltr'><strong>tempore</strong></span> <span class='ocrx_word' id='word_1_391' title='bbox 2682 1677 3013 1745; x_wconf 76' lang='lat' dir='ltr'><strong>Adventus</strong></span> <span class='ocrx_word' id='word_1_392' title='bbox 3060 1689 3126 1747; x_wconf 89' lang='lat' dir='ltr'><strong>et</strong></span> <span class='ocrx_word' id='word_1_393' title='bbox 3169 1677 3700 1766; x_wconf 84' lang='lat' dir='ltr'><strong>Quadragesimae</strong></span> <span class='ocrx_word' id='word_1_394' title='bbox 3746 1677 3897 1745; x_wconf 88' lang='lat' dir='ltr'><strong>intel·</strong></span> 
     </span>
     <span class='ocr_line' id='line_1_73' title="bbox 2343 1764 3895 1866; baseline 0.001 -35"><span class='ocrx_word' id='word_1_395' title='bbox 2343 1765 2453 1851; x_wconf 86' lang='lat' dir='ltr'><strong>ligi</strong></span> <span class='ocrx_word' id='word_1_396' title='bbox 2504 1776 2749 1832; x_wconf 87' lang='lat' dir='ltr'><strong>tantum</strong></span> <span class='ocrx_word' id='word_1_397' title='bbox 2809 1764 3042 1831; x_wconf 88' lang='lat' dir='ltr'><strong>debeat</strong></span> <span class='ocrx_word' id='word_1_398' title='bbox 3100 1765 3185 1833; x_wconf 86' lang='lat' dir='ltr'><strong>de</strong></span> <span class='ocrx_word' id='word_1_399' title='bbox 3239 1765 3418 1832; x_wconf 71' lang='lat' dir='ltr'><strong>Missa</strong></span> <span class='ocrx_word' id='word_1_400' title='bbox 3529 1784 3602 1833; x_wconf 84' lang='lat' dir='ltr'><strong>ro</strong></span> <span class='ocrx_word' id='word_1_401' title='bbox 3650 1765 3895 1866; x_wconf 81' lang='lat' dir='ltr'><strong>sponsis,</strong></span> 
     </span>
     <span class='ocr_line' id='line_1_74' title="bbox 2341 1787 3899 1942; baseline -0.001 -24"><span class='ocrx_word' id='word_1_402' title='bbox 2341 1873 2410 1920; x_wconf 89' lang='lat' dir='ltr'><strong>ac</strong></span> <span class='ocrx_word' id='word_1_403' title='bbox 2443 1855 2525 1921; x_wconf 89' lang='lat' dir='ltr'><strong>de</strong></span> <span class='ocrx_word' id='word_1_404' title='bbox 2559 1853 2859 1942; x_wconf 89' lang='lat' dir='ltr'><strong>precibus</strong></span> <span class='ocrx_word' id='word_1_405' title='bbox 2904 1872 3022 1941; x_wconf 87' lang='lat' dir='ltr'><strong>pro</strong></span> <span class='ocrx_word' id='word_1_406' title='bbox 3055 1854 3436 1922; x_wconf 89' lang='lat' dir='ltr'><strong>nubentium</strong></span> <span class='ocrx_word' id='word_1_407' title='bbox 3482 1787 3899 1922; x_wconf 59' lang='lat' dir='ltr'><strong>genedictione</strong></span> 
     </span>
     <span class='ocr_line' id='line_1_75' title="bbox 2344 1941 3897 2032; baseline -0.001 -26"><span class='ocrx_word' id='word_1_408' title='bbox 2344 1941 2406 2007; x_wconf 89' lang='lat' dir='ltr'><strong>in</strong></span> <span class='ocrx_word' id='word_1_409' title='bbox 2456 1941 2678 2009; x_wconf 72' lang='lat' dir='ltr'><strong>missali</strong></span> <span class='ocrx_word' id='word_1_410' title='bbox 2725 1942 2983 2029; x_wconf 85' lang='lat' dir='ltr'><strong>positis;</strong></span> <span class='ocrx_word' id='word_1_411' title='bbox 3031 1962 3110 2008; x_wconf 93' lang='lat' dir='ltr'><strong>an</strong></span> <span class='ocrx_word' id='word_1_412' title='bbox 3156 1941 3366 2032; x_wconf 88' lang='lat' dir='ltr'><strong>ipsum</strong></span> <span class='ocrx_word' id='word_1_413' title='bbox 3416 1944 3612 2009; x_wconf 87' lang='lat' dir='ltr'><strong>etiam</strong></span> <span class='ocrx_word' id='word_1_414' title='bbox 3672 1942 3897 2028; x_wconf 83' lang='lat' dir='ltr'><strong>attingat</strong></span> 
     </span>
     <span class='ocr_line' id='line_1_76' title="bbox 2342 2029 3899 2117; baseline -0.001 -22"><span class='ocrx_word' id='word_1_415' title='bbox 2342 2029 2847 2116; x_wconf 78' lang='lat' dir='ltr'><strong>Matrimonium,</strong></span> <span class='ocrx_word' id='word_1_416' title='bbox 2904 2031 3076 2117; x_wconf 87' lang='lat' dir='ltr'><strong>quod</strong></span> <span class='ocrx_word' id='word_1_417' title='bbox 3132 2049 3294 2100; x_wconf 88' lang='lat' dir='ltr'><strong>-cum</strong></span> <span class='ocrx_word' id='word_1_418' title='bbox 3351 2031 3503 2097; x_wconf 89' lang='lat' dir='ltr'><strong>solis</strong></span> <span class='ocrx_word' id='word_1_419' title='bbox 3574 2032 3899 2098; x_wconf 86' lang='lat' dir='ltr'><strong>celebratur</strong></span> 
     </span>
     <span class='ocr_line' id='line_1_77' title="bbox 2340 2115 3897 2218; baseline -0.003 -34"><span class='ocrx_word' id='word_1_420' title='bbox 2340 2118 2757 2218; x_wconf 83' lang='lat' dir='ltr'><strong>caeremoniis</strong></span> <span class='ocrx_word' id='word_1_421' title='bbox 2817 2131 2882 2186; x_wconf 91' lang='lat' dir='ltr'><strong>et</strong></span> <span class='ocrx_word' id='word_1_422' title='bbox 2944 2118 3284 2207; x_wconf 86' lang='lat' dir='ltr'><strong>precibus,</strong></span> <span class='ocrx_word' id='word_1_423' title='bbox 3345 2138 3511 2205; x_wconf 86' lang='lat' dir='ltr'><strong>quae</strong></span> <span class='ocrx_word' id='word_1_424' title='bbox 3579 2120 3643 2186; x_wconf 92' lang='lat' dir='ltr'><strong>in</strong></span> <span class='ocrx_word' id='word_1_425' title='bbox 3704 2115 3897 2187; x_wconf 76' lang='lat' dir='ltr'><strong>Rituali</strong></span> 
     </span>
     <span class='ocr_line' id='line_1_78' title="bbox 2342 2206 3900 2396; baseline -0.003 -34"><span class='ocrx_word' id='word_1_426' title='bbox 2342 2221 2758 2396; x_wconf 38' lang='grc' dir='ltr'><strong>Γῗρῗιιιῖῗιὶιιιιξ</strong></span> <span class='ocrx_word' id='word_1_427' title='bbox 2777 2206 2884 2363; x_wconf 53' lang='lat' dir='ltr'><strong>Pu·</strong></span> <span class='ocrx_word' id='word_1_428' title='bbox 2953 2303 3084 2382; x_wconf 84' lang='lat' dir='ltr'><strong>An,</strong></span> <span class='ocrx_word' id='word_1_429' title='bbox 3147 2296 3318 2396; x_wconf 38' lang='lat' dir='ltr'><strong>facta·</strong></span> <span class='ocrx_word' id='word_1_430' title='bbox 3368 2315 3490 2385; x_wconf 90' lang='lat' dir='ltr'><strong>per</strong></span> <span class='ocrx_word' id='word_1_431' title='bbox 3548 2296 3900 2384; x_wconf 85' lang='lat' dir='ltr'><strong>Episcopum</strong></span> 
     </span>
     <span class='ocr_line' id='line_1_79' title="bbox 2345 2384 3899 2471; baseline -0.001 -19"><span class='ocrx_word' id='word_1_432' title='bbox 2345 2386 2599 2452; x_wconf 72' lang='lat' dir='ltr'><strong>lucentia</strong></span> <span class='ocrx_word' id='word_1_433' title='bbox 2668 2384 3084 2453; x_wconf 88' lang='lat' dir='ltr'><strong>contrahendi</strong></span> <span class='ocrx_word' id='word_1_434' title='bbox 3144 2384 3617 2451; x_wconf 73' lang='lat' dir='ltr'><strong>Matrimonium</strong></span> <span class='ocrx_word' id='word_1_435' title='bbox 3688 2396 3899 2471; x_wconf 87' lang='lat' dir='ltr'><strong>tempo·</strong></span> 
     </span>
     <span class='ocr_line' id='line_1_80' title="bbox 2340 2471 3901 2554; baseline -0.001 -16"><span class='ocrx_word' id='word_1_436' title='bbox 2340 2471 2515 2539; x_wconf 91' lang='lat' dir='ltr'><strong>ribus</strong></span> <span class='ocrx_word' id='word_1_437' title='bbox 2563 2493 2594 2537; x_wconf 90' lang='lat' dir='ltr'><strong>a</strong></span> <span class='ocrx_word' id='word_1_438' title='bbox 2644 2477 2708 2541; x_wconf 88' lang='lat' dir='ltr'><strong>S.</strong></span> <span class='ocrx_word' id='word_1_439' title='bbox 2747 2473 3031 2539; x_wconf 89' lang='lat' dir='ltr'><strong>Concilio</strong></span> <span class='ocrx_word' id='word_1_440' title='bbox 3076 2472 3450 2540; x_wconf 85' lang='lat' dir='ltr'><strong>Tridentino</strong></span> <span class='ocrx_word' id='word_1_441' title='bbox 3497 2472 3741 2554; x_wconf 82' lang='lat' dir='ltr'><strong>vetitis,</strong></span> <span class='ocrx_word' id='word_1_442' title='bbox 3786 2490 3901 2537; x_wconf 87' lang='lat' dir='ltr'><strong>ceu-</strong></span> 
     </span>
     <span class='ocr_line' id='line_1_81' title="bbox 2340 2559 3901 2649; baseline -0.001 -22"><span class='ocrx_word' id='word_1_443' title='bbox 2340 2571 2555 2627; x_wconf 87' lang='lat' dir='ltr'><strong>seatur</strong></span> <span class='ocrx_word' id='word_1_444' title='bbox 2601 2562 2787 2627; x_wconf 87' lang='lat' dir='ltr'><strong>etiam</strong></span> <span class='ocrx_word' id='word_1_445' title='bbox 2837 2560 3141 2649; x_wconf 89' lang='lat' dir='ltr'><strong>permissa</strong></span> <span class='ocrx_word' id='word_1_446' title='bbox 3190 2559 3554 2628; x_wconf 85' lang='lat' dir='ltr'><strong>benedictio</strong></span> <span class='ocrx_word' id='word_1_447' title='bbox 3589 2559 3901 2646; x_wconf 84' lang='lat' dir='ltr'><strong>coniugum</strong></span> 
     </span>
     <span class='ocr_line' id='line_1_82' title="bbox 2341 2647 3903 2737; baseline -0.003 -21"><span class='ocrx_word' id='word_1_448' title='bbox 2341 2669 2461 2737; x_wconf 88' lang='lat' dir='ltr'><strong>per</strong></span> <span class='ocrx_word' id='word_1_449' title='bbox 2491 2667 2719 2735; x_wconf 89' lang='lat' dir='ltr'><strong>preces</strong></span> <span class='ocrx_word' id='word_1_450' title='bbox 2751 2661 2817 2715; x_wconf 88' lang='lat' dir='ltr'><strong>et</strong></span> <span class='ocrx_word' id='word_1_451' title='bbox 2849 2649 3166 2734; x_wconf 85' lang='lat' dir='ltr'><strong>orationes</strong></span> <span class='ocrx_word' id='word_1_452' title='bbox 3203 2649 3269 2714; x_wconf 87' lang='lat' dir='ltr'><strong>in</strong></span> <span class='ocrx_word' id='word_1_453' title='bbox 3313 2649 3494 2715; x_wconf 70' lang='lat' dir='ltr'><strong>Missa</strong></span> <span class='ocrx_word' id='word_1_454' title='bbox 3522 2667 3647 2735; x_wconf 88' lang='lat' dir='ltr'><strong>pro</strong></span> <span class='ocrx_word' id='word_1_455' title='bbox 3680 2647 3903 2737; x_wconf 82' lang='lat' dir='ltr'><strong>Sponsis</strong></span> 
     </span>
     <span class='ocr_line' id='line_1_83' title="bbox 2342 2734 3901 2824; baseline -0.004 -20"><span class='ocrx_word' id='word_1_456' title='bbox 2342 2735 2726 2805; x_wconf 75' lang='lat' dir='ltr'><strong>contentas?</strong></span> <span class='ocrx_word' id='word_1_457' title='bbox 2772 2741 2849 2803; x_wconf 88' lang='lat' dir='ltr'><strong>Et</strong></span> <span class='ocrx_word' id='word_1_458' title='bbox 2881 2747 3198 2824; x_wconf 88' lang='lat' dir='ltr'><strong>quatenus</strong></span> <span class='ocrx_word' id='word_1_459' title='bbox 3235 2734 3572 2824; x_wconf 75' lang='lat' dir='ltr'><strong>negative:</strong></span> <span class='ocrx_word' id='word_1_460' title='bbox 3612 2740 3707 2803; x_wconf 84' lang='lat' dir='ltr'><strong>Au</strong></span> <span class='ocrx_word' id='word_1_461' title='bbox 3739 2734 3901 2823; x_wconf 82' lang='lat' dir='ltr'><strong>possit</strong></span> 
     </span>
     <span class='ocr_line' id='line_1_84' title="bbox 2343 2824 3902 2982; baseline -0.004 -90"><span class='ocrx_word' id='word_1_462' title='bbox 2343 2824 2695 2982; x_wconf 58' lang='lat' dir='ltr'><strong>Episcppus</strong></span> <span class='ocrx_word' id='word_1_463' title='bbox 2750 2826 2813 2892; x_wconf 89' lang='lat' dir='ltr'><strong>in</strong></span> <span class='ocrx_word' id='word_1_464' title='bbox 2870 2845 3015 2892; x_wconf 85' lang='lat' dir='ltr'><strong>casu</strong></span> <span class='ocrx_word' id='word_1_465' title='bbox 3074 2843 3215 2892; x_wconf 88' lang='lat' dir='ltr'><strong>eam</strong></span> <span class='ocrx_word' id='word_1_466' title='bbox 3277 2824 3649 2892; x_wconf 80' lang='lat' dir='ltr'><strong>facultatem</strong></span> <span class='ocrx_word' id='word_1_467' title='bbox 3710 2841 3902 2890; x_wconf 84' lang='lat' dir='ltr'><strong>conce·</strong></span> 
     </span>
     <span class='ocr_line' id='line_1_85' title="bbox 2342 2914 2502 2982; baseline 0.006 -1"><span class='ocrx_word' id='word_1_468' title='bbox 2342 2914 2502 2982; x_wconf 91' lang='lat' dir='ltr'><strong>dere</strong></span> 
     </span>
    </p>

    <p class='ocr_par' dir='ltr' id='par_1_26' title="bbox 2339 3000 3903 3355">
     <span class='ocr_line' id='line_1_86' title="bbox 2473 3000 3903 3090; baseline -0.003 -20"><span class='ocrx_word' id='word_1_469' title='bbox 2473 3003 2848 3070; x_wconf 85' lang='lat' dir='ltr'><strong>Huiusmodi</strong></span> <span class='ocrx_word' id='word_1_470' title='bbox 2916 3022 3109 3090; x_wconf 90' lang='lat' dir='ltr'><strong>porro</strong></span> <span class='ocrx_word' id='word_1_471' title='bbox 3167 3000 3381 3070; x_wconf 87' lang='lat' dir='ltr'><strong>dubiis</strong></span> <span class='ocrx_word' id='word_1_472' title='bbox 3442 3022 3564 3089; x_wconf 89' lang='lat' dir='ltr'><strong>per</strong></span> <span class='ocrx_word' id='word_1_473' title='bbox 3623 3000 3903 3069; x_wconf 77' lang='lat' dir='ltr'><strong>infrascri-</strong></span> 
     </span>
     <span class='ocr_line' id='line_1_87' title="bbox 2342 3088 3901 3180; baseline -0.004 -22"><span class='ocrx_word' id='word_1_474' title='bbox 2342 3102 2525 3180; x_wconf 90' lang='lat' dir='ltr'><strong>ptum</strong></span> <span class='ocrx_word' id='word_1_475' title='bbox 2559 3096 2986 3163; x_wconf 84' lang='lat' dir='ltr'><strong>Secretarlum</strong></span> <span class='ocrx_word' id='word_1_476' title='bbox 3014 3090 3260 3176; x_wconf 78' lang='lat' dir='ltr'><strong>relatis,</strong></span> <span class='ocrx_word' id='word_1_477' title='bbox 3310 3093 3375 3156; x_wconf 89' lang='lat' dir='ltr'><strong>S.</strong></span> <span class='ocrx_word' id='word_1_478' title='bbox 3410 3090 3826 3178; x_wconf 83' lang='lat' dir='ltr'><strong>congregatio</strong></span> <span class='ocrx_word' id='word_1_479' title='bbox 3854 3088 3901 3152; x_wconf 88' lang='lat' dir='ltr'><strong>in</strong></span> 
     </span>
     <span class='ocr_line' id='line_1_88' title="bbox 2339 3175 3900 3247; baseline -0.005 0"><span class='ocrx_word' id='word_1_480' title='bbox 2339 3179 2668 3247; x_wconf 74' lang='lat' dir='ltr'><strong>Ordinatio</strong></span> <span class='ocrx_word' id='word_1_481' title='bbox 2713 3184 2917 3247; x_wconf 90' lang='lat' dir='ltr'><strong>coetu</strong></span> <span class='ocrx_word' id='word_1_482' title='bbox 2956 3179 3032 3246; x_wconf 91' lang='lat' dir='ltr'><strong>ad</strong></span> <span class='ocrx_word' id='word_1_483' title='bbox 3068 3180 3437 3245; x_wconf 83' lang='lat' dir='ltr'><strong>Vaticanum</strong></span> <span class='ocrx_word' id='word_1_484' title='bbox 3484 3179 3791 3246; x_wconf 86' lang='lat' dir='ltr'><strong>hodierna</strong></span> <span class='ocrx_word' id='word_1_485' title='bbox 3816 3175 3900 3241; x_wconf 86' lang='lat' dir='ltr'><strong>die</strong></span> 
     </span>
     <span class='ocr_line' id='line_1_89' title="bbox 2343 3267 3459 3355; baseline -0.004 -20"><span class='ocrx_word' id='word_1_486' title='bbox 2343 3267 2580 3355; x_wconf 87' lang='lat' dir='ltr'><strong>habito,</strong></span> <span class='ocrx_word' id='word_1_487' title='bbox 2631 3267 3115 3335; x_wconf 87' lang='lat' dir='ltr'><strong>rescribendum</strong></span> <span class='ocrx_word' id='word_1_488' title='bbox 3165 3268 3459 3334; x_wconf 86' lang='lat' dir='ltr'><strong>censuit:</strong></span> 
     </span>
    </p>

    <p class='ocr_par' dir='ltr' id='par_1_27' title="bbox 2339 3354 3899 3620">
     <span class='ocr_line' id='line_1_90' title="bbox 2471 3354 3898 3444; baseline -0.002 -23"><span class='ocrx_word' id='word_1_489' title='bbox 2471 3356 2567 3422; x_wconf 91' lang='lat' dir='ltr'><strong>Ad</strong></span> <span class='ocrx_word' id='word_1_490' title='bbox 2608 3361 2654 3423; x_wconf 88' lang='lat'><strong>1.</strong></span> <span class='ocrx_word' id='word_1_491' title='bbox 2707 3378 2744 3420; x_wconf 68' lang='grc' dir='ltr'><strong>α</strong></span> <span class='ocrx_word' id='word_1_492' title='bbox 2777 3354 3196 3439; x_wconf 84' lang='lat' dir='ltr'><strong>Affirmative,</strong></span> <span class='ocrx_word' id='word_1_493' title='bbox 3230 3355 3310 3422; x_wconf 90' lang='lat' dir='ltr'><strong>ad</strong></span> <span class='ocrx_word' id='word_1_494' title='bbox 3342 3355 3613 3444; x_wconf 88' lang='lat' dir='ltr'><strong>primam</strong></span> <span class='ocrx_word' id='word_1_495' title='bbox 3646 3364 3898 3443; x_wconf 67' lang='lat' dir='ltr'><strong>partem</strong></span> 
     </span>
     <span class='ocr_line' id='line_1_91' title="bbox 2339 3441 3899 3530; baseline -0.006 -19"><span class='ocrx_word' id='word_1_496' title='bbox 2339 3444 2670 3530; x_wconf 74' lang='lat' dir='ltr'><strong>Negative,</strong></span> <span class='ocrx_word' id='word_1_497' title='bbox 2706 3444 2785 3513; x_wconf 85' lang='lat' dir='ltr'><strong>ad</strong></span> <span class='ocrx_word' id='word_1_498' title='bbox 2830 3443 3224 3523; x_wconf 88' lang='lat' dir='ltr'><strong>secundam;</strong></span> <span class='ocrx_word' id='word_1_499' title='bbox 3274 3443 3633 3510; x_wconf 91' lang='lat' dir='ltr'><strong>dummodo</strong></span> <span class='ocrx_word' id='word_1_500' title='bbox 3671 3441 3899 3510; x_wconf 86' lang='lat' dir='ltr'><strong>accedat</strong></span> 
     </span>
     <span class='ocr_line' id='line_1_92' title="bbox 2344 3532 2969 3620; baseline -0.005 -20"><span class='ocrx_word' id='word_1_501' title='bbox 2344 3533 2641 3620; x_wconf 87' lang='lat' dir='ltr'><strong>Episcopi</strong></span> <span class='ocrx_word' id='word_1_502' title='bbox 2689 3532 2874 3599; x_wconf 81' lang='lat' dir='ltr'><strong>venia</strong></span> <span class='ocrx_word' id='word_1_503' title='bbox 2907 3554 2969 3597; x_wconf 81' lang='lat'><strong>».</strong></span> 
     </span>
    </p>

    <p class='ocr_par' dir='ltr' id='par_1_28' title="bbox 2471 3619 3707 3708">
     <span class='ocr_line' id='line_1_93' title="bbox 2471 3619 3707 3708; baseline -0.004 -19"><span class='ocrx_word' id='word_1_504' title='bbox 2471 3621 2566 3689; x_wconf 85' lang='lat' dir='ltr'><strong>Ad</strong></span> <span class='ocrx_word' id='word_1_505' title='bbox 2614 3625 2687 3687; x_wconf 77' lang='grc' dir='ltr'><strong>ΙΙ.</strong></span> <span class='ocrx_word' id='word_1_506' title='bbox 2736 3642 2775 3686; x_wconf 80' lang='lat'><strong>«</strong></span> <span class='ocrx_word' id='word_1_507' title='bbox 2810 3619 3154 3708; x_wconf 84' lang='lat' dir='ltr'><strong>Negative,</strong></span> <span class='ocrx_word' id='word_1_508' title='bbox 3206 3620 3272 3686; x_wconf 91' lang='lat' dir='ltr'><strong>in</strong></span> <span class='ocrx_word' id='word_1_509' title='bbox 3316 3621 3610 3686; x_wconf 86' lang='lat' dir='ltr'><strong>omnibus</strong></span> <span class='ocrx_word' id='word_1_510' title='bbox 3645 3644 3707 3685; x_wconf 65' lang='lat' dir='ltr'><strong>r.</strong></span> 
     </span>
    </p>

    <p class='ocr_par' dir='ltr' id='par_1_29' title="bbox 2472 3708 3282 3799">
     <span class='ocr_line' id='line_1_94' title="bbox 2472 3708 3282 3799; baseline -0.001 -22"><span class='ocrx_word' id='word_1_511' title='bbox 2472 3710 2588 3777; x_wconf 88' lang='lat' dir='ltr'><strong>Die</strong></span> <span class='ocrx_word' id='word_1_512' title='bbox 2640 3713 2720 3777; x_wconf 91' lang='grc'><strong>14</strong></span> <span class='ocrx_word' id='word_1_513' title='bbox 2765 3708 3034 3799; x_wconf 78' lang='lat' dir='ltr'><strong>Augusti</strong></span> <span class='ocrx_word' id='word_1_514' title='bbox 3088 3713 3282 3776; x_wconf 70' lang='lat'><strong>1858.</strong></span> 
     </span>
    </p>

    <p class='ocr_par' dir='ltr' id='par_1_30' title="bbox 2344 3884 3896 3975">
     <span class='ocr_line' id='line_1_95' title="bbox 2344 3884 3896 3975; baseline -0.006 -14"><span class='ocrx_word' id='word_1_515' title='bbox 2344 3892 2613 3961; x_wconf 83' lang='lat'><strong>3080.</strong></span> <span class='ocrx_word' id='word_1_516' title='bbox 2960 3891 3319 3958; x_wconf 86' lang='lat' dir='ltr'><strong>BRIOCEN.</strong></span> <span class='ocrx_word' id='word_1_517' title='bbox 3705 3884 3896 3975; x_wconf 71' lang='lat'>(5276)</span> 
     </span>
    </p>

    <p class='ocr_par' dir='ltr' id='par_1_31' title="bbox 2340 4064 3898 5303">
     <span class='ocr_line' id='line_1_96' title="bbox 2474 4064 3898 4153; baseline -0.005 -18"><span class='ocrx_word' id='word_1_518' title='bbox 2474 4072 2669 4135; x_wconf 77' lang='lat' dir='ltr'><strong>Rmus</strong></span> <span class='ocrx_word' id='word_1_519' title='bbox 2747 4066 3029 4134; x_wconf 81' lang='lat' dir='ltr'><strong>Vicarius</strong></span> <span class='ocrx_word' id='word_1_520' title='bbox 3106 4065 3480 4153; x_wconf 87' lang='lat' dir='ltr'><strong>capitularis</strong></span> <span class='ocrx_word' id='word_1_521' title='bbox 3553 4064 3898 4131; x_wconf 81' lang='lat' dir='ltr'><strong>Dioeceseos</strong></span> 
     </span>
     <span class='ocr_line' id='line_1_97' title="bbox 2340 4148 3898 4243; baseline -0.006 -20"><span class='ocrx_word' id='word_1_522' title='bbox 2340 4157 2629 4223; x_wconf 88' lang='lat' dir='ltr'><strong>Briocen.</strong></span> <span class='ocrx_word' id='word_1_523' title='bbox 2683 4154 2981 4243; x_wconf 81' lang='lat' dir='ltr'><strong>exposuit</strong></span> <span class='ocrx_word' id='word_1_524' title='bbox 3022 4148 3171 4221; x_wconf 85' lang='lat' dir='ltr'><strong>huic</strong></span> <span class='ocrx_word' id='word_1_525' title='bbox 3219 4157 3284 4221; x_wconf 92' lang='lat' dir='ltr'><strong>S.</strong></span> <span class='ocrx_word' id='word_1_526' title='bbox 3332 4153 3481 4221; x_wconf 84' lang='lat' dir='ltr'><strong>Sodi</strong></span> <span class='ocrx_word' id='word_1_527' title='bbox 3527 4152 3898 4241; x_wconf 81' lang='lat' dir='ltr'><strong>Apostolicae</strong></span> 
     </span>
     <span class='ocr_line' id='line_1_98' title="bbox 2343 4241 3898 4313; baseline -0.005 -4"><span class='ocrx_word' id='word_1_528' title='bbox 2343 4246 2407 4311; x_wconf 92' lang='lat' dir='ltr'><strong>in</strong></span> <span class='ocrx_word' id='word_1_529' title='bbox 2451 4244 2825 4313; x_wconf 88' lang='lat' dir='ltr'><strong>calendario</strong></span> <span class='ocrx_word' id='word_1_530' title='bbox 2870 4243 3252 4310; x_wconf 88' lang='lat' dir='ltr'><strong>dioecesano</strong></span> <span class='ocrx_word' id='word_1_531' title='bbox 3297 4261 3459 4309; x_wconf 90' lang='lat' dir='ltr'><strong>anno</strong></span> <span class='ocrx_word' id='word_1_532' title='bbox 3512 4242 3682 4308; x_wconf 82' lang='grc'><strong>1847</strong></span> <span class='ocrx_word' id='word_1_533' title='bbox 3727 4241 3799 4307; x_wconf 88' lang='lat' dir='ltr'><strong>ab</strong></span> <span class='ocrx_word' id='word_1_534' title='bbox 3826 4257 3898 4302; x_wconf 87' lang='lat' dir='ltr'><strong>ea-</strong></span> 
     </span>
     <span class='ocr_line' id='line_1_99' title="bbox 2342 4325 3896 4419; baseline -0.006 -19"><span class='ocrx_word' id='word_1_535' title='bbox 2342 4333 2489 4401; x_wconf 86' lang='lat' dir='ltr'><strong>dem</strong></span> <span class='ocrx_word' id='word_1_536' title='bbox 2538 4335 2602 4399; x_wconf 91' lang='lat' dir='ltr'><strong>S.</strong></span> <span class='ocrx_word' id='word_1_537' title='bbox 2640 4333 2808 4400; x_wconf 91' lang='lat' dir='ltr'><strong>Sede</strong></span> <span class='ocrx_word' id='word_1_538' title='bbox 2854 4329 3226 4419; x_wconf 87' lang='lat' dir='ltr'><strong>approbato,</strong></span> <span class='ocrx_word' id='word_1_539' title='bbox 3277 4331 3383 4398; x_wconf 87' lang='lat' dir='ltr'><strong>die</strong></span> <span class='ocrx_word' id='word_1_540' title='bbox 3417 4332 3530 4398; x_wconf 74' lang='lat' dir='ltr'><strong>XV</strong></span> <span class='ocrx_word' id='word_1_541' title='bbox 3575 4329 3805 4415; x_wconf 87' lang='lat' dir='ltr'><strong>Aprilis</strong></span> <span class='ocrx_word' id='word_1_542' title='bbox 3831 4325 3896 4391; x_wconf 80' lang='lat' dir='ltr'><strong>al-</strong></span> 
     </span>
     <span class='ocr_line' id='line_1_100' title="bbox 2342 4418 3898 4487; baseline -0.006 0"><span class='ocrx_word' id='word_1_543' title='bbox 2342 4421 2543 4487; x_wconf 78' lang='lat' dir='ltr'><strong>lixum</strong></span> <span class='ocrx_word' id='word_1_544' title='bbox 2590 4419 2784 4487; x_wconf 77' lang='lat' dir='ltr'><strong>luisse</strong></span> <span class='ocrx_word' id='word_1_545' title='bbox 2834 4423 3090 4486; x_wconf 82' lang='lat' dir='ltr'><strong>Festum</strong></span> <span class='ocrx_word' id='word_1_546' title='bbox 3145 4418 3647 4486; x_wconf 82' lang='lat' dir='ltr'><strong>canonizationis</strong></span> <span class='ocrx_word' id='word_1_547' title='bbox 3696 4419 3759 4483; x_wconf 88' lang='lat' dir='ltr'><strong>S.</strong></span> <span class='ocrx_word' id='word_1_548' title='bbox 3798 4418 3898 4481; x_wconf 85' lang='lat' dir='ltr'><strong>Gu-</strong></span> 
     </span>
     <span class='ocr_line' id='line_1_101' title="bbox 2345 4503 3897 4601; baseline -0.003 -26"><span class='ocrx_word' id='word_1_549' title='bbox 2345 4510 2540 4576; x_wconf 92' lang='lat' dir='ltr'><strong>lielmi</strong></span> <span class='ocrx_word' id='word_1_550' title='bbox 2592 4507 2890 4596; x_wconf 90' lang='lat' dir='ltr'><strong>Episcopi</strong></span> <span class='ocrx_word' id='word_1_551' title='bbox 2944 4506 3325 4590; x_wconf 84' lang='lat' dir='ltr'><strong>Briocensis,</strong></span> <span class='ocrx_word' id='word_1_552' title='bbox 3374 4506 3545 4594; x_wconf 86' lang='lat' dir='ltr'><strong>quod</strong></span> <span class='ocrx_word' id='word_1_553' title='bbox 3592 4505 3659 4572; x_wconf 94' lang='lat' dir='ltr'><strong>in</strong></span> <span class='ocrx_word' id='word_1_554' title='bbox 3704 4503 3897 4601; x_wconf 67' lang='lat' dir='ltr'><strong>cathe-</strong></span> 
     </span>
     <span class='ocr_line' id='line_1_102' title="bbox 2342 4593 3898 4684; baseline -0.004 -20"><span class='ocrx_word' id='word_1_555' title='bbox 2342 4597 2500 4665; x_wconf 90' lang='lat' dir='ltr'><strong>drali</strong></span> <span class='ocrx_word' id='word_1_556' title='bbox 2548 4598 2644 4684; x_wconf 84' lang='lat' dir='ltr'><strong>agi</strong></span> <span class='ocrx_word' id='word_1_557' title='bbox 2695 4596 2891 4664; x_wconf 90' lang='lat' dir='ltr'><strong>debet</strong></span> <span class='ocrx_word' id='word_1_558' title='bbox 2921 4598 3048 4662; x_wconf 87' lang='lat' dir='ltr'><strong>ritu</strong></span> <span class='ocrx_word' id='word_1_559' title='bbox 3080 4594 3323 4682; x_wconf 90' lang='lat' dir='ltr'><strong>duplici</strong></span> <span class='ocrx_word' id='word_1_560' title='bbox 3368 4593 3689 4662; x_wconf 89' lang='lat' dir='ltr'><strong>secundae</strong></span> <span class='ocrx_word' id='word_1_561' title='bbox 3723 4593 3898 4661; x_wconf 76' lang='lat' dir='ltr'><strong>classe</strong></span> 
     </span>
     <span class='ocr_line' id='line_1_103' title="bbox 2344 4682 3898 4772; baseline -0.008 -19"><span class='ocrx_word' id='word_1_562' title='bbox 2344 4698 2411 4753; x_wconf 89' lang='lat' dir='ltr'><strong>et</strong></span> <span class='ocrx_word' id='word_1_563' title='bbox 2457 4686 2521 4752; x_wconf 92' lang='lat' dir='ltr'><strong>in</strong></span> <span class='ocrx_word' id='word_1_564' title='bbox 2557 4685 2842 4754; x_wconf 87' lang='lat' dir='ltr'><strong>Dioecesi</strong></span> <span class='ocrx_word' id='word_1_565' title='bbox 2890 4683 3019 4751; x_wconf 90' lang='lat' dir='ltr'><strong>ritu</strong></span> <span class='ocrx_word' id='word_1_566' title='bbox 3063 4684 3308 4772; x_wconf 91' lang='lat' dir='ltr'><strong>duplici</strong></span> <span class='ocrx_word' id='word_1_567' title='bbox 3358 4682 3616 4767; x_wconf 84' lang='lat' dir='ltr'><strong>maiori;</strong></span> <span class='ocrx_word' id='word_1_568' title='bbox 3669 4683 3898 4766; x_wconf 85' lang='lat' dir='ltr'><strong>insuper</strong></span> 
     </span>
     <span class='ocr_line' id='line_1_104' title="bbox 2342 4769 3895 4866; baseline -0.006 -26"><span class='ocrx_word' id='word_1_569' title='bbox 2342 4773 2408 4841; x_wconf 90' lang='lat' dir='ltr'><strong>in</strong></span> <span class='ocrx_word' id='word_1_570' title='bbox 2443 4775 2674 4842; x_wconf 90' lang='lat' dir='ltr'><strong>eodem</strong></span> <span class='ocrx_word' id='word_1_571' title='bbox 2719 4772 3094 4841; x_wconf 87' lang='lat' dir='ltr'><strong>Calendario</strong></span> <span class='ocrx_word' id='word_1_572' title='bbox 3130 4772 3428 4858; x_wconf 83' lang='lat' dir='ltr'><strong>sequenti</strong></span> <span class='ocrx_word' id='word_1_573' title='bbox 3458 4770 3566 4838; x_wconf 92' lang='lat' dir='ltr'><strong>die</strong></span> <span class='ocrx_word' id='word_1_574' title='bbox 3595 4774 3733 4839; x_wconf 78' lang='lat' dir='ltr'><strong>xv!</strong></span> <span class='ocrx_word' id='word_1_575' title='bbox 3762 4769 3895 4866; x_wconf 73' lang='lat' dir='ltr'><strong>eius-</strong></span> 
     </span>
     <span class='ocr_line' id='line_1_105' title="bbox 2345 4857 3895 4943; baseline -0.006 -12"><span class='ocrx_word' id='word_1_576' title='bbox 2345 4865 2495 4932; x_wconf 89' lang='lat' dir='ltr'><strong>dem</strong></span> <span class='ocrx_word' id='word_1_577' title='bbox 2521 4864 2754 4931; x_wconf 89' lang='lat' dir='ltr'><strong>mensis</strong></span> <span class='ocrx_word' id='word_1_578' title='bbox 2780 4880 3121 4930; x_wconf 90' lang='lat' dir='ltr'><strong>occurrere</strong></span> <span class='ocrx_word' id='word_1_579' title='bbox 3147 4865 3407 4928; x_wconf 81' lang='lat' dir='ltr'><strong>Festum</strong></span> <span class='ocrx_word' id='word_1_580' title='bbox 3432 4863 3500 4927; x_wconf 92' lang='lat' dir='ltr'><strong>S.</strong></span> <span class='ocrx_word' id='word_1_581' title='bbox 3518 4857 3761 4927; x_wconf 87' lang='lat' dir='ltr'><strong>Paterni</strong></span> <span class='ocrx_word' id='word_1_582' title='bbox 3786 4860 3895 4943; x_wconf 70' lang='lat' dir='ltr'><strong>Epi·</strong></span> 
     </span>
     <span class='ocr_line' id='line_1_106' title="bbox 2345 4948 3894 5040; baseline -0.007 -21"><span class='ocrx_word' id='word_1_583' title='bbox 2345 4953 2519 5040; x_wconf 86' lang='lat' dir='ltr'><strong>scopi</strong></span> <span class='ocrx_word' id='word_1_584' title='bbox 2564 4953 2684 5019; x_wconf 89' lang='lat' dir='ltr'><strong>sub</strong></span> <span class='ocrx_word' id='word_1_585' title='bbox 2728 4951 2856 5017; x_wconf 89' lang='lat' dir='ltr'><strong>ritu</strong></span> <span class='ocrx_word' id='word_1_586' title='bbox 2902 4949 3143 5035; x_wconf 88' lang='lat' dir='ltr'><strong>duplici</strong></span> <span class='ocrx_word' id='word_1_587' title='bbox 3192 4948 3437 5015; x_wconf 81' lang='lat' dir='ltr'><strong>maiori.</strong></span> <span class='ocrx_word' id='word_1_588' title='bbox 3477 4950 3682 5027; x_wconf 89' lang='lat' dir='ltr'><strong>Quum</strong></span> <span class='ocrx_word' id='word_1_589' title='bbox 3712 4953 3894 5012; x_wconf 80' lang='lat' dir='ltr'><strong>autem</strong></span> 
     </span>
     <span class='ocr_line' id='line_1_107' title="bbox 2344 5030 3895 5120; baseline -0.009 -13"><span class='ocrx_word' id='word_1_590' title='bbox 2344 5050 2643 5108; x_wconf 78' lang='lat' dir='ltr'><strong>vertente</strong></span> <span class='ocrx_word' id='word_1_591' title='bbox 2689 5039 2812 5107; x_wconf 86' lang='lat' dir='ltr'><strong>boc</strong></span> <span class='ocrx_word' id='word_1_592' title='bbox 2857 5057 3018 5105; x_wconf 84' lang='lat' dir='ltr'><strong>anno</strong></span> <span class='ocrx_word' id='word_1_593' title='bbox 3072 5041 3265 5120; x_wconf 73' lang='lat'><strong>1859,</strong></span> <span class='ocrx_word' id='word_1_594' title='bbox 3299 5038 3628 5104; x_wconf 86' lang='lat' dir='ltr'><strong>enunciata</strong></span> <span class='ocrx_word' id='word_1_595' title='bbox 3668 5034 3772 5103; x_wconf 87' lang='lat' dir='ltr'><strong>die</strong></span> <span class='ocrx_word' id='word_1_596' title='bbox 3809 5030 3895 5098; x_wconf 76' lang='lat' dir='ltr'><strong>XV</strong></span> 
     </span>
     <span class='ocr_line' id='line_1_108' title="bbox 2344 5125 3894 5216; baseline -0.008 -20"><span class='ocrx_word' id='word_1_597' title='bbox 2344 5128 2580 5216; x_wconf 81' lang='lat' dir='ltr'><strong>Aprilis</strong></span> <span class='ocrx_word' id='word_1_598' title='bbox 2641 5138 2935 5197; x_wconf 88' lang='lat' dir='ltr'><strong>occurrat</strong></span> <span class='ocrx_word' id='word_1_599' title='bbox 2992 5130 3250 5193; x_wconf 80' lang='lat' dir='ltr'><strong>Festum</strong></span> <span class='ocrx_word' id='word_1_600' title='bbox 3303 5128 3567 5214; x_wconf 89' lang='lat' dir='ltr'><strong>Septem</strong></span> <span class='ocrx_word' id='word_1_601' title='bbox 3626 5125 3894 5192; x_wconf 84' lang='lat' dir='ltr'><strong>Dolorum</strong></span> 
     </span>
     <span class='ocr_line' id='line_1_109' title="bbox 2346 5213 3895 5303; baseline -0.008 -20"><span class='ocrx_word' id='word_1_602' title='bbox 2346 5222 2417 5284; x_wconf 86' lang='lat' dir='ltr'><strong>B.</strong></span> <span class='ocrx_word' id='word_1_603' title='bbox 2450 5219 2531 5283; x_wconf 73' lang='lat' dir='ltr'><strong>M.</strong></span> <span class='ocrx_word' id='word_1_604' title='bbox 2570 5220 2677 5303; x_wconf 81' lang='lat' dir='ltr'><strong>V.,</strong></span> <span class='ocrx_word' id='word_1_605' title='bbox 2712 5228 2925 5284; x_wconf 82' lang='lat' dir='ltr'><strong>orator</strong></span> <span class='ocrx_word' id='word_1_606' title='bbox 2953 5214 3030 5281; x_wconf 88' lang='lat' dir='ltr'><strong>ab</strong></span> <span class='ocrx_word' id='word_1_607' title='bbox 3075 5215 3189 5282; x_wconf 89' lang='lat' dir='ltr'><strong>hac</strong></span> <span class='ocrx_word' id='word_1_608' title='bbox 3234 5216 3418 5282; x_wconf 85' lang='lat' dir='ltr'><strong>Sacra</strong></span> <span class='ocrx_word' id='word_1_609' title='bbox 3466 5213 3721 5280; x_wconf 82' lang='lat' dir='ltr'><strong>Rituum</strong></span> <span class='ocrx_word' id='word_1_610' title='bbox 3763 5213 3895 5277; x_wconf 79' lang='lat' dir='ltr'><strong>con·</strong></span> 
     </span>
    </p>
   </div>
  </div>
 </body>
</html>
