4042 5950
1985 264 2412 341 ...44-

564 429 628 483 et
687 438 845 517 voce
912 419 1290 485 informante
1357 421 1590 502 audita,
1652 420 2138 487 rescribendum

562 517 853 572 censmt:

693 592 787 659 Ad
841 599 901 659 1.
950 615 987 657 ‹
1022 594 1353 680 Negative,
1402 596 1480 662 ad
1528 595 1797 683 primam
1843 607 2133 683 partem3

561 681 976 765 Affirmative,
1025 681 1103 747 ad
1148 683 1496 750 secundam
1528 706 1589 748 ».

691 768 788 835 Ad
834 773 899 834 2.
948 789 989 833 ‹
1020 771 1328 836 Servetur
1374 775 1714 838 Decretum
1746 794 1778 838 a
1812 774 1895 839 ci.
1932 789 2134 839 mem.

560 856 749 922 Card.
798 854 1001 922 casini
1051 857 1297 923 editum
1340 877 1502 924 anno
1555 863 1724 925 1714
1756 881 1817 925 a.

691 944 1068 1012 Huiusmodi
1130 964 1286 1010 vero
1347 945 1725 1013 resolutioni
1772 944 2138 1032 Capitulum

559 1031 955 1098 Cathedralis
1000 1032 1262 1098 minime
1316 1031 1674 1118 acquievit,
1739 1044 1803 1099 et
1854 1032 2140 1119 quamvis

559 1119 759 1206 petita
804 1139 965 1185 nova
1012 1120 1331 1186 audientia
1384 1138 1589 1206 eaque
1634 1123 1893 1191 obtenta
1919 1169 1937 1202 ,
1986 1130 2140 1185 atta-

561 1224 710 1271 men
779 1206 843 1271 in
901 1207 1413 1294 repropositione
1481 1227 1704 1274 causae
1774 1226 2142 1295 comparere

562 1293 827 1360 minime
871 1294 1111 1378 voluit,
1158 1296 1275 1361 sed
1320 1295 1397 1361 ad
1446 1295 1801 1363 instantiam
1867 1294 2142 1380 Capituli

561 1381 948 1466 Collegiatae
993 1381 1229 1448 iterum
1301 1402 1482 1447 cansa
1538 1402 1736 1470 super
1800 1380 2143 1470 praedictis

560 1468 771 1535 dubiis
813 1469 1142 1556 proposita
1188 1468 1333 1534 fuit.
1928 1470 1943 1483 ”

694 1561 772 1622 Et
820 1560 883 1622 S.
938 1556 1163 1622 eadem
1209 1559 1284 1622 R.
1320 1559 1395 1624 c.
1440 1557 1517 1623 ad
1572 1557 1953 1625 relationem
2000 1555 2141 1622 Emi

563 1651 628 1706 et
673 1644 811 1711 limi
860 1647 937 1707 D.
984 1643 1172 1709 Card.
1222 1642 1513 1730 Belluga,
1561 1663 1679 1731 pro
1710 1649 1868 1710 Emo
1899 1643 2137 1710 Zonda-

560 1730 740 1796 dario
791 1732 1077 1813 absente,
1132 1730 1432 1816 inspectis
1470 1733 1922 1817 praerogativis
1969 1747 2140 1797 com·

436 1824 449 1839 ·
562 1817 930 1903 petentibus
983 1817 1275 1905 Capitulo
1332 1820 1655 1887 Ecclesiae
1724 1819 2141 1906 collegiatae,

560 1924 724 1988 quae
770 1925 853 1972 ex
899 1906 1240 1992 privilegio
1286 1906 1459 1971 Pauli
1504 1911 1578 1973 111
1624 1907 1688 1973 in
1720 1908 1943 1975 multis
1987 1924 2139 1992 gau·

560 1993 675 2058 det
717 1992 1073 2080 privilegiis
1138 1994 1685 2061 catbedralitatis:
1741 2016 1782 2060 ‹
1818 1994 2009 2063 Stetit
2072 1992 2138 2057 in

559 2080 828 2163 decisis,
898 2082 1103 2166 quoad
1174 2093 1558 2167 utrumque3
1631 2093 1697 2148 et
1763 2081 2036 2168 amplius
2072 2102 2134 2144 ».

564 2168 677 2233 Die
727 2172 806 2236 lo
852 2167 1085 2256 Aprilis
1137 2173 1331 2236 1728.

562 2306 822 2375 2288.
1099 2310 1612 2374 PLACENTINA.
1905 2309 2133 2395 (seso)

694 2433 864 2496 lnter
906 2430 1268 2516 Capitulum
1314 2441 1381 2496 et
1425 2431 1771 2498 canonicos
1814 2430 2136 2497 Ecclesiae

559 2517 952 2584 Catbedralis
1004 2521 1069 2585 S.
1121 2518 1392 2584 Iustinae
1452 2518 1732 2585 civitatis
1785 2517 2136 2584 Placentiae

562 2622 644 2669 ex
690 2623 839 2681 una,
886 2615 1078 2688 atque
1121 2605 1483 2689 Capitulum
1530 2615 1595 2670 et
1638 2606 1981 2671 canonicos
2020 2608 2138 2670 Ec-

563 2691 792 2756 clesiae
839 2692 1226 2776 collegiatae
1270 2695 1341 2757 S.
1376 2692 1673 2759 Antonini
1704 2692 1993 2758 eiusdem
2038 2691 2137 2757 ci-

564 2777 772 2843 vitatis
802 2779 1085 2863 partibus
1116 2799 1195 2845 ex
1226 2779 1451 2862 altera,
1482 2779 1637 2845 ortis
1684 2777 2139 2846 controversiis

566 2864 820 2948 illisqw
864 2865 942 2932 ad
992 2868 1058 2932 S.
1092 2871 1165 2932 R.
1202 2869 1275 2931 C.
1324 2866 1580 2949 delatis,
1614 2872 1809 2932 Emus
1849 2876 1916 2931 et
1938 2869 2134 2932 Rmus

564 2956 637 3020 D.
696 2954 887 3022 Card.
959 2955 1255 3022 Salernns
1324 2954 1794 3039 infrascriptum
1870 2952 2136 3022 dubium

560 3040 742 3141 inter.
778 3052 990 3129 partes
1019 3043 1475 3110 concordatum
1506 3041 1959 3109 declarandum
1988 3059 2134 3125 pro·

562 3141 813 3214 posunt:

691 3227 789 3286 An
819 3216 1114 3304 Magister
1145 3217 1702 3285 caeremoniarum
1720 3214 1995 3301 Capituli
2017 3217 2134 3279 Ec-

562 3304 794 3372 clesiae
840 3309 908 3372 S.
942 3304 1240 3372 Antonini
1285 3304 1638 3370 Placentiae
1682 3304 1986 3370 associare
2033 3320 2134 3366 va·

564 3394 691 3459 leat
747 3392 993 3459 dictum
1050 3393 1415 3477 Capitulum
1476 3409 1625 3457 cum
1670 3390 1887 3456 babitu
1942 3389 2134 3454 viola·

564 3498 679 3547 ceo
724 3489 789 3544 et
833 3498 983 3546 cum
1030 3479 1383 3563 gestatione
1430 3477 1675 3543 ferulae
1722 3476 1786 3541 in
1830 3476 1957 3542 illis
1986 3480 2134 3541 Pro·

563 3565 953 3633 cessionibus
994 3565 1271 3652 publicis
1310 3564 1675 3647 ceterisque
1707 3561 2137 3629 functionibus

562 3652 995 3741 generalibus,
1031 3652 1097 3718 in
1126 3652 1359 3736 quibus
1390 3650 1739 3718 intervenit
1775 3650 2138 3733 Capitulum

560 3740 886 3808 Ecclesiae
926 3736 1368 3807 Gathedralis'?
1410 3737 1508 3824 (1)

692 3831 774 3893 Et
815 3830 886 3893 S.
916 3831 994 3895 lt.
1021 3829 1124 3909 C.,
1172 3825 1318 3891 visis
1360 3823 1606 3891 iuribus
1652 3822 1799 3889 binc
1830 3821 1979 3888 inde
2025 3821 2137 3887 de-

560 3915 771 3983 ductis
818 3925 882 3979 et
930 3927 1056 3979 tam
1112 3913 1365 3998 scriptis
1418 3928 1607 3996 quam
1662 3927 1821 3976 voce
1864 3919 2132 3992 utraque

560 4014 740 4089 parte
786 4001 1169 4068 informante
1205 3999 1442 4083 andita,
1476 3997 1957 4063 rescribendum
1989 4014 2138 4060 cen-

560 4089 685 4157 suit
712 4114 732 4155 ε
779 4111 819 4152 a
850 4087 1196 4173 Negative3
1250 4100 1315 4153 et
1358 4085 1632 4172 amplius
1664 4106 1726 4149 ».
1780 4089 1857 4149 Et
1905 4083 1987 4148 ita
2022 4081 2134 4148 de·

560 4177 767 4244 crevit
792 4196 861 4242 ac
892 4174 1129 4243 servari
1163 4174 1509 4240 mandavit.
1544 4173 1657 4237 Die
1688 4176 1729 4238 3
1760 4170 1897 4237 lulii
1937 4172 2132 4235 1728.

560 4317 813 4388 2287.
1166 4312 1544 4376 ranismN.
1910 4307 2132 4394 (3983)

929 4398 1759 4468 rnasssxnmwmnnx.

688 4532 849 4594 cum
894 4526 961 4591 in
1004 4521 1285 4589 Ecclesia
1331 4517 1663 4601 collegiali
1698 4528 1761 4582 et
1794 4516 2135 4602 parochiali

562 4620 627 4682 S.
678 4614 921 4680 loannis
964 4612 1033 4678 in
1076 4614 1381 4676 Laterano
1426 4603 1707 4672 Civitatis
1754 4603 2132 4685 Parisiensis,

560 4701 739 4767 cuius
781 4701 1133 4766 animarum
1180 4715 1331 4762 cura
1374 4693 1551 4779 prius
1594 4713 1628 4757 a
1668 4692 1867 4757 tribus
1912 4690 2138 4755 Priori·

560 4787 679 4852 bns
722 4789 969 4851 curatis
1012 4791 1241 4851 loanne
1288 4780 1559 4866 Baptista
1590 4782 1895 4864 Hoysant,
1930 4780 2136 4842 liono-

560 4882 695 4937 rato
738 4872 975 4936 Marion
1018 4882 1085 4937 et
1130 4872 1457 4935 Francisco
1494 4871 1777 4951 Languet
1804 4864 2136 4947 Religiosis

558 4957 809 5026 Ordinis
832 4956 1351 5040 lerosolymitani,
1372 4955 1731 5019 alternatim
1757 4962 1821 5018 et
1846 4970 1964 5037 per
1986 4950 2138 5016 beb-

558 5045 859 5112 domadas
912 5043 1371 5120 exercebatur,
1420 5038 1747 5104 occasione
1804 5037 2140 5103 renuncia-

562 5132 749 5198 tionis
794 5149 915 5216 per
964 5128 1176 5214 ipsum
1235 5129 1517 5191 Fratrem
1578 5130 1871 5191 loannem
1930 5124 2134 5206 Bapti-

699 5318 1389 5396 (neumare-tt.

2232 430 2389 487 stam
2437 426 2714 510 Moysant
2758 425 3034 511 primum
3086 434 3150 489 et
3183 420 3614 506 antiquiorem
3645 419 3816 485 Prio-

2237 528 2374 575 rem
2417 514 2720 577 curatum
2791 512 2987 577 factae
3059 511 3278 597 vigore
3344 506 3742 575 Concordiae
3788 526 3821 570 a

2238 597 2490 662 Bailivo
2525 601 2768 665 floreae
2799 597 3108 685 praedicti
3151 595 3430 677 Ordinis,
3478 595 3600 661 sub
3639 594 3821 659 cuins

2238 682 2674 751 iurisdictione
2738 686 2902 752 dicta
2947 684 3230 751 Ecclesia
3290 681 3542 763 existit,
3593 699 3824 768 appro-

2237 770 2417 836 batae
2460 790 2653 858 super
2697 771 3022 839 nonnullis
3069 768 3632 857 praeeminentiis,
3683 769 3822 853 qui-

2238 856 2354 925 bus
2398 858 2606 925 dictus
2656 864 2932 947 Moysant
2964 871 3286 945 tamquam
3317 856 3569 944 primus
3601 866 3672 922 et
3717 874 3824 920 an-

2238 945 2471 1029 tiquior
2517 947 2582 1011 in
2625 949 3001 1035 receptione
3049 947 3113 1013 in
3157 946 3267 1011 illa
3313 943 3602 1010 Ecclesia
3649 944 3828 1009 frue-

2237 1031 2446 1114 batur,
2496 1033 2664 1100 inter
2709 1040 2993 1102 Fratrem
3038 1038 3428 1100 Honoratum
3471 1033 3719 1097 Marion
3765 1040 3829 1095 et

2235 1123 2518 1186 Fratrem
2565 1121 2968 1190 Franciscam
3013 1127 3302 1206 Languet
3331 1119 3583 1185 ratione
3629 1118 3828 1185 antia*-

2236 1206 2449 1272 nitatis
2492 1210 2734 1276 multae
2781 1220 3040 1275 exortae
3068 1208 3316 1275 fuerint
3349 1206 3833 1273 controversiae

2240 1303 2303 1358 et
2333 1295 2412 1361 ad
2438 1298 2505 1361 S.
2526 1300 2601 1363 R.
2621 1299 2692 1363 C.
2723 1308 2944 1383 postea
2975 1297 3265 1371 delatae;
3300 1298 3500 1360 Emus
3532 1306 3600 1358 et
3629 1298 3833 1361 Rmus

2238 1384 2310 1446 D.
2368 1383 2556 1449 card.
2620 1384 2704 1451 de
2755 1384 3048 1470 Polignac
3115 1387 3360 1449 Ponens
3425 1380 3836 1466 infrascripta

2238 1468 2430 1535 dubia
2495 1471 2664 1569 inter
2717 1482 2930 1557 partes
2997 1471 3376 1538 concordata
3443 1466 3834 1535 declaranda

2239 1574 2356 1639 pro
2447 1570 2619 1624 suit:

2359 1576 2444 1709 If.)
2495 1648 2585 1711 An
2656 1646 2928 1732 quilibet
2989 1666 3069 1712 ex
3128 1645 3378 1712 curatis
3444 1642 3836 1730 parochialis

2240 1731 2560 1798 Ecclesiae
2619 1736 2688 1799 S.
2750 1734 2993 1800 loannis
3037 1734 3104 1800 in
3162 1738 3476 1799 Laterano
3541 1729 3838 1798 Civitatis

2239 1818 2534 1884 Parisien.
2583 1822 2955 1887 alternative
2988 1831 3053 1887 et
3085 1840 3202 1907 per
3233 1817 3678 1885 hebdomadas
3728 1837 3838 1883 cn·

2236 1924 2342 1970 rae
2388 1907 2737 1974 animarum
2787 1908 3303 1975 incumbentibus
3335 1906 3464 1972 frui
3494 1904 3744 1972 debeat
3774 1905 3838 1969 in

2234 2012 2344 2058 sua
2392 1992 2787 2061 hebdomada
2834 1996 3128 2062 omnibns
3159 1993 3539 2077 bonoribus,
3575 2011 3838 2081 praero-

2236 2079 2462 2164 gativis
2509 2092 2572 2146 et
2633 2083 3150 2168 praeeminentiis
3206 2082 3536 2148 attributis
3602 2091 3676 2147 et
3729 2079 3840 2145 ad-

2237 2167 2420 2232 nexis
2465 2168 2656 2235 titulo
2701 2169 2970 2237 curati?

2368 2258 2434 2320 2.
2485 2258 2580 2322 An
2613 2258 2710 2322 ius
2742 2257 3096 2345 occupandi
3143 2258 3430 2345 primum
3465 2256 3743 2322 stallum
3775 2255 3841 2320 in

2235 2344 2442 2408 choro
2497 2346 2820 2411 Ecclesiae
2886 2345 3263 2432 parochialis
3322 2348 3390 2412 S.
3455 2344 3717 2411 loannis
3775 2342 3841 2408 in

2237 2434 2543 2496 Laterano
2614 2431 2899 2498 Civitatis
2971 2432 3306 2498 Parisiens.
3330 2479 3350 2514 ‚
3421 2431 3841 2518 recipiendi,

2234 2527 2382 2582 ante
2428 2517 2606 2602 alios,
2640 2519 2890 2585 nobiles
2935 2523 3244 2585 matronas
3276 2519 3740 2606 eleemosynas
3763 2518 3841 2585 ad

2234 2605 2574 2757 afflat
2613 2606 3712 2778 ¹3..‘3:;¹5¹:¹.?5⁰.¹1?5¹.';12⁰¹1¹.³55¹¹.‘3⁸
3721 2616 3844 2760 ⁸23²

2233 2778 2476 2843 tionem
2507 2778 2730 2845 subtus
2773 2781 3066 2847 eamdem
3113 2781 3517 2863 Ecclesiam,
3565 2801 3843 2870 compe·

2231 2875 2315 2930 tat
2341 2865 2650 2952 privative
2669 2870 2903 2934 Curato
2926 2868 3436 2934 hebdomadario
3471 2869 3838 2950 Ecclesiae,

2237 2952 2338 3018 vel
2387 2952 2599 3042 potius
2643 2958 2874 3021 Curato
2942 2956 3141 3042 magis
3205 2956 3464 3023 antiano
3511 2956 3582 3023 in
3653 2976 3842 3024 rece·

2234 3040 2457 3194 ptione
2504 3053 2568 3107 et
2613 3042 3175 3125 conventualitate,
3224 3044 3521 3128 quamvis
3575 3062 3714 3110 non
3760 3045 3844 3110 sit

2280 3128 2821 3195 ebdomadarius?

2365 3220 2430 3281 3.
2481 3217 2576 3281 An
2636 3227 2915 3300 uterque
2959 3220 3229 3283 curatus
3275 3229 3582 3284 teneatur
3631 3219 3842 3286 inter·

2233 3321 2373 3368 esse
2403 3303 2634 3369 Officiis
2659 3302 2918 3385 divinis,
2955 3314 3082 3368 tam
3127 3303 3193 3370 in
3241 3324 3354 3370 sua
3399 3324 3598 3390 quam
3651 3319 3840 3373 extra

2232 3408 2409 3454 suam
2455 3388 2974 3456 hebdomadam?

2366 3478 2430 3540 4.
2479 3478 2572 3541 An
2629 3475 2816 3541 liceat
2873 3475 3058 3542 dictis
3124 3478 3378 3543 curatis
3445 3480 3514 3545 in
3581 3481 3842 3546 actibus

2232 3563 2764 3629 concernentibus
2829 3566 3060 3629 curam
3107 3564 3308 3630 alium
3351 3566 3475 3632 sibi
3523 3587 3840 3654 arrogare

2235 3650 2493 3716 titulum
2538 3667 2727 3734 quam
2773 3651 3004 3715 Prioris
3051 3650 3316 3717 curati?

2367 3739 2448 3801 Et
2492 3739 2556 3802 S.
2592 3741 2666 3802 R.
2702 3739 2804 3818 c.,
2849 3736 3136 3822 partibus
3183 3749 3314 3804 tam
3343 3739 3605 3827 scriptis
3637 3761 3839 3827 qnam

2233 3842 2394 3888 voce
2462 3822 2946 3888 informantibus
3011 3825 3244 3891 auditis
3312 3826 3602 3911 visisque
3681 3830 3840 3894 iuri-

2233 3908 2352 3975 bus
2397 3908 2544 3974 hinc
2590 3909 2738 3974 inde
2784 3909 3106 3992 deductis»,
3137 3912 3644 3982 rescribendum
3676 3936 3838 3983 cen·

2235 3996 2404 4062 suit:

2364 4082 2457 4148 Ad
2511 4086 2570 4147 1.
2622 4103 2659 4145 ‹
2693 4081 3085 4149 Affirmative
3119 4106 3184 4149 ι.

2363 4169 2456 4234 Λᾶ
2505 4173 2570 4234 2.
2622 4190 2659 4232 ‹
2691 4172 3076 4255 competere
3107 4174 3430 4240 Honorato
3462 4177 3742 4260 Marion,
3773 4179 3840 4245 in

2235 4276 2377 4322 casu
2425 4256 2508 4322 de
2551 4274 2680 4341 quo
2725 4275 2758 4319 a
2808 4257 2938 4320 itur
2966 4279 3034 4322 ι.

2363 4342 2459 4408 Ad
2504 4346 2569 4408 3.
2621 4363 2660 4402 ι
2693 4345 2742 4405 Δ
2813 4343 3088 4409 rmative
3121 4367 3186 4411 ι.

2339 4430 2458 4494 ‘Ad
2506 4432 2570 4494 t.
2621 4449 2660 4488 a
2693 4429 3043 4514 Negative3
3093 4445 3160 4497 et
3203 4436 3484 4521 amplius
3515 4438 3584 4504 in
3615 4442 3840 4508 omni-

2237 4521 2352 4583 bus
2385 4538 2450 4579 ›-

2366 4607 2442 4668 Et
2485 4602 2570 4666 ita
2600 4601 2886 4667 decrevit
2917 4623 2988 4667 ac
3012 4609 3254 4673 servari
3301 4612 3660 4680 mandavit.
3717 4615 3838 4683 Die

2241 4696 2315 4758 11
2364 4687 2726 4755 Decembris
2777 4692 2967 4755 1728.

2237 4828 2492 4900 2288.
2839 4830 3210 4896 rinnau.
3590 4841 3832 4928 (3988)

2361 4947 2584 5045 Habito
2629 4967 2702 5012 ex
2743 4957 2932 5045 parte·
2955 4949 3350 5032 nagistntns
3379 4958 3622 5045 Oppidi
3657 4967 3836 5031 Hur-

2239 5036 2458 5101 rovalh
2501 5038 2823 5099 Firmanae
2867 5037 3180 5100 Dioeoesis
3221 5041 3302 5105 ad
3345 5045 3412 5107 S.
3461 5048 3540 5110 R.
3575 5052 3656 5114 c.
3730 5071 3834 5116 re-

2237 5141 2424 5187 cursu
2469 5119 2768 5185 adversus
2811 5121 3176 5204 capitulum
3221 5128 3552 5196 Ecclesiae
3607 5137 3834 5203 colle—
