4042 5950
2123 275 2594 354 -196—

721 436 1022 503 facultate
1083 444 1301 501 utatur
1357 433 1475 499 sibi
1540 433 1813 515 tributa,
1878 432 2303 518 indulgendo,

721 523 1096 609 relaxando,
1146 522 1502 590 cunctando
1565 532 1630 587 et
1691 521 2045 606 tolerando,
2091 539 2174 587 ne
2221 538 2302 585 ex

720 612 898 678 Ritus
945 612 1295 678 mutatione
1343 610 1628 677 oriantur
1674 609 1991 694 scandala,
2049 608 2306 675 divisio·

720 720 863 786 nes,
910 696 1218 766 dissidia?

853 792 916 854 3.
950 790 1121 866 Quae
1155 786 1363 853 media
1408 784 1778 853 insinuanda
1809 784 1934 850 sint
1964 788 2126 850 Eme
2159 784 2305 871 Epi-

720 895 940 962 scop0‚
989 886 1060 942 ut
1103 877 1239 941 sine
1287 875 1698 941 contentione
1734 873 2152 958 disponantur
2187 892 2303 960 po-

721 965 858 1051 puli
908 963 1162 1030 illarum
1206 963 1643 1029 paroeciarum
1674 960 1751 1026 ad
1783 961 2304 1047 amplectendum

722 1052 941 1118 Ritum
984 1054 1360 1134 Romanum,
1394 1049 1805 1117 Ambrosiano
1851 1046 2164 1115 relicto?⁴
2193 1058 2202 1063 ’
2231 1058 2272 1066 “·

852 1144 934 1206 Et
994 1142 1059 1207 S.
1108 1146 1180 1207 R.
1232 1143 1332 1223 C.,
1383 1138 1695 1224 exquisita
1753 1136 1931 1221 prius
1990 1137 2303 1203 sententia

723 1229 999 1295 duorum
1064 1229 1517 1294 consultorum
1582 1226 2095 1309 Theologorum,
2157 1244 2306 1312 per·

725 1317 940 1404 pensis
969 1316 1288 1382 rationum
1336 1313 1682 1381 momentis
1728 1314 1872 1379 hinc
1922 1313 2070 1379 inde
2103 1314 2307 1380 dedu-

724 1406 875 1489 ctis,
935 1403 1275 1490 auditaque
1336 1403 1648 1469 relatione
1711 1401 1850 1468 Emi
1914 1412 1980 1467 et
2035 1403 2171 1467 Rmi
2227 1406 2300 1466 D.

723 1493 909 1559 Card.
983 1490 1122 1558 lulii
1199 1492 1426 1558 Mariae
1500 1491 1586 1556 de
1660 1487 1932 1558 Somalia
2008 1490 2301 1576 Episcopi

721 1580 957 1647 Ostien.
1011 1589 1077 1644 et
1124 1578 1467 1662 Velitern.,
1516 1579 1686 1645 Sacri
1744 1577 2015 1664 collegii
2073 1577 2303 1644 Decani

724 1670 1192 1751 Sacrorumque
1253 1667 1512 1733 Rituum
1577 1666 2063 1752 congregationi
2126 1671 2304 1732 Prae-

726 1753 909 1837 fecti,
957 1755 1207 1820 censuit
1270 1755 1797 1820 rescribendum:
1866 1774 1905 1816 ‹
1937 1758 2114 1820 luxta
2161 1763 2306 1820 vota

724 1842 1217 1923 Cumanorum,
1288 1854 1356 1908 et
1431 1842 1893 1907 consulendum
1923 1835 1933 1848 '
1964 1845 2158 1909 SSmo
2226 1841 2303 1907 ad

727 1940 1015 1996 mentem
1050 1951 1113 1995 ιν.
1166 1932 1338 1997 Mens
1397 1943 1611 1995 autem
1658 1940 1790 1995 est:
1856 1949 1892 1992 α
1925 1932 2103 2006 Quod
2157 1929 2309 1994 licet

727 2016 903 2082 Ritus
938 2018 1385 2084 Ambrosianus
1436 2017 1765 2084 laudabilis
1812 2029 1878 2081 et
1922 2016 2308 2083 rationabilis

722 2105 831 2187 sit,
883 2123 1028 2170 cum
1074 2116 1288 2172 tamen
1335 2107 1535 2190 magis
1590 2115 1899 2189 congruat
1953 2108 2306 2170 Romanum

726 2191 1036 2261 inducere
1082 2193 1147 2259 in
1194 2195 1500 2260 Paroeciis
1532 2212 1739 2280 nuper
1782 2191 1975 2257 unitis
2022 2192 2307 2260 Dioecesi

725 2280 1138 2359 Novariensi3
1189 2283 1336 2348 ideo
1382 2284 1449 2348 S.
1485 2284 1555 2348 C.
1594 2280 2040 2346 insinuandum
2088 2291 2308 2347 censet

726 2371 886 2435 Eme
918 2370 1225 2452 Antistiti,
1261 2379 1333 2435 ut
1364 2369 1593 2435 mediis
1622 2366 1948 2450 adhibitis,
1983 2386 2147 2452 quae
2177 2387 2306 2434 ma·

729 2455 826 2541 gis
858 2456 915 2521 ei
956 2467 1311 2545 opportuna
1358 2455 1776 2537 videbuntur,
1812 2457 1966 2537 quin
2001 2475 2307 2544 expresse

725 2545 1097 2629 praecipiat,
1144 2543 1404 2610 allicere
1454 2543 1667 2631 potius
1710 2547 1963 2610 studeat
2002 2544 2307 2610 Parochos

729 2640 793 2695 et
842 2630 1101 2719 plebem
1151 2631 1571 2719 praefatarum
1620 2632 2056 2697 paroeciarum
2097 2632 2174 2698 ad
2206 2632 2308 2698 Ri-

729 2727 865 2783 tum
889 2723 1238 2785 Romanum
1263 2719 1785 2804 amplectendum
1812 2741 1878 2783 ».
1911 2720 2028 2785 Die
2055 2724 2133 2786 31
2167 2724 2312 2786 Mar·

729 2807 799 2871 tii
838 2811 1035 2874 1821.

858 2898 1037 2961 Facta
1097 2905 1308 2961 autem
1371 2896 1452 2962 de
1521 2895 1880 2981 praemissis
1942 2915 2065 2984 per
2123 2896 2312 2963 infra-

727 2983 1033 3071 scriptum
1086 2984 1517 3053 secretarium
1564 2986 1675 3051 SS.
1714 2989 1785 3050 D.
1819 2987 1897 3052 N.
1949 2986 2305 3072 relatione3

728 3072 1036 3140 Sanctitas
1062 3076 1185 3140 Sua
1210 3073 1490 3160 benigne
1512 3071 1730 3138 annuit
1763 3074 1826 3137 in
1849 3074 2166 3140 omnibus.
2197 3075 2308 3141 Die

729 3166 767 3227 3
800 3159 1036 3248 Aprilis
1059 3165 1268 3249 ,1821.

732 3304 982 3374 2615.
1295 3306 1735 3372 sutuoNEN.
2080 3306 2308 3393 (4582)

858 3431 1175 3497 Matutiuis
1222 3432 1403 3497 Horis
1434 3432 1809 3499 solemniter
1857 3431 2202 3519 persolutis
2247 3430 2312 3499 in

726 3528 917 3584 nocte
976 3519 1323 3584 Nativitatis
1383 3518 1658 3602 Domini,
1716 3519 2312 3586 Reverendissimus

730 3605 1079 3692 Episcopus
1126 3606 1504 3672 Sulmoueu.
1538 3607 1603 3671 in
1634 3628 1747 3673 sua
1791 3607 2152 3674 cathedrali
2184 3607 2314 3693 pri·

728 3709 897 3756 mam
944 3689 1225 3756 celebrat
1265 3692 1508 3759 Missam
1556 3694 1986 3761 Pontificalem
2021 3696 2097 3761 ad
2124 3713 2314 3799 prae-

730 3779 1037 3863 scriptum
1076 3780 1566 3847 caeremonialis
1601 3783 2063 3869 Episcoporum
2097 3783 2209 3848 hb.
2245 3789 2311 3870 2,

730 3886 870 3953 cap.
907 3870 1021 3947 143
1057 3865 1295 3933 deinde
1320 3870 1589 3951 Laudes,
1617 3889 1778 3954 quae
1812 3879 1954 3956 post
1986 3871 2145 3937 hanc
2179 3873 2314 3938 Mis-

729 3971 862 4021 sam
908 3955 1041 4041 pari
1087 3955 1359 4022 solemni
1406 3956 1533 4022 ritu
1579 3958 1815 4023 cantari
1848 3956 2117 4042 debent,
2152 3971 2223 4027 ut
2254 3961 2316 4027 in

733 4042 1493 4128 eodem-Caeremonialis
1527 4044 1759 4130 capite,
1788 4046 1963 4111 iuxta
1994 4048 2320 4113 Ecclesiae
2365 4095 2374 4102 -

733 4130 902 4197 illius
945 4130 1271 4218 vigentem
1323 4133 1892 4211 consuetudinem,
1944 4134 2082 4200 sine
2130 4147 2317 4201 cantu

732 4240 765 4285 a
823 4220 1150 4287 eanonicis
1220 4221 1707 4308 persolvuntur,
1764 4232 2101 4308 postquam
2171 4222 2320 4311 Epi-

730 4326 995 4395 scopus,
1044 4307 1327 4380 absoluta
1388 4308 1599 4390 Missa,
1658 4311 2071 4397 Episcopium
2132 4330 2320 4399 repe-

734 4396 860 4461 tiit.
926 4397 1083 4463 Hinc
1148 4396 1501 4484 Episcopus
1556 4417 1588 4462 a
1649 4400 1713 4464 S.
1758 4401 1835 4464 R.
1882 4402 1951 4466 C.
2010 4399 2320 4467 declarari

731 4485 1123 4572 postulavitz

870 4578 934 4640 1.
983 4577 1078 4641 Au
1124 4574 1279 4641 haec
1327 4575 1729 4642 cousuetudo
1781 4577 2021 4642 servari
2071 4574 2323 4665 possit?

734 4673 799 4729 et
844 4674 1158 4748 quatenus
1187 4663 1509 4748 negative,

864 4756 931 4817 2.
980 4750 1324 4825 {lumiliter
1357 4750 1698 4838 supplicat,
1734 4753 1908 4837 quod
1938 4763 2176 4820 attenta
2210 4757 2321 4820 Ca-

736 4838 1042 4906 tbedialis
1087 4837 1407 4922 distantia,
1457 4839 1628 4905 horis
1674 4841 2003 4908 nocturnis
2048 4853 2114 4908 et
2159 4852 2320 4908 tem-

730 4945 892 5013 pore
938 4926 1243 5014 hyemali,
1292 4927 1618 4995 indultum
1663 4930 1742 4995 sit
1790 4930 2122 4997 canonicis
2150 4928 2322 4996 iuter

733 5014 1059 5080 Missurum
1114 5015 1417 5081 solemnia
1476 5017 1720 5084 Laudes
1779 5017 1914 5084 sine
1976 5029 2162 5085 cantu
2224 5037 2322 5083 so-

650 5154 655 5165 .
736 5102 931 5167 lemni
977 5102 1319 5185 alternare,
1368 5113 1560 5189 prout
1606 5105 1893 5173 creditur
1950 5122 2321 5173 concessum

736 5188 930 5257 tuisse
974 5188 1288 5275 aliquibus
1320 5191 1653 5276 Religiosis
1686 5202 1749 5257 et
1782 5193 2107 5276 Ecclesiis,
2143 5203 2208 5258 et
2243 5212 2320 5258 eo

738 5277 932 5345 modo
964 5277 1208 5344 Missam
1255 5279 1582 5363 complere
1615 5299 1741 5364 quo
1775 5280 1840 5344 in
1872 5281 2174 5366 vesperis
2207 5281 2317 5346 de-

736 5366 1055 5436 cantandis
1086 5364 1262 5431 Missa
1295 5364 1626 5453 perficitur
1656 5368 1721 5431 in
1752 5367 2018 5432 Sabbato
2057 5370 2312 5434 Sancto.

2535 434 2615 496 Et
2660 432 2845 497 Sacra
2889 430 3153 498 Rituum
3180 428 3633 514 congregatio,
3667 425 3928 513 exquisito

2402 517 2581 606 prius
2625 529 2776 584 voto
2822 519 3084 585 alterius
3130 537 3211 584 ex
3270 516 3772 604 Apostolicarum
3822 518 3930 581 Gae-

2406 606 2837 674 remoniarum
2895 606 3204 693 Magistris
3281 604 3520 691 scripto
3584 602 3823 669 reddito
3865 613 3932 689 ty·

2408 695 2631 783 pisque
2691 695 2984 782 vulgato,
3046 693 3514 782 perpensisque
3581 689 3840 777 regionis
3886 712 3970 782 ac³

2405 783 2802 870 tempestatis
2835 782 3076 868 rigore,
3110 801 3357 849 necnon
3390 778 3780 850 cathedralis
3807 777 3936 843 illius
3969 795 3970 848 ξ

2403 893 2434 936 a
2482 871 2749 938 civitate
2807 861 3127 952 distantia,
3177 870 3254 936 ad
3301 869 3684 956 relationem
3740 868 3857 932 Emi
3891 877 3936 929 et

2402 959 2542 1026 Rffii
2591 963 2662 1024 D.
2713 960 2902 1026 Card.
2929 959 3234 1045 ,Bardaxy
3279 955 3604 1039 Ponentis,
3639 954 3938 1020 rescriben-

2405 1048 2563 1113 dum
2610 1048 2905 1112 censuit:
2958 1068 2994 1109 α
3029 1047 3373 1131 Negative;
3407 1045 3526 1110 sed
3574 1041 3820 1109 attentis
3853 1061 3940 1128 pe·

2405 1134 2750 1201 culiaribus
2807 1133 3319 1216 circumstantiis,
3386 1132 3448 1198 in
3513 1150 3666 1196 casu
3721 1130 3797 1197 de
3844 1148 3939 1213 quo

2406 1223 2642 1309 agitur,
2692 1223 3150 1290 consulendum
3199 1220 3611 1288 Sanctissimo
3670 1237 3782 1306 pro
3821 1222 3941 1301 Ape

2404 1311 2625 1377 stolica
2672 1311 3144 1397 dispensatione
3191 1307 3497 1375 recitandi
3555 1307 3790 1373 Laudes
3841 1309 3940 1370 sine

2408 1410 2595 1465 cantu
2627 1408 2773 1486 post
2802 1400 3048 1465 Missam
3083 1421 3150 1464 ν.
3198 1396 3311 1462 Die
3345 1401 3421 1463 31
3461 1394 3667 1462 Martii
3705 1397 3871 1460 1821.
3969 1397 3970 1410 ’

2527 1491 2707 1553 Facta
2752 1498 2965 1553 autem
3015 1504 3136 1571 per
3183 1484 3661 1569 infrascriptum
3706 1485 3767 1548 S.
3799 1485 3862 1547 R.
3889 1483 3938 1546 C.

2411 1579 2605 1642 Secre
2616 1575 2842 1640 tarium
2865 1574 2951 1640 de
2975 1573 3336 1662 praemissis
3357 1574 3556 1638 SSffio
3573 1575 3648 1637 D.
3664 1574 3740 1637 N.
3758 1571 3850 1635 Pio
3869 1571 3941 1634 Vll

2410 1667 2595 1728 Pont.
2629 1665 2792 1728 Max.
2826 1663 3174 1728 relatione:
3212 1683 3250 1726 ι
3278 1661 3587 1726 Sanctitas
3621 1663 3766 1741 Sua,
3789 1667 3942 1723 atten-

2413 1753 2490 1816 tis
2536 1751 2866 1837 expositis,
2904 1751 2965 1815 in
2995 1770 3139 1816 casu
3173 1751 3256 1816 de
3288 1767 3414 1833 quo
3447 1749 3687 1834 agitur,
3721 1745 3945 1831 benigne

2411 1839 2629 1906 anuuit
2687 1855 2803 1924 pro
2868 1839 3066 1922 gratia
3131 1838 3622 1922 dispensationis
3672 1858 3735 1900 s.
3792 1834 3887 1899 Die
3920 1837 3970 1896 :l¹

2412 1927 2646 2013 Aprilis
2698 1930 2892 1993 1821.

2413 2068 2663 2138 2616.
2702 2047 3252 2136 nEsoLU'rlo'Nis
3297 2068 3721 2135 homonum.
3766 2063 3944 2148 (4583)

2548 2192 2673 2257 Etsi
2724 2211 2802 2258 ex
2850 2192 3215 2258 Venerabili
3261 2191 3590 2259 Ecclesiae
3637 2187 3970 2255 Traditione‘

2412 2279 2608 2345 relata
2656 2284 2810 2367 Cap.
2864 2280 3130 2345 Sabbata
3184 2283 3288 2364 13,
3339 2280 3485 2346 dist.
3541 2283 3610 2362 3,
3655 2278 3731 2343 de
3775 2279 3948 2340 Gom·

2412 2371 2730 2443 oratione,
2782 2386 3031 2434 necnon
3081 2387 3160 2433 ex
3207 2368 3283 2433 iis
3327 2386 3492 2453 quae
3543 2387 3662 2455 per
3709 2368 3970 2433 Summos.

2414 2455 2748 2522 Pontifices
2807 2456 3214 2522 Clementem
3258 2459 3342 2522 Xl
3401 2460 3679 2522 Decreto
3733 2450 3852 2518 diei
3895 2453 3970 2512 45³

2414 2543 2614 2609 Martii
2667 2547 2860 2624 1712,
2911 2563 2979 2609 ac
3031 2545 3452 2611 Benedictum
3497 2547 3641 2611 XIV
3687 2543 3750 2608 in
3798 2553 3948 2625 opere

2413 2633 2498 2698 de
2544 2631 2864 2699 Sacrificio
2912 2631 3153 2716 Missae,
3202 2641 3434 2699 statuta
3478 2643 3669 2715 sunt,
3717 2639 3872 2695 certa
3907 2633 3950 2686 el

2413 2731 2702 2786 constans
2760 2722 2980 2808 regula
3039 2733 3345 2807 exurgat,
3403 2722 3666 2806 quinam
3720 2716 3818 2782 vel
3871 2716 3951 2778 Fe·

2413 2809 2501 2874 ria
2535 2811 2587 2875 V
2619 2809 2683 2874 in
2730 2812 2936 2875 Coena
2984 2809 3255 2893 Domini,
3307 2809 3371 2875 in
3420 2827 3544 2894 qua
3591 2809 3788 2895 prima
3815 2819 3970 2886 reco-¹

2415 2898 2570 2963 litor
2627 2897 3093 2964 Eucharisticae
3159 2915 3416 2962 mensae
3482 2895 3825 2977 institutio,
3877 2887 3952 2952 vel

2411 2986 2679 3053 Sabbato
2711 2990 2941 3053 Sancto
2974 2985 3343 3074 primordiis
3374 2986 3744 3053 Dominicae
3769 2986 3970 3047 Resur-¹

2415 3074 2959 3156 rectionis‘sacro,
3014 3075 3260 3140 Missam
3321 3073 3654 3141 celebrare
3711 3070 3970 3136 valeant:¹

2413 3164 2531 3229 etsi
2589 3168 2861 3229 Decrcto
2914 3162 3065 3228 dato
3115 3163 3236 3229 sub
3289 3162 3398 3229 die
3446 3167 3525 3230 21
3577 3158 3778 3227 Martii
3826 3155 3952 3221 1711

2362 3252 2382 3273 ·
2416 3252 2508 3338 (in
2554 3257 2936 3338 Bergomen.
2971 3251 3047 3316 ad
3104 3252 3164 3337 1)
3215 3262 3471 3318 cautum
3524 3251 3752 3331 fuerit,
3793 3241 3951 3311 unde-

2415 3360 2559 3407 nam
2620 3339 2966 3406 inchoanda
3025 3340 3106 3405 sit
3166 3339 3342 3404 Missa
3389 3341 3467 3406 ab
3511 3339 3826 3427 Episcopo
3874 3326 3949 3417 qui

2417 3431 2648 3497 eodem
2696 3428 2962 3495 Sabbato
3011 3433 3237 3496 Sancto
3265 3427 3743 3495 ordinationem
3775 3424 3950 3492 habeat

2413 3514 2478 3583 in
2511 3516 2863 3584 domestico
2908 3516 3204 3583 Sacello:
3255 3515 3372 3581 etsi
3419 3516 3711 3599 demum,
3749 3532 3822 3580 ex
3908 3525 3954 3569 e·

2417 3606 2554 3671 ciali
2611 3605 2879 3673 Rubrica
2923 3604 3095 3671 illius
3157 3604 3286 3669 diei
3343 3613 3407 3668 et
3459 3623 3541 3670 ex
3598 3598 3952 3690 generalius

2417 3693 2705 3760 Rubricis
2748 3693 3128 3760 pontificalis
3171 3692 3456 3776 Romani,
3507 3703 3690 3758 corto
3747 3694 3956 3755 eruatur

2419 3801 2727 3869 quaenam
2766 3783 3071 3849 servanda
3118 3780 3244 3846 sint
3301 3780 3364 3847 in
3408 3779 3814 3847 ordinatione
3854 3784 3952 3839 tum

2421 3870 2827 3953 subdiaconi,
2876 3880 3014 3937 tum
3061 3870 3199 3934 eius
3244 3869 3351 3955 qui
3399 3870 3476 3936 ad
3522 3867 3953 3955 presbyteratus

2416 3960 2728 4026 honorem
2759 3959 3180 4025 assumendus
3226 3967 3357 4036 est;
3405 3958 3758 4024 nonnullae
3788 3964 3951 4017 tamen

2420 4050 2502 4115 de
2556 4066 2627 4112 ea
2681 4066 2754 4112 re
2799 4058 2975 4114 ortae
3021 4045 3695 4113 sunt‘controversiae
3739 4059 3852 4109 non
3891 4040 3954 4099 le-

2420 4133 2609 4201 vioris
2655 4145 2830 4201 certe
2880 4134 3184 4223 ponderis
3232 4145 3298 4199 et
3340 4133 3678 4217 momenti,
3726 4130 3797 4196 ad
3840 4140 3953 4221 quq-³

2421 4223 2808 4291 dirimendas
2877 4227 3100 4291 Sacrae
3157 4221 3416 4288 Rituum
3478 4216 3955 4308 congregationis

2423 4311 2814 4380 secretarius
2859 4311 3108 4378 censuit
3158 4326 3276 4396 pro
3323 4310 3420 4376 sui
3467 4309 3753 4374 muneris
3795 4301 3952 4397 officio

2420 4399 2594 4467 Emis
2639 4404 2752 4466 PP.
2785 4399 2851 4465 in
2894 4398 3222 4465 ordinario
3277 4400 3612 4465 Conventu
3672 4400 3953 4480 sequentn

2423 4489 2612 4556 dubia
2643 4506 3011 4575 proponere
3041 4510 3058 4553 z
3686 4486 3694 4495 ’

2559 4581 2621 4643 1.
2670 4579 2769 4641 An
2817 4575 3139 4642 toleranda
3203 4574 3283 4640 sit
3336 4573 3735 4641 consuetudo
3778 4571 3952 4656 vigens

2422 4665 2486 4731 in
2534 4664 2908 4750 quibusdam
2969 4663 3312 4747 ParoeciiS,
3363 4662 3739 4751 praesertim
3784 4659 3841 4726 in
3881 4670 3953 4718 ru·

2421 4754 2692 4836 ralibus·,
2743 4751 3105 4818 celebrandi
3173 4771 3292 4840 per
3350 4750 3695 4817 Parochum
3751 4748 3952 4839 Missatn

2426 4842 2655 4908 lectam
2723 4840 2904 4907 Feria
2963 4842 3016 4906 V
3078 4839 3143 4905 in
3210 4842 3421 4906 Coena
3490 4838 3773 4921 Domini,
3839 4843 3954 4921 qun}

2424 4929 2639 5018 peragi
2711 4929 2961 4995 valeant
3030 4928 3255 4994 eadem
3333 4926 3510 4994 Feria
3581 4936 3644 4992 et
3709 4926 3952 5014 sequen?

2423 5028 2676 5083 ceterae
2748 5016 3205 5083 ecclesiasticae
3277 5016 3632 5083 functiones
3697 5023 3954 5101 praescr·-

2422 5114 2596 5193 ptae,
2648 5105 2729 5171 ob
2773 5105 3174 5173 clericorum
3218 5099 3604 5169 defectum?
3919 5177 3928 5187 ⁰

2552 5198 2615 5260 2.
2669 5200 2762 5260 An
2809 5193 2874 5259 in
2923 5192 3191 5259 Sabbato
3238 5195 3464 5258 Sancto
3512 5191 3688 5258 Missa
3733 5188 3802 5254 ab
3841 5185 3950 5265 Ept-

2422 5300 2618 5368 scopo
2665 5280 2959 5367 privatim
3008 5280 3389 5361 celebranda
3423 5280 3486 5345 in
3518 5277 3853 5346 domestico
3876 5271 3950 5334 Sa·

2425 5369 2592 5434 cello
2641 5368 2885 5432 ratione
2940 5367 3395 5452 ordinationis,
3445 5368 3548 5433 vel
3603 5366 3680 5432 ab
3721 5364 3839 5431 aliis
3875 5360 3950 5421 Sa·
