4042 5950
1558 291 2033 370 ...345-

144 470 373 520 conum
399 464 467 518 et
496 451 970 521 subdiaconum
1000 451 1310 518 adhibere
1340 451 1555 518 solere
1585 454 1735 516 Pre-

140 541 471 628 sbyterum
518 540 917 607 assistentem
964 539 1226 629 pluviali
1276 539 1619 617 indutum;
1661 557 1730 604 ac

144 629 418 714 proinde
466 630 653 696 enixe
702 629 1007 714 rogabant
1066 639 1135 695 ut
1198 627 1733 696 consuetudinem

146 716 509 784 huiusmodi
558 716 940 784 confirmare
987 717 1408 802 dignaretur;

266 804 510 872 Placuit
582 805 1112 873 Eminentissimis
1179 816 1244 872 et
1311 803 1735 871 Reverendis-

142 892 308 958 simis
355 893 644 960 Patribus
690 892 894 961 Sacris
944 893 1201 960 tuendis
1258 892 1506 962 Ritibus
1553 912 1733 981 prae-

222 981 357 1046 sitis
408 981 497 1047 nil
549 981 612 1048 in
659 1000 731 1047 re
779 982 1165 1064 decernere,
1207 981 1362 1068 quin
1406 984 1733 1048 Reveren-

186 1069 377 1135 issimi
444 1069 741 1158 Episcopi
814 1080 1037 1137 votum
1101 1069 1597 1157 exquireretur3
1665 1088 1734 1135 ac

146 1156 413 1243 proinde
490 1158 872 1246 rescriptum
936 1156 1103 1224 fuit:
1166 1179 1204 1222 α
1240 1156 1554 1245 Episcopo
1616 1176 1733 1244 pro

145 1244 622 1330 informatione,
694 1248 802 1332 qui
873 1246 1091 1313 audito
1153 1244 1444 1334 Capitulo
1506 1245 1732 1312 doceat

142 1352 333 1420 super
379 1345 619 1400 asserta
664 1334 1133 1402 consuetudine
1166 1355 1229 1399 ιν.

267 1424 498 1490 Sacrae
524 1425 735 1510 itaque
760 1422 1282 1510 congregationis
1306 1421 1612 1490 mandatis
1636 1441 1734 1488 re·

143 1510 543 1595 ligiosissime
576 1513 938 1598 obsequens
973 1510 1349 1598 Episcopus,
1385 1509 1450 1576 in
1479 1509 1731 1597 scriptis

145 1609 204 1663 et
229 1617 387 1664 voce
413 1600 632 1667 audito
664 1600 955 1688 capitulo
988 1619 1056 1665 ac
1092 1598 1284 1667 rebus
1313 1608 1563 1665 mature
1585 1616 1732 1686 per·

144 1685 387 1774 pensis,
442 1690 693 1755 Sacram
755 1687 1333 1773 Congregationem
1388 1687 1732 1753 certiorem

144 1773 423 1841 reddidit
493 1795 563 1841 se
622 1794 972 1862 numquam
1036 1776 1122 1843 de
1185 1777 1287 1842 tali
1354 1774 1730 1860 formalem,

144 1863 240 1928 vel
289 1873 672 1951 utcumque,
723 1863 1065 1953 protulisse
1129 1864 1559 1941 sententiam5
1623 1883 1731 1931 ve-

145 1969 278 2017 rum
309 1952 387 2018 ad
424 1952 671 2020 calcem
703 1953 1038 2020 Directorii
1066 1952 1270 2037 Divini
1300 1950 1496 2020 Officii
1534 1951 1732 2040 ipsius

143 2039 279 2105 anni
328 2044 502 2109 1846
541 2042 909 2131 apposuisse
958 2042 1162 2128 aliqua
1214 2045 1477 2107 Decreta
1510 2042 1734 2108 Sacrae

143 2127 397 2195 Rituum
432 2130 985 2217 congregationis,
1019 2148 1182 2215 quae
1216 2129 1290 2195 ad
1332 2129 1564 2196 abusus
1595 2129 1734 2196 ubi·

145 2234 415 2304 cumque
456 2216 809 2285 existentes
840 2218 1141 2285 radicitus
1174 2217 1553 2284 evellendos
1587 2224 1733 2284 con*

143 2303 265 2369 dita
310 2304 593 2391 fuerant,
644 2307 814 2374 iuter
858 2325 1022 2392 quae
1062 2305 1167 2372 illa
1203 2306 1394 2373 etiam
1440 2324 1733 2372 accense-

146 2390 390 2478 bantur,
447 2412 611 2480 quae
657 2393 1107 2483 Presbyterum
1155 2394 1552 2461 assistentem
1588 2411 1735 2480 pro-

144 2479 395 2563 hibent;
456 2494 556 2569 ut,
611 2486 829 2571 legum
894 2484 1052 2549 facta
1114 2482 1275 2549 facili
1340 2481 1733 2570 cognitione,

144 2568 411 2656 quisque
463 2573 539 2640 ad
590 2574 765 2659 leges
828 2573 990 2660 ipsas
1043 2571 1335 2660 apprime
1395 2570 1735 2637 servandas

146 2672 440 2747 prompto
466 2661 787 2748 docilique
821 2660 1030 2727 animo
1063 2660 1478 2728 excitaretur.
1512 2662 1736 2746 Neque

149 2746 381 2813 destitit
414 2749 594 2816 idem
617 2750 897 2817 Antistes
922 2766 1140 2816 curam
1172 2766 1431 2816 omnem
1466 2748 1737 2835 diligen·

46 2886 47 2897 ,
152 2834 421 2922 tiamque
468 2837 850 2925 impendere
893 2837 956 2903 in
990 2838 1428 2926 perquirendo
1462 2837 1733 2924 capituli

152 2923 441 2993 archivio
489 2946 558 2994 ac
607 2927 799 2993 etiam
859 2926 1249 3013 requirendo
1310 2926 1735 2994 Reverendis-

46 3057 47 3064 ι
152 3013 298 3078 simo
344 3017 681 3082 mazarien.
734 3015 1077 3104 Episcopo,
1130 3016 1290 3081 intra
1339 3015 1519 3082 cuius
1550 3015 1735 3081 Dioe-

153 3100 301 3167 cesis
348 3103 587 3171 limites
630 3104 936 3174 hodierna
972 3101 1384 3191 Drepanitana
1415 3101 1736 3171 Dioecesis

153 3186 618 3275 includebatur,
654 3192 703 3258 si
738 3194 903 3261 forte
935 3192 1192 3280 aliquod
1242 3201 1735 3259 monumentum

155 3288 391 3346 extaret
441 3281 673 3348 indulti
721 3281 1014 3369 capitulo
1073 3281 1462 3366 collegiatae
1527 3279 1735 3346 Sancti

155 3366 310 3432 Petri
357 3369 642 3435 concessi
691 3390 809 3457 pro
857 3370 1239 3458 Presbytero
1291 3369 1623 3436 assistente
1671 3368 1736 3434 in

154 3453 352 3521 Missis-
380 3457 823 3538 solemnibus3
873 3459 987 3526 sed
1037 3460 1267 3524 incassa
1308 3458 1496 3524 cessit
1543 3475 1737 3544 quae-

156 3560 421 3630 cumque
471 3545 828 3633 diligentia,
877 3566 947 3613 ac
992 3545 1267 3633 proinde
1307 3547 1596 3613 dilucide
1627 3563 1736 3631 ap-

154 3642 325 3715 paret
363 3633 629 3701 omnino
658 3635 918 3702 abusive
948 3634 1733 3702 consuetudinem'huius-

154 3720 315 3786 modi
363 3721 559 3789 fuisse
607 3724 932 3790 inductam
980 3734 1171 3810 atque
1207 3724 1286 3791 ad
1332 3723 1733 3809 superiorem

154 3825 345 3904 usque
392 3829 628 3879 annum
676 3824 1026 3890 servatam;
1080 3830 1156 3877 eo
1204 3815 1310 3880 vel
1356 3812 1559 3898 magis
1588 3812 1733 3898 quia

157 3912 213 3960 ιιι
256 3899 512 3986 synodo
558 3902 937 3968 Dioecesana
994 3902 1353 3969 nazariensi
1412 3900 1733 3968 celebrata

154 4001 301 4051 anno
354 3991 546 4075 1735,
596 3991 825 4056 saltem
873 3990 1211 4077 implicite,
1257 3990 1376 4057 fuit
1406 3989 1731 4076 abrogata.

156 4074 217 4169 ln
238 4072 339 4140 illa
371 4077 693 4162 siquidem
719 4079 977 4165 Synodo
1006 4088 1311 4145 statutum
1338 4079 1481 4162 fuit,
1511 4090 1582 4145 ut
1608 4087 1733 4144 tam

157 4178 213 4226 ιιι
240 4164 596 4235 cathedrali
644 4167 1003 4254 mazariensi
1054 4186 1239 4253 quam
1273 4168 1339 4233 in
1370 4167 1601 4234 ceteris
1632 4186 1734 4232 re-

154 4252 426 4334 spective
474 4254 775 4321 Ecclesiis
831 4257 1012 4343 (tunc
1075 4256 1382 4344 temporis
1429 4256 1745 4342 Drepani·.

158 4348 322 4405 tanae
384 4342 735 4410 hodiernae
794 4343 1114 4411 Dioecesis
1161 4347 1483 4411 Ecclesiae
1531 4345 1732 4410 inclu-

156 4425 460 4498 debantur
488 4432 555 4498 in
586 4433 873 4499 Dioecesi
922 4432 1313 4520 mazariensi)
1363 4433 1732 4499 omnimode

158 4532 508 4587 servaretur
536 4521 1015 4588 caeremoniale
1060 4525 1439 4607 Romanum,
1473 4540 1734 4588 omnem

160 4615 219 4668 et
248 4623 717 4694 quamcumque
768 4610 830 4675 in
878 4613 1256 4677 contrariam
1317 4610 1731 4677 consuetudi-

160 4709 294 4758 nem
339 4697 741 4786 abrogand03
790 4717 860 4764 ac
904 4699 970 4765 in
1017 4697 1229 4764 Titulo
1273 4701 1346 4765 do
1394 4700 1734 4785 Sacrificio

158 4780 376 4849 Missae
423 4786 759 4854 inductum
806 4787 952 4871 fuit,
990 4798 1060 4853 ut
1094 4786 1470 4854 Sacerdotes
1518 4787 1732 4854 nullos

158 4866 301 4935 alios
346 4872 504 4940 ritus
550 4885 658 4940 aut
702 4874 1145 4941 Caeremonias
1192 4876 1256 4940 in
1303 4876 1521 4940 Missae
1558 4877 1728 4942 cele-

162 4953 429 5057 bratione
462 4963 840 5031 adhiberent
878 4974 1136 5050 praeter
1166 4983 1268 5029 eas
1299 4981 1462 5050 quae
1496 4962 1559 5029 in
1594 4964 1731 5030 Mis-

160 5045 262 5110 sali
306 5051 583 5119 Romano
630 5051 1183 5138 praescribuntur.
1218 5052 1385 5129 Quae
1418 5052 1665 5138 singula
1699 5071 1730 5116 a

161 5134 699 5207 Reverendissimo
747 5138 1047 5208 Antistite
1096 5139 1383 5228 exposita
1432 5159 1552 5206 una
1586 5158 1731 5207 cum

162 5225 441 5304 precibus
501 5228 768 5316 capituli
834 5228 1225 5313 collegiatae
1293 5229 1500 5296 Sancti
1561 5229 1729 5295 Petri

162 5309 497 5401 Ecclesiae,
558 5317 622 5384 in
677 5336 845 5383 novo
891 5317 1217 5384 ordinario
1264 5320 1465 5383 coetu
1512 5321 1731 5385 Sacro·

164 5413 293 5465 rum
357 5405 610 5476 Rituum
682 5404 1207 5492 congregationis
1261 5405 1339 5472 ad
1405 5404 1723 5483 Quirinale

1838 449 2150 517 hodierna
2181 448 2289 516 die
2324 450 2560 534 habito,
2588 467 2789 537 quum
2815 447 3106 517 fideliter
3137 450 3222 517 de
3255 467 3433 517 more

1842 538 2140 604 retulerit
2184 539 2579 627 subscriptus
2626 537 3059 622 Secretarius;

1970 625 2470 695 Eminentissimi
2521 637 2585 692 et
2631 624 3166 694 Reverendissimi
3213 631 3426 693 Patres

1841 713 2045 782 Sacris
2089 715 2345 781 tuendis
2405 716 2654 784 Ritibus
2712 714 3082 803 praepositi,
3133 714 3430 782 omuibus

1840 813 2089 869 maturo
2136 802 2429 870 examine
2489 805 2862 890 perpensis,
2909 801 3196 871 dilucide
3258 822 3436 870 com·

1840 909 2117 978 peruere
2163 889 2421 958 abusive
2469 891 2725 958 omnino
2774 900 2837 957 et
2885 901 3101 957 contra
3134 890 3281 961 alias
3315 895 3435 957 De·

1840 991 2009 1045 creta
2064 990 2379 1046 servatam
2439 980 2632 1047 fuisse
2692 979 3223 1047 cousuetudinem
3286 984 3435 1047 Pre-

1836 1065 2075 1154 sbyteri
2124 1067 2470 1135 assistentis
2517 1069 2580 1135 in
2627 1067 2969 1154 collegiata
3019 1070 3227 1136 Sancti
3260 1070 3432 1135 Petri

1837 1155 2161 1221 Ecclesiae
2206 1156 2489 1223 civitatis
2534 1156 2835 1246 Drepani,
2869 1176 2938 1222 ac
2973 1155 3249 1242 proinde
3297 1175 3433 1223 me-

1839 1244 1959 1308 rito
1999 1245 2525 1312 commendantes
2555 1243 3100 1311 Reverendissimi
3135 1244 3431 1332 Episcopi

1837 1333 2216 1418 pastoralem
2240 1332 2633 1421 vigilantiam
2658 1333 2735 1400 ad
2763 1332 3229 1401 convellendos
3250 1353 3435 1420 quos-
3474 1375 3478 1378 >

1837 1439 2117 1506 cumque
2164 1422 2418 1508 abusus,
2455 1421 2938 1489 rescribendum
2986 1431 3427 1490 censuerunt:

1836 1528 1874 1571 α
1902 1511 2216 1576 Servetur
2244 1514 2588 1577 Decretum
2612 1509 2940 1598 Episcopi,
2967 1512 3018 1576 si
3050 1510 3244 1577 adsit:
3281 1510 3430 1577 alias

1835 1608 2176 1667 serventur
2221 1602 2489 1667 Decreta
2535 1600 2659 1665 iam
2705 1600 2824 1665 lata
2857 1599 2921 1665 in
2955 1607 3104 1665 voto
3141 1598 3430 1666 eiusdem

1839 1685 2229 1774 Episcopi».

1969 1774 2081 1842 Die
2130 1772 2588 1844 ”Februarii
2641 1780 2836 1844 1847.

1839 1952 2104 2023 2934.
2199 1942 2218 1959 '
2384 1954 2894 2026 MEcHLlNIEN.
3205 1955 3428 2044 (8071)

1968 2129 2328 2197 Hodiernus
2361 2130 2667 2217 Superior
2706 2130 3008 2199 Abbatiae
3039 2131 3248 2199 Sancti
3283 2137 3432 2199 Ber-

1837 2220 2017 2289 nardi
2067 2218 2133 2283 iu
2176 2219 2482 2286 Bomhem
2530 2219 2696 2286 inter
2727 2219 2886 2288 fines
2916 2220 3425 2287 Archidioecesis

1837 2304 2305 2376 Mechlinieusis
2353 2309 2577 2374 Sacrae
2624 2309 2883 2376 Rituum
2933 2308 3428 2396 congregationi

1836 2396 2169 2484 sequentia
2241 2396 2431 2463 dubia
2500 2397 2832 2465 enodanda
2902 2397 3272 2486 proposuit3
3337 2398 3433 2463 ni-

1843 2502 2125 2553 mirum:

1975 2579 2035 2640 1.
2087 2577 2155 2640 ln
2218 2573 2541 2662 praedicta
2608 2574 2904 2660 Abbatia,
2970 2574 3122 2641 olim
3180 2574 3434 2643 Ordinis

1837 2663 2349 2731 praedicatorum
2395 2684 2465 2730 ac
2513 2665 2578 2730 in
2621 2662 3129 2752 praesentiarum
3176 2664 3429 2731 Ordinis

1837 2750 2383 2837 Cisterciensium,
2436 2752 2686 2819 extabat
2734 2751 3012 2819 Ecclesia
3068 2763 3433 2819 consecrata

1837 2839 1958 2906 sub
2020 2839 2207 2905 titulo
2269 2839 2710 2907 Sanctissimae
2768 2842 3031 2927 CruciS,
3095 2860 3260 2928 quae
3326 2860 3431 2908 an-

1839 2948 1923 2997 no
1977 2930 2145 2996 1840
2194 2928 2450 3015 penitus
2502 2930 2826 2997 destructa
2875 2930 3030 3015 fuit,
3083 2931 3272 3033 eique
3313 2928 3434 2996 alia

1839 3036 2002 3085 nova
2032 3016 2370 3082 substituta
2399 3020 2518 3085 sub
2549 3019 2738 3085 titulo
2771 3023 2998 3085 Beatae
3029 3023 3257 3086 Martae
3289 3020 3432 3087 Vir-

1837 3105 2000 3194 ginis
2031 3106 2095 3170 in
2121 3106 2391 3172 coelum
2415 3112 2817 3195 Assumptae,
2853 3107 3028 3174 nulla
3059 3107 3218 3174 facta
3253 3126 3431 3175 men-

1843 3196 2012 3261 tione
2061 3193 2501 3262 Sanctissimae
2549 3196 2790 3263 crucis.
2843 3197 3076 3263 Unde:

1968 3285 2309 3360 Quaeritur
2339 3285 2405 3370 a)
2433 3287 2663 3351 Utrum
2694 3284 2900 3351 adhuc
2937 3294 3277 3353 teneantur
3306 3288 3436 3352 Mo·

1838 3371 2017 3439 nachi
2067 3370 2519 3439 Cistercienses
2565 3373 2901 3459 quotannis
2935 3373 3038 3440 die
3075 3373 3259 3439 tertia
3292 3373 3432 3441 Maii

1839 3460 2107 3527 recitare
2130 3458 2420 3527 Officium
2444 3463 2882 3529 Sanctissimae
2908 3462 3128 3529 crucis
3151 3464 3272 3530 sub
3306 3463 3433 3529 ritu

1836 3548 2113 3635 duplicis
2146 3549 2390 3636 primae
2423 3550 2633 3616 classis
2658 3569 2806 3619 cum
2839 3561 3084 3636 octava,
3111 3560 3432 3638 tamquam

1838 3638 1923 3704 de
1957 3636 2144 3702 titulo
2188 3637 2557 3706 Ecclesiae?
2586 3650 2651 3706 et
2682 3651 2998 3725 quatenus
3030 3637 3429 3724 affirmative,

1836 3725 2200 3812 supplicant
2245 3744 2364 3813 pro
2423 3727 2623 3813 gratia
2677 3728 3018 3817 redigendi
3077 3728 3241 3796 illud
3289 3729 3431 3798 offi-

1837 3812 2009 3880 cium
2056 3815 2132 3882 ad
2183 3814 2376 3880 ritum
2425 3816 2728 3882 Breviarii
2776 3819 2914 3886 sine
2963 3828 3209 3884 octava.

1970 3902 2309 3981 Quaeritur
2365 3902 2425 3990 b)
2473 3907 2702 3972 Utrum
2759 3906 3095 3992 quotannis
3156 3905 3435 3974 debeant

1837 3991 2048 4057 adhuc
2094 3992 2424 4059 celebrare
2464 3997 2722 4060 Festum
2761 3994 3179 4061 Dedicationis
3211 3996 3432 4061 Eccle-

1836 4080 1963 4146 siae
1998 4080 2368 4147 destructae
2402 4081 2464 4148 in
2498 4082 2760 4169 pristina
2786 4102 2897 4149 sua
2929 4082 3061 4166 die,
3100 4101 3262 4169 quae
3298 4095 3433 4150 erat

1837 4168 2164 4242 Dominica
2196 4174 2272 4236 lll
2304 4169 2743 4257 Septembris?
2771 4190 2848 4237 an
2880 4190 3037 4236 vero
3071 4170 3178 4237 die
3209 4173 3435 4241 XXVII

1838 4258 2131 4324 eiusdem
2179 4259 2410 4324 mensis
2459 4258 2878 4345 Septembris,
2962 4279 3035 4324 ua
3083 4279 3284 4327 novae
3317 4265 3434 4328 Ec·

1841 4347 2073 4412 clesiae
2138 4346 2460 4413 Dedicatio
2508 4359 2764 4434 peracta
2815 4360 2908 4414 est
3007 4358 3075 4413 et
3119 4359 3435 4435 quatenus

1836 4434 2211 4501 affirmative
2263 4436 2339 4502 ad
2389 4437 2662 4524 primam
2726 4437 2911 4503 huius
2974 4437 3244 4523 quaesiti
3293 4457 3435 4540 par-

1841 4534 2000 4605 tem,
2050 4523 2412 4612 supplicant
2461 4545 2575 4612 pro
2623 4525 2820 4612 gratia
2883 4523 3309 4593 transferendi
3371 4526 3435 4592 in

1837 4621 2232 4699 perpetuum
2305 4617 2564 4679 Festum
2636 4613 3063 4680 Dedicationis
3126 4615 3202 4682 ad
3261 4614 3433 4683 diem

1839 4702 2063 4801 XliVll
2110 4699 2536 4788 Septembris,
2587 4714 2906 4787 tamquam
2940 4702 3017 4769 ad
3068 4703 3240 4769 diem
3288 4721 3435 4792 pro·

1840 4806 2069 4875 priam.

1967 4880 2033 4942 2.
2082 4876 2342 4943 Abbatia
2392 4877 2601 4947 Sancti
2648 4879 2954 4945 Bernardi
2991 4881 3107 4945 sita
3140 4880 3431 4947 est·intra

1836 4964 2071 5030 limites
2117 4965 2449 5032 Paroeciae
2499 4965 2726 5033 ruralis
2759 4965 2839 5033 de
2873 4966 3208 5051 Bombem,
3247 4968 3427 5036 cuius

1833 5053 2158 5119 Ecclesiae
2204 5053 2432 5120 titulus
2482 5067 2578 5121 est
2624 5058 2854 5121 Beatae
2893 5055 3119 5122 Mariae
3155 5056 3430 5145 Virginis

1833 5144 1909 5211 ad
1946 5145 2246 5209 Sanctum
2282 5142 2773 5231 Leodegarium.
2804 5144 3148 5222 Quotannis
3174 5145 3352 5212 Feria
3381 5149 3442 5212 ll·

1833 5242 1974 5319 post
2022 5234 2278 5298 Festum
2329 5231 2741 5299 sacratissimi
2791 5232 3027 5298 Rosarii
3067 5235 3429 5301 celebratur

1830 5324 2089 5387 Festum
2139 5319 2347 5387 Sancti
2396 5320 2771 5408 Leodegarii
2820 5341 2854 5386 a
2902 5321 3092 5389 clero
3139 5341 3285 5388 cum
3328 5322 3429 5390 Ol·

1834 5408 1979 5478 flcio
2004 5407 2164 5476 ritus
2195 5408 2469 5498 duplicis
2498 5408 2744 5496 primae
2770 5410 2980 5477 classis
3006 5428 3153 5479 cum
3177 5421 3431 5494 πωπω
