4042 5950
1987 270 2457 346 —130—

577 430 786 516 potius
857 430 1112 517 ipsimet
1183 427 1444 494 ministri
1519 427 1821 494 incedere
1890 428 2174 494 debeant

576 537 745 583 unus
789 518 866 583 ad
913 518 1249 583 dexteram
1298 527 1364 580 et
1411 516 1575 580 alter
1606 517 1681 582 ad
1715 515 2033 582 sinistram
2067 520 2179 583 Ce-

581 604 887 671 lebrantis
915 605 947 671 ⁴?
1152 603 1167 615 '

710 697 789 758 Et
835 695 898 758 S.
938 696 1010 759 R.
1047 695 1149 775 C.,
1197 692 1412 757 audito
1463 692 1639 778 prius
1688 705 1839 757 voto
1871 693 2061 757 unius
2095 711 2177 756 ex

578 781 1085 864 Apostolicarum
1132 781 1693 846 Caeremoniarum
1729 780 2063 866 magistris,
2099 778 2175 843 ad

578 868 956 934 relationem
1022 867 1160 933 Emi
1226 879 1292 932 et
1337 867 1478 935 Rmi
1525 869 1772 933 Domini
1829 867 2179 935 Cardinalis

578 955 734 1020 Galli
790 956 1115 1041 PonentiS,
1162 955 1656 1022 rescribendum
1713 957 1998 1024 censuitt

710 1045 805 1111 Ad
864 1049 922 1109 1.
974 1067 1012 1107 «
1048 1044 1395 1129 Negative;
1445 1044 1560 1109 sed
1613 1044 1830 1109 Missae
1895 1057 2181 1112 cantatae

579 1132 660 1197 de
708 1132 1023 1218 Requiem
1072 1154 1101 1197 a
1151 1133 1473 1199 defunctis
1523 1133 1782 1197 relictae
1826 1133 1963 1200 sine
1998 1153 2182 1220 prae-

582 1219 816 1284 fixione
866 1220 1119 1294 dierum
1182 1220 1427 1285 debent
1488 1221 1798 1285 celebrari
1871 1220 2102 1287 diebus
2150 1245 2181 1287 a

580 1306 850 1373 Rubrica
900 1308 1228 1395 permissis
1270 1331 1331 1373 ιν.

713 1396 805 1461 Ad
842 1399 907 1461 Ξ.
960 1418 997 1458 ‹
1033 1396 1449 1477 Affirmative,
1485 1395 1562 1461 ad
1596 1396 1865 1494 primam
1899 1408 2175 1484 partem;

581 1482 931 1549 dummodo
992 1502 1205 1550 sermo
1266 1483 1346 1547 sit
1408 1484 1489 1549 de
1547 1486 1723 1549 Missa
1769 1498 2048 1560 cantata;
2098 1488 2173 1553 ad

581 1572 929 1636 secundam
981 1583 1256 1658 partem,
1305 1571 1670 1657 praedictos
1735 1574 1875 1638 dies
1923 1578 2023 1656 ΙΙΙ,
2078 1577 2178 1641 Vll

584 1660 864 1725 etxxx
928 1678 1116 1743 posse
1178 1660 1496 1734 numerari
1549 1680 1582 1724 a
1631 1659 1737 1725 die
1785 1662 1997 1727 obitus
2043 1661 2176 1727 sive

582 1766 612 1808 a
662 1745 766 1811 die
816 1747 1218 1834 sepulturae,
1267 1747 1442 1813 iuxta
1491 1749 1805 1814 diversam
1855 1748 2178 1814 Ecclesiae

585 1834 1121 1900 consuetudinem
1156 1857 1217 1899 ν.

716 1921 809 1986 Ad
861 1926 923 1988 3.
975 1922 1382 2009 ‹Negative,
1432 1925 1508 1990 ad
1561 1926 1827 2011 primam
1887 1935 2172 2011 partem;

585 2009 1008 2094 Affirmative,
1058 2012 1136 2077 ad
1184 2013 1534 2078 secundam
1573 2035 1639 2077 ν.

716 2103 794 2164 Et
841 2099 921 2164 ita
971 2099 1349 2166 declaravit.
1399 2100 1510 2166 Die
1558 2105 1642 2168 23
1675 2104 1943 2188 Augusti
1981 2107 2173 2171 1766.

595 2239 852 2309 2483.
1147 2242 1646 2307 LAURETANA.
1945 2245 2171 2327 (4338)

716 2365 973 2430 Exortis
1021 2366 1346 2432 nonnuliis
1380 2366 1832 2432 controversiis
1864 2367 2035 2433 inter
2067 2372 2179 2434 Ca-

587 2451 864 2539 pitulum
914 2465 978 2518 et
1026 2455 1370 2520 Canonicos
1419 2453 1741 2520 Ecclesiae
1789 2456 2177 2540 collegiatae

585 2539 704 2604 sub
751 2540 940 2605 titulo
990 2542 1052 2607 8.
1107 2541 1330 2606 Mariae
1381 2540 1659 2627 Virginis
1691 2545 1920 2607 Terrae
1954 2543 2179 2610 Montis

585 2627 851 2692 Cassiani
905 2648 984 2692 ex
1033 2648 1181 2711 una,
1220 2638 1283 2693 et
1331 2629 1864 2695 Communitatem
1909 2649 2022 2696 seu
2057 2634 2179 2697 Ma·

588 2715 920 2801 gistratum
968 2715 1176 2782 dictae
1222 2721 1455 2783 Terrae
1505 2736 1584 2782 ex
1633 2717 1826 2782 altera

584 2820 783 2889 super
815 2800 1192 2886 quibusdam
1226 2804 1749 2890 praeeminentiis
1797 2737 2013 2872 eiXem
2062 2809 2180 2873 Ma-

587 2888 875 2978 gistratui
924 2889 1356 2958 functionibus
1390 2892 1829 2959 ecclesiasticis
1862 2893 1928 2960 in
1959 2893 2179 2960 habitu

588 2979 994 3044 interessenti
1054 3000 1085 3043 a
1145 2981 1316 3047 dicto
1387 2980 1677 3067 capitulo
1747 2984 2178 3069 praestandis,

587 3063 850 3150 aliisque
900 3065 1284 3134 dissidentiis
1316 3067 1379 3134 in
1420 3068 1929 3135 Procaesionibus
1961 3072 2040 3136 ab
2075 3091 2179 3136 eo·

586 3154 737 3219 dem
783 3154 1074 3240 Capitulo
1111 3155 1172 3221 in
1205 3156 1519 3240 aliquibus
1554 3155 1997 3224 festivitatibus
2031 3160 2179 3224 San·

589 3252 837 3309 ctorum
884 3241 1103 3328 peragi
1144 3245 1385 3322 solitis;
1437 3243 1639 3329 iisque
1681 3245 1755 3310 ad
1806 3248 1869 3311 S.
1906 3250 1980 3325 R.
2016 3248 2180 3311 Con-

588 3330 977 3414 gregationis
1010 3330 1319 3398 iudicium
1352 3333 1602 3414 delatiS,
1634 3334 2012 3399 concordata
2046 3334 2182 3400 fue-

592 3425 740 3497 runt
786 3434 997 3482 coram
1046 3421 1207 3486 Emo
1255 3433 1320 3485 et
1368 3422 1522 3485 ano
1556 3423 1629 3484 D.
1666 3420 1982 3487 Cardinali
2025 3424 2179 3486 Gan-

589 3502 827 3588 ganelli
876 3507 1181 3589 Ponente,
1230 3506 1560 3595 sequentia
1608 3507 1840 3574 dubia:

729 3593 785 3654 1.
840 3593 934 3656 An
980 3592 1344 3679 Capitulum
1390 3596 1714 3659 Ecclesiae
1748 3595 2009 3681 insignis
2040 3598 2182 3663 Col-

592 3676 864 3761 legiatae
926 3682 1157 3746 Terrae
1220 3684 1443 3747 Montis
1509 3683 1781 3749 Cassiani
1843 3694 2181 3771 postquam

593 3762 984 3849 Magistratus
1015 3768 1230 3835 eidem
1262 3770 1717 3854 significaverit
1748 3791 1815 3836 se
1861 3775 2185 3838 interven-

596 3862 809 3917 turum
859 3854 922 3920 in
971 3854 1187 3921 babitu
1236 3867 1300 3921 et
1331 3858 1535 3924 forma
1567 3860 1643 3923 ad
1676 3878 1878 3923 sacras
1911 3860 2184 3928 functio-

593 3956 732 4022 nes,
772 3950 1063 4008 teneatur
1109 3943 1496 4011 denunciare
1544 3945 1756 4011 eidem
1795 3948 2182 4034 Magistratui

596 4026 1042 4095 imminentem
1120 4033 1617 4098 celebrationem
1696 4033 1905 4101 dictae
1970 4054 2183 4101 sacrae

596 4115 990 4185 functionis?
1035 4128 1100 4184 et
1146 4130 1459 4206 quatenus
1506 4121 1903 4206 affirmative,

728 4209 792 4271 2.
844 4209 938 4272 An
986 4207 1227 4274 dictum
1275 4207 1643 4294 Capitulum
1693 4220 2015 4294 teneatur,
2066 4230 2186 4297 per

594 4292 1005 4360 Sacerdotem
1054 4304 1218 4362 cotta
1266 4297 1600 4380 indutum,
1650 4297 2015 4366 advenienti
2063 4302 2184 4364 Ma-

594 4381 884 4467 gistratui
933 4402 1272 4450 occurrere
1318 4383 1393 4450 ad
1445 4386 1692 4451 ianuam
1732 4385 2035 4452 maiorem
2067 4391 2184 4454 Ec-

593 4469 824 4535 clesiae
873 4482 944 4536 ut
991 4491 1141 4538 eum
1186 4492 1342 4557 aqua
1392 4472 1729 4539 benedicta
1763 4471 2102 4560 aspergat?

729 4562 792 4625 3.
844 4562 939 4624 An
986 4561 1203 4627 eidem
1250 4561 1632 4646 Magistratui
1700 4562 2038 4628 Solemniis
2096 4564 2186 4629 in-

598 4649 962 4731 teressem,
1015 4658 1310 4714 teneatur
1357 4647 1636 4736 Dignitas
1696 4668 1811 4716 seu
1875 4652 2187 4719 Sacerdos

596 4734 926 4803 celebrans
972 4756 1092 4802 nec
1141 4755 1266 4802 non
1294 4735 1605 4803 Diaconus
1638 4748 1702 4802 et
1749 4736 2186 4806 subdiaconus

598 4823 808 4887 eidem
858 4824 1201 4890 celebranti
1248 4825 1637 4909 assistentes,
1690 4827 1878 4893 toties
1932 4828 2187 4911 quoties

597 4910 670 4974 ad
721 4910 936 4976 Altare
981 4912 1294 4978 accedunt
1324 4913 1427 4978 vel
1462 4912 1539 4978 ab
1586 4934 1661 4979 eo
1708 4917 2051 5001 recedunt,
2085 4936 2186 4981 re-

601 4997 947 5061 verentiam
997 5010 1061 5062 et
1108 4999 1554 5066 salutationem
1603 5021 1719 5088 per
1753 5001 1970 5088 capitis
2004 5002 2186 5069 incli-

598 5082 919 5148 nationem
965 5084 1332 5172 peragere?

733 5173 797 5235 4.
849 5173 942 5235 An
988 5173 1376 5257 Magistratus
1431 5178 1798 5259 praedictus
1846 5177 2185 5244 Solemniis

602 5257 989 5324 interessens
1034 5258 1099 5324 in
1147 5260 1698 5328 distributionibus
1746 5264 2186 5349 candelarum,

602 5346 911 5430 cinerum,
963 5348 1312 5432 palmarum
1359 5358 1423 5411 et
1469 5351 1581 5414 88.
1618 5350 2046 5417 Eucharistiae
2076 5354 2184 5417 Sa-

1914 2719 2179 2803 artibus,
2226 2793 2231 2800 ¹

2275 429 2608 512 cramenti,
2631 429 2997 494 immediate
3027 440 3167 516 post
3193 427 3555 513 Capitulum
3580 426 3657 491 sit
3680 446 3839 513 prae·

2280 517 2584 583 ferendus
2609 517 2840 582 ceteris
2871 515 3318 582 Sacerdotibus
3350 527 3415 580 et
3446 514 3725 594 Clericis,
3749 514 3839 599 qui

2282 623 2409 670 non
2454 614 2603 670 sunt
2651 604 2734 670 de
2783 600 3134 690 capitulo?

2410 695 2476 757 ὅ.
2528 695 2623 758 An
2670 690 2794 758 sint
2842 693 3081 758 dandae
3118 690 3601 758 benedictiones
3630 690 3842 776 populo

2283 798 2430 845 cum
2462 780 2768 866 Reliquiis
2801 783 3176 846 Sanctorum
3212 783 3276 846 S.
3316 779 3593 865 losepbi,
3628 782 3691 841 S.
3722 781 3845 841 Cas·

2280 867 2461 950 siani,
2512 870 2620 933 SS.
2658 868 2879 933 Crucis
2926 882 2992 931 et
3037 871 3101 935 S.
3144 867 3435 953 Emygdii
3486 868 3549 932 in
3591 865 3713 932 fine
3739 868 3845 928 siu-

2282 955 2578 1042 gularum
2631 958 3112 1021 processionum
3162 955 3298 1021 lieri
3347 955 3675 1018 solitarum
3723 970 3846 1016 cum

2283 1043 2467 1109 dictis
2515 1043 2824 1127 Reliquiis
2870 1066 2903 1107 a
2948 1041 3296 1129 Capitulo‘?

2416 1136 2478 1195 6.
2515 1136 2609 1197 An
2633 1132 3077 1197 Processiones
3102 1150 3245 1196 cum
3274 1131 3560 1215 Reliquia
3586 1132 3694 1196 SS.
3720 1132 3851 1194 Cru-

2283 1218 2396 1302 cis,
2446 1220 2548 1283 vel
2609 1238 2726 1305 pro
2789 1220 3132 1285 recolenda
3194 1218 3629 1284 Translatione
3674 1220 3855 1283 almae

2280 1310 2517 1372 Domus
2564 1310 2952 1372 Lauretanae
3000 1308 3123 1372 sint
3172 1307 3506 1374 ducendae
3543 1307 3729 1372 etiam
3759 1325 3853 1370 ex·

2283 1404 2378 1459 tra
2427 1394 2677 1459 moenia
2716 1396 2942 1461 Montis
2974 1394 3272 1476 Cassiani,
3327 1394 3500 1460 iuxta
3548 1394 3852 1479 antiquum

2280 1481 2553 1567 stylum;
2603 1483 2708 1547 vel
2750 1484 2971 1570 *potius
3017 1484 3141 1547 sint
3189 1482 3527 1548 ducendae
3560 1483 3727 1548 iuxta
3758 1500 3855 1566 po-

2281 1569 2624 1635 steriorem
2652 1569 3042 1637 breviorem
3092 1567 3457 1636 ambitum?

2417 1662 2493 1721 Et
2540 1660 2603 1724 S.
2664 1661 2738 1724 R.
2791 1663 2894 1739 C.‚
2945 1668 3215 1744 utraque
3276 1670 3458 1743 parte
3519 1660 3755 1746 scripto
3805 1670 3857 1720 et

2274 1763 2439 1816 ,voce
2476 1746 2857 1813 informante
2889 1745 3127 1829 audita,
3157 1746 3433 1831 visisque
3462 1746 3707 1812 iuribus
3730 1747 3855 1812 hinc

2285 1831 2433 1898 inde
2467 1834 2790 1910 deductis,
2817 1836 2891 1901 ad
2920 1833 3300 1900 relationem
3325 1833 3618 1899 eiusdem
3647 1834 3775 1899 Enii
3805 1846 3855 1896 et

2279 1922 2420 1987 Rmi
2470 1921 2716 1987 Domini
2762 1921 3111 1987 Cardinalis
3159 1923 3482 2004 Ponentis,
3528 1922 3862 1988 rescriben-

2281 2010 2437 2075 dum
2487 2012 2780 2077 censuit:

2414 2099 2510 2164 Ad
2564 2103 2624 2165 1.
2675 2121 2713 2161 ι
2745 2097 3143 2165 Affirmative
3179 2121 3241 2163 ν.

2412 2188 2506 2252 Ad
2558 2191 2623 2252 2.
2677 2207 2715 2249 ι
2750 2188 3061 2254 Sacerdos
3119 2198 3288 2251 cotta
3354 2188 3622 2254 indutus
3691 2189 3864 2253 adve-

2278 2276 2574 2343 nientem
2623 2276 3053 2362 magistratum
3100 2293 3260 2359 aqua
3293 2274 3633 2341 benedicta
3673 2297 3867 2364 asper-

2327 2376 2387 2430 at
2421 2388 2489 2431 »-

2280 2382 2321 2451 g
2417 2454 2511 2519 Ad
2563 2457 2624 2516 3.
2676 2473 2713 2513 αι
2750 2457 2818 2517 ln
2866 2452 3076 2539 primo
3123 2471 3378 2517 accessu
3428 2452 3506 2517 ad
3555 2452 3773 2517 Altare
3812 2464 3867 2515 et

2281 2539 2514 2606 ultimo
2567 2558 2817 2605 recessu
2865 2539 2942 2604 ab
2988 2541 3247 2622 eodem,
3301 2551 3541 2604 tantum
3580 2561 3647 2606 ι».

2416 2628 2509 2694 Ad
2562 2632 2623 2693 4.
2678 2650 2715 2690 ι
2753 2628 3060 2713 Negative
3096 2650 3148 2695 ».

2416 2716 2509 2781 Ad
2562 2720 2624 2781 5.
2680 2738 2717 2778 αι
2752 2719 3063 2782 Servetur
3111 2716 3372 2781 solitum
3409 2737 3473 2781 ν.

2417 2803 2512 2870 Ad
2560 2809 2627 2868 6.
2676 2825 2713 2865 ‹
2748 2802 3168 2885 Affirmative,
3197 2803 3274 2868 ad
3303 2803 3577 2890 primam
3608 2817 3870 2890 partenn

2284 2890 2617 2978 Negative,
2669 2891 2745 2957 ad
2792 2893 3183 2968 secundam;
3234 2902 3299 2956 et
3357 2892 3637 2977 amplius
3681 2916 3742 2955 ».

2416 2984 2493 3045 Et
2558 2980 2639 3044 ita
2700 2981 3044 3048 declaravit
3106 2994 3169 3046 et
3230 2980 3464 3046 servari
3529 2981 3872 3049 mandavit.
3992 3038 3993 3067 ζ

2277 3067 2391 3133 Die
2446 3072 2524 3133 16
2576 3069 2941 3134 Decembris
2997 3072 3187 3136 1766.

2293 3224 2552 3293 2484.
2929 3227 3234 3292 ORDlNlS

2628 3333 2979 3398 MINORUM
3028 3333 3090 3397 S.
3144 3332 3543 3397 FRANClSCl

2772 3438 3400 3503 CAPUCClNORUM.

2415 3595 2575 3660 Cum
2611 3598 2783 3661 S.-R.
2810 3598 2879 3661 C.
2920 3594 2995 3660 ad
3038 3592 3397 3659 instantiam
3430 3597 3693 3659 Patrum
3725 3597 3879 3661 Con·

2286 3681 2680 3747 ventualium
2704 3682 3151 3769 approbaverit
3174 3681 3536 3765 Rubricam,
3562 3701 3687 3766 qua
3717 3702 3881 3768 prae·
3992 3694 3993 3701 ¹

2284 3766 2518 3854 cipitur
2566 3770 2856 3835 recitatio
2905 3770 3187 3857 Symboli
3240 3770 3301 3835 in
3350 3770 3549 3835 Festis
3596 3772 3881 3835 Transla-

2285 3857 2474 3921 tionis
2523 3861 2587 3924 S.
2640 3858 2953 3923 Francisci
3015 3858 3098 3922 de
3162 3857 3388 3922 Assisio
3437 3868 3504 3922 et
3565 3860 3635 3924 S.
3691 3861 3880 3924 Bona-

2285 3954 2595 4011 venturae
2646 3946 2965 4011 Ecclesiae
3016 3945 3346 4031 Doctoris,
3396 3949 3499 4011 Fr.
3553 3945 3883 4012 Erhardus

2283 4032 2896 4119 Padkarspurgensis
2943 4037 3320 4099 Procurator
3381 4034 3718 4099 Generalis
3780 4039 3881 4101 Ca-

2286 4122 2704 4207 puccinorum
2732 4121 3092 4188 humillime
3125 4120 3535 4207 supplicavit,
3564 4134 3883 4213 quatenus

2285 4209 2610 4277 declarare
2659 4209 3076 4295 dignaretur:
3129 4212 3224 4274 An
3286 4209 3625 4275 universus
3692 4211 3881 4275 etiam

2282 4298 2451 4364 Ordo
2496 4298 3032 4382 Capuccinorum‚
3071 4299 3175 4381 qui
3230 4297 3500 4383 praefata
3550 4300 3736 4362 Festa
3769 4297 3884 4362 sub

2287 4386 2516 4451 eodem
2569 4386 2784 4463 titulo,
2837 4386 2962 4449 ritu
3000 4396 3063 4449 et
3110 4385 3516 4451 solemnitate
3567 4384 3883 4466 celebrat,

2285 4475 2404 4539 sub
2454 4472 2681 4539 eadem
2728 4474 2997 4539 Rubrica
3048 4471 3697 4560 comprehendatur?

2421 4564 2498 4625 Et
2546 4564 2611 4627 S.
2648 4565 2724 4627 R.
2760 4565 2857 4643 C.,
2911 4561 3235 4626 referente
3284 4565 3441 4625 Emo
3479 4572 3542 4627 et
3572 4563 3738 4627 nmo
3771 4567 3885 4628 Do-

2287 4648 2460 4714 mino
2507 4648 2820 4714 Cardinali
2869 4647 3237 4733 Ganganelli
3286 4652 3600 4730 Ponente,
3655 4650 3887 4716 rescri-

2290 4737 2574 4804 bendum
2625 4736 2912 4801 censuit:
2963 4758 3000 4798 αι
3037 4737 3425 4802 Servandam
3498 4756 3639 4804 esse
3688 4739 3888 4804 etiam

2286 4846 2320 4890 a
2368 4826 2652 4891 Patribus
2721 4824 3093 4909 Capuccinis
3160 4822 3493 4890 Rubricam
3564 4825 3640 4891 ad
3690 4824 3890 4891 instar

2289 4917 2544 4979 Patrum
2613 4912 3143 4980 conventualium
3193 4934 3253 4976 ιν.
3331 4913 3443 4979 Die
3512 4917 3594 4979 27
3666 4916 3888 4999 Augu·

2289 5000 2371 5065 sti
2426 5004 2617 5066 1768.

2292 5143 2550 5211 2485.
2824 5146 3373 5212 MEGHOACANA.
3649 5143 3882 5227 (4347)

2422 5267 2656 5331 Relatis
2701 5267 2763 5332 in
2813 5270 2882 5335 8.
2917 5273 2994 5335 R.
3030 5271 3104 5333 C.
3147 5268 3352 5335 habita
3397 5267 3516 5333 sub
3566 5266 3886 5333 infrascri-

2290 5363 2397 5437 pta
2444 5351 2549 5419 die
2584 5371 2703 5438 per
2736 5358 2961 5421 Emum
2998 5367 3062 5420 et
3092 5359 3321 5422 Rmum
3360 5353 3697 5422 Dominum
3736 5360 3885 5424 Car-

3661 3226 3871 3310 (4345)
3992 3300 3993 3325 ἶ
