4042 5950
2102 264 2572 348 „178—

697 429 872 518 scopi
919 428 1225 497 Titulares
1279 427 1601 513 gaudent,
1653 425 2025 514 praesertim
2074 425 2276 491 relate

698 520 776 585 ad
838 518 1056 584 Missae
1102 515 1633 599 celebrationem,
1681 515 1839 581 dum
1901 514 1965 580 in
2022 512 2278 601 propria

695 606 802 672 vel
848 606 1048 671 aliena
1094 603 1381 671 Dioecesi
1438 612 1897 690 peragrantur3
1958 600 2037 667 ad
2097 619 2278 685 quas-

696 711 974 779 cumque
1021 691 1433 758 eliminandas
1465 690 1912 775 dubitationes,
1946 687 2278 774 sequentia

696 779 887 848 dubia
935 780 999 847 in
1044 779 1374 847 Ordinatio
1420 782 1755 848 conventu
1802 779 2143 844 Sacrorum
2175 776 2280 841 Ri-

672 879 915 951 ·tuum,
962 867 1137 933 Emis
1182 877 1248 932 et
1292 868 1466 933 Rmis
1524 864 1805 932 Patribus
1851 863 2274 945 enucleanda,

697 954 1021 1043 proposita
1067 965 1252 1034 sunt3
1302 954 1646 1022 nimirum:

835 1047 895 1109 1.
947 1046 1043 1109 An
1088 1041 1439 1131 Episcopus
1484 1040 1802 1125 Titularis,
1851 1039 2087 1124 absque
2133 1056 2279 1125 spe-

697 1130 838 1198 ciali
864 1130 1239 1232 ·Rescripto,
1273 1130 1472 1217 possit
1513 1133 1701 1195 Aram
1746 1127 2112 1216 portatilem
2141 1126 2281 1193 ubi-

698 1236 975 1304 cumque
1027 1237 1320 1316 erigere,
1356 1217 1645 1304 quamvis
1689 1215 1864 1284 domi
1909 1233 2064 1281 suae
2108 1213 2282 1280 habi-

698 1307 950 1373 tationis
980 1305 1432 1392 consanguinei
1465 1305 1718 1372 indnlto
1747 1303 2011 1372 oratorii
2054 1302 2281 1390 privati
2317 1379 2324 1390 ⁴

698 1392 1038 1481 gaudent?

829 1486 899 1548 2.
945 1485 1045 1549 An
1089 1489 1343 1569 praeter
1386 1480 1630 1546 Missam
1688 1499 1878 1567 quam
1926 1480 2064 1566 ipse
2111 1479 2280 1544 cele-

699 1569 859 1654 brat,
882 1570 1030 1636 alias
1063 1570 1272 1648 Missas
1296 1567 1615 1634 celebrari
1640 1557 2017 1657 permittere
2050 1562 2285 1657 possit?

829 1661 895 1724 3.
948 1663 1042 1723 An
1089 1657 1293 1739 Missa,
1330 1675 1517 1740 quam
1551 1657 1685 1742 ipse
1732 1657 1822 1723 sic
1859 1654 2144 1722 celebrat
2174 1653 2278 1719 vel

696 1743 1024 1811 celebrare
1052 1744 1221 1827 facit,
1251 1745 1455 1809 valeat
1486 1744 1563 1810 ad
1593 1743 2077 1811 satisfactionem
2151 1761 2284 1806 rae-

696 1833 892 1918 cepti,
942 1851 1070 1899 non
1116 1842 1364 1899 tantum
1411 1832 1541 1898 suis
1586 1832 2074 1918 consanguineis
2151 1830 2278 1897 omi

700 1919 1126 1987 habitantibus
1170 1930 1235 1985 et
1279 1918 1689 1986 familiaribus
1747 1921 1854 2006 qui
1918 1920 2035 2006 ipsi
2084 1918 2280 1985 inser·

697 2007 915 2092 viunt,
964 2007 1253 2093 quamvis
1312 2018 1607 2096 tempore
1668 2008 1887 2073 lissae
1944 2017 2090 2074 actu
2149 2023 2278 2071 non

696 2096 1080 2176 necessarii3
1129 2096 1244 2163 sed
1291 2096 1481 2160 etiam
1544 2095 1958 2162 familiaribus
2013 2111 2276 2161 suorum

697 2184 1308 2269 consanguineorum
1353 2201 1573 2250 secum
1619 2180 2092 2250 habitantium?

829 2273 890 2337 4.
942 2278 1037 2338 An
1085 2273 1220 2360 ipse
1268 2272 1466 2358 possit
1525 2270 1769 2337 Missam
1828 2271 2156 2337 celebrare
2212 2280 2276 2335 et

695 2359 1007 2426 celebrari
1055 2359 1263 2425 facere
1310 2358 1538 2425 diebus
1582 2360 1691 2445 qui
1728 2359 1937 2444 excipi
1968 2356 2180 2424 solent
2211 2357 2275 2423 in

697 2445 947 2512 indulto
994 2447 1358 2533 Apostolico
1401 2445 1664 2512 Oratorii
1717 2443 1997 2533 privati?

826 2539 889 2599 5.
941 2537 1037 2600 An
1084 2533 1460 2621 EpiscopuS,
1508 2545 1764 2619 praeter
1812 2533 2055 2601 Missam
2116 2555 2147 2598 a
2207 2553 2277 2599 se

694 2620 1102 2706 celebratam,
1137 2621 1320 2688 aliam
1351 2621 1735 2707 permittere
1778 2623 2011 2705 valeat,
2045 2623 2095 2688 si
2130 2641 2278 2687 con-

692 2708 1021 2793 sanguinei
1066 2709 1387 2776 indultum
1416 2707 1678 2776 Oratorii
1710 2710 1939 2795 privati
1972 2710 2281 2776 habentes

692 2796 938 2862 nissam
986 2797 1294 2863 celebrari
1340 2795 1666 2879 fecerint?

827 2887 904 2949 Et
962 2887 1147 2951 Sacra
1213 2884 1473 2951 Rituum
1541 2886 2002 2974 congregatio,
2060 2885 2274 2954 audito

694 2973 870 3059 prius
915 2974 1118 3039 altero
1165 2992 1248 3043 ex
1292 2974 1846 3041 Caeremoniarum
1888 2974 2277 3061 Apostolica-

696 3079 838 3126 rum
881 3061 1213 3148 Magistris,
1248 3063 1360 3148 qui
1387 3081 1565 3128 suam
1610 3063 1845 3149 scripto
1891 3062 2273 3129 sententiam

692 3148 977 3239 reddidit
1041 3148 1334 3238 typisque
1397 3150 1759 3235 evulgavit,
1816 3171 1885 3217 ac
1947 3151 2275 3217 referente

694 3241 850 3302 Elbo
882 3248 948 3303 et
982 3241 1142 3304 Rmo
1189 3238 1455 3304 Domino
1501 3237 1812 3304 cardinali
1859 3241 2097 3321 Mattei,
2135 3240 2274 3304 loco

692 3325 834 3391 Emi
881 3335 948 3391 et
992 3327 1131 3392 Rmi
1177 3326 1423 3392 Domini
1468 3324 1815 3393 cardinalis
1861 3326 1997 3392 lulii
2046 3327 2273 3393 mariae

690 3413 775 3478 de
822 3414 1091 3482 Somalia
1136 3414 1441 3480 Praefecti
1488 3425 1556 3479 et
1611 3414 1907 3480 Ponentis
1966 3415 2272 3498 absentis,

694 3501 1217 3587 respondendum
1264 3501 1555 3567 censuit:
1972 3518 1977 3523 ·

824 3587 917 3653 Ad
974 3593 1031 3654 1.
1083 3609 1121 3652 α
1154 3588 1577 3667 Affirmative;
1644 3602 1869 3656 verum
1935 3588 2273 3656 consulen-

692 3675 846 3742 dum
892 3675 1294 3743 sanctissimo
1340 3695 1457 3762 pro
1507 3678 1885 3743 extensione
1916 3678 2271 3765 privilegii,

692 3761 1025 3846 videlicet,
1072 3764 1244 3848 quod
1291 3763 1587 3851 Episcopi
1637 3766 1701 3831 in
1746 3765 1993 3832 casibus
2038 3788 2072 3831 a
2131 3766 2272 3833 iure

690 3850 1015 3936 permissis
1079 3851 1470 3938 hospitantes
1532 3853 1706 3919 domi
1764 3855 1867 3919 vel
1933 3865 2272 3941 parentum

692 3936 798 4003 vel
848 3947 1327 4022 extraneorum,
1362 3940 1471 4025 qui
1518 3942 1798 4028 gaudent
1845 3942 2097 4008 indulto
2123 3947 2273 4010 Ora-

691 4025 835 4092 torii
880 4025 1241 4111 domestici,
1274 4027 1517 4114 possint
1550 4039 1616 4096 et
1645 4029 1898 4095 valeant
1944 4030 2005 4096 in
2038 4030 2270 4096 eodem

692 4113 1018 4180 celebrare
1062 4115 1166 4181 vel
1215 4113 1540 4182 celebrare
1588 4117 1823 4199 facere,
1860 4117 2000 4182 loco
2033 4130 2100 4184 et
2131 4118 2272 4184 vice

690 4205 850 4268 Arae
881 4202 1216 4288 portatilis,
1244 4222 1433 4287 quam
1464 4214 1704 4272 tantum
1737 4214 1913 4270 extra
1947 4206 2269 4292 propriam

690 4290 1044 4357 Dioecesim
1076 4290 1371 4377 indulget
1401 4292 1754 4358 Bonifacius
1778 4295 1906 4359 Vlll
1933 4312 2070 4379 cap.
2108 4295 2270 4371 Quo-

689 4385 870 4448 niam
918 4382 1234 4465 Episcopi,
1288 4383 1379 4445 De
1425 4379 1777 4468 privilegiis
1812 4380 1874 4445 in
1905 4385 1973 4464 6,
2022 4394 2268 4448 servata

692 4470 756 4536 in
787 4468 1051 4554 reliquis
1083 4467 1281 4533 forma
1305 4468 1557 4533 Decreti
1588 4489 1641 4533 s.
1672 4486 1759 4533 m.
1788 4468 2135 4535 clementis
2158 4475 2263 4555 Xl,

690 4556 863 4623 iuxta
908 4567 1122 4623 tamen
1168 4555 1557 4640 posteriores
1601 4556 2066 4625 declarationes
2091 4578 2145 4624 s.
2173 4578 2262 4625 m.

689 4645 1037 4712 Innocentii
1090 4647 1226 4710 xm
1274 4654 1338 4709 et
1384 4644 1649 4709 Concilii
1699 4646 1955 4711 Romani
2002 4649 2122 4713 sub
2153 4652 2269 4714 Be-

689 4733 950 4800 nedicto
997 4736 1158 4814 xm,
1208 4750 1349 4817 cap.
1404 4736 1509 4814 15,
1556 4751 1734 4798 num.
1786 4735 1827 4799 3
1861 4754 1925 4799 ι».

817 4820 912 4887 Ad
962 4824 1028 4888 2.
1077 4842 1115 4885 α
1147 4819 1488 4906 Negative3
1541 4837 1766 4887 verum
1799 4823 2264 4889 consulendum

688 4908 1090 4976 Sanctissimo
1159 4926 1274 4993 pro
1335 4909 1711 4976 extensione
1778 4909 2266 4999 privilegiorum

688 4996 894 5081 quoad
943 4997 1190 5062 unicam
1239 4995 1510 5080 Missam,
1546 5014 1760 5084 quam,
1793 5000 2049 5086 propria
2099 5000 2270 5065 cele-

689 5084 886 5167 brata,
934 5085 1229 5172 Episcopi
1273 5082 1482 5153 solent
1526 5087 1753 5157 audire
1780 5108 1843 5154 ι.

674 5210 691 5223 -
818 5170 912 5237 Ad
961 5176 1027 5238 3.
1074 5194 1112 5237 α
1146 5171 1534 5239 Affirmative
1565 5222 1582 5257 ,
1650 5176 1856 5259 quoad
1924 5174 2262 5241 familiares

689 5259 1017 5326 dumtaxat
1061 5259 1273 5328 eidem
1323 5260 1632 5349 Episcopo
1662 5272 1805 5326 actu
1837 5264 2258 5348 necessarios3

690 5347 1022 5436 Negative,
1071 5350 1278 5435 quoad
1326 5348 1608 5434 reliquos
1641 5373 1701 5414 ».

2510 423 2604 490 Ad
2657 428 2722 488 4.
2772 443 2811 486 ‹
2845 422 3241 490 Affirmative
3275 445 3342 489 ».

2510 511 2605 577 Ad
2657 517 2720 577 5.
2770 534 2809 575 ι
2842 515 2966 577 lam
3015 512 3342 599 provisum
3387 511 3455 577 in
3501 510 3714 596 primo
3773 522 3942 597 atque

2379 600 2664 666 secundo
2699 621 2766 665 ι».

2512 688 2626 754 Die
2671 692 2756 754 22
2803 687 3071 774 Augusti
3124 691 3314 755 1818.

2425 825 2434 836 .
2510 779 2690 841 Facta
2715 786 2927 841 autem
2954 775 3262 841 relatione
3287 776 3370 842 de
3396 773 3762 859 praemissis
3773 779 3945 844 SSmo

2380 864 2647 930 Domino
2678 865 2905 928 Nostro
2937 862 3046 928 Pie
3076 866 3179 930 Vll
3203 866 3384 929 Pont.
3420 866 3614 947 Μαι,
3661 865 3945 930 Sanctitas

2380 955 2504 1018 Sua
2550 954 2774 1019 Sacrae
2819 950 3344 1037 congregationis
3388 969 3696 1037 responsa
3738 952 3945 1038 adpro·

2381 1037 2576 1122 bavit,
2612 1037 3005 1105 confirmavit
3036 1049 3102 1104 et
3133 1039 3578 1106 extensionem
3611 1038 3943 1126 Privilegii,

2381 1139 2453 1194 ut
2498 1127 2564 1192 in
2609 1127 3022 1212 responsione
3067 1126 3145 1193 ad
3191 1126 3468 1214 primum
3515 1136 3582 1191 et
3610 1129 3941 1193 secundum

2383 1234 2464 1282 ex
2527 1214 2869 1301 propositis
2936 1213 3186 1298 dubiis,
3257 1214 3559 1282 indulsitz
3635 1214 3944 1280 contrariis

2381 1322 2510 1370 non
2555 1302 2972 1369 obstantibus.
3022 1303 3134 1369 Die
3174 1307 3260 1369 25
3306 1302 3598 1368 eiusdem
3631 1303 3864 1368 mensis
3889 1314 3944 1366 et

2382 1409 2556 1458 anm.

2385 1549 2649 1620 2586.
2924 1553 3094 1618 Plus
3137 1553 3249 1616 PP.
3301 1554 3431 1618 vn.
3738 1551 3940 1638 (asts)

2543 1685 2940 1753 venerabiles
2982 1686 3235 1754 Fratres
3277 1703 3353 1753 ac
3397 1684 3612 1752 Dileoti
3657 1685 3806 1764 Filii,

2482 1783 2752 1860 Salutem
2796 1789 2860 1851 et
2903 1783 3306 1868 Apostolicam
3349 1782 3857 1854 Benedictionem.

2514 1920 2757 1986 lamdiu
2812 1919 2889 1985 ad
2945 1921 3069 1984 Nos
3127 1920 3448 2005 perlatum
3515 1920 3729 1986 fuerat
3794 1939 3946 1985 com-

2379 2008 2602 2095 plures
2645 2006 3080 2094 Presbyteros,
3113 2006 3180 2072 in
3217 2007 3631 2092 Neapolitano
3677 2025 3946 2095 praeser-

2381 2097 2495 2161 tim
2538 2097 2760 2180 Regno
2805 2095 3159 2181 degentes,
3211 2093 3274 2158 id
3335 2094 3455 2161 sibi
3497 2113 3800 2182 arrogare
3854 2114 3945 2161 vo-

2384 2182 2610 2266 luisse,
2662 2193 2733 2249 ut
2784 2183 3000 2249 Altare
3063 2181 3364 2268 portatile
3423 2201 3538 2248 sen
3605 2181 3944 2249 oratorium

2377 2271 2697 2358 privatum
2743 2271 2806 2338 in
2853 2268 3116 2335 aedibus
3166 2287 3317 2334 suae
3377 2268 3780 2338 habitationis
3839 2270 3945 2336 eri·

2377 2368 2649 2446 gerent,
2698 2377 2827 2424 non
2874 2377 2954 2425 ex
3002 2358 3214 2441 aliquo
3273 2355 3536 2443 speciali
3595 2359 3945 2446 Apostolico

2377 2443 2624 2515 indulto
2668 2445 2786 2512 sibi
2818 2446 3242 2532 personaliter
3271 2463 3596 2530 concesso,
3629 2447 3751 2513 sed
3783 2447 3944 2512 dum·

2379 2546 2547 2601 taxat
2580 2553 2659 2600 ex
2691 2553 2772 2600 eo
2801 2533 2971 2619 quod
3020 2550 3254 2598 nomen
3299 2532 3419 2618 ipsi
3464 2533 3776 2601 dederint
3805 2537 3944 2600 con·

2377 2622 2752 2689 fraternitati
2801 2623 2865 2687 in
2910 2620 3214 2707 Cappella
3260 2624 3522 2687 Sanctae
3569 2621 3798 2690 latiae
3827 2623 3943 2688 Vir·

2378 2711 2543 2797 ginis
2587 2710 2806 2796 campi
2853 2710 3061 2775 Sancti
3107 2710 3193 2776 de
3243 2710 3411 2775 Urbe
3458 2721 3754 2794 erectae,
3801 2728 3944 2774 asse·

2377 2809 2592 2864 rentes
2638 2797 2764 2863 tale
2811 2796 3223 2886 privilegium
3282 2796 3728 2864 confratribus
3779 2798 3946 2864 huius

2376 2885 2948 2967 Confraternitatis,
2995 2884 3106 2969 qui
3142 2883 3414 2950 'Praelati
3462 2896 3570 2950 aut
3599 2883 3944 2973 Presbyteri

2379 2986 2617 3052 essent,
2663 2994 2734 3040 ac
2780 2974 2972 3040 etiam
3030 2971 3431 3060 cappellanis
3492 2994 3526 3039 a
3571 2994 3710 3042 rec.
3761 2990 3939 3041 mem.

2377 3068 2592 3129 Leone
2638 3067 2749 3128 PP.
2798 3065 2855 3128 X
2898 3060 3396 3129 Praedecessore
3441 3063 3674 3129 Nostro
3707 3079 3944 3129 conces·

2375 3169 2519 3216 sum
2565 3149 2783 3216 fuisse.
2832 3154 2960 3217 Hoc
3007 3168 3262 3234 quoque
3306 3149 3573 3235 addunt,
3606 3150 3941 3236 quodlicet

2373 3244 2495 3326 'per
2561 3239 2982 3304 successivam
3051 3237 3224 3303 Sacri
3281 3236 3547 3303 concilii
3606 3234 3941 3306 Tridentini

2378 3327 2520 3393 talia
2566 3326 2903 3414 privilegia
2948 3324 3307 3411 abrogantis
3360 3324 3878 3413 adprobationem
3915 3344 3941 3387 a

2375 3426 2723 3480 memorato
2771 3418 2984 3479 Leone
3031 3413 3259 3478 factam
3316 3411 3488 3480 idem
3542 3415 3940 3501 privilegiam

2372 3501 2744 3587 abrogatum
2794 3500 3196 3585 remanserit,
3233 3500 3355 3567 hoc
3400 3513 3611 3569 tamen
3659 3502 3942 3571 revixisse

2377 3609 2457 3656 ex
2492 3608 2567 3655 eo
2602 3600 2922 3678 tempore,
2960 3607 3088 3673 quo
3134 3609 3269 3656 rec.
3307 3608 3502 3656 mem.
3554 3590 3702 3657 Pius
3735 3594 3844 3656 PP.
3878 3590 3940 3653 Ν

2373 3678 2830 3746 Pmedeoessor
2886 3678 3114 3743 itidem
3173 3680 3421 3762 Noster,
3471 3688 3545 3745 ut
3598 3679 3942 3745 confratres

2374 3766 2849 3832 Ecclesiasticos
2879 3765 2956 3830 ad
2989 3766 3361 3851 cappellam
3409 3767 3806 3853 praedictam
3835 3765 3940 3831 fre·

2375 3854 2802 3942 quentandam
2849 3863 2914 3919 et
2958 3854 3207 3920 socialia
3253 3853 3356 3941 pia
3396 3873 3593 3940 opera
3638 3854 3726 3921 ibi
3775 3872 3940 3921 exer·

2374 3943 2573 4009 cenda
2604 3941 2938 4008 alacriores
2978 3942 3309 4025 redderet,
3342 3942 3513 4008 idem
3546 3941 3940 4030 privilegium

2374 4028 2793 4097 confirmavit.
2841 4032 3230 4115 Quamquam
3263 4048 3419 4096 vero
3453 4042 3628 4117 patet
3659 4030 3813 4097 nihil
3846 4029 3940 4094 ho·

2376 4137 2517 4184 rum
2557 4136 2837 4203 operum
2885 4139 2918 4182 a
2961 4118 3303 4203 praedictis
3348 4116 3806 4186 Ecclesiasticis
3843 4116 3940 4182 do·

2374 4205 2679 4284 micilimn
2741 4214 2918 4272 extra
2976 4206 3215 4271 Urbem
3268 4204 3648 4272 habentibus
3709 4202 3938 4293 expleri

2371 4294 2633 4360 minime
2678 4312 2893 4379 posse,
2929 4292 3103 4360 idem
3137 4304 3350 4361 tamen
3395 4294 3811 4381 privilegium
3839 4288 3938 4357 sibi

2371 4384 2720 4470 postulant,
2755 4401 2884 4448 non
2929 4383 3046 4448 alia
3092 4382 3178 4447 de
3225 4402 3430 4466 causa,
3463 4383 3582 4450 nisi
3614 4384 3761 4470 quia
3791 4385 3941 4470 ipso·

2371 4489 2513 4537 rum
2545 4470 2797 4537 nomina
2828 4470 2892 4535 in
2939 4471 3340 4537 confratrum
3375 4472 3672 4558 catalogo
3719 4470 3938 4538 fuerint

2369 4560 2698 4643 adnotata3
2748 4558 2926 4642 qnasi
2975 4558 3038 4624 id
3071 4576 3200 4625 non
3244 4560 3398 4625 solis
3444 4560 3541 4641 iis,
3577 4559 3793 4647 quire
3825 4559 3936 4645 ipsa

2368 4647 2729 4715 confratres
2785 4655 3030 4730 essent,
3079 4645 3194 4712 sed
3253 4646 3442 4713 etiam
3496 4666 3616 4733 pro
3663 4647 3803 4714 aliis
3845 4641 3936 4730 qui

2369 4757 2402 4800 a
2450 4736 2643 4820 longe
2703 4750 2940 4801 nomen
3000 4733 3364 4819 dedissent,
3414 4735 3494 4800 sit
3555 4750 3934 4802 concessum.

2368 4822 2790 4901 Quamobrem
2838 4823 2976 4889 iure
3025 4821 3289 4907 quidem
3347 4824 3587 4909 optimo
3640 4818 3937 4888 Frater-ni-

2368 4922 2529 4978 tates
2575 4922 2642 4977 et
2687 4909 3114 4978 Discretiones
3161 4913 3423 4977 Vestrae
3467 4911 3699 4978 horum
3747 4918 3938 4998 postu·

2370 4998 2642 5067 lantibus
2703 4998 3087 5065 obstiterunt
3144 5008 3211 5062 et
3258 5000 3526 5066 obstant.
3591 5002 3758 5065 Haec
3802 4997 3935 5061 iam-

2367 5089 2507 5169 diu,
2540 5099 2615 5153 ut
2643 5088 2947 5171 diximus,
2982 5086 3058 5152 ad
3093 5104 3209 5151 nos
3239 5087 3492 5154 fuerant
3521 5088 3804 5173 perlata:
3849 5101 3937 5148 ve-

2369 5195 2514 5243 rum
2548 5175 2629 5240 ob
2659 5188 3026 5261 temporum
3074 5173 3466 5258 iniquitatem
3505 5185 3572 5241 et
3601 5190 3932 5260 superven-

2371 5273 2497 5328 tam
2521 5281 2743 5328 rerum
2775 5263 3067 5329 omnium
3093 5263 3520 5346 eversionem,
3545 5261 3811 5327 abusum
3835 5260 3930 5325 bu·

2373 5349 2643 5417 iusmodi
2677 5350 2978 5416 radicitus
3022 5349 3253 5415 tollere
3299 5350 3725 5436 nequivimus.
3773 5351 3929 5415 Nunc
