4042 5950
1619 223 2091 344 '-.⁷5-

219 390 714 458 Gonsortialium
762 390 902 456 sive
948 390 1502 458 Hausionariorum
1549 389 1625 477 in⁴
1655 411 1817 458 asso·
1918 409 2046 478 que
2092 390 2368 458 debeant
2411 409 2553 456 sese
2600 399 2859 457 vertere
2902 411 2935 455 a
2980 389 3387 475 Presbyterio
3435 389 3513 458 ad

222 478 608 545 ciationibus
652 479 728 545 ad
779 478 1005 544 funera
1035 501 1098 544 ι.
1155 482 1231 543 Et
1281 479 1362 544 ita
1410 479 1701 546 decrevit
1749 501 1820 546 ac

220 565 466 631 servari
518 564 1027 636 mandarinnie
1074 569 1115 632 9
1162 566 1298 632 Maii
1356 569 1544 635 1739.

218 742 492 812 2348.
766 744 1289 811 BARCINONEN.
1590 743 1816 830 (4089)

351 923 452 985 Ex
481 930 663 1006 parte
691 921 740 986 E
789 919 990 1006 iscopi
1011 920 1426 987 Barcinonen.
1462 916 1821 1018 expositum

220 1006 365 1088 fuit,
419 1008 600 1093 quod
646 1006 742 1071 Ab
787 1017 918 1072 ates
963 1007 1315 1093 Regulares
1358 1007 1608 1074 Ordinis
1638 1006 1821 1072 Clau-

217 1094 519 1160 stralium
565 1097 636 1161 S.
672 1094 1001 1162 Benedicti
1035 1094 1561 1183 congregationis
1607 1097 1820 1159 Tarra-

221 1201 491 1266 conen„
526 1181 640 1267 qui
669 1204 701 1247 a
735 1183 800 1247 S.
842 1182 1012 1249 Sede
1043 1183 1402 1282 Apostolica
1452 1180 1817 1248 facultatem

219 1272 460 1337 babent
514 1269 744 1336 utendi
788 1268 1254 1337 pontificalibus
1300 1271 1366 1338 in
1410 1269 1540 1338 suis
1572 1279 1819 1336 tantum

222 1356 534 1425 Ecclesiis
582 1370 689 1425 aut
719 1355 836 1423 sibi
865 1358 1064 1445 pleno
1100 1359 1239 1425 iure
1269 1357 1600 1440 subiectis,
1635 1374 1819 1444 prae-

224 1447 505 1513 tendunt
552 1446 726 1531 quod
788 1446 1141 1534 Episcopus
1202 1446 1512 1513 concedat
1575 1442 1816 1511 eisdem

224 1533 553 1599 licentiam
602 1532 824 1600 utendi
872 1532 1343 1601 Pontificalibus
1389 1533 1456 1599 in
1509 1532 1642 1597 aliis
1702 1536 1820 1597 Ec·

223 1620 429 1687 clesiis
495 1621 816 1687 Dioecesis
874 1622 1009 1686 sive
1071 1621 1475 1688 Secularibus
1522 1619 1654 1686 sive
1703 1623 1821 1685 Re-

222 1708 590 1796 gularibus;
642 1719 982 1796 propterea
1020 1708 1341 1795 praefatus
1375 1706 1725 1794 Episcopus
1755 1706 1820 1773 in

225 1798 289 1862 S.
330 1800 406 1864 R.
462 1799 537 1864 G.
591 1795 781 1862 enixe
828 1795 1212 1896 supplicavit
1260 1816 1376 1883 pro
1424 1794 1819 1863 resolutione

223 1882 606 1971 infrascripti
654 1882 859 1967 dubii,
908 1884 1265 1951 videlicetz

347 1973 453 2037 An
487 1971 840 2059 Episcopus
872 1971 1068 2058 possit
1100 1970 1463 2038 concedere
1495 1969 1818 2037 licentiam

223 2058 574 2126 Abbatibus
618 2056 1070 2126 Claustralibus
1099 2057 1349 2127 Ordinis
1382 2063 1448 2125 S.
1484 2057 1814 2126 Benedicti

226 2144 751 2233 Congregationis
775 2145 1258 2213 Tarraconensis
1292 2146 1638 2213 exercendi
1661 2149 1818 2212 Pon-

215 2234 480 2303 ‘tificalia
527 2235 594 2301 in
640 2233 942 2300 Ecclesiis
1002 2234 1406 2301 secularibus
1451 2246 1559 2300 aut
1607 2238 1816 2322 Regu·

227 2321 468 2475 laribus?
505 2321 829 2388 Dioecesis
874 2321 1060 2389 dictis
1106 2319 1453 2390 Abbatibus
1500 2340 1626 2388 non
1672 2319 1817 2388 sub·

235 2410 408 2478 iectis

351 2500 435 2562 Et
483 2500 553 2564 S.
600 2499 676 2563 R.
728 2500 830 2582 C.,
878 2496 1095 2564 audito
1141 2498 1319 2587 prius
1365 2508 1515 2563 voto
1546 2502 1817 2585 Aposto-

81 2597 96 2614 “
230 2587 491 2653 licarum
521 2584 1077 2652 caeremoniarum
1112 2586 1411 2673 Magistri,
1445 2586 1811 2672 respondit:

228 2696 263 2738 ‹
293 2674 533 2760 Nequit
577 2673 932 2760 Episcopus
964 2673 1308 2740 Abbatibus
1339 2673 1603 2760 aliisque
1638 2678 1817 2739 Prae—

232 2761 363 2829 latis
411 2759 849 2844 inferioribus,
901 2762 1285 2828 exercitium
1353 2760 1815 2828 Pontificalium

231 2847 587 2916 restrictive
636 2848 1017 2916 habentibus
1082 2849 1145 2915 in
1203 2848 1333 2916 suis
1395 2861 1641 2916 tantum
1699 2853 1817 2915 Ec-

231 2935 473 3021 clesiis,
525 2937 891 3003 facultatem
951 2955 1068 3003 seu
1119 2936 1440 3004 licentiam
1501 2934 1816 3024 impertiri

231 3025 569 3101 exercendi
622 3025 782 3091 illud
833 3023 899 3090 in
931 3025 1232 3091 Ecclesiis
1266 3025 1417 3112 ipsis
1452 3043 1577 3091 non
1605 3024 1817 3092 subie-

233 3115 364 3197 ctis,
415 3112 549 3179 sive
596 3114 928 3180 Seculares
986 3112 1227 3180 fuerint
1271 3113 1407 3180 sive
1462 3113 1815 3201 Regulares

233 3221 372 3269 suae
420 3200 743 3267 Dioecesis
778 3223 839 3265 ».
895 3207 972 3266 Et
1019 3202 1100 3266 ita
1149 3200 1442 3268 decrevit
1486 3221 1556 3267 ac
1602 3201 1815 3268 decla·

237 3290 406 3356 ravit.
455 3289 571 3356 Die
626 3291 701 3353 11
753 3289 892 3356 lulii
947 3292 1136 3356 1739.

235 3428 488 3499 2349.
753 3430 1317 3500 sunooALmEN.
1587 3431 1818 3520 (4093)

351 3552 723 3640 Capitulum
770 3566 835 3619 et
895 3554 1189 3622 canonici
1245 3554 1636 3623 cathedralis
1699 3557 1814 3620 Ec·

234 3640 451 3707 clesiae
498 3642 963 3728 senogallien„
998 3644 1072 3709 ad
1125 3643 1515 3712 dirimendas
1560 3652 1814 3708 contro-

237 3727 459 3794 versias
505 3747 700 3817 saepe
744 3732 995 3817 saepius
1041 3730 1342 3797 excitatas
1388 3752 1420 3797 a
1454 3733 1815 3819 Magistratu

189 3840 196 3847 ·
236 3815 430 3882 dictae
478 3816 802 3900 Civitatis,
858 3830 979 3884 tam
1029 3818 1193 3886 circa
1242 3830 1639 3907 praetensam
1702 3837 1816 3884 ex-

239 3906 660 3990 pectationem
705 3904 1020 3972 adventus
1068 3906 1357 3973 eiusdem
1403 3906 1479 3973 ad
1513 3906 1814 3973 solemni-

240 4001 386 4056 tates
430 3992 917 4079 ecclesiasticas,
954 4012 1141 4080 quam
1177 3993 1339 4059 circa
1388 3994 1818 4061 caeremonias

238 4078 295 4144 in
335 4079 705 4163 salutando,
755 4100 824 4146 ea
871 4099 994 4166 qua
1025 4083 1216 4149 decet
1245 4081 1667 4150 submissione
1701 4082 1817 4149 hu-

239 4166 496 4233 millime
543 4169 713 4255 apud
761 4172 828 4234 S.
864 4171 938 4234 R.
977 4170 1048 4235 C.
1083 4170 1527 4255 supplicarunt
1557 4190 1676 4257 pro
1712 4188 1813 4237 re-

239 4256 546 4321 solutione
572 4256 1119 4341 infrascriptorum
1141 4256 1513 4341 dubiorum,
1550 4276 1812 4359 nempe:

361 4347 426 4408 1.
491 4348 586 4411 An
648 4365 768 4432 pro
831 4343 1202 4411 inchoandis
1258 4343 1494 4412 divinis
1554 4345 1811 4430 Officiis,

243 4430 459 4518 quibus
507 4432 897 4500 intervenire
943 4433 1176 4500 assolet
1223 4433 1622 4520 Magistratus
1651 4433 1817 4499 mul-

244 4520 417 4585 toties
465 4520 543 4587 ad
591 4520 974 4588 deferendas
1036 4529 1367 4587 consuetas
1437 4521 1812 4603 oblationes,

243 4608 591 4695 Capitulum
635 4620 929 4675 teneatur
960 4608 1207 4676 dictum
1244 4610 1674 4695 Magistratum
1708 4628 1819 4674 ex·

247 4706 492 4781 pectare
537 4696 707 4763 ultra
754 4698 972 4764 horam
1020 4696 1433 4765 condictam?

358 4787 426 4848 2.
477 4784 574 4850 An
622 4785 990 4872 Capitulum
1051 4796 1116 4850 et
1172 4785 1510 4869 canonici,
1562 4796 1688 4851 tam
1753 4786 1815 4851 in

244 4870 590 4939 Cathedrali
639 4891 826 4959 quam
885 4882 1100 4956 extra,
1151 4882 1485 4972 postquam
1550 4872 1819 4962 ingressi

246 4970 376 5024 sunt
420 4958 896 5047 Presbyterium
941 4980 1058 5048 pro
1108 4960 1304 5026 Missis
1367 4961 1471 5027 vel
1522 4960 1818 5048 vesperis

248 5047 655 5131 celebrandis,
683 5048 887 5115 induti
914 5048 1325 5137 pluvialibus,
1352 5048 1537 5114 sicuti
1566 5049 1819 5134 quoties

248 5134 592 5218 procedunt
639 5137 718 5203 ad
762 5137 1124 5204 sedendum
1155 5137 1258 5203 vel
1297 5136 1572 5203 redeunt
1606 5137 1681 5203 ad
1713 5138 1818 5203 Al·-

249 5231 392 5305 tare,
439 5241 578 5288 sese
630 5222 934 5291 inclinant
980 5224 1192 5308 Cruci,
1247 5223 1557 5313 Episcopo
1606 5236 1682 5291 et·
1709 5230 1820 5292 Ga-

248 5310 470 5375 uonicis
518 5310 941 5378 existentibus
987 5311 1046 5377 in
1079 5310 1507 5399 Presbyterio,
1546 5313 1628 5379 ita
1660 5333 1817 5402 quo-

1927 487 2103 545 extra
2155 489 2218 544 et
2264 480 2535 545 salutare
2583 476 3073 563 magistratum?

2058 571 2137 632 Et
2174 568 2242 633 S.
2277 569 2354 634 R.
2388 569 2489 648 (1.,
2525 566 2741 632 audito
2790 563 2965 652 prius
3010 574 3159 632 voto
3190 565 3506 651 Apostoli-

1926 671 2140 719 carum
2204 652 2758 721 caeremoniarum
2813 651 3118 739 Magistri,
3169 664 3236 718 et
3300 652 3510 720 inhae-

1925 741 2129 808 rendo
2175 742 2309 808 aliis
2356 740 2853 807 resolutionibus
2901 740 2963 807 in
3009 739 3322 808 similibus
3354 742 3515 826 plu·

1925 830 2051 894 ries
2099 829 2312 912 editis,
2362 827 2849 895 rescribendum
2897 826 3189 896 censuit:

2058 917 2155 983 Ad
2212 922 2266 983 1.
2321 939 2358 980 ι
2391 915 2704 1002 Negative
2737 938 2801 982 t.

2057 1003 2151 1070 Ad
2202 1010 2265 1071 2.
2318 1026 2356 1069 α
2391 1003 2701 1090 Negative
2736 1025 2798 1069 ι.

2058 1093 2139 1158 Et
2186 1091 2269 1160 ita
2315 1090 2687 1159 declaravit.
2741 1091 2853 1157 Die
2910 1096 2976 1157 11
3034 1091 3172 1158 ΙιιΙίἰ
3226 1095 3419 1161 1739.

1931 1269 2193 1340 2350.
2465 1270 2984 1337 SURRENTINA.

3284 1268 3509 1355 (4094)

2056 1444 2267 1530 Super
2313 1440 2635 1512 nonnullis
2681 1442 2925 1509 iuribus
2972 1442 3505 1531 praeeminentia-

1927 1528 2134 1612 libus,
2198 1528 2527 1596 occasione
2583 1529 2987 1597 functionum
3057 1529 3513 1599 ecclesiastica·

1925 1635 2098 1700 rum,
2127 1617 2297 1683 inter
2327 1616 2692 1703 Capitulum
2723 1628 2790 1684 et
2819 1617 3164 1686 Canonicos
3189 1619 3512 1686 Ecclesiae

1927 1703 2447 1792 Metropolitanae
2494 1705 2784 1771 Surrenti
2833 1724 2916 1772 ex
2963 1726 3109 1790 una,
3158 1716 3350 1793 atque
3396 1710 3511 1774 Ca-

1925 1793 2203 1879 pitulum
2254 1803 2317 1859 et
2362 1791 2709 1861 Canonicos
2752 1793 3138 1881 collegiatae
3185 1794 3512 1862 Ecclesiae

1929 1884 2224 1950 Garrotti
2291 1881 2489 1946 Plani
2565 1880 2854 1949 eiusdem
2924 1883 3207 1951 Civitatis
3274 1903 3353 1949 ex
3423 1884 3510 1949 al-

1927 1983 2061 2037 tera
2106 1966 2413 2056 partibus,
2451 1968 2606 2035 ortis
2652 1967 3099 2037 controversiis
3148 1969 3402 2057 illisque
3433 1973 3509 2039 ad

1926 2063 1991 2126 S.
2033 2060 2112 2123 R.
2146 2059 2220 2123 C'.
2268 2055 2522 2139 delatis,
2574 2060 2768 2124 Effius
2816 2068 2881 2123 et
2927 2062 3122 2126 Rflius
3168 2061 3241 2125 D.
3292 2060 3507 2127 Cardi-

1929 2145 2085 2211 nalis
2130 2144 2301 2210 Gotti
2345 2146 2590 2212 Ponens
2649 2144 3044 2235 infrascripta
3102 2146 3292 2214 dubia
3340 2147 3514 2215 deci-

1925 2232 2136 2299 denda
2182 2231 2554 2318 proposuitz

2063 2324 2125 2388 1.
2173 2321 2269 2386 An
2315 2319 2703 2407 collegiatae
2747 2331 2812 2387 et
2857 2321 3201 2411 parochiali
3250 2333 3373 2391 etc.

2058 2407 2240 2494 (Vide
2282 2407 2481 2474 dubia
2535 2420 2597 2475 et
2643 2410 3058 2477 resolutiones
3101 2412 3215 2477 sub
3261 2412 3364 2480 dio
3417 2409 3509 2476 12

1924 2499 2160 2564 Martii
2210 2492 2420 2563 1735.
2470 2497 2548 2562 N.
2599 2496 2873 2583 2312).
3479 2574 3483 2579 .

2056 2585 2151 2652 Ad
2199 2584 2501 2652 effectum
2561 2584 2759 2671 igitur
2820 2586 3097 2654 evitandi
3161 2588 3503 2655 ulteriores

1926 2677 2239 2763 expensas
2293 2692 2362 2739 ac
2409 2672 2753 2740 dirimendi
2800 2674 3005 2761 iurgia
3051 2684 3116 2741 et
3162 2674 3344 2761 lites,
3393 2674 3508 2742 de-

1924 2771 2244 2828 venerunt
2319 2771 2531 2847 partes
2601 2761 2678 2828 ad
2747 2772 3038 2830 mutuam
3105 2762 3509 2830 concordiam

1925 2858 2245 2949 perpetuo
2304 2859 2369 2914 et
2436 2847 2884 2917 inviolabiliter
2950 2851 3367 2936 servandam;
3439 2870 3508 2916 ac

1970 2936 2199 3004 rounde
2244 2954 2360 3024 pro
2409 2936 2577 3004 illius
2632 2937 3112 3006 confirmatione
3165 2949 3232 3006 et
3275 2957 3511 3029 appro-

1965 3025 2176 3092 atione
2234 3025 2402 3112 apud
2465 3029 2529 3093 S.
2583 3029 2661 3092 R.
2708 3029 2778 3092 C.
2843 3026 3202 3093 humillime
3263 3026 3510 3114 suppli-

1927 3121 2177 3181 carunt.

2057 3206 2133 3268 Et
2164 3203 2224 3268 S.
2259 3207 2333 3270 R.
2366 3204 2463 3286 C.,
2498 3202 2575 3268 ad
2622 3201 3000 3268 relationem
3035 3200 3327 3270 eiusdem
3360 3201 3504 3270 Emi

1923 3290 2261 3357 Ponentis:
2311 3311 2349 3355 ‹
2384 3288 2727 3356 Praelatam
2774 3289 3176 3357 concordiam
3222 3288 3502 3377 benigne

1921 3378 2296 3465 approbavit
2327 3399 2390 3444 ».
2441 3376 2553 3443 Die
2606 3380 2680 3442 11
2732 3376 2874 3444 Iulii
2928 3379 3124 3445 1739.

1923 3519 2174 3590 2351.
2411 3520 3011 3589 vomrEuRANA.
3277 3520 3506 3610 (sose)

2048 3644 2142 3706 Ex
2169 3650 2345 3728 parte
2371 3644 2904 3741 cappellanorum
2926 3641 3204 3708 Prioriae
3228 3645 3294 3711 S.
3324 3642 3493 3710 Petri

1921 3731 1985 3796 in
2017 3729 2209 3797 Silice
2241 3730 2521 3797 Civitatis
2546 3731 2993 3798 volaterranae
3023 3729 3191 3818 apud
3230 3733 3296 3797 S.
3323 3734 3402 3798 R.
3431 3735 3506 3799 C.

1921 3818 2202 3885 demisse
2249 3818 2673 3907 supplicatum
2724 3819 2845 3885 fuit
2889 3829 3027 3904 pro·
3070 3819 3509 3887 declaratione

1922 3904 2559 3994 infrascriptidubii,
2606 3923 2756 3972 nem
2810 3925 2888 3972 e:

2053 3995 2150 4059 An
2197 3995 2381 4059 liceat
2419 3993 2746 4061 Sacerdoti
2796 4014 2867 4060 us
2911 3984 3187 4061 Prioriae
3235 3997 3302 4061 S.
3338 3995 3508 4062 Petri

1922 4080 1987 4145 in
2036 4079 2227 4146 Silice
2270 4080 2553 4161 Civitatis
2600 4082 3050 4149 volaterranae
3094 4082 3355 4149 deferre
3403 4103 3531 4149 ca-.

1920 4168 2153 4234 davera
2201 4168 2565 4235 monialium
2614 4188 2693 4235 ex
2741 4169 3113 4235 Monasterio
3160 4169 3237 4236 ad
3287 4169 3509 4237 Eccle-

1919 4255 2074 4319 siam
2122 4256 2521 4342 supradictae
2569 4254 2897 4324 Prioriae‘?

2058 4348 2132 4409 Et
2176 4347 2243 4412 S.
2277 4349 2356 4411 R.
2391 4347 2493 4427 G.,
2528 4345 2746 4414 audito
2778 4346 2957 4430 prius
3003 4356 3153 4415 voto
3198 4347 3388 4415 unius
3424 4364 3505 4411 ex

1919 4433 2432 4520 Apostolicarum
2460 4433 3016 4501 caeremoniarum
3046 4434 3378 4520 nagistris,
3406 4451 3505 4501 re·

1922 4521 2373 4607 spondendum
2399 4520 2681 4590 censuitz
2708 4543 2746 4586 α
2773 4522 3107 4608 Negative,
3133 4522 3307 4588 iuxta
3334 4539 3511 4589 men·

1926 4621 2059 4676 tem
2106 4621 2171 4676 et
2217 4627 2499 4678 normam
2542 4608 2997 4698 praescriptam
3030 4611 3094 4677 in
3126 4609 3357 4677 Rituali
3387 4612 3508 4676 Ro*

1922 4715 2110 4765 mano
2133 4720 2202 4764 ψ.
2236 4702 2316 4763 Et
2348 4698 2431 4764 ita
2461 4696 2831 4765 declaravit.
2865 4696 2977 4762 Die
3016 4702 3091 4763 11
3127 4697 3270 4764 lulii
3308 4699 3501 4763 1739.

1924 4837 2178 4907 2352.
2491 4838 2933 4905 MESSANEN.
3272 4834 3504 4926 (4099)

2053 4964 2262 5048 Super
2308 4962 2702 5048 infrascripto
2750 4959 2941 5028 dubio
2991 4961 3248 5027 nomine
3303 4964 3498 5028 Cano·

1922 5050 2212 5117 uicorum
2280 5050 2672 5116 Cathedralis
2744 5049 3067 5117 Ecclesiae
3150 5052 3504 5117 Messanen.
3638 5114 3645 5119 .

1923 5156 2122 5226 penes
2169 5141 2234 5205 S.
2287 5142 2361 5204 R.
2411 5140 2481 5203 C.
2535 5147 2861 5224 porrecto,
2909 5135 3261 5204 videlicet:

2054 5229 2149 5293 An
2195 5224 2488 5294 canonici
2534 5224 2929 5293 cathedralis
2974 5224 3298 5294 Ecclesiae
3347 5229 3504 5293 lies·

1924 5333 2146 5382 sanen.
2194 5316 2423 5382 mitrae
2467 5330 2653 5382 usum
2698 5313 3002 5385 habentes
3063 5313 3505 5404 genuflectere
