4042 5950
1672 327 2088 404 -59-

379 481 657 550 Dubium
703 486 766 549 3.
818 483 915 548 An
961 482 1024 547 in
1053 480 1465 548 Dominicain
1500 480 1676 547 Albis
1705 487 1824 548 Le-

235 568 376 636 ctio
419 573 528 636 xu
576 568 829 656 legatur
882 571 965 636 de
1026 568 1297 657 simplici
1361 573 1548 636 Festo
1604 588 1825 635 occur·

237 667 464 739 rente,
511 667 582 722 et
623 655 747 722 boc
791 676 958 723 anno
1009 660 1203 739 1735,
1253 656 1335 724 de
1383 661 1451 725 S.
1497 653 1827 724 Aniceto‘?

379 748 468 828 R).
518 764 557 808 ι
589 742 984 810 Affirmative
1012 765 1080 808 v.

367 831 655 899 Dubium
700 835 766 897 4.
816 837 937 915 An,
971 831 1222 916 quando
1267 830 1494 918 vigilia
1539 830 1826 897 omnium

240 923 626 988 Sanctorum
659 917 923 985 venitin
954 917 1302 1001 Dominica,
1339 929 1404 985 et
1436 937 1828 1003 consequen·

242 1016 349 1071 ter
393 1005 786 1094 anticipanda
836 1016 933 1071 est
978 1005 1043 1071 in
1089 1006 1395 1089 Sabbato,
1445 1007 1615 1091 quod
1676 1016 1829 1072 tunc

241 1093 372 1159 erit
415 1092 558 1160 dies
598 1098 680 1161 30
724 1092 1036 1177 Octobris,
1083 1096 1166 1163 de
1199 1114 1269 1160 ea
1299 1093 1506 1160 solum
1543 1093 1827 1160 facienda

237 1180 322 1246 sit
368 1182 930 1266 commemorati03
979 1181 1128 1264 quia
1158 1191 1293 1247 tum
1325 1184 1583 1247 Festum
1614 1182 1827 1247 Sacra-

240 1286 389 1333 rum
451 1267 928 1353 Reliquiarum,
998 1268 1169 1353 quod
1235 1268 1342 1335 die
1403 1273 1485 1336 30
1542 1266 1828 1336 Octobris

238 1354 306 1422 in
353 1366 572 1422 nostro
631 1356 867 1423 Ordine
928 1356 1318 1438 celebratur,
1372 1368 1507 1422 tum
1569 1356 1678 1422 illa
1727 1353 1827 1423 Vi-

237 1442 391 1527 gilia
450 1442 641 1511 babet
705 1443 878 1509 idem
937 1444 1360 1531 Evangelium
1407 1454 1470 1510 et
1532 1442 1825 1510 eamdem

238 1530 620 1609 Homiliam;
681 1529 856 1597 idem
913 1532 1086 1600 enim.
1143 1530 1286 1598 fieri
1350 1530 1721 1612 consuevit,
1770 1528 1824 1598 si

237 1623 503 1684 Festum
562 1620 1037 1705 Expectationis
1095 1624 1314 1688 Partus
1374 1623 1442 1686 B.
1508 1622 1585 1685 V.
1649 1616 1826 1683 venit

237 1707 306 1771 in
375 1703 556 1771 Feria
617 1709 698 1771 lv
761 1711 1194 1794 Temporum,
1261 1707 1344 1773 de
1402 1725 1522 1791 qua
1584 1725 1667 1771 ex
1729 1724 1824 1772 ra-

237 1793 416 1858 tione
461 1792 656 1858 simili
703 1802 950 1859 tantum
997 1794 1070 1862 fit
1116 1789 1686 1862 commemoratio?
1727 1798 1824 1857 An

234 1899 394 1946 vero
445 1879 554 1946 tali
598 1885 747 1946 casu'
792 1901 910 1969 pro
971 1886 1155 1949 Festo
1217 1885 1615 1964 Sanctorum,
1665 1897 1825 1965 quo-

231 1985 380 2032 rum
449 1968 785 2055 Reliquiae
842 1967 909 2036 in
967 1968 1199 2036 nostris
1263 1967 1559 2035 Ecclesiis
1623 1984 1822 2032 asser-

231 2065 504 2138 vantur,
561 2056 734 2123 aliud
788 2056 1210 2144 Evangelium
1271 2066 1336 2122 et
1382 2055 1498 2123 alia
1555 2053 1823 2121 Humilia

228 2142 364 2207 sint
408 2144 814 2232 accipienda:
868 2155 936 2211 et
979 2141 1339 2231 quaenam?
1382 2146 1478 2210 An
1511 2144 1673 2208 Cum
1706 2161 1823 2208 au·

228 2229 504 2297 &ieritis
548 2242 669 2298 etc.
714 2233 820 2296 vel
869 2233 1126 2299 sedente
1157 2234 1297 2298 Iesu
1326 2250 1518 2317 super
1549 2233 1822 2299 Mentem

229 2315 473 2386 oliveti
519 2327 641 2385 etc.
666 2318 698 2382 2

363 2410 453 2491 R).
505 2426 546 2471 ς
578 2409 667 2472 De
714 2405 944 2494 Vigilia
988 2405 1097 2473 fiat
1130 2404 1654 2473 commemoratio
1689 2413 1821 2470 tan-

230 2501 409 2580 tum;
457 2493 522 2560 in
565 2493 783 2560 Officio
827 2505 1050 2564 autem
1125 2497 1458 2562 Sacrorum
1505 2492 1819 2579 Reliquia-

227 2598 376 2647 rum
424 2580 739 2648 recitetur
782 2582 1205 2671 Evangelium
1232 2583 1615 2648 Descendens
1649 2584 1819 2646 Iesus

223 2669 302 2733 de
349 2680 562 2736 monte
607 2689 756 2736 cum
822 2671 1091 2737 Romilia
1136 2673 1205 2737 S.
1253 2669 1665 2737 Ambrosii».

646 2847 748 2914 Al)
802 2848 1144 2944 Tlrnhun
1188 2849 1410 2913 xxvn

463 2953 567 3017 DE
617 2952 1157 3019 RESPONSORIIS
1195 2952 1577 3018 PROLIXIS.

363 3110 664 3177 Dubium.
712 3111 834 3192 An,
892 3109 1145 3196 quando
1199 3110 1262 3176 in
1307 3110 1520 3177 Officio
1574 3110 1819 3179 duode-

230 3198 356 3263 cim
401 3198 507 3263 vel
551 3196 748 3263 trium
777 3197 1154 3263 Lectionum
1186 3197 1534 3265 dicendum
1568 3207 1664 3264 est
1694 3203 1814 3265 Re-

225 3284 637 3383 sponsorium
682 3284 765 3351 de
798 3284 1073 3372 simplici
1104 3286 1285 3352 Feria
1316 3286 1537 3351 maiori
1571 3287 1676 3352 vel
1708 3285 1815 3351 Vi·

227 3372 379 3458 gilia
414 3390 543 3438 non
592 3371 869 3440 habente
916 3373 1336 3459 Responsoria
1382 3373 1661 3472 propria,
1697 3392 1815 3460 pro

233 3460 463 3526 eadem
509 3460 814 3525 Lectione
866 3460 1314 3529 universaliter
1364 3471 1446 3526 sit
1498 3460 1813 3547 accipien-

231 3549 386 3616 dum
440 3547 940 3634 Responsorium
994 3552 1024 3614 1
1091 3566 1173 3614 ex
1231 3548 1443 3634 primo
1487 3551 1812 3615 Nocturno

231 3635 623 3718 Dominicae‚
687 3636 788 3701 vel
850 3637 936 3703 de
992 3636 1325 3709 Communi
1386 3633 1816 3703 Sanctorum?

231 3725 322 3789 An
369 3741 524 3788 vero
573 3721 638 3789 in
682 3723 802 3791 boc
846 3723 929 3789 sit
976 3724 1265 3791 habenda
1299 3725 1457 3788 ratio
1489 3724 1813 3793 Feriarum

233 3810 707 3894 Hebdomadae,
742 3810 824 3877 ita
862 3823 930 3876 ut
977 3811 1157 3879 Fer'n
1187 3812 1465 3879 secunda
1502 3822 1565 3877 et
1597 3812 1814 3898 quinta

233 3898 620 3965 sumendum
683 3899 766 3965 sit
824 3900 1320 3986 Responsorium
1380 3905 1410 3966 1
1477 3917 1558 3964 ex
1605 3898 1811 3986 primo

233 3988 556 4053 Nocturno
605 3984 993 4071 Dominicae‚
1027 3988 1131 4054 vel
1180 3987 1264 4053 de
1297 3990 1630 4057 Communi
1665 3989 1814 4054 San-

235 4084 520 4141 ctorum:
569 4074 749 4141 Feria
781 4078 820 4141 3
853 4083 920 4139 et
952 4080 992 4141 6
1023 4076 1304 4160 primum
1335 4074 1813 4161 responsorium

235 4181 312 4228 ex
375 4161 667 4229 secundo
736 4164 1059 4229 Nocturno
1134 4162 1493 4230 Dominicae
1555 4164 1662 4229 vel
1730 4162 1814 4229 de

233 4249 569 4317 Communi
633 4251 1045 4317 Sanctorumz
1096 4259 1161 4314 et
1223 4250 1398 4316 Feria
1448 4255 1487 4317 t
1535 4262 1600 4317 et
1663 4250 1811 4318 Sab-

233 4334 369 4403 bato
433 4338 934 4425 Responsorium
999 4342 1029 4404 1
1096 4357 1176 4404 ex
1239 4337 1427 4404 tertio
1488 4342 1812 4405 Nocturno

231 4426 589 4491 Dominicae
638 4426 742 4490 vel
789 4425 874 4491 de
921 4425 1256 4493 Communi
1304 4423 1729 4495 Sanctorum?

353 4516 444 4599 132.
496 4534 538 4575 ι
568 4515 877 4580 Servetur
920 4513 1192 4583 Robrica
1238 4512 1542 4581 Breviarii
1604 4518 1813 4580 Mona·

229 4601 366 4668 stici
411 4600 676 4667 Romani
728 4602 897 4671 titul.
927 4605 1009 4669 27
1058 4602 1140 4669 de
1187 4601 1631 4688 Responsoriis
1661 4621 1814 4688 pro-

233 4689 370 4754 lixis
418 4705 598 4753 num.
651 4692 719 4767 63
768 4698 833 4754 et
879 4689 1382 4776 Responsorium
1431 4688 1682 4756 dicatur
1725 4691 1812 4757 de

231 4774 525 4862 simplici,
559 4776 905 4863 desumpto
952 4796 986 4842 a
1030 4777 1394 4860 Communi,
1429 4777 1600 4863 quod
1638 4796 1810 4845 com·

233 4865 386 4951 petit
435 4863 543 4928 tali
588 4863 889 4949 simplici,
922 4863 969 4928 si
1005 4865 1225 4931 Lectio
1257 4865 1338 4930 sit
1369 4865 1457 4932 de
1500 4865 1807 4953 simplicia

233 4969 460 5036 nempe
506 4970 540 5016 a
585 4954 919 5021 Communi
967 4954 1443 5034 Confessorum‚
1492 4952 1544 5017 si
1591 4954 1808 5021 Lectio

234 5039 308 5105 sit
350 5041 432 5107 de
478 5041 898 5126 Contemni-03
934 5044 1018 5111 de
1047 5042 1383 5108 Communi
1432 5044 1809 5128 Martyrum,

236 5128 283 5193 si
324 5129 538 5195 Lectio
582 5129 667 5195 sit
712 5129 796 5196 de
843 5134 1115 5219 Martyre
1149 5152 1209 5195 ιν.
1250 5130 1348 5218 (1)

2468 485 2643 550 ALIA
2693 486 2951 550 Imma,

2059 654 2330 722 Dubium
2393 658 2452 720 1.
2505 656 2600 722 An
2657 659 2912 722 Festum
2972 654 3336 743 principalis
3393 663 3498 724 Pa-

1921 740 2086 807 troni
2118 741 2381 808 alicuius
2412 740 2728 808 Dioecosis
2759 763 2793 808 a
2823 741 3241 830 Regularibus
3283 745 3363 811 sit
3395 764 3497 814 ce-

1928 828 2305 896 lebrandum
2351 828 2476 894 ritu
2523 830 2763 914 primae
2810 830 3044 913 classis,
3079 840 3146 896 et
3176 830 3499 899 Dedicatio

1925 916 2244 982 Ecclesiae
2290 915 2681 984 Catbedralis
2727 917 2855 983 ritu
2892 920 3210 988 secundae
3242 918 3495 998 classis3

1926 1005 2077 1071 licet
2137 1004 2438 1074 hactenus
2496 1009 2753 1071 Festum
2804 1005 3065 1072 Patroni
3134 1004 3500 1076 celebretur

1923 1091 2052 1159 ritu
2097 1091 2338 1178 duplici
2387 1091 2632 1173 maiori,
2680 1096 2934 1158 Festum
2979 1103 3195 1162 autem
3239 1093 3499 1162 Dedica-

1928 1179 2113 1245 tionis
2160 1179 2416 1246 omnino
2461 1197 2589 1246 non
2637 1177 3054 1246 celebretur?

2011 1271 2095 1354 13.
2125 1288 2162 1334 ‹
2188 1264 2602 1350 Affirmative‚
2633 1275 2766 1334 tum
2791 1266 2997 1353 quoad
3027 1267 3329 1355 primum,
3357 1279 3494 1340 tum

1927 1356 2135 1439 quoad
2181 1355 2573 1440 secundum;
2618 1354 2735 1421 sed
2778 1354 2916 1422 sine
2958 1355 3240 1426 octavis:
3290 1363 3501 1444 Regu-

1926 1440 2086 1508 lares
2131 1450 2345 1512 autem
2399 1443 2484 1509 de
2534 1452 2713 1507 entes
2758 1451 2935 1509 extra
2993 1442 3323 1510 Civitatem
3369 1464 3499 1514 non

1931 1538 2229 1597 tenentur
2277 1530 2352 1597 ad
2398 1534 2489 1598 De
2541 1529 2826 1595 icationis
2870 1531 3160 1597 Officium
3187 1554 3249 1597 ».

2053 1621 2116 1681 2.
2167 1618 2263 1683 An
2311 1625 2649 1702 postquam
2695 1619 2758 1683 S.
2795 1619 3070 1686 Canutus
3118 1637 3235 1705 pro
3262 1619 3499 1690 Ordine

1925 1702 2339 1773 Benedictino
2384 1703 2510 1769 fixe
2575 1714 2672 1770 est
2731 1704 3049 1791 repositus
3092 1705 3200 1772 die
3245 1711 3328 1774 20
3387 1712 3499 1778 Fe-

1925 1789 2196 1874 bruarii,
2258 1791 2454 1877 possit
2488 1790 2720 1877 spridie
2783 1792 2971 1860 huius
3025 1793 3154 1859 diei
3202 1793 3321 1864 hoc
3368 1796 3498 1863 elo·

1922 1878 2099 1963 gium
2161 1881 2227 1947 S.
2285 1878 2503 1946 Canuti
2568 1879 2757 1966 Regis
2819 1890 2886 1945 et
2931 1881 3214 1966 martyris
3257 1883 3385 1970 legi
3435 1884 3499 1952 in

1924 1966 2396 2053 martyrologio,
2421 1986 2550 2032 non
2581 1965 2868 2036 obstante
2899 1967 3071 2053 quod
3105 1970 3346 2039 lectum
3369 1971 3499 2038 fne-

1921 2054 2004 2120 rit
2050 2052 2321 2140 septimo
2368 2053 2514 2120 ldus
2556 2052 2876 2121 Ianuarii?

2051 2145 2138 2229 R).
2188 2163 2225 2205 (ι
2259 2140 2674 2225 Affirmative,
2707 2161 2833 2212 non
2879 2144 3113 2212 variata
3158 2153 3369 2213 tamen
3402 2147 3497 2214 di-

1917 2230 2268 2316 spositione
2314 2230 2745 2316 martyrologii
2790 2232 3141 2298 Romani».

2051 2320 2114 2384 3.
2168 2318 2262 2382 An
2309 2316 2373 2383 in
2442 2321 2628 2384 Festo
2675 2320 2744 2384 S.
2791 2318 2979 2385 Marci
3040 2338 3111 2386 ac
3171 2319 3234 2390 in
3299 2320 3499 2387 Feriis

1917 2403 2366 2491 Rogationum,
2414 2404 2468 2470 si
2516 2395 2582 2472 in
2628 2405 2702 2471 iis
2747 2405 2856 2471 fiat
2900 2405 2986 2474 de
3018 2412 3206 2474 Festo
3252 2408 3497 2475 duode-

1919 2493 2043 2559 cim
2089 2492 2491 2576 Lectionum,
2529 2493 2593 2562 iu
2638 2491 2713 2559 iis
2760 2492 2914 2560 locis
2945 2492 3055 2559 ubi
3085 2513 3207 2562 una
3253 2505 3496 2566 tautum

1919 2581 2098 2648 Missa
2142 2589 2451 2663 cantatur,
2502 2601 2619 2669 pro
2663 2580 2887 2668 populi
2934 2581 3149 2648 maiori
3214 2602 3497 2654 commo-

1919 2667 2119 2736 ditate
2162 2680 2235 2734 ut
2282 2666 2479 2753 possit
2536 2679 2679 2755 post
2731 2670 3206 2738 Processionem
3275 2691 3495 2739 vacare

1920 2754 2285 2834 laboribus;
2349 2766 2640 2842 oporteat
2686 2757 2901 2843 potius
2957 2758 3190 2828 cantari
3256 2761 3499 2830 Missam

1921 2844 2002 2910 de
2049 2847 2261 2925 Festo,
2311 2860 2504 2928 quam
2548 2843 2633 2910 de
2679 2844 3188 2929 Rogationibus‘?

2050 2933 2135 3017 R).
2186 2930 2737 2998 «convenientius
2776 2941 2873 2999 est
2906 2936 3375 3003 processionem
3413 2936 3499 3003 fa-

1920 3038 2070 3086 cere
2116 3027 2261 3103 post
2288 3020 2555 3101 Nonam,
2592 3019 2742 3086 inde
2790 3029 3041 3089 cantare
3089 3024 3329 3091 Missam
3374 3029 3494 3094 Ro·

1917 3106 2246 3193 gatiouum
2282 3127 2343 3172 ».
2384 3106 2479 3193 (2)
3093 3132 3099 3139 ’

2052 3198 2116 3260 4.
2167 3199 2262 3259 An
2322 3194 2375 3259 si
2439 3213 2561 3280 per
2628 3194 3101 3269 Dedicationem
3171 3198 3497 3267 Ecclesiae

1917 3282 2020 3349 vel
2068 3282 2241 3348 aliud
2288 3285 2546 3348 Festum
2594 3282 2827 3349 cadens
2883 3284 2947 3353 in
3008 3286 3332 3354 Dominioa
3380 3286 3494 3354 im·

1917 3369 2219 3457 pediatur
2250 3368 2505 3437 Initium
2538 3371 2903 3458 Scripturae
2935 3373 3074 3440 talis
3106 3373 3494 3458 Dominicae‚

1919 3468 1984 3524 et
2031 3475 2149 3544 per
2195 3467 2481 3523 octavam
2525 3475 2653 3525 non
2698 3457 2776 3524 sit
2824 3459 3002 3527 locus
3046 3480 3164 3548 pro
3191 3480 3294 3545 eo,
3320 3462 3495 3547 quod

1916 3562 2141 3613 omnes
2186 3543 2325 3609 dies
2357 3543 2483 3611 sint
2515 3545 2601 3612 de
2631 3545 2737 3614 die
2772 3544 2932 3613 infra
2971 3558 3279 3633 octavam,
3314 3569 3496 3637 prae-

1918 3643 2016 3697 ter
2076 3649 2266 3698 unam
2328 3632 2493 3699 forte
2541 3634 2622 3700 de
2654 3637 2857 3700 -Festo
2910 3637 3083 3721 quod
3134 3646 3344 3707 tamen
3389 3638 3499 3705 baa

1916 3721 2061 3787 beat
2089 3720 2425 3787 Lectiones
2455 3720 2538 3788 de
2572 3722 2908 3790 Communi
2941 3723 3305 3810 assignatas,
3341 3735 3493 3793 tunc

1914 3810 2039 3875 tale
2087 3809 2340 3883 Initium
2386 3808 2466 3873 sit
2513 3809 2968 3894 omittendum,
3004 3813 3108 3878 vel
3153 3813 3364 3898 potius
3391 3833 3493 3883 re·

1914 3899 2288 3986 ponendum
2334 3898 2399 3963 in
2431 3897 2543 3963 illo
2574 3901 2788 3980 Festo,
2819 3899 3062 3973 omissis
3090 3899 3495 3971 Lectionibus

1913 3982 2285 4070 assignatis?
2328 3990 2405 4051 Et
2451 3985 2634 4070 quid,
2669 3985 2737 4049 si·
2768 3986 2933 4055 illud
2978 3991 3233 4057 Festum
3265 3988 3344 4054 sit
3377 3988 3494 4055 du-

1918 4075 2071 4160 plex
2118 4071 2370 4139 maius?

2042 4164 2132 4246 R).
2182 4181 2220 4224 (ι
2255 4160 2508 4225 Initium
2555 4158 2919 4245 Scripturae
2966 4174 3074 4229 aut
3120 4163 3498 4232 transferen-

1915 4248 2071 4316 dum
2106 4258 2200 4315 est
2231 4248 2309 4317 ad
2340 4247 2515 4314 diem
2550 4246 2843 4333 liberam,
2881 4250 3119 4318 etiamsi
3151 4262 3296 4337 post
3329 4262 3492 4319 octa-

1911 4354 2056 4405 vam
2102 4338 2223 4404 hoc
2271 4336 2551 4419 eveniat,
2592 4347 2699 4402 aut
2737 4336 3079 4425 anticipato
3114 4338 3487 4427 legendum.

1915 4425 2040 4493 Sed
2088 4425 2155 4493 in
2198 4422 2414 4491 Officio
2460 4441 2580 4509 pro
2626 4443 2753 4508 quo
2799 4426 3149 4512 assignatae
3190 4438 3340 4495 sunt
3376 4431 3492 4493 Le-

1916 4513 2157 4583 ctiones
2204 4513 2289 4580 de
2334 4512 2693 4596 Communi,
2748 4514 2898 4578 istae
2941 4523 3090 4580 sunt
3137 4513 3491 4601 legendae:

1917 4602 2089 4687 quod
2155 4600 2516 4668 faciendum
2576 4612 2673 4666 est
2719 4601 2822 4667 vel
2882 4600 3077 4686 magis
3134 4600 3198 4666 in
3252 4601 3492 4687 duplici

1915 4688 2163 4772 maiori,
2207 4690 2377 4755 iuxta
2422 4686 2725 4759 Rubricas
2770 4688 3073 4759 Breviarii
3120 4689 3201 4755 de
3248 4689 3493 4757 Lectio·

1916 4776 2101 4844 nibus
2132 4798 2194 4841 ».
2320 4844 2327 4851 ,
2672 4806 2681 4821 ·
2765 4805 2771 4811 ·

2037 4868 2103 4930 5.
2137 4867 2235 4931 An
2266 4863 2331 4931 in
2354 4863 2462 4929 die
2486 4872 2702 4929 octava
2729 4861 3147 4931 Dedicationis
3171 4864 3255 4933 ita
3278 4863 3491 4931 omnia

1903 4953 2030 5021 sint
2075 4953 2158 5019 de
2205 4951 2309 5018 die
2356 4949 2780 5018 Dedicationis
2840 4960 3096 5036 praeter
3151 4951 3492 5020 Lectiones

1904 5040 2173 5106 secundi
2207 5047 2272 5105 et
2323 5038 2488 5105 tertii
2538 5036 2867 5121 Nocturni,
2904 5050 2975 5104 ut
3023 5040 3214 5107 etiam
3245 5040 3493 5111 Lectio-

1905 5147 2019 5195 nes
2063 5128 2252 5217 primi
2300 5126 2608 5196 Nocturni
2654 5127 2781 5194 sint
2811 5127 3247 5199 desumendae
3280 5148 3361 5197 ex
3387 5128 3491 5197 die

369 5323 446 5395 (1)
479 5325 542 5381 Β.
583 5325 722 5383 nub.
757 5326 808 5390 2,
845 5325 879 5380 3
914 5332 971 5381 et
1003 5324 1055 5382 4.
1092 5355 1158 5365 —
1197 5325 1324 5383 item
1361 5327 1422 5383 E.
1459 5325 1640 5383 Dubia
1679 5325 1750 5382 ad
1786 5326 1868 5383 tit.
1907 5324 2142 5383 XXVIII
2177 5331 2233 5381 et
2265 5324 2333 5382 ad
2372 5325 2455 5383 tit.
2490 5325 2557 5381 de
2594 5324 2964 5382 Orationibus.

367 5408 1092 5483 (numanati.
