4042 5950
1526 228 1998 309 ..329-

133 387 371 456 2897.
729 389 1087 456 PLATIEN.
1472 385 1698 473 (5020)

244 565 595 632 Canonicos
671 567 840 633 inter
915 565 1305 634 cathedralis
1381 563 1703 631 Ecclesiae

127 652 442 719 Platiensis
492 655 917 722 controversia
965 666 1100 721 orta
1147 663 1279 739 est,
1329 672 1492 739 quae
1546 671 1702 719 non·

126 741 441 808 nullorum
488 743 727 809 animos
774 743 1054 809 diversas
1086 742 1150 809 in
1182 753 1395 829 partes
1441 740 1698 808 scindit.

124 830 303 907 Quam
371 829 640 916 quidem
710 829 1206 899 controversiam
1278 831 1353 897 ad
1435 830 1701 897 formam

125 917 290 983 dubii
336 920 643 1006 proponit
688 928 825 1005 pro·
854 929 1216 1008 opportuna
1244 918 1703 986 dilucidatione

126 1008 194 1072 R.
224 1008 293 1071 D.
331 1009 682 1095 calogerus
713 1010 867 1074 crea
915 1009 1267 1073 recensitae
1312 1005 1703 1074 cathedralis

126 1094 468 1161 Canonicus
515 1096 916 1182 Theologus3
968 1096 1304 1162 nimirums
1357 1099 1452 1162 An
1504 1097 1701 1161 Cano-

128 1180 293 1247 nicus
350 1182 416 1248 in
478 1183 689 1250 choro
758 1186 1105 1261 Diaconus,
1166 1183 1278 1250 sed
1337 1183 1701 1250 charactere

125 1269 359 1336 Ordinis
406 1270 890 1359 presbyteralis,
939 1271 1233 1351 omnibns
1277 1270 1704 1339 annuentibus

126 1358 444 1425 Canonicis
494 1360 690 1448 possit
737 1360 800 1427 in
846 1361 1055 1427 choro
1102 1360 1311 1427 facere
1352 1360 1705 1427 Hebdoma-

127 1443 310 1511 dam‘?
353 1447 514 1515 dum
562 1448 699 1533 ipse
743 1449 1182 1517 affirmativam
1227 1447 1517 1535 protueri
1562 1461 1705 1515 sen-

130 1533 377 1600 tentiam
426 1534 799 1624 profitetur.

246 1625 323 1688 Et
370 1626 558 1690 Sacra
604 1625 866 1692 Rituum
920 1625 1365 1712 congregati0,
1414 1625 1488 1691 ad
1538 1622 1703 1691 Vati·

126 1727 293 1775 canas
324 1713 540 1779 Aedes
571 1713 688 1780 bac
718 1713 827 1780 die
871 1715 1220 1781 coadunata
1268 1714 1332 1779 in
1363 1711 1704 1781 ordinariis

126 1798 424 1884 comitiis,
460 1800 676 1867 audita
709 1802 1019 1868 relatione
1050 1804 1126 1868 ab
1160 1801 1559 1888 infrascripto
1592 1802 1704 1868 Se-

129 1886 381 1952 cretario
430 1888 617 1973 facta,
668 1890 1058 1957 inhaerendo
1106 1890 1390 1957 Decretis
1422 1889 1569 1955 alias
1599 1907 1704 1953 su·

130 1990 233 2070 per
278 1993 347 2040 re
396 1976 588 2043 editis
635 1997 704 2044 ac
800 1978 1019 2044 erenni
1071 1977 1523 2045 consuetudini
1569 1976 1708 2042 aliis

126 2079 184 2124 1n
230 2062 530 2131 Ecclesiis
566 2066 709 2133 laud
795 2066 971 2133 iliter
999 2078 1313 2148 servatae,
1349 2064 1704 2131 rescriben-

129 2147 269 2214 dum
302 2151 599 2219 censuit:
633 2175 671 2218 e
697 2153 1127 2233 Affirmative3
1155 2154 1506 2222 dnmmodo
1529 2157 1706 2219 Prae-

128 2233 359 2332 bendae
406 2258 539 2307 non
583 2243 711 2308 sint
756 2241 921 2309 fixae
969 2253 1032 2308 et
1079 2242 1144 2307 in
1191 2243 1399 2311 choro
1448 2261 1567 2330 per
1597 2260 1703 2307 an·

130 2325 464 2478 tianiltatem
514 2331 894 2397 ascendatur
953 2331 1031 2397 ad
1088 2330 1391 2398 Ordinem
1437 2329 1703 2416 Presby-

131 2422 249 2477 tera
277 2432 383 2481 em
418 2437 485 2482 ι».

246 2504 455 2590 Atque
489 2505 573 2573 ita
610 2506 938 2595 rescripsit
970 2526 1039 2573 ac
1069 2507 1306 2573 servari
1353 2506 1702 2575 mandavit.

249 2590 358 2659 Die
412 2596 492 2661 14
540 2594 703 2664 lunii
755 2597 948 2663 1848.

135 2766 377 2838 2898.

650 2776 1193 2844 SYRACUSANA.
1479 2780 1704 2867 (ὅου)

248 2944 378 3011 Etsi
424 2955 687 3013 cantum
732 2946 927 3015 fuerit
974 2949 1221 3038 pluries
1263 2970 1297 3016 a
1357 2951 1543 3019 Sacra
1601 2952 1705 3022 Ri-

139 3041 300 3097 tuum
356 3036 871 3123 congregatione
934 3047 1004 3103 ut
1050 3038 1113 3104 in
1161 3039 1528 3127 collegiatis
1588 3045 1705 3108 Ec·

137 3119 323 3186 clesiis
366 3122 675 3190 solemnis
725 3125 1088 3192 benedictio
1122 3126 1309 3193 fontis
1343 3127 1708 3215 perficiatur

136 3227 163 3304 a
203 3210 507 3278 canonico
556 3212 1103 3299 Hebdomadario,
1152 3213 1351 3301 idque
1411 3227 1707 3284 servetur

139 3313 193 3358 in
256 3298 603 3388 collegiata
678 3302 1113 3368 Sanctissimae
1188 3304 1707 3372 Annunciationis

140 3384 245 3448 loci
288 3389 482 3475 vulgo
536 3389 781 3456 Comiso
830 3389 987 3456 intra
1039 3392 1197 3457 fines
1244 3392 1707 3481 DioecesisSy-

138 3488 482 3559 racusanae,
518 3476 584 3541 in
616 3497 736 3563 qua
770 3478 1081 3545 Parocbus
1127 3480 1387 3546 alterius
1431 3482 1707 3548 matricis

138 3559 434 3628 Ecclesiae
484 3583 700 3631 curam
748 3566 1099 3633 animarum
1132 3579 1419 3653 exercet,
1453 3568 1608 3655 quin
1642 3569 1706 3636 in

138 3648 305 3714 sacris
367 3651 798 3720 functionibus
861 3654 1073 3721 locum
1142 3656 1348 3722 ullum
1414 3676 1493 3722 ex
1555 3658 1705 3724 inita

143 3739 544 3806 conventione
593 3740 911 3821 obtineat;

254 3826 432 3893 Sacra
455 3828 718 3898 Rituum
748 3833 1202 3932 congregatio,
1236 3851 1437 3919 quum
1470 3832 1702 3901 iterum

140 3912 417 4010 requisita
463 3916 661 3983 fuerit
707 3919 789 3984 de
837 3919 1128 3986 ulteriori
1179 3923 1243 3988 in
1296 3941 1368 3987 re
1426 3922 1707 3990 declara-

143 4007 318 4090 tione,
365 4015 437 4070 ut
483 4005 715 4072 futuris
761 4006 1073 4092 quibusve
1123 4008 1519 4097 temporibus
1547 4013 1705 4081 ordo

144 4099 199 4153 et
239 4091 628 4159 uniformitas
675 4094 1006 4181 habeatur,
1039 4097 1116 4163 ad
1163 4098 1531 4165 Vaticanum
1565 4099 1709 4166 snb·

143 4176 359 4273 signata
404 4181 513 4247 die
547 4184 889 4250 coadunata
921 4184 987 4251 in
1017 4184 1360 4252 ordinariis
1391 4188 1703 4273 comitiiS,

146 4278 295 4332 iuxta
339 4270 486 4335 alias
534 4270 791 4337 decreta
838 4273 1202 4360 rescripsit:
1255 4296 1293 4339 e
1325 4275 1539 4342 Fontis
1597 4275 1707 4343 be-

144 4354 581 4442 nedictionem,
608 4358 783 4426 statis
812 4360 1062 4446 diebus,
1099 4362 1163 4427 in
1186 4362 1533 4450 collegiata
1563 4384 1707 4452 spe-

145 4450 298 4509 ctare
340 4446 413 4511 ad
462 4447 1042 4517 Hebdomadarium
1074 4473 1135 4515 ».

186 4616 195 4626 ⁸
260 4534 461 4620 Atque
509 4534 593 4602 ita
641 4539 897 4604 omnino
944 4540 1330 4606 servandum
1378 4541 1443 4606 in
1498 4541 1706 4608 colle-

145 4629 289 4700 giata
330 4624 559 4712 Oppidi
609 4629 855 4693 Comiso
899 4627 1242 4695 mandavit.

261 4709 365 4777 Die
417 4717 496 4780 14
543 4714 700 4780 lunii
755 4717 946 4782 1845.

148 4841 389 4918 2899.

746 4859 1104 4924 su‘rmNA.
1481 4860 1707 4948 (5022)

263 4975 577 5071 Superiori
601 4999 765 5047 anno
790 5002 823 5047 a
847 4981 1007 5047 vivis
1033 4993 1256 5065 erepta
1288 5002 1487 5069 quum
1510 4984 1707 5052 fuerit

149 5059 360 5129 mulier
404 5067 575 5133 Anna
607 5067 887 5136 Graziani
918 5070 1141 5137 Patrizi
1175 5091 1211 5136 e
1243 5076 1452 5159 Burgo
1496 5073 1703 5142 Sancti

150 5143 454 5244 §epulan
523 5155 700 5223 locus
762 5157 965 5225 factus
1032 5169 1127 5225 est
1197 5162 1704 5228 testamentariae

147 5230 299 5302 illins
340 5240 767 5334 dispositioni;
819 5257 890 5313 ut
934 5246 1265 5332 nimirum,
1314 5259 1573 5336 peracto
1605 5249 1705 5317 fn-

148 5334 285 5388 nere
316 5326 376 5394 in
404 5331 750 5420 collegiata
782 5333 1065 5402 Ecclesia
1093 5335 1504 5424 Roucilionis,
1530 5338 1704 5424 quod

1801 396 1896 452 est
1939 385 2263 476 Oppidum
2310 386 2375 454 in
2423 387 2674 455 Sutrina
2720 387 3033 473 Dioecesi,
3085 387 3223 455 eius
3277 392 3389 458 ca·

1802 474 2000 542 daver
2050 476 2476 544 tumularetur
2523 475 2588 543 in
2641 476 2917 546 Ecclesia
2961 481 3251 546 Fratrum
3281 482 3391 547 Or-

1805 561 1969 629 dinis
2016 563 2330 631 Minorum
2377 565 2587 632 Sancti
2635 563 2941 632 Francisci
3005 566 3394 653 capuccino-

1808 670 1946 716 rum
2001 649 2122 717 loci
2172 651 2488 719 eiusdem.
2539 654 2630 720 Ad
2668 652 2987 720 tramitem
3033 655 3396 741 praedictae

1807 738 2236 825 dispositionis
2284 753 2603 827 exequuta
2637 741 2846 809 omnia
2879 760 3077 827 quum
3130 741 3392 827 inerint,

1808 826 2127 894 incassum
2170 828 2364 895 iidem
2410 832 2760 914 Regulares
2808 842 3096 915 quartam
3143 831 3396 898 funera-

1810 913 1965 980 riatu
2011 914 2128 980 sibi
2187 915 2471 983 debitam
2535 929 3004 1006 expectamnt,
3051 919 3205 1007 licet
3267 918 3395 985 for·

1809 1002 1998 1068 miter
2045 1013 2109 1069 et
2156 1025 2186 1068 a
2234 1005 2526 1093 capitulo
2591 1008 2976 1093 collegiatae
3039 1019 3104 1072 et
3150 1009 3227 1075 ab
3282 1009 3397 1073 Ar·

1809 1091 2294 1180 cbipresbytero
2340 1096 2617 1163 Parocbo
2649 1095 2823 1161 illam
2866 1095 3392 1181 exquisivissent3

1808 1177 1965 1265 quin
2010 1180 2206 1247 immo
2253 1182 2584 1268 requisitio
2635 1184 2869 1251 isthaec
2918 1195 3235 1270 tamquam
3300 1184 3396 1251 in·

1810 1266 2019 1334 debita
2079 1268 2197 1335 fuit
2264 1269 2341 1335 ab
2410 1269 2633 1338 iisdem
2706 1272 2964 1338 reiecta.
3040 1276 3397 1361 Eapropter

1806 1358 1884 1423 R.
1912 1358 1977 1421 P.
2007 1358 2398 1425 Guardianus
2431 1358 2722 1426 eiusdem
2752 1364 3143 1444 conventus,
3180 1371 3394 1427 contra

1810 1444 2130 1531 repulsam
2180 1446 2451 1532 capituli
2499 1458 2564 1514 et
2609 1447 2893 1532 Parochi,
2930 1467 3257 1516 recursum
3290 1449 3396 1515 ha·

1809 1531 1950 1598 buit
1995 1533 2071 1598 ad
2122 1535 2282 1601 hanc
2331 1537 2579 1602 Sacram
2631 1537 2889 1603 Rituum
2946 1534 3398 1625 Congregatio·

1810 1639 1984 1703 nem,
2013 1640 2177 1721 quae
2209 1621 2274 1688 in
2297 1623 2637 1691 ordinariis
2661 1625 2944 1692 comitiis
2972 1625 3047 1691 ad
3077 1625 3399 1693 Vaticanas

1806 1709 2015 1776 Aedes
2061 1709 2170 1776 die
2220 1714 2256 1778 7
2306 1729 2527 1780 mense
2582 1713 2951 1781 Decembris
3011 1733 3175 1781 anno
3230 1715 3398 1781 1844

1807 1797 2179 1882 coadunata,
2229 1799 2305 1865 ad
2355 1800 2730 1867 relationem
2780 1801 3124 1890 subscripti
3171 1805 3396 1870 Secre-

1810 1884 1944 1952 tarii
1992 1885 2186 1953 satius
2233 1886 2445 1972 duxit,
2497 1888 2561 1955 in
2604 1909 2678 1956 re
2724 1889 3020 1957 omnibus
3067 1902 3212 1957 nota
3258 1891 3401 1977 plu·

1806 1974 2063 2059 riesque
2109 1974 2409 2061 decreta,
2459 1978 3015 2045 Reverendissimo
3082 1979 3397 2067 Episcopo

1806 2062 2280 2151 particulariter
2323 2066 2756 2149 committere,
2805 2076 2879 2132 nt
2926 2086 3043 2154 pro
3088 2086 3197 2135 sua
3242 2085 3396 2156 pru-

1807 2150 2021 2219 dentia
2067 2151 2565 2221 controversiam
2614 2154 2783 2221 iuxta
2846 2172 3095 2222 morem
3156 2156 3233 2224 ad
3291 2174 3397 2242 pa·

1807 2257 1951 2307 cem
1998 2252 2421 2328 componeret
2468 2242 2955 2327 assequendam,
2990 2264 3060 2311 ac
3092 2243 3230 2311 sine
3261 2244 3396 2312 ullo

1807 2328 2086 2415 strepitu
2134 2327 2350 2396 iudicii
2379 2331 2745 2417 Capitulum
2775 2332 3067 2418 adigeret
3094 2332 3171 2399 ad
3216 2352 3396 2420 prae-

1807 2417 2103 2484 standum
2170 2418 2462 2484 Alumnis
2527 2419 2776 2487 Ordinis
2844 2420 3394 2507 capuccinorum,

1808 2506 1980 2592 quod
2013 2503 2141 2571 illis
2171 2504 2448 2573 debetur
2478 2527 2512 2572 a
2546 2508 2683 2574 iure
2716 2518 3051 2575 statutum.
3099 2513 3396 2576 Attamen

1807 2594 2098 2662 eiusdem
2130 2595 2669 2663 Reverendissimi
2703 2597 3002 2685 Episcopi
3033 2597 3394 2681 consilium,

1808 2681 1920 2769 qui
1949 2694 2216 2749 noverat
2245 2695 2464 2771 postea
2497 2703 2830 2753 recursum
2877 2685 3163 2753 habitum
3205 2684 3398 2753 fuisse

1808 2793 1842 2838 a
1888 2771 2176 2838 Patribus
2234 2772 2605 2857 capuccinis
2668 2792 2871 2860 penes
2931 2777 3181 2842 Sacram
3236 2777 3399 2841 con-

1811 2861 2252 2948 gregationem
2318 2860 2622 2944 concilii,
2686 2863 2963 2950 acceptis
3024 2862 3098 2929 iis
3168 2860 3400 2930 litteris

1810 2946 2074 3035 aliisque
2121 2949 2345 3016 Sacrae
2391 2951 2914 3038 congregationis
2959 2948 3400 3020 Eminentissi-

1810 3056 2064 3103 morum
2110 3039 2361 3104 Patrum
2410 3039 2580 3105 Sacri
2625 3039 2884 3108 concilii
2920 3039 3274 3108 Tridentini
3307 3040 3400 3106 in·

1811 3137 2171 3213 terpretum
2229 3143 2428 3211 super
2491 3144 2562 3193 re
2624 3127 3133 3196 informationem
3183 3127 3400 3214 requi-

1810 3215 2121 3299 rentibus,
2173 3214 2236 3282 in
2283 3215 2444 3281 illud
2493 3215 2792 3299 intendit,
2842 3228 2914 3284 ut
2960 3219 3173 3283 omnia
3217 3218 3397 3305 capi-

1814 3304 1948 3370 tulo
1978 3302 2347 3391 supradicto
2377 3304 2792 3391 patefaceret,
2827 3304 3268 3458 susceptispue
3311 3305 3400 3370 al·
3469 3352 3473 3355 <

1813 3390 2231 3480 legationibus
2288 3392 2355 3460 in
2416 3390 2714 3480 scriptis,
2765 3396 3016 3462 Sacram
3062 3403 3134 3460 ut
3170 3411 3399 3479 amque

1810 3482 2387 3568 Congregationem
2433 3480 2772 3547 certiorem
2839 3483 3147 3550 redderet
3201 3500 3402 3567 snper

1811 3568 2237 3636 controversia
2261 3570 2727 3655 componenda.
2754 3571 3014 3638 Interim
3039 3574 3225 3639 Sacra
3239 3572 3398 3637 con·

1812 3658 2099 3759 gregatio
2146 3658 2411 3726 concilii
2457 3657 2725 3746 allegata
2773 3659 2981 3726 omnia
3014 3680 3047 3726 a
3078 3664 3402 3726 Reveren-

1812 3746 2073 3813 disslmo
2123 3747 2435 3834 Episcopo
2481 3759 2764 3835 accepta,
2813 3749 2890 3815 ad
2942 3749 3101 3815 banc
3146 3750 3398 3816 Sacram

1809 3836 2071 3904 Rituum
2118 3835 2696 3923 congregationem
2741 3850 3156 3925 praeventam
3203 3847 3400 3902 trans-

1813 3922 2020 4011 misit;
2057 3943 2221 4009 quae
2251 3925 2468 3991 denuo
2517 3922 2580 3989 in
2626 3924 2858 3992 Palatio
2889 3923 3254 4013 Apostolico
3286 3926 3402 3992 Va·

1811 4011 2019 4080 ticano
2066 4012 2408 4079 ordinariis
2453 4013 2518 4079 in
2567 4013 2853 4082 comitiis
2884 4016 2998 4082 bac
3032 4014 3136 4081 die
3169 4011 3399 4078 coadu-

1810 4110 1975 4185 nata,
2026 4101 2365 4187 auditaque
2414 4118 2611 4187 super
2656 4101 2950 4169 omnibus
2997 4101 3174 4169 fideli
3235 4100 3400 4166 rela-

1808 4188 1982 4255 tione
2030 4191 2105 4260 ab
2151 4188 2509 4275 subscripto
2572 4190 2929 4257 Secretario
2995 4191 3154 4258 facta
3181 4237 3199 4273 ,
3253 4200 3403 4276 post

1811 4288 2131 4344 maturum
2167 4291 2661 4365 accuratumqne
2688 4296 2982 4364 examen,
3010 4298 3165 4368 prae
3199 4276 3403 4343 oculis

1812 4366 2210 4455 potissimum
2273 4366 2510 4434 babens
2572 4370 2785 4456 legem
2833 4367 3115 4436 Patribus
3164 4384 3243 4433 ex
3287 4368 3400 4433 Or-

1809 4454 1963 4521 dine
2031 4451 2568 4543 capuccinorum'
2605 4457 2857 4539 favere,
2930 4456 3400 4539 adductamque

1810 4543 2289 4611 distinctionem
2357 4565 2389 4609 a
2459 4544 2751 4633 capitulo
2820 4563 3017 4634 super
3084 4543 3398 4630 Sepulcro

1808 4630 2015 4697 stabili
2064 4650 2179 4698 seu
2224 4632 2583 4719 gentilitio,
2634 4635 2736 4700 vel
2788 4652 2868 4698 ex
2927 4629 3399 4700 testamentaria

1810 4720 2230 4805 dispositione
2275 4721 2511 4804 electo,
2546 4721 2612 4787 in
2645 4721 2783 4787 iure
2826 4720 3054 4789 nullibi
3097 4718 3397 4806 reperiri,

1810 4825 1931 4874 nec
1975 4827 2164 4895 posse
2209 4827 2595 4894 quemquam
2641 4812 2943 4898 compelli
2978 4807 3119 4877 iure
3149 4826 3265 4874 suo
3297 4826 3400 4873 ce-

1810 4896 2010 4979 dere,
2068 4897 2124 4963 si
2184 4898 2325 4982 quis
2379 4897 2547 4963 forte
2608 4897 2756 4964 alias
2816 4911 3048 4986 sponte
3110 4893 3400 4983 cesserit,

1810 4985 2088 5051 unanimi
2138 5004 2328 5052 sensu
2376 4984 2860 5052 rescribendum
2890 4987 3181 5054 censuit:
3230 5004 3268 5047 e
3303 4987 3400 5052 lu-

1814 5082 1912 5137 xta
1959 5074 2107 5139 alias
2155 5073 2438 5157 decreta,
2473 5074 2538 5139 in
2583 5093 2727 5140 casu
2772 5076 3208 5160 praestandam
3259 5093 3400 5145 esse

1811 5171 2097 5246 quartam
2143 5161 2524 5228 funerariam
2573 5161 2897 5230 Ecclesiae
2956 5165 3296 5232 tumulanti
3329 5183 3398 5229 ι».
3519 5231 3528 5242 „

1945 5251 2154 5336 Atque
2189 5249 2271 5315 ita
2302 5249 2627 5337 rescripsit
2657 5269 2729 5319 ac
2762 5252 2998 5319 servari
3048 5254 3394 5324 mandavit.

1946 5337 2059 5405 Die
2113 5341 2191 5405 14
2235 5336 2392 5406 Iunii
2448 5342 2642 5407 1845.
