4042 5950
1880 244 2295 320 -26-

462 400 625 467 aeris
668 400 1121 486 intemperiem
1149 400 1261 466 diu
1293 408 1784 484 commorantur,
1816 399 2040 485 vigore

510 487 823 555 rimaevae
868 503 1059 574 agssre
1107 487 1354 571 ationis,
1392 486 1899 574 praetensionem
1931 486 2037 553 ba-

464 509 741 641 fluerunt
789 575 1059 642 deferen
1106 575 1118 587 ‘
1170 573 1451 641 habitum
1500 575 1923 641 canonicalem
1969 595 2038 641 ac

462 662 894 749 praecedendi
941 659 1006 727 in
1050 662 1343 728 omnibus
1398 660 1836 727 ecclesiasticis
1896 660 2039 728 fun-

464 748 800 832 ctionibus,
833 768 1000 834 quae
1048 760 1168 814 tam
1217 749 1378 816 intra
1427 748 1657 814 dictam
1690 749 2039 814 Ecclesiam

462 853 652 921 quam
698 836 762 904 in
806 835 1315 902 Processionibus
1347 846 1523 902 extra
1561 837 1848 902 eamdem
1897 855 2041 923 per·

463 933 776 1008 aguntum
849 922 1135 1008 ortisque
1193 941 1388 1009 super
1455 923 1814 1008 praemissis
1877 922 2042 988 iuter

468 1010 1132 1097 Archipresbyterum,
1167 1014 1500 1078 cantorem
1537 1021 1602 1075 et
1633 1010 1892 1077 Clerum
1923 1013 2042 1075 Ec-

463 1097 694 1164 clesiae
743 1097 1014 1163 matricis
1058 1103 1292 1164 Terrae
1344 1095 1704 1182 praedictae
1751 1117 1831 1163 ex
1874 1116 2040 1181 una,

468 1198 532 1271 et
564 1185 963 1253 Franciscum
1000 1186 1384 1252 Provenzale
1417 1205 1488 1251 ac
1533 1183 1893 1271 Scipionem
1925 1186 2044 1250 Ur·

464 1292 607 1359 saya
663 1272 1008 1338 canonicos
1070 1271 1389 1340 Ecclesiae
1447 1271 1838 1339 cathedralis
1882 1271 2042 1339 Poli-

467 1370 740 1426 castren.
881 1358 1082 1427 rtibus
1139 1379 1219 1425 ex
1272 1361 1506 1442 altera,
1555 1357 2039 1441 controversiis,

467 1447 724 1533 illisque
767 1468 801 1513 a
891 1449 960 1514 8.
993 1451 1067 1515 R.
1103 1450 1174 1514 C.
1209 1447 1469 1525 delatis;
1503 1450 1697 1512 Emus
1744 1456 1808 1512 et
1850 1449 2046 1512 mnus

468 1540 538 1602 D.
575 1535 761 1602 card.
798 1534 1154 1601 Gualterius
1186 1533 1579 1620 infrascripta
1610 1531 1801 1601 dubia
1832 1534 2045 1600 decla-

469 1624 659 1690 randa
705 1622 1083 1709 proposuit:
1385 1656 1396 1681 .

604 1715 664 1778 1.
700 1712 796 1775 An
831 1709 1156 1776 Canonicis
1187 1708 1573 1777 cathedralis
1604 1708 2042 1792 Policastren.,

469 1797 822 1864 existentes
854 1797 916 1863 in
950 1796 1101 1864 locis
1133 1796 1450 1863 Dioecesis
1482 1797 1577 1863 uti
1604 1795 1869 1882 singuli,
1901 1815 2045 1883 pos·

468 1884 595 1951 sint
639 1902 965 1951 assumere
1010 1884 1297 1951 habitum
1342 1883 1830 1951 canonicalem?

599 1976 666 2038 ².
715 1973 812 2038 An
845 1972 907 2038 in
940 1970 1236 2039 Ecclesiis
1266 1971 1473 2037 dictae
1518 1970 1834 2037 Dioecesls
1859 1988 2044 2057 prae-

470 2060 739 2127 tendere
784 2060 1023 2146 possint
1086 2062 1295 2125 locum
1361 2069 1425 2125 et
1480 2054 2049 2144 praecedentiam?

599 2151 678 2211 Et
721 2149 785 2214 S.
823 2150 897 2212 R.
933 2150 1033 2231 C.,
1060 2134 1407 2214 canonicis
1453 2145 1775 2213 Ecclesiae
1820 2145 2046 2235 Cathe-

468 2234 657 2302 dralis
704 2233 1064 2320 praedictae
1118 2233 1371 2321 pluries⁴
1420 2232 1623 2299 citatis
1682 2243 1748 2298 et
1812 2253 1892 2300 ne
1941 2251 2045 2298 ua-

468 2342 657 2406 quam
684 2320 1224 2408 comparentibus,
1248 2320 1527 2406 visisque
1561 2329 1772 2387 tamen
1808 2324 1927 2387 iuri
1974 2340 2048 2384 us

472 2429 550 2474 ex
600 2418 778 2496 parte
823 2407 1375 2494 Archipresbyteri
1422 2418 1488 2473 et
1519 2408 1689 2475 Cleri
1722 2408 2043 2475 Ecclesiae

472 2495 748 2562 matricis
811 2500 1040 2561 Terrae
1105 2498 1171 2563 8.
1211 2496 1452 2563 loannis
1510 2496 1587 2565 ad
1637 2499 1896 2582 Pyrum,
1947 2514 2048 2561 eo-

476 2601 744 2668 rumque
775 2587 1187 2648 Procuratore
1220 2593 1343 2648 tam
1390 2582 1640 2670 scriptis
1669 2601 1859 2668 quam
1889 2600 2049 2648 voce

476 2670 859 2738 informante
904 2670 1144 2752 audito,
1206 2669 1688 2739 rescribendum
1758 2670 2045 2738 censuitz

472 2779 511 2822 a
542 2757 849 2844 Negative
893 2756 969 2822 ad
1016 2766 1364 2843 utrumque
1396 2780 1458 2824 t.

605 2847 685 2910 Et
709 2844 795 2908 ita
818 2844 1163 2910 declaravit
1195 2858 1262 2911 et
1288 2848 1527 2914 servari
1558 2847 1902 2914 mandavit.
1935 2845 2051 2913 Die

481 2936 558 3000 12
590 2930 983 3020 Septembris
1018 2934 1209 2999 1716.

478 3110 740 3179 2240.
808 3112 1232 3176 DEGRETUM
1282 3112 1725 3176 GENERALE.
1821 3111 2049 3198 (3893)

605 3291 766 3353 Cum
813 3291 1071 3353 Festum
1117 3287 1343 3351 SSffiae
1390 3283 1894 3351 Annuntiationis
1950 3303 2051 3350 se·

475 3373 698 3462 quenti
746 3393 909 3440 anno
963 3377 1125 3440 1717
1178 3372 1411 3440 incidat
1456 3370 1520 3436 in
1564 3370 1806 3437 Feriam
1841 3375 1892 3439 V
1923 3389 2054 3437 ma-

477 3462 624 3529 ioris
691 3461 1135 3528 Hebdomadae
1203 3480 1235 3524 a
1304 3457 1626 3525 nonnullis
1695 3459 2052 3543 quaesitum

478 3549 634 3617 fuit:
686 3552 780 3615 An
841 3557 1255 3647 praeceptum
1313 3544 1614 3614 audiendi
1682 3548 1926 3613 Missam
1988 3558 2055 3611 et

477 3635 735 3702 vacandi
783 3634 859 3701 ab
908 3634 1208 3720 operibus
1252 3632 1588 3699 servilibus
1619 3636 1694 3700 ad
1731 3634 1974 3701 Feriam
2006 3636 2051 3697 [1

479 3735 621 3811 post
666 3721 1057 3789 Dominicam
1105 3724 1167 3788 in
1199 3720 1375 3788 Albis
1423 3721 1516 3807 (in
1546 3740 1697 3807 qua,
1732 3722 1904 3788 iuxta
1934 3727 2054 3789 De-

478 3820 727 3879 cretum
758 3814 828 3878 S.
853 3813 931 3875 R.
961 3815 1031 3876 c.
1085 3810 1189 3877 die
1229 3813 1306 3877 12
1337 3809 1657 3876 Februarii
1689 3828 1850 3877 anno
1889 3812 2055 3877 1690

480 3898 751 3982 editum,
803 3899 975 3964 idem
1022 3902 1283 3965 Festum
1328 3898 1638 3966 celebrari
1685 3897 1909 3983 debet)
1972 3898 2060 3963 sit

484 3986 1029 4064 transferendum
1078 4005 1156 4051 an
1202 4005 1355 4053 vero
1399 3985 1784 4053 servandum
1847 3986 1927 4051 sit
1991 3985 2056 4053 in

483 4074 613 4162 ipsa
658 4074 835 4140 Feria
881 4077 932 4141 V
982 4073 1230 4140 maioris
1275 4073 1760 4157 Hebdomadae,
1812 4083 1877 4140 et
1940 4093 2057 4162 per

483 4163 769 4228 locorum
813 4160 1175 4229 ordinarios
1218 4161 1688 4249 providendum
1738 4171 1809 4228 ut
1840 4180 1917 4227 eo
1946 4160 2058 4228 die

481 4249 727 4335 aliquae
774 4249 991 4315 Missae
1035 4249 1317 4337 privatae
1361 4258 1507 4315 ante
1553 4251 2054 4318 conventualem

481 4355 603 4425 pro
647 4338 975 4424 praecepti
1040 4337 1534 4424 adimplemento
1595 4331 2063 4405 celebrentur?

560 4479 571 4488 .
614 4428 678 4493 S.
729 4429 807 4491 R.
854 4428 955 4508 c.,
1006 4444 1076 4490 re
1123 4435 1367 4491 mature
1413 4424 1721 4510 discussa,
1770 4424 2055 4491 censuit:

482 4536 521 4579 ι
554 4518 782 4579 Praece
832 4523 969 4578 tum
1001 4511 1300 4579 audiendi
1332 4512 1574 4579 Missam
1609 4522 1672 4577 et
1703 4511 2058 4578 abstinendi

482 4623 513 4665 a
572 4601 789 4666 servili
840 4620 912 4666 us
978 4619 1103 4676 non
1163 4619 1300 4665 esse
1363 4599 1898 4683 transferendum,
1947 4597 2059 4664 sed

483 4690 738 4755 omuino
784 4688 1171 4754 servandum
1213 4707 1348 4754 esse
1382 4688 1446 4752 in
1483 4687 1613 4776 ipsa
1647 4688 1827 4753 Feria
1856 4689 1907 4753 V
1939 4705 2064 4752 ma-

485 4775 633 4841 ioris
679 4776 1148 4858 Hebdomadae,
1197 4775 1484 4860 adeoque
1529 4795 1650 4864 per
1705 4773 2063 4842 ordinarios

488 4864 774 4929 locorum
825 4864 1293 4950 providendum
1342 4875 1411 4930 ut
1458 4881 1534 4929 eo
1581 4864 1689 4930 die
1736 4881 1852 4949 pro
1897 4861 2062 4929 Civi-

488 4959 683 5015 tatum
733 4961 799 5016 et
844 4955 1150 5036 Pagorum
1197 4952 1496 5036 qualitate
1542 4972 1610 5018 ac
1671 4951 2062 5017 Christilide-

487 5038 643 5103 lium
677 5036 740 5103 in
775 5037 847 5102 iis
878 5038 1249 5123 degentium
1275 5058 1569 5122 numero,
1597 5040 1817 5126 plures
1849 5038 2062 5104 Missae

485 5124 763 5213 privatae
794 5135 939 5192 aute
986 5126 1489 5193 celebrationem
1520 5126 1737 5193 Missae
1771 5130 2058 5194 Conven-

490 5213 672 5280 tualis
706 5232 824 5299 pro
856 5213 1179 5300 praecepti
1212 5213 1710 5299 adimplemento
1741 5214 2064 5283 celebran-

488 5300 604 5368 dae
651 5320 779 5368 nou
824 5299 1071 5378 desint3
1121 5299 1233 5365 sed
1299 5310 1513 5367 tamen
1572 5299 1869 5386 antiquus
1928 5323 2065 5370 mos

2142 398 2616 466 Communionis
2660 398 2826 466 Cleri
2889 399 2955 464 in
3013 396 3189 463 lissa
3249 397 3516 464 solemni
3577 397 3717 465 eius

2144 487 2297 568 diei,
2347 502 2471 572 quo
2517 484 2799 552 Ecclesia
2847 489 3071 553 SSfitae
3117 484 3547 551 Eucharistiae
3609 489 3716 552 Sa·

2144 572 2446 640 crementi
2479 572 2940 640 institutionem
2965 583 3029 637 et
3055 573 3427 638 memoriam
3459 573 3714 649 recolit,

2142 679 2390 728 summa
2422 659 2734 747 religione
2765 661 3070 731 hactenus
3108 660 3502 743 observatus,
3536 660 3718 726 nullo

2146 748 2337 814 modo
2385 747 2712 815 omittatur
2743 768 2804 813 ›.
2856 751 2938 813 Et
2983 746 3063 811 ita
3109 746 3451 813 declaravit
3495 765 3564 812 ac
3596 751 3718 813 De·

2146 846 2394 902 cretum
2420 834 2778 902 huiusmodi
2807 832 3113 922 publicari
3144 844 3209 899 et
3233 833 3508 920 imprimi
3542 853 3718 900 mau-

2146 923 2342 1006 davit,
2376 923 2424 987 si
2458 925 2649 990 88ῶο
2697 921 2959 988 Domino
3003 922 3226 987 Nostro
3259 920 3463 988 visum
3496 921 3716 988 luerit.

2145 1010 2258 1075 Die
2291 1015 2370 1076 12
2404 1007 2797 1097 Septembris
2831 1011 3026 1075 1716.

2277 1101 2587 1183 Factaque
2632 1114 2751 1181 per
2795 1115 2898 1163 me
2943 1095 3372 1164 secretarium
3418 1097 3498 1163 de
3539 1117 3722 1184 prae·

2147 1185 2328 1251 dictis
2378 1186 2590 1252 eidem
2633 1186 2825 1251 88ῶο
2873 1187 2948 1249 D.
2982 1184 3062 1249 N.
3109 1184 3445 1268 relatione,
3495 1205 3534 1248 a
3567 1187 3721 1252 San-

2147 1271 2328 1338 ctitas
2357 1275 2480 1340 Sua
2510 1271 2792 1358 benigne
2820 1272 3039 1337 annuit
3071 1292 3134 1336 ›.

2277 1360 2388 1425 Die
2417 1363 2499 1427 27
2533 1357 2928 1445 Septembris
2978 1361 3168 1426 1716.

2150 1535 2391 1604 2241.
2685 1536 3190 1602 SEGOBRlcEN.
3493 1534 3722 1621 (3895)

2281 1713 2439 1777 Cum
2487 1709 2709 1809 vigore
2756 1710 2916 1797 legis
2960 1709 3023 1775 in
3068 1711 3541 1778 caeremoniale
3573 1711 3722 1811 Epi·

2147 1797 3131 1953 arss.⁰.‘.¹2r.3.¹‘·.².:.at¹’÷².²ce
3156 1798 3726 1952 essartare

2151 1971 2371 2038 madae
2416 1973 2867 2059 praescriptae,
2901 1995 2936 2037 a
2965 1976 3124 2038 Rfflo
3167 1971 3478 2059 Episcopo
3527 1976 3726 2059 Sego—

2151 2057 2394 2124 bricen.
2423 2077 2624 2143 usque
2657 2061 2733 2126 ab
2763 2077 2924 2127 auno
2946 2062 3112 2126 1713
3137 2060 3501 2127 mandatum
3532 2058 3727 2126 fuerit

2151 2157 2222 2211 ut
2288 2145 2686 2214 Gubernator
2740 2145 2915 2212 illius
2974 2146 3292 2230 civitatis,
3339 2148 3458 2213 sub
3515 2165 3726 2234 poena

2152 2252 2586 2316 censurarum,
2621 2234 3036 2322 imposterum
3082 2233 3427 2300 abstineret
3455 2255 3489 2299 a
3519 2232 3727 2299 serico

2153 2332 2218 2386 et
2263 2319 2447 2406 nigro
2495 2321 2805 2408 pulvinari
2855 2319 3159 2387 hactenus
3206 2320 3283 2386 ab
3331 2321 3468 2410 ipso
3513 2322 3576 2387 in
3611 2324 3727 2387 Fe-

2154 2408 2241 2474 ria
2273 2410 2324 2474 V
2357 2418 2422 2473 et
2452 2413 2530 2476 Vl
2559 2408 2813 2476 maioris
2844 2407 3284 2475 Hebdomadae
3330 2409 3396 2474 in
3424 2406 3724 2495 cappella

2149 2495 2367 2562 maiori
2412 2497 2731 2563 Ecclesiae
2762 2495 3178 2580 cathedralis,
3213 2505 3339 2562 tam
3386 2504 3727 2584 praesente
3833 2570 3848 2575 ξ

2149 2600 2338 2668 quam
2384 2583 2645 2652 absente
2685 2582 3054 2670 Episcopo,
3102 2582 3180 2648 ab
3244 2580 3728 2649 immemorabili

2153 2680 2223 2734 ut
2272 2670 2711 2756 praetenditur
2768 2681 3059 2751 retento;
3110 2681 3175 2736 et
3219 2670 3504 2756 quamvis
3551 2668 3724 2734 idem

2154 2758 2587 2841 Gubernator,
2643 2775 2838 2845 super
2897 2758 3386 2825 commiuatione
3439 2774 3729 2824 censura-

2157 2863 2298 2910 rum
2345 2846 2420 2911 ad
2469 2846 3023 2932 Metropolitanum
3080 2863 3410 2926 recursum
3454 2844 3575 2909 iam
3625 2843 3730 2908 ha·

2155 2930 2402 3012 buerit;
2449 2952 2621 3001 nunc
2667 2953 2750 3000 ex
2808 2945 2987 3021 parte
3035 2931 3324 3001 moderni
3387 2930 3727 3019 Episcopi,

2159 3021 2436 3086 unanimi
2498 3020 2828 3108 ipsiusmet
2885 3020 3335 3090 Gubernatoris
3381 3037 3730 3101 consensu,

2155 3107 2364 3174 delata
2408 3109 2485 3176 ad
2532 3113 2598 3178 S.
2633 3114 2709 3176 R.
2745 3114 2816 3178 C.
2866 3108 3228 3176 huiusmodi
3274 3104 3730 3188 controversia,

2156 3214 2274 3282 pro
2344 3196 2773 3263 declaratione
2852 3196 3232 3283 inirascripti
3294 3193 3469 3261 dubii
3544 3193 3735 3259 enixe

2158 3282 2588 3371 supplicatum
2637 3284 2794 3351 fuit:

2284 3373 2381 3437 An
2426 3371 2845 3439 Gubernatori
2875 3372 3058 3438 Urbis
3102 3370 3545 3458 Segobriceu„
3581 3368 3734 3436 Duci

2157 3458 2650 3544 Medius-Coeli,
2700 3459 2884 3526 liceat
2929 3461 3104 3526 Feria
3151 3463 3203 3526 V
3250 3469 3316 3524 et
3360 3461 3436 3525 Vl
3484 3455 3736 3524 maioris

2158 3545 2602 3612 Hebdomadae
2649 3547 2884 3614 babere
2927 3567 3114 3614 usum
3159 3544 3506 3634 pulvinaris
3551 3542 3734 3612 serici

2158 3645 2224 3702 et
2266 3633 2470 3719 nigri,
2519 3633 2654 3699 sive
2700 3646 3037 3721 praesente
3098 3636 3235 3701 sive
3280 3635 3541 3701 absente
3587 3631 3737 3718 Epi·-

2156 3739 2386 3806 scopo,
2438 3722 2502 3787 in
2547 3723 2847 3809 cappella
2895 3723 3112 3789 maiori
3173 3721 3563 3788 Cathedralis
3620 3724 3741 3786 Ec·

2159 3808 2386 3874 clesiae
2418 3808 2626 3875 dictae
2671 3810 2954 3878 Civitatis
3001 3806 3439 3897 segobricae'?

2288 3900 2368 3962 Et
2414 3900 2481 3963 S.
2516 3901 2593 3963 R.
2621 3902 2724 3982 C.,
2773 3899 2850 3965 ad
2899 3898 3278 3964 relationem
3326 3897 3466 3964 Emi
3499 3908 3565 3963 et
3595 3899 3735 3963 mni

2158 3989 2341 4050 Dom.
2418 3986 2603 4052 Card.
2679 3985 2983 4054 Gualterii
3017 4035 3034 4069 ,
3112 3996 3239 4052 tam
3314 4004 3472 4052 voce
3543 4006 3736 4071 quam

2157 4070 2407 4158 scriptis
2483 4076 2890 4141 procuratore
2949 4072 3400 4139 Gubernatoris
3459 4073 3742 4141 civitatis

2162 4158 2573 4246 Segobrieen.
2625 4161 3000 4244 informante
3057 4161 3315 4243 audito,
3363 4182 3433 4225 ac
3491 4174 3742 4228 mature

2159 4247 2494 4334 perpensis
2539 4248 2782 4316 iuribus
2842 4248 3056 4314 favore
3117 4248 3566 4315 Gubernatoris
3628 4249 3744 4315 de—

2160 4333 2410 4415 ductis,
2463 4335 2943 4402 rescribendum
3004 4336 3297 4401 censuit:
3350 4356 3389 4399 a
3428 4339 3568 4402 Non
3631 4338 3744 4404 de-

2161 4441 2311 4487 cere
2346 4443 2411 4486 ».
2462 4421 2572 4488 Die
2621 4427 2660 4488 5
2706 4425 3074 4491 Decembris
3126 4425 3316 4489 1716.
3401 4501 3410 4518 ⁸

2170 4597 2421 4668 2242.
2793 4600 3123 4667 SORANA.
3510 4599 3744 4686 (38⁹6)

2296 4781 2465 4843 luter
2510 4781 2947 4843 Promotorem
2992 4776 3297 4843 Fiscalem
3345 4778 3570 4845 Curiae
3617 4777 3748 4877 epi-

2164 4884 2272 4931 sco
2320 4863 2456 4946 alis,
2505 4864 2867 4952 Capitulum
2916 4875 2981 4930 et
3025 4864 3372 4932 canonicos
3425 4866 3746 4931 Ecclesiae

2166 4885 2555 5018 Catfledralis
2601 4953 2881 5020 Civitatis
2927 4956 3198 5018 Sorauae
3246 4972 3326 5020 ex
3372 4972 3521 5036 uua,
3555 4964 3750 5038 atque

2168 5039 2530 5127 Capitulum
2575 5051 2642 5106 et
2690 5041 3032 5108 canonicos
3077 5040 3397 5107 Ecclesiae
3444 5040 3750 5126 collegia—

2169 5137 2267 5192 tae
2299 5129 2367 5193 S.
2397 5128 2746 5195 Restitutae
2793 5147 2912 5195 nec
2961 5147 3087 5193 non
3134 5128 3495 5214 Capitulum
3525 5136 3592 5195 et
3632 5133 3747 5195 Ca-

2168 5214 2429 5281 nonicos
2461 5216 2848 5303 collegiatae
2876 5220 2946 5283 S.
2979 5215 3436 5282 Bartholomaei
3468 5215 3748 5282 Civitatis

2169 5301 2451 5389 partibus
2485 5322 2563 5368 ex
2595 5305 2830 5387 altera,⁸
2851 5323 3046 5391 super
3079 5302 3217 5368 iure
3259 5315 3385 5370 tam
3419 5303 3749 5372 assistendi
