4042 5950
2043 236 2515 321 ...304-

647 408 1055 466 memoratam
1121 395 1276 467 Latii
1348 396 1732 466 Provinciam
1801 397 2224 467 Reverendis·

647 484 786 553 simi
835 484 1163 553 Antistites
1224 486 1622 555 sanctissimo
1681 485 1949 555 Domino
1995 488 2225 554 Nostro

647 573 955 662 Gregorio
1013 576 1150 643 XVI
1211 578 1390 643 Pont.
1439 577 1601 641 Max.
1669 574 1920 642 iteratas
1980 573 2223 643 dedere

646 679 913 748 preces,
978 662 1391 751 efflagitantes
1434 674 1507 730 ut
1553 664 1635 731 de
1690 662 2051 752 Apostolica
2109 666 2224 728 Be·

646 749 952 834 nignitate
997 752 1252 818 solvere
1294 751 1668 840 dignaretur
1709 750 1938 819 fideles
1983 751 2060 818 ab
2101 750 2223 817 boc

642 837 898 905 vinculo
956 837 1242 906 adstandi
1301 841 1529 920 Sacro;
1576 851 1769 927 atque
1829 839 2090 926 insuper
2141 837 2217 907 ad

643 924 1028 995 Dominicam
1058 927 1423 995 immediate
1453 938 1833 1014 sequentem
1867 938 2008 1016 post
2038 936 2221 994 sexto

644 1012 950 1081 Calendas
1010 1014 1403 1083 Novembres
1469 1014 1832 1083 enunciatas
1895 1014 2221 1083 Orationes

643 1119 758 1170 seu
791 1103 1133 1188 gratiarum
1159 1104 1438 1171 actiones
1459 1104 1829 1187 transferre,
1856 1103 2014 1172 utin
2038 1120 2221 1189 prae-

646 1189 905 1258 cedenti
936 1193 1341 1260 concessione
1375 1192 1504 1259 diei
1535 1196 1618 1260 22
1649 1191 1790 1258 Maii
1825 1195 2018 1259 1826.

774 1280 936 1346 Haec
982 1280 1257 1367 singula,
1313 1278 1535 1367 vigore
1595 1279 1964 1348 facultatum
2026 1279 2218 1346 Nobis

643 1384 766 1431 ceu
796 1368 1019 1434 Sacrae
1057 1367 1314 1437 Rituum
1359 1367 1847 1457 congregationi
1893 1368 2217 1436 Praefecto

643 1452 1048 1541 tributarum,
1083 1456 1238 1525 dum
1271 1457 1497 1525 sedulo
1522 1458 2083 1545 expendebamus;
2123 1475 2219 1521 sa-

644 1542 767 1607 tius
813 1545 1146 1612 consilium
1189 1545 1576 1632 sumpsimus
1623 1564 1757 1613 rem
1809 1564 2065 1614 omnem
2102 1544 2218 1611 ite-

644 1645 791 1696 rum
821 1631 1104 1700 fideliter
1133 1633 1348 1701 eidem
1371 1632 1776 1701 Sanctissimo
1806 1635 2072 1702 Domino
2095 1635 2218 1699 No-

647 1729 745 1785 tro
776 1720 1048 1807 aperire,
1085 1721 1391 1789 instanter
1422 1720 1835 1810 efflagitantes
1863 1733 1936 1788 ut
1959 1723 2218 1811 Episco-

646 1825 876 1894 porum
924 1819 1066 1875 vota
1113 1810 1453 1878 admittere
1498 1810 1892 1897 dignaretur.
1943 1814 2023 1878 Et
2069 1813 2217 1878 San-

644 1894 822 1961 ctitas
881 1899 1004 1964 Sua
1062 1899 1142 1966 de
1203 1897 1463 1987 speciali
1523 1898 1723 1985 gratia
1779 1898 2057 1987 benigne
2111 1918 2217 1965 an-

643 2001 849 2050 nuens
900 1984 1132 2070 edixit,
1190 1998 1262 2052 ut
1314 2006 1434 2075 per
1485 1987 1897 2076 particulares
1952 1988 2219 2054 Litteras

645 2074 868 2139 Sacrae
924 2074 1187 2143 Rituum
1231 2074 1753 2177 congregationis
1795 2075 2218 2144 Reverendis-

641 2161 780 2227 simi
813 2175 1198 2231 memoratae
1227 2164 1589 2232 Provinciae
1634 2163 1963 2231 Antistites
2001 2183 2218 2232 mone-

642 2261 906 2335 rentur,
967 2261 1077 2336 ut,
1134 2251 1384 2319 sublato
1439 2272 1634 2322 onere
1687 2251 1975 2321 adstandi
2028 2255 2218 2323 Sacro

644 2337 751 2403 die
796 2342 1017 2406 XXVII
1061 2338 1373 2424 Octobris,
1420 2340 1495 2407 ad
1544 2340 1839 2427 proxime
1879 2342 2218 2429 insequen-

643 2433 776 2491 tem
836 2428 1220 2495 Dominicam
1267 2428 1640 2496 transierant
1683 2428 2006 2497 Orationes
2052 2427 2214 2496 indi-

642 2523 773 2579 ctas
819 2515 922 2582 die
983 2520 1067 2584 22
1127 2514 1262 2582 Maii
1330 2519 1537 2601 ¹826,
1599 2516 1829 2584 eodem
1896 2517 2087 2585 modo
2147 2537 2217 2583 ac

643 2600 886 2688 torma,
935 2603 1099 2671 sicut
1153 2603 1295 2671 fieri
1341 2602 1549 2670 fuerat
1609 2603 1973 2672 mandatnm
2031 2614 2214 2671 sexto

642 2689 948 2759 Calendas
992 2691 1393 2759 Novembris.

770 2783 931 2847 Dum
978 2780 1135 2847 haec
1180 2780 1257 2848 ad
1305 2778 1656 2847 Sanctitatis
1711 2783 1872 2849 Suae
1930 2792 2217 2850 mentem

640 2866 1064 2969 Amplitudini
1110 2872 1277 2935 Tuae
1321 2868 1884 2955 communicamus,
1919 2871 2028 2938 diu
2062 2869 2216 2937 felix

643 2966 711 3023 et
755 2956 1091 3024 incolumis
1135 2955 1329 3023 vivat.

770 3044 1227 3131 Amplitudinis
1269 3048 1475 3130 Tuae,
1523 3045 1617 3112 uti
1664 3050 1902 3114 Frater.

774 3133 888 3201 Die
935 3137 1018 3201 22
1064 3132 1204 3200 Maii
1256 3136 1446 3201 1841.

644 3275 901 3343 2839.
1205 3275 1658 3342 NAMURGEN.
1713 3324 1717 3328 <

769 3399 1066 3466 Debitum
1112 3399 1404 3474 ordinem
1437 3416 1519 3465 ex
1549 3398 1965 3466 Rubricatum
1995 3398 2216 3466 notitia

638 3488 1134 3555 descendentem
1169 3506 1287 3589 pro
1319 3485 1552 3554 divinis
1580 3485 1810 3553 Officiis
1839 3488 1964 3554 rite
2008 3498 2216 3555 recte-

639 3595 767 3663 que
812 3574 1225 3661 disponendns
1269 3592 1524 3641 servare
1571 3575 2004 3663 maximopere
2068 3594 2215 3662 per·

639 3661 905 3749 cupiens
934 3661 1161 3729 Editor
1189 3660 1540 3731 Calendarii
1572 3663 1892 3730 Ecclesiae
1939 3672 2003 3729 et
2035 3665 2216 3731 Dioe-

639 3752 800 3817 cesis
846 3750 1307 3835 Namurcensis,
1341 3750 1686 3817 accedente
1717 3770 1970 3817 assensu
2002 3761 2070 3818 et
2109 3770 2215 3818 an-

637 3837 897 3906 nuentia
942 3836 1112 3904 illius
1157 3835 1690 3908 Reverendissimi
1737 3838 2062 3926 Episcopi,
2111 3843 2215 3908 Sa-

635 3946 784 3994 crae
827 3926 1088 3994 Rituum
1135 3926 1624 4028 congregationi
1673 3925 2001 3993 enodanda
2066 3947 2213 4016 pro-

633 4014 847 4102 posuit
889 4014 1220 4101 sequentia
1262 4013 1493 4094 dubta3
1541 4014 1889 4081 nimirum:
1940 4085 1950 4094 ,

1985 3274 2210 3366 (soso)

676 4154 865 4223 Dubia
907 4156 1073 4224 circa
1116 4153 1340 4221 Missas
1382 4152 1456 4223 de
1498 4153 1795 4223 communi
1837 4157 2173 4226 variandas.

768 4288 1119 4370 Gavantus,
1168 4285 1251 4352 de
1295 4283 1581 4353 Rubricis
1646 4282 1969 4349 Hissamm
2027 4286 2214 4351 Com-

634 4371 846 4441 munis
891 4375 1265 4439 Sanctorum
1314 4391 1493 4439 num.
1540 4374 1607 4456 2,
1657 4369 1855 4438 dicit:
1903 4392 1944 4436 ι
1985 4376 2096 4439 Est
2143 4371 2216 4438 li-

635 4463 863 4529 berum
930 4460 1315 4547 cuicumque
1381 4460 1649 4527 recitare
1717 4458 1962 4525 Missam
2023 4478 2210 4546 quam

635 4549 932 4619 maluerit
978 4567 1059 4616 ex
1106 4551 1337 4617 eodem
1383 4547 1718 4616 Communi
1749 4545 1856 4613 ubi
1898 4560 2046 4616 sunt
2075 4549 2216 4635 plu-

635 4658 737 4706 res
784 4637 1046 4722 Hissae,
1096 4648 1163 4703 et
1220 4636 1427 4704 multo
1487 4635 1687 4722 magis
1746 4635 2092 4724 Epistolam
2151 4646 2217 4704 et

634 4725 1055 4814 Evangelium
1084 4744 1162 4792 ex
1197 4725 1437 4794 ibidem
1466 4723 1820 4812 assignatis,
1853 4733 1923 4790 ut
1948 4723 2215 4792 babetur

634 4814 699 4882 in
745 4814 1034 4881 Rubricis
1080 4825 1229 4881 ante
1273 4817 1625 4883 Commune
1681 4811 1872 4880 unius
1929 4812 2217 4899 Martyris

633 4921 762 4971 non
804 4901 1120 4969 Pontificis
1163 4912 1230 4968 et
1274 4912 1418 4969 ante
1478 4900 1722 4970 nissam
1780 4901 1865 4968 de
1925 4899 2214 4991 pluribus

631 4993 784 5058 nari
831 4989 1004 5057 ribus
1052 5000 1342 5077 tempore
1389 4990 1665 5057 Pascbali
1698 5012 1765 5058 s.

816 5078 1101 5145 uaeritur
1132 5078 1380 5165 itaque:
1420 5082 1479 5145 1.
1518 5080 1614 5145 An
1645 5078 1800 5146 haec
1832 5077 2095 5147 facultas
2124 5078 2212 5145 lo·

632 5184 784 5234 cum
813 5165 1044 5234 habeat
1073 5167 1140 5236 in
1168 5166 1368 5234 Festis
1413 5168 1788 5236 Sanctorum
1819 5167 1885 5233 in
1915 5165 2213 5237 calenda·

775 5362 854 5435 (1)
889 5363 953 5421 E.
993 5362 1131 5421 nub.
1166 5362 1217 5420 t.

2325 396 2420 464 rio
2441 402 2721 467 Romano
2745 398 3244 488 descriptorum,
3270 418 3389 486 pro
3411 397 3640 486 quibus
3663 398 3722 466 in
3742 417 3869 486 pro·

2326 486 2466 574 prio
2512 485 2735 553 missali
2781 486 3134 575 assignatur
3162 486 3368 573 aliqua
3394 487 3572 555 aissa
3603 486 3684 555 de
3710 488 3869 555 com·
3974 548 3975 555 ,

2324 573 2536 653 muni;
2584 593 2664 641 an
2707 572 2953 642 scilicet
2999 575 3308 642 Sacerdos
3351 574 3626 662 quilibet
3667 572 3726 642 in
3781 574 3873 642 tali
3974 588 3975 595 ’

2325 665 2511 728 Festo
2535 661 2864 730 celebrans
2885 662 3084 751 possit
3106 661 3353 731 Missam
3374 664 3460 731 de
3489 663 3689 729 altero
3715 665 3872 731 Gom·

2325 749 2503 817 muni
2528 750 2775 840 legere,
2802 762 2996 836 atque
3018 750 3368 839 Epistolam
3397 764 3463 819 et
3485 750 3873 839 Evangelium

2324 857 2584 906 sumere
2630 858 2712 906 ex
2755 839 2874 906 alia
2918 834 3150 907 mssa?
3191 858 3260 905 v.
3307 859 3376 941 g.
3425 840 3492 906 in
3534 841 3716 907 Festo
3745 840 3872 906 San·

2325 937 2574 994 ctorum
2632 931 2978 1015 Martyrum
3036 927 3356 995 Eustachii
3418 937 3485 995 et
3542 926 3871 1010 Sociorum,

2322 1015 2665 1083 celebrans
2694 1015 2891 1102 possit
2921 1034 3005 1083 ne
3037 1016 3178 1082 loco
3210 1015 3431 1083 Missae
3471 1017 3870 1101 Sapientiae,

2323 1121 2488 1189 quae
2530 1123 2650 1191 pre
2696 1103 3026 1193 praedicto
3070 1106 3257 1170 Festo
3288 1105 3353 1172 in
3383 1103 3607 1171 Hissali
3653 1102 3872 1171 dieu

2321 1191 2719 1278 Septembris
2764 1191 3141 1279 assignatur,
3174 1194 3397 1281 legere
3424 1192 3669 1259 lissam
3696 1193 3875 1258 latret

2321 1282 2396 1346 in
2442 1290 2802 1365 conspectu,
2841 1279 2924 1348 de
2968 1280 3205 1348 eodem
3235 1280 3614 1366 Communi3
3647 1279 3747 1347 vei
3775 1280 3873 1346 sal·

2320 1379 2454 1434 tem
2503 1367 2725 1455 legere
2775 1368 3015 1436 Missam
3059 1369 3432 1457 assignatam
3465 1368 3552 1435 Sa
3613 1372 3627 1387 ⁶
3708 1371 3870 1447 mat,

2320 1455 2433 1523 sed
2481 1475 2629 1524 cnm
2674 1457 3024 1543 Evangelio
3069 1456 3290 1524 Missae
3332 1460 3539 1524 Intret
3633 1467 3701 1524 et
3746 1475 3876 1542 qua·

2324 1554 2509 1611 tenus
2554 1545 2956 1630 affirmative,

2449 1634 2786 1710 Quaeritur
2844 1638 2913 1700 2.
2959 1633 3324 1716 Poteritne,
3385 1631 3578 1700 immo
3638 1630 3875 1703 debebit

2321 1738 2405 1787 ne
2449 1722 2621 1788 idem
2680 1722 3014 1806 Sacerdos,
3078 1721 3219 1789 loco
3272 1720 3582 1790 Romiliae
3630 1741 3745 1812 pro
3786 1719 3875 1787 tali

2319 1815 2505 1878 Festo
2539 1808 2603 1875 in
2633 1810 2895 1899 proprio
2917 1809 3241 1877 Breviario
3270 1808 3646 1897 assignatae,
3682 1812 3877 1896 legere

2316 1897 2499 1965 aliam
2548 1897 2631 1963 de
2694 1900 2926 1966 eodem
2983 1899 3319 1966 Communi
3375 1897 3707 1965 nomiliam
3758 1916 3877 1964 cor·

2323 1987 2825 2075 respondentem
2870 1985 3246 2073 Evangelio,
3280 1985 3453 2074 quod
3487 1987 3769 2055 lecturus
3796 1996 3876 2051 est
3974 2058 3975 2075 χ

2319 2075 2384 2141 in
2429 2071 2658 2145 Missa?

2359 2210 2547 2280 Dubia
2589 2214 2756 2281 olroa
2795 2212 3177 2300 Evangellum
3210 2209 3437 2281 “issae
3476 2214 3557 2279 In
3598 2215 3844 2281 eima.

2448 2340 2627 2409 Circa
2685 2340 3106 2429 Evangelium
3164 2341 3231 2408 in
3286 2341 3463 2407 Missa
3517 2344 3595 2408 In
3655 2344 3883 2409 virtute

2322 2438 2440 2496 tnta
2489 2429 2840 2516 legendum
2889 2440 2953 2495 et
2998 2429 3332 2496 Homiliam
3389 2429 3880 2518 corresponden-

2316 2528 2451 2584 tem
2484 2516 2548 2584 in
2577 2516 2793 2584 Officio
2841 2515 3253 2602 recitandam,
3301 2515 3486 2604 plura
3530 2519 3760 2585 Sacrae
3800 2516 3884 2582 m·

2319 2616 2500 2671 tuum
2560 2603 3082 2691 congregationis
3140 2610 3405 2679 Decreta
3460 2604 3769 2673 babemus
3830 2605 3883 2671 in

2319 2692 2677 2762 authentica
2724 2692 3164 2773 collectione;
3212 2702 3492 2760 attamen
3536 2693 3746 2761 adbuc
3787 2693 3886 2758 du·

2319 2780 2556 2848 bitatur
2586 2781 2749 2849 circa
2783 2800 3080 2870 expressa
3108 2781 3176 2849 in
3203 2780 3620 2869 sequentibus
3652 2779 3884 2849 dubiist

2449 2867 2789 2948 Quaeritur
2832 2875 2898 2939 3.
2947 2875 3042 2937 An
3071 2869 3138 2937 in
3169 2869 3346 2937 Missa
3382 2873 3458 2936 In
3486 2873 3743 2937 virtute
3770 2868 3887 2969 legi

2320 2958 2517 3047 possit
2544 2958 2965 3047 Evangelium
2995 2958 3211 3027 Nolite
3241 2958 3566 3027 arbitrari
3604 2957 3672 3026 in
3704 2960 3888 3025 Fastis

2319 3050 2693 3116 Sanctorum
2758 3050 3143 3136 Martyrum,
3190 3065 3308 3136 pro
3365 3045 3597 3133 quibua
3659 3046 3887 3112 Missale

2318 3134 2601 3290 §⁸352ss
2620 3134 3887 3312 sssslssississgssiiltzdz‘i‘zssffiffit?

3280 3270 3297 3290 ·
3868 3266 3885 3302 r

2318 3328 2435 3396 pro
2469 3314 2695 3379 Sancto
2738 3314 3112 3380 wenceslao
3156 3312 3264 3379 die
3309 3313 3557 3379 xxvln
3602 3313 3889 3398 Septem-

2321 3399 2449 3469 bris
2480 3400 2544 3466 in
2574 3399 2894 3468 Breviario
2924 3400 3273 3487 assignatur
3302 3398 3567 3466 Romilia
3599 3397 3669 3467 in
3704 3402 3890 3464 Evan-

2320 3487 2563 3577 gelium
2598 3488 2670 3554 Si
2702 3493 2851 3572 quis
2896 3489 3088 3571 eust,-
3136 3499 3201 3555 et
3232 3488 3296 3555 in
3327 3486 3580 3575 Missali,
3613 3487 3793 3554 atissa
3827 3488 3889 3550 ln

2315 3581 2564 3645 virtuto
2609 3594 2755 3643 cum
2805 3577 3032 3644 eodem
3064 3575 3409 3663 Evangelio
3442 3576 3516 3641 Si
3544 3579 3698 3661 quis
3728 3574 3885 3639 vult.

2318 3669 2499 3732 Anne
2525 3664 2722 3750 igitur
2741 3675 2954 3751 posset
2978 3683 3097 3752 pro
3121 3663 3448 3750 praedicto
3471 3666 3707 3732 Sancto
3718 3665 3893 3732 Wen-

2318 3755 2523 3821 ceslao
2573 3753 2700 3840 legi
2748 3753 2923 3820 mssa
2954 3755 3029 3819 In
3060 3754 3310 3819 virtute
3353 3768 3499 3818 cum
3544 3771 3667 3818 suo
3698 3754 3890 3817 Evan-

2317 3840 2488 3929 gelio
2531 3841 2745 3909 Nolite
2789 3842 3141 3917 arbitrari,
3192 3850 3259 3907 et
3301 3848 3781 3925 consequenter
3832 3837 3892 3905 in

2317 3929 2532 3998 Officio
2565 3929 2694 4017 legi
2723 3927 2990 3996 Romilia
3037 3929 3245 4017 aliqua
3288 3926 3590 3996 octavarii
3638 3924 3891 3995 Romani

2319 4018 2384 4086 in
2428 4016 2845 4103 Evangelium
2895 4019 3108 4085 Nolite
3154 4014 3521 4086 arbitrari?
3564 4024 3723 4102 puta
3780 4016 3890 4080 Ho-

2318 4103 2490 4172 milia
2535 4107 2746 4175 Sancti
2792 4104 3181 4195 Hieronymi,
3217 4123 3381 4191 quae
3426 4102 3651 4191 incipit
3684 4105 3888 4187 Supra

2317 4194 2622 4276 distent,-
2665 4213 2831 4280 quae
2886 4192 2953 4261 in
2995 4194 3315 4261 octavario
3368 4196 3649 4260 Romano
3716 4208 3888 4277 repe-

2316 4282 2477 4348 ritur
2521 4282 2799 4350 secunda
2845 4281 2952 4349 die
3002 4280 3160 4349 infra
3190 4277 3528 4348 Octavam?
3571 4282 3744 4346 Hanc
3776 4279 3885 4343 Ho-

2316 4369 2554 4437 miliam
2600 4368 2916 4438 Breviaria
2961 4369 3027 4435 in
3069 4368 3301 4438 nostris
3343 4367 3736 4452 Regionibus
3783 4366 3888 4432 im·

2317 4476 2533 4546 pressa
2565 4468 2637 4525 ut
2667 4457 3021 4545 plurimum
3064 4457 3368 4528 insertam
3410 4455 3647 4524 habent
3684 4453 3811 4542 (1).

2416 4593 2604 4662 Dubia
2646 4594 2813 4662 circa
2857 4592 3180 4680 Epistulam
3226 4591 3455 4660 Missae
3504 4592 3801 4676 amvi.

2444 4723 2779 4801 Quaeritur
2823 4726 2891 4788 4.
2938 4725 3006 4788 In
3051 4719 3274 4787 missali
3316 4723 3596 4787 Romano
3624 4736 3750 4806 pro
3780 4733 3887 4783 nec

2318 4813 2579 4900 Virgine
2625 4830 2743 4878 nec
2790 4814 3061 4896 Martyre
3107 4807 3379 4876 babetur
3407 4807 3583 4878 Missa
3619 4804 3890 4892 evomi

2314 4919 2460 4967 cum
2508 4899 2791 4987 Epistola
2835 4897 3164 4966 Mulierem
3207 4897 3474 4981 fortem,
3529 4905 3595 4962 et
3639 4895 3709 4962 in
3771 4893 3889 4959 fine

2316 4988 2531 5055 Missae
2577 4987 2929 5075 assignatur
2992 4984 3271 5072 Epistola
3326 4984 3566 5052 Viduas
3620 4983 3885 5059 mora,

2315 5075 2433 5144 sub
2478 5075 2745 5144 Rubrica
2789 5074 3123 5162 sequenti:
3180 5075 3335 5142 Item
3397 5075 3539 5140 alia
3600 5067 3890 5156 Epistola

2310 5185 2430 5253 pro
2483 5166 2714 5233 Vidua.
2766 5166 2946 5230 Anne
2997 5162 3249 5250 quando
3312 5164 3378 5228 iu
3437 5158 3700 5252 proprio
3746 5160 3891 5225 San·
