4042 5950
1475 307 1577 322 —
1635 259 1950 344 339—

74 416 210 503 sint)
254 416 529 572 peorsim
575 430 640 486 et
684 420 1024 508 separatim
1089 419 1355 487 recitare
1415 420 1659 510 possint

79 518 135 572 et
181 526 248 571 va
281 518 472 587 eant;

193 595 501 663 Sanctitas
546 599 695 680 Sua,
743 597 1071 665 referente
1119 595 1479 684 subscripto
1541 602 1655 664 Se-

76 683 358 766 cretario,
407 684 499 752 de
543 683 802 773 speciali
847 686 1097 772 gratia:
1148 707 1186 750 c
1219 685 1505 786 Benigne
1550 704 1655 751 an·

76 771 202 837 nuit
244 789 363 857 pro
415 772 794 840 extensione
839 773 1353 861 supraenunciati
1386 772 1656 852 indulti3

76 859 412 926 dummodo
463 871 677 927 tamen
723 863 1103 929 Sacerdotes
1153 862 1390 949 aliique
1434 860 1655 929 Eccle-

76 946 285 1012 siastici
332 949 676 1016 Seculares
721 950 935 1035 aliquo
987 949 1333 1035 Beneficio,
1379 949 1661 1036 speciale

79 1034 340 1102 officium
401 1037 817 1122 requirente,
866 1056 994 1104 non
1057 1040 1184 1104 sint
1244 1037 1529 1125 provisi3
1595 1047 1660 1103 et

80 1142 374 1191 consensu
426 1124 675 1213 proprii
718 1126 1032 1192 ordinarii
1080 1127 1206 1192 sint
1253 1125 1482 1193 muniti
1519 1149 1582 1192 ».

202 1212 310 1279 Die
358 1217 449 1280 28
495 1213 766 1300 Augusti
824 1217 1016 1281 1846.

87 1388 320 1460 2918.
578 1393 858 1459 SANCTl
904 1395 1151 1459 FLORI.
1431 1389 1660 1479 (5053)

202 1574 364 1636 Dum
410 1570 1009 1637 Revereudissimus
1055 1569 1407 1657 Episcopus
1450 1568 1662 1638 Sancti

88 1658 239 1723 Fieri
282 1657 537 1745 accepit
582 1660 807 1725 Sacrae
845 1656 1108 1725 Rituum
1139 1656 1663 1746 Congregationis

86 1758 143 1810 et
184 1744 575 1812 sanctissimi
628 1744 878 1814 Domini
935 1746 1148 1812 Nostri
1201 1744 1289 1812 Pii
1334 1749 1533 1833 Papae
1581 1748 1663 1812 lX

86 1835 468 1901 voluntatem
510 1853 650 1900 esse
682 1844 753 1901 ut
787 1835 927 1900 loco
960 1834 1284 1921 expetitae
1328 1833 1665 1900 sanationis

89 1922 283 2007 quoad
317 1924 522 1988 ‘usum
571 1921 911 2003 Alta-ium,
961 1923 1043 1988 de
1104 1941 1384 2007 quorum
1445 1940 1666 1989 conse·

89 2009 352 2077 eratione
398 2009 815 2078 dubitabatur
860 2012 941 2077 ob
986 2010 1426 2095 Reliquiarum
1472 2009 1667 2095 depe·

93 2098 373 2165 titionem
412 2099 521 2165 vel
552 2097 910 2185 sigillorum
956 2096 1412 2180 deficientiam,
1449 2117 1666 2164 conse·

89 2197 409 2253 orarentur
455 2187 693 2254 Altaria
738 2186 1053 2275 portatilia
1106 2205 1242 2252 non
1301 2205 1498 2273 parvo
1542 2204 1662 2252 nu·

92 2294 282 2358 mero,
333 2274 646 2361 paulatim
692 2274 1136 2342 substituenda
1171 2274 1244 2340 iis
1274 2273 1359 2342 de
1391 2294 1668 2360 quorum

95 2363 360 2462 legitima
408 2363 891 2429 consecratione
921 2381 1049 2429 non
1079 2374 1445 2447 constaret3
1497 2362 1669 2430 illico

93 2451 527 2518 animadvertit
572 2452 985 2518 Sacratissimi
1031 2449 1337 2538 Principis
1385 2461 1670 2518 mentem

95 2538 449 2606 executioni
496 2539 869 2607 demandari
916 2558 1043 2606 non
1076 2559 1263 2628 posse
1294 2541 1535 2625 absque
1566 2560 1674 2606 no·

50 2640 51 2679 ³
98 2627 255 2694 tabili
299 2627 723 2711 detrimento,
770 2626 1091 2712 siquidem
1144 2627 1213 2693 in
1263 2627 1469 2694 Diario
1516 2628 1676 2694 Visi-

102 2716 392 2782 tatiouum
443 2735 658 2802 neque
717 2715 866 2782 alibi
925 2715 1170 2782 mentio
1219 2716 1379 2783 facta
1425 2727 1522 2782 est
1569 2716 1674 2781 Al-

104 2804 340 2888 tarium,
388 2823 559 2891 quae
608 2824 726 2892 per
772 2820 1003 2873 novam
1050 2804 1508 2891 repositionem
1554 2809 1674 2872 Re-

105 2892 425 2980 liquiarum
473 2893 581 2959 vel
618 2891 980 2980 sigillorum
1032 2892 1523 2982 impressionem
1571 2893 1677 2959 ha·

108 2982 326 3048 bilitata
381 2983 569 3049 fuere
616 2992 688 3048 ut
731 3000 929 3068 super
989 2982 1140 3068 ipsis
1195 2985 1676 3050 Sacrosanctum

108 3071 305 3136 Hissae
356 3070 757 3139 Sacrificium
821 3069 986 3136 litari
1048 3071 1335 3149 valeret3
1399 3091 1470 3137 ac
1530 3089 1679 3157 pro-

111 3157 245 3225 inde
292 3178 404 3246 pro
454 3158 882 3225 conscientiae
932 3159 1393 3242 tranquillitate
1427 3179 1508 3225 ex
1540 3160 1679 3225 iure

111 3246 298 3313 omnia
356 3248 604 3314 iterum
665 3258 880 3314 essent
938 3246 1171 3314 Altaria
1227 3249 1679 3334 consecranda,

114 3334 203 3400 vel
254 3335 628 3422 quingentis
672 3336 972 3402 Ecclesiis
1032 3345 1099 3401 et
1149 3334 1408 3403 Sacellis
1468 3345 1681 3402 essent

112 3425 257 3489 Arae
298 3423 634 3512 portatiles
664 3422 1165 3507 distribuendae,
1202 3442 1479 3509 quorum
1524 3443 1681 3491 neu-

116 3523 268 3577 trum
332 3511 574 3597 exequi
637 3522 848 3601 potest
899 3511 1138 3596 absque
1196 3510 1422 3599 populi
1482 3512 1683 3580 admi-

116 3598 339 3667 ratione
393 3611 464 3666 et
516 3600 685 3668 Cleri
730 3600 1099 3689 dispendio.
1152 3604 1531 3688 Eapropter,
1569 3601 1684 3667 ite-

116 3687 250 3754 ratis
313 3690 647 3776 precibus,
707 3689 951 3776 rogavit
1020 3688 1443 3756 Sanctitatem·
1495 3692 1684 3755 Suam

118 3775 275 3843 idem
334 3775 694 3865 Episcopus
742 3777 951 3844 Sancti
1012 3776 1206 3860 Flori,
1254 3787 1329 3842 ut
1374 3777 1458 3844 de
1519 3779 1686 3864 Apo-

112 3865 341 3934 statiua
366 3864 764 3966 benignitate
802 3866 1170 3933 concedere
1194 3866 1566 3952 dignaretur
1597 3867 1690 3932 in·

120 3950 390 4040 dultum,
446 3973 626 4022 cutus
689 3954 945 4039 vigore,
1008 3971 1417 4039 quocumque
1478 3963 1690 4021 sanato

118 4041 402 4128 detentu,
461 4061 659 4131 super
724 4041 950 4109 iisdem
1005 4040 1325 4108 Altaribus
1382 4041 1691 4109 celebrari

122 4129 357 4218 valeat3
406 4149 553 4197 nam
586 4131 863 4198 decursu
899 4129 1204 4216 temporis
1235 4129 1539 4218 paulatim
1570 4130 1695 4197 sin-

128 4218 410 4303 gulorum
443 4219 755 4286 Altarium
799 4217 1005 4304 sigilla
1051 4218 1474 4285 destruentur
1501 4237 1571 4284 ac
1602 4230 1697 4285 tu-

126 4307 269 4372 muli
300 4307 713 4392 ess'odientur,
749 4318 815 4373 et
846 4318 999 4373 tunc
1032 4307 1264 4373 iterum
1298 4306 1532 4373 Altaria
1565 4306 1694 4393 ipsa

129 4395 675 4463 consecrabuntur.

249 4484 553 4551 Sanctitas
598 4486 745 4569 Sua,
796 4484 1123 4551 referente
1173 4481 1532 4568 subscripto
1594 4485 1698 4549 Sa·

134 4587 266 4637 crae
306 4571 568 4640 [lituum
615 4571 1140 4675 congregationis
1182 4572 1563 4656 Secretario,
1613 4582 1701 4640 at-

138 4658 312 4724 tentis
342 4661 649 4748 expositis
679 4659 946 4747 aliisque
973 4657 1406 4746 peculiaribus
1438 4660 1705 4727 circum-

137 4746 363 4814 stantiis
421 4749 706 4817 animum
772 4766 960 4815 suum
1028 4745 1479 4816 moventibus:
1544 4769 1582 4812 c
1615 4752 1706 4814 De

138 4834 379 4918 speciali
425 4837 650 4925 gratia,
684 4836 748 4905 in
783 4835 1157 4924 exemplum
1185 4855 1315 4903 non
1356 4835 1703 4919 afferenda,

1759 420 2011 490 2919.
2309 425 2322 433 ’
2396 426 2720 493 Rouana

2139 531 2489 596 COLLEGII
2535 532 2981 598 ANGLORUM.

3122 424 3350 512 (5054)

1981 700 2350 770 Beatissime
2397 708 2600 771 Pater.

1889 860 2381 951 ThomasEGraut
2409 867 2645 932 Rector
2675 863 2946 951 Collegii
2995 863 3352 951 Anglorum

1760 949 1836 1016 ad
1886 951 2090 1038 pedes
2123 951 2479 1018 Sanctitatis
2526 955 2695 1018 Tuae
2734 955 3116 1040 provolutus
3147 953 3353 1020 humi-

1761 1037 1911 1104 liter
1956 1038 2227 1124 exponit
2282 1038 2454 1125 quod
2517 1040 2887 1106 suscitatum
2933 1053 3031 1106 est
3086 1039 3353 1108 dubium

1763 1144 1841 1192 an
1887 1127 2230 1196 Edmundo
2278 1131 2505 1193 Pomer
2564 1129 2820 1194 alumno
2876 1126 3170 1195 eiusdem
3214 1130 3355 1197 Col·

1766 1213 1914 1302 legii
1964 1215 2177 1283 valide
2238 1213 2434 1281 fuerit
2496 1216 2719 1283 collata
2780 1215 2984 1304 prima
3045 1216 3355 1283 clericalis

1764 1307 2071 1387 Tonsura,
2121 1322 2199 1370 eo
2253 1303 2426 1389 quod
2486 1303 2731 1392 capilli,
2780 1322 2909 1370 non
2964 1303 3185 1392 capitis
3242 1305 3356 1372 sed

1767 1411 1986 1457 comae
2050 1390 2347 1477 fictitiae,
2405 1409 2596 1477 quam
2654 1402 2907 1479 gestare
2958 1394 3237 1476 solebat,
3298 1392 3355 1459 ei

1768 1478 2009 1546 fuerint
2042 1480 2340 1565 detonsi,
2392 1499 2587 1566 quare
2633 1481 2712 1547 ad
2761 1481 3075 1548 cautelam
3109 1494 3177 1548 et
3206 1499 3358 1567 qua·

1771 1579 1956 1634 tenus
2005 1587 2166 1656 opus
2214 1569 2318 1651 sit,
2368 1588 2401 1633 a
2449 1570 2795 1636 Sanctitate
2840 1573 2968 1636 'l'ua
3000 1570 3359 1655 expostulat

1769 1666 1839 1722 ut
1898 1655 2057 1722 ritus
2130 1660 2450 1723 Tonsurae
2523 1656 2852 1745 praedicto
2920 1659 3182 1724 alumno
3242 1658 3362 1724 ite-

1764 1754 1972 1811 retur.

1901 1832 2384 1915 Sanctissimus,
2448 1832 2776 1900 referente
2837 1832 3200 1921 subscripto
3257 1836 3363 1901 Sa-

1770 1940 2032 1988 crorum
2078 1921 2338 1989 Rituum
2397 1921 2924 2007 congregationis
2977 1921 3360 2005 Secretario,

1766 2010 2027 2076 attentis
2061 2009 2368 2097 expositis
2397 2028 2594 2096 super
2625 2014 2905 2077 Tonsura
2939 2020 3219 2097 peracta,
3256 2009 3363 2076 be-

1771 2096 1968 2188 nigne
2012 2096 2234 2165 annuit
2279 2115 2398 2184 pro
2443 2097 2794 2177 sanatione,
2843 2109 3159 2183 quatenus
3204 2116 3366 2184 opus

1772 2186 1879 2270 sit,
1928 2208 1960 2251 a
2007 2204 2422 2272 quocumque
2469 2185 2760 2268 defectu,
2795 2185 2955 2253 adeo
2990 2198 3060 2252 ut
3090 2187 3249 2253 nibil
3282 2187 3364 2257 sit

1776 2273 2050 2341 ulterius
2119 2274 2612 2342 innovandum..
2652 2274 2996 2342 Contrariis
3045 2293 3188 2340 non
3253 2275 3362 2340 ob·

1771 2363 2082 2430 stantibus
2129 2362 2665 2449 quibuscumque.

1906 2449 2019 2517 Die
2068 2455 2152 2517 ΞΒ
2197 2451 2595 2537 Septembris
2648 2454 2838 2518 1846.

1778 2610 2044 2680 2920.
2402 2611 2751 2677 ROMANA.

1997 2751 2368 2819 Beatissimo
2414 2756 2625 2820 Pater.

3137 2610 3367 2698 (5055)

1911 2895 2131 2962 Simon
2180 2893 2524 2962 Percovicb
2574 2896 2926 2964 Canonicus
2958 2899 3244 2963 Decanus
3276 2898 3374 2963 ln·

1777 2983 1978 3070 signis
2036 2982 2427 3068 Collegiatae
2500 2983 2820 3050 Ecclesiae
2885 2987 2953 3052 S.
3000 2983 3373 3072 Hieronymi

1779 3069 2146 3158 lllyriorum
2189 3070 2380 3138 Urbis
2425 3070 2503 3136 ad
2550 3070 2755 3157 pedes
2808 3071 3163 3139 Sanctitatis
3206 3076 3374 3138 Tuae

1781 3159 2057 3227 demisse
2103 3159 2371 3245 exponit
2410 3159 2583 3245 quod
2613 3157 2679 3226 in
2711 3168 2916 3225 aetate
2946 3163 3033 3227 65
3062 3178 3376 3226 annorum

1785 3246 2194 3333 constitutus,
2221 3267 2253 3311 a
2277 3245 2575 3332 pluribus
2605 3247 2784 3312 annis
2811 3247 3171 3335 arthrytide
3206 3246 3378 3314 labo-

1785 3346 1905 3419 rat,
1938 3346 2012 3400 ut
2045 3345 2230 3435 patet.
2267 3353 2350 3400 ex
2397 3334 2799 3402 medicorum
2844 3335 3276 3419 attestatione,
3310 3346 3380 3400 et

1786 3422 1868 3490 ob
1915 3423 2067 3490 colli
2113 3424 2623 3490 incurvationem
2680 3441 2807 3490 non
2867 3433 3115 3490 tantum
3161 3422 3377 3512 prohi-

1786 3512 1975 3579 betur
2020 3522 2212 3601 caput
2259 3512 2514 3600 erigere
2544 3512 2659 3579 sed
2692 3511 2881 3578 etiam
2927 3511 3151 3598 quovis
3182 3510 3379 3578 modo

1787 3600 1948 3669 illud
1998 3611 2285 3682 vertere,
2322 3600 2495 3667 unde
2528 3600 2667 3666 lere
2701 3602 3018 3687 impotens
3050 3602 3381 3668 factus·est

1790 3691 1867 3757 ad
1930 3688 2366 3776 sumptionem
2436 3687 2851 3755 Sacratissimi
2917 3688 3256 3778 Sanguinis
3316 3688 3380 3755 in

1791 3778 1995 3860 Missa,
2032 3778 2150 3843 etsi
2180 3776 2444 3844 calicem
2488 3777 2778 3874 apposite
2812 3777 3175 3845 confectum
3207 3776 3384 3843 adhi-

1794 3868 1961 3935 beat.
2026 3867 2230 3943 Quare
2291 3866 2482 3932 enixe
2529 3885 2560 3930 a
2608 3865 2952 3933 Sanctitate
3005 3870 3133 3932 Tua
3167 3884 3383 3954 expo-

1790 3955 1985 4021 stulat
2031 3965 2102 4020 ut
2148 3956 2500 4021 clementer
2530 3955 2743 4020 eidem
2790 3954 3201 4056 indulgeatur
3232 3974 3384 4021 usus
3413 3987 3430 4004 ·

1797 4042 2047 4109 fistulae
2102 4043 2178 4109 ad
2235 4040 2656 4109 sorbendum.
2680 4043 3179 4109 Sacratissrmum
3242 4045 3387 4110 San-

1798 4129 2063 4217 guinem
2090 4128 2174 4197 .in
2220 4132 2439 4196 Missae
2485 4129 2943 4197 celebratione.

1916 4218 2354 4286 Sanctissimus
2374 4217 2676 4285 Dominus
2695 4219 2925 4283 Noster
2939 4217 3084 4284 Pius
3099 4222 3261 4304 Papa
3277 4221 3383 4302 IX,

1800 4306 2127 4374 referente
2175 4306 2536 4391 subscripto
2583 4307 2646 4372 S.
2671 4309 2751 4371 R.
2777 4308 2847 4372 C.
2886 4307 3270 4390 Secretario,
3305 4307 3388 4373 de

1800 4393 2063 4481 speciali
2109 4396 2306 4481 gratia
2341 4393 2618 4479 benigne
2650 4395 2968 4460 commisit
3003 4393 3386 4462 Eminentis·

1802 4485 1965 4551 simo
2012 4484 2201 4551 Card.
2237 4483 2424 4550 Urbis
2455 4481 2727 4567 vicario,
2770 4492 2843 4549 ut
2885 4492 3200 4570 quatenus
3244 4501 3391 4572 pre·

1806 4591 1912 4639 ces
1965 4571 2236 4638 veritate
2289 4573 2598 4655 nitantur,
2663 4582 2732 4638 et
2784 4580 2994 4637 orator
3050 4572 3256 4638 valeat
3311 4590 3392 4637 ex

1807 4660 2070 4748 propria
2100 4658 2468 4727 conditione
2503 4659 2823 4727 indultum
2853 4658 3116 4727 Oratorii
3162 4660 3393 4746 privati

1807 4749 2091 4835 assequi,
2152 4746 2364 4815 eidem
2423 4747 2788 4816 facultatem
2841 4745 3075 4814 tribuat
3134 4747 3200 4814 in
3258 4747 3394 4836 ipso

1807 4835 2091 4904 oratorio
2139 4846 2386 4908 tantum
2445 4839 2708 4904 Sacrum
2764 4835 3036 4904 faciendi
3083 4854 3229 4902 cum
3275 4856 3396 4903 usu

141 4918 402 5009 benigne
448 4927 671 4993 annuit
718 4945 835 5014 pro
883 4925 1081 5012 petita
1126 4922 1486 5004 sanatione3
1521 4926 1704 4992 dum·
1812 4925 2064 4992 fistulae
2112 4942 2228 5011 pro
2274 4925 2641 5011 sumptione
2688 4924 2958 5003 Calicis3
3009 4925 3278 4992 constito
3309 4933 3397 4990 ta-

144 5013 322 5078 modo
367 5034 520 5081 vero
565 5011 952 5098 nullimode,
987 5031 1199 5099 neque
1244 5030 1327 5078 ex
1366 5013 1711 5081 attestatio·
1814 5030 1965 5079 men
2011 5013 2191 5099 prius
2237 5029 2357 5096 per
2411 5011 2774 5096 legitimum
2830 5014 3289 5081 documentum
3334 5023 3400 5079 et

146 5097 317 5165 nibus
362 5103 809 5186 Parocborum,
859 5101 1000 5168 erui
1052 5101 1258 5167 valeat
1307 5099 1540 5167 Altaria
1583 5119 1711 5168 non
1821 5103 2378 5187 experimentum,
2425 5098 2597 5186 quod
2648 5100 2806 5167 nihil
2854 5101 3007 5168 inde
3063 5103 3159 5168 vel
3223 5101 3401 5169 inde-

150 5182 328 5255 luisse
372 5191 587 5257 denuo
631 5200 1019 5259 consecrata.
1069 5188 1414 5256 Contrariis
1442 5209 1572 5256 non
1605 5189 1717 5255 ob-
1817 5188 2064 5256 centiae
2108 5188 2211 5255 vel

150 5276 438 5345 stantibus
484 5279 996 5363 quibuscumque
1029 5301 1095 5343 ν.

272 5364 381 5431 Die
425 5371 509 5436 25
549 5368 941 5456 Septembris
990 5369 1180 5433 1846.

2310 5185 2532 5256 ericuli
2582 5186 2732 5253 oriri
2781 5190 3006 5276 possit.
3064 5189 3404 5258 Contrariis

1817 5296 1949 5345 non
1995 5276 2265 5344 obstanti
2313 5296 2388 5343 us
2430 5274 2962 5362 quibuscumque.

1952 5367 2066 5433 Die
2113 5369 2198 5435 20
2243 5362 2619 5433 Novembris
2672 5366 2861 5438 1846.
