4042 5950
2089 303 2560 381 -150-

667 463 922 529 diorum
969 468 1038 529 Β.
1071 467 1149 530 Μ.
1182 466 1287 549 V.,
1329 465 1412 531 de
1445 464 1675 549 quibus
1708 465 1771 530 in
1806 465 1936 551 ipsa
1968 464 2149 529 Feria
2185 461 2254 528 iit
2356 455 2821 548 cretum-typis
2870 460 3274 546 imprimatur
3306 484 3367 527 ».
3433 467 3505 527 Et
3571 460 3651 525 ita
3703 462 3901 526 servari

669 552 732 617 in
783 562 913 617 toto
961 556 1182 638 Regno
1230 553 1549 636 Lusitan0,
1599 552 1772 617 salvo
1824 571 2091 639 semper
2141 557 2258 617 De·

669 651 848 705 creto
895 643 959 706 S.
1010 645 1085 706 R.
1137 643 1210 707 C.
1259 642 1342 707 de
1389 639 1729 707 omissione
1780 640 1941 707 Festi
1989 638 2260 705 Gaudio-

673 746 847 812 rum,
913 727 1168 813 quando
1230 730 1293 794 in
1364 729 1574 815 ipsum
1644 730 1817 795 diem
1880 727 2260 794 transfertur

674 820 929 881 Festum
978 815 1484 883 Annuntiationis
1539 821 1609 882 Β.
1659 821 1738 882 Μ.
1792 819 1870 884 V.

805 908 867 970 3.
936 908 1004 971 ln
1074 906 1368 973 omnibus
1433 905 1868 972 conventibus
1936 903 2261 990 praefatae

671 992 1062 1075 Provinciae,
1099 993 1388 1079 exceptis
1435 993 1767 1060 coenobiis
1809 992 1987 1059 cuius
2037 992 2261 1056 titulus

674 1092 770 1145 est
817 1084 881 1147 S.
920 1081 1085 1145 Petri
1120 1081 1606 1165 AlcantarensiS,
1641 1081 1946 1147 recitatur
1973 1078 2261 1146 Officium

672 1169 758 1234 de
791 1169 1021 1235 eodem
1053 1172 1119 1236 S.
1148 1175 1333 1236 Petro
1366 1168 1483 1234 sub
1518 1171 1641 1234 ritu
1671 1170 1990 1236 secundae
2023 1168 2258 1233 classiS.

676 1257 851 1323 ldem
906 1259 970 1323 S.
1031 1262 1257 1323 Petrus
1314 1255 1430 1324 l‘uit
1485 1256 1815 1324 coadiutor
1878 1254 2265 1322 fundationis

675 1344 967 1412 eiusdem
1012 1345 1403 1427 Provinciae,
1442 1345 1503 1409 in
1547 1345 1653 1410 illa
1684 1345 1842 1410 vixit
1874 1364 1996 1433 per
2025 1343 2264 1409 multos

674 1452 868 1499 annos
930 1432 1179 1518 fuitque
1247 1433 1541 1510 Praesul;
1606 1433 1843 1499 idcirco
1905 1436 2267 1520 postulatur

673 1532 745 1587 ut
790 1520 876 1586 im
927 1530 1212 1587 osterum
1262 1521 1571 1587 recitetur
1618 1540 1732 1607 pro
1782 1532 1907 1590 tota
1941 1520 2263 1586 Provincia

675 1611 760 1676 de
791 1627 868 1674 eo
922 1628 1026 1674 em
1057 1612 1125 1677 S.
1153 1612 1339 1674 Petro
1364 1610 1792 1675 Alcantarensi
1828 1610 1946 1675 sub
1978 1613 2105 1675 ritu
2138 1607 2266 1694 pri-

679 1717 819 1764 mae
864 1696 1075 1762 classis
1123 1716 1269 1764 cum
1319 1708 1560 1763 octava.
1601 1698 1693 1785 (1)

808 1788 888 1850 Et
917 1787 985 1849 S.
1013 1788 1085 1851 R.
1122 1787 1226 1868 C.,
1261 1785 1472 1851 audita
1504 1785 1682 1871 prius
1709 1785 2029 1852 sententia
2063 1789 2126 1850 P.
2159 1783 2264 1849 Mi-

677 1873 855 1940 nistri
902 1873 1229 1940 Generalis
1291 1874 1563 1956 Ordinis,
1614 1896 1680 1940 ac
1729 1874 2060 1940 referente
2111 1877 2264 1938 Eme

678 1972 743 2026 et
790 1965 947 2027 Rmo
981 1962 1246 2028 Domino
1278 1962 1591 2030 cardinali
1624 1960 1871 2046 Boschi,
1908 1961 2265 2028 rescriben-

678 2051 835 2116 dum
881 2050 1172 2115 censuit:

816 2138 907 2204 Ad
948 2143 1006 2204 1.
1046 2148 1111 2204 et
1142 2144 1205 2206 2.
1248 2162 1286 2204 c
1312 2138 1481 2205 Nihil
1534 2140 1856 2218 innovari3
1907 2152 1971 2205 et
2006 2144 2264 2204 Festum

679 2227 1141 2314 Assumptionis
1186 2233 1255 2294 B.
1291 2230 1371 2292 Μ.
1410 2231 1485 2293 V.
1533 2229 1901 2295 babendum
1948 2248 2085 2292 esse
2149 2246 2266 2314 pro

681 2316 914 2381 titulari
948 2316 1339 2397 Provinciae,
1377 2313 1647 2401 eiusque
1678 2326 2116 2382 conventuum
2157 2316 2265 2400 qui

681 2404 867 2469 titulo
898 2404 1179 2489 gaudent
1214 2404 1501 2470 eiusdem
1537 2408 1603 2469 Β.
1636 2407 1715 2469 Μ.
1749 2407 1852 2487 V.,
1888 2406 2125 2489 absque
2158 2405 2268 2470 ad-

682 2493 891 2557 iuncta
937 2490 1453 2557 denominatione
1501 2491 1766 2558 alicuius
1826 2492 2132 2577 mysterii,
2182 2492 2267 2558 de

679 2597 806 2663 quo
855 2583 1111 2645 Festum
1157 2578 1431 2663 speciale
1479 2581 1843 2647 celebratur
1876 2604 1939 2643 ».

815 2668 910 2733 Ad
961 2673 1024 2733 3.
1078 2689 1115 2730 ‹
1148 2665 1456 2753 Negative
1490 2688 1550 2731 ».

816 2759 895 2820 Et
952 2754 1033 2820 ita
1090 2756 1440 2821 declaravit
1501 2777 1570 2822 ac
1630 2756 1872 2823 servari
1921 2758 2264 2825 mandavit.

685 2845 797 2909 Die
855 2847 929 2910 10
976 2843 1177 2910 Martii
1233 2846 1425 2910 1787.

684 3020 949 3090 2530.
1354 3024 1602 3089 URBlS.
2042 3025 2267 3111 (4428)

814 3197 1138 3285 Prope-ito
1194 3197 1269 3262 ab
1321 3202 1478 3263 Eme
1529 3207 1594 3262 et
1641 3200 1798 3263 Rmo
1846 3202 2025 3263 Dom.
2080 3198 2265 3263 card.

681 3285 922 3353 Corsini
976 3286 1288 3372 Episcopo
1336 3284 1632 3352 Sabinen.
1687 3291 1968 3352 Ponente
2012 3289 2076 3351 in
2107 3290 2270 3351 con-

682 3374 1056 3462 gregatione
1105 3378 1443 3440 Sacrorum
1492 3374 1750 3441 Rituum
1798 3374 2138 3456 ordinaria,
2188 3374 2273 3439 in·

681 3473 888 3528 stante
953 3462 1237 3547 collegio
1305 3462 1729 3528 Parochorum
1798 3463 2015 3546 Urbis,
2083 3462 2271 3528 inira·

682 3551 920 3635 scripto
969 3549 1211 3616 dubio:

815 3640 996 3702 Anne
1046 3637 1109 3701 in
1169 3639 1367 3702 Festis
1427 3635 1919 3704 solemnioribus
1975 3639 2118 3705 anni
2167 3650 2273 3704 aut

684 3724 1015 3790 occasione
1059 3725 1457 3811 particularis
1498 3725 1756 3791 lubilaei
1788 3740 1894 3792 aut
1930 3728 2271 3813 lndulgen·

686 3813 833 3895 tiae,
875 3812 1106 3897 quibus
1141 3813 1536 3899 temporibus
1581 3834 1612 3877 a
1660 3814 1950 3880 Parochis
1997 3815 2272 3880 maximo

683 3912 987 3987 apparatu
1020 3912 1084 3967 et
1120 3919 1348 3989 pompa
1395 3900 1690 3968 defertur
1736 3905 1999 3969 SSmum
2041 3903 2273 3969 Eucha-

687 3987 898 4054 ristiae
946 3992 1423 4056 Sacramentum
1472 3990 1763 4073 infirmiS,
1800 4010 2022 4058 omnes
2053 3993 2271 4057 Eccle-

683 4076 811 4141 siae
857 4076 992 4143 sive
1040 4077 1437 4144 Secularium
1482 4078 1621 4143 sive
1675 4081 2091 4164 Regularium
2138 4080 2274 4145 sive

686 4165 1080 4249 monialium,
1131 4185 1258 4232 non
1308 4168 1598 4233 obstante
1658 4186 2064 4253 quacumque
2125 4186 2273 4232 con-

682 4254 1030 4320 suetudine
1099 4254 1288 4320 etiam
1349 4254 1839 4321 immemorabili
1902 4255 1964 4321 in
2029 4266 2274 4320 contra-

686 4343 876 4425 rium,
929 4353 1268 4409 teneantur
1297 4364 1366 4408 ac
1399 4345 1678 4410 debeant
1724 4342 2100 4409 solemniter
2132 4343 2273 4432 pul·

681 4448 818 4496 sare
868 4449 1197 4518 campanas
1242 4431 1397 4497 dum
1446 4436 1711 4500 SSrhum
1764 4434 2270 4516 Sacramentum,

685 4530 811 4584 tam
860 4519 924 4584 in
980 4519 1195 4585 eundo
1257 4540 1446 4606 quam
1506 4520 1569 4585 in
1631 4522 1989 4604 redeundo,
2055 4521 2276 4587 transit

681 4620 830 4673 ante
877 4618 1090 4696 portas
1130 4608 1399 4675 maiores
1448 4620 1513 4674 et
1561 4608 1854 4674 laterales
1901 4613 2275 4676 earumdem

685 4697 1142 4781 Ecclesiarum,
1178 4697 1283 4762 vel
1332 4700 1522 4764 etiam
1569 4698 1822 4782 quando
1873 4697 2091 4764 transit
2131 4709 2277 4764 ante

680 4783 928 4849 ianuam
976 4786 1227 4868 domus,
1265 4798 1642 4869 conventus,
1678 4785 2068 4867 monasterii,
2104 4786 2277 4852 aedis

683 4871 1057 4958 parochialis
1119 4885 1183 4939 et
1243 4873 1631 4960 capitularis,
1681 4892 1846 4959 quae
1895 4874 2270 4962 respectivis

682 4959 981 5024 Ecclesiis
1027 4961 1108 5024 sit
1152 4962 1449 5028 adnexa?

812 5051 877 5113 S.
944 5054 1018 5116 R.
1082 5054 1196 5135 c.,
1266 5049 1479 5117 audita
1547 5053 1861 5118 sententia
1930 5051 2117 5118 unius
2189 5074 2270 5119 ex

683 5137 1185 5222 Apostolicarum
1228 5141 1783 5204 caeremoniarum
1832 5139 2139 5226 Magistris
2173 5162 2272 5206 re-

682 5222 1094 5291 scribendum
1144 5227 1429 5293 censuitz
1482 5227 1986 5303 ‹Affirmative3
2041 5240 2106 5293 et
2151 5232 2271 5293 De-

818 5419 901 5491 (t)
937 5421 999 5475 E.
1040 5418 1177 5476 nub.
1214 5419 1248 5473 a
1286 5428 1342 5474 et
1384 5418 1437 5472 a.

2359 550 2700 616 mandavit.
2754 549 2865 636 Die
2921 554 2998 616 to
3049 548 3246 614 Martii
3303 552 3498 616 1787.

2367 690 2614 758 2531.
2819 694 3042 758 URBts
3092 695 3189 757 ET
3233 693 3481 758 ORBlS.
3714 693 3907 776 (tua)

2496 821 2783 881 Annuam
2817 814 2985 880 illius
3033 815 3160 881 diei
3211 814 3605 896 memoriam,
3639 832 3758 898 quo
3784 816 3908 880 San·

2362 913 2464 969 cto
2499 902 2710 968 loanni
2741 902 3054 988 Baptistae
3087 902 3481 968 praecursori
3523 902 3759 970 Domini
3789 920 3908 985 pro·

2363 1003 2510 1079 pter
2559 991 2862 1057 iustitiam
2911 1001 3100 1078 caput
3148 990 3495 1058 abscissum
3545 1001 3662 1072 est,
3705 988 3912 1055 nonnisi

2365 1081 2494 1144 ritu
2549 1078 2794 1166 duplici
2863 1077 3087 1144 minori
3159 1078 3377 1144 colere
3443 1079 3742 1143 hactenus
3794 1096 3914 1143 con-

2366 1169 2578 1233 suevit
2623 1167 2938 1242 Ecclesia3
2989 1168 3229 1254 quippe
3276 1185 3441 1251 quae
3491 1166 3762 1231 Natalem
3805 1165 3914 1247 eius

2368 1255 2672 1340 singulari
2723 1255 3058 1342 privilegio
3093 1266 3351 1343 praeter
3381 1255 3569 1321 illum
3608 1257 3678 1319 D.
3705 1256 3913 1320 N.l.c.

2369 1364 2439 1409 ac
2486 1348 2674 1410 Bmae
2722 1343 2998 1428 Virginis
3061 1342 3366 1428 Deiparae
3412 1341 3742 1430 quotannis
3779 1343 3914 1406 sole·

2370 1432 2607 1497 mniter
2652 1452 2682 1496 a
2734 1451 2871 1513 ens,
2927 1450 3075 1497 eum
3124 1431 3296 1497 diem
3345 1430 3484 1499 eius
3533 1429 3724 1497 cultui
3769 1449 3936 1515 prae-5

2369 1519 2632 1605 cipuum
2726 1518 3023 1587 edicavit.
3087 1524 3249 1586 cum
3297 1527 3514 1586 autem
3564 1519 3698 1584 Emi
3745 1521 3918 1582 Patres

2370 1611 2435 1674 S.
2489 1612 2565 1674 R.
2614 1607 2960 1696 praepositi
3030 1607 3665 1688 animadvertissent,
3730 1623 3918 1699 secun7

2367 1696 2536 1762 daria
2606 1698 2986 1762 Sanctorum
3056 1697 3514 1784 Apostolorum
3584 1699 3786 1777 Festa,
3845 1702 3916 1757 uti

2369 1785 3010 1850 commemorationes
3063 1783 3396 1868 utriusque
3444 1782 3785 1850 cathedrae
3823 1784 3915 1846 Ro·

2370 1891 2590 1938 manae
2623 1883 2687 1937 et
2725 1872 3178 1954 Antiochenae,
3207 1891 3276 1936 ac
3316 1872 3725 1939 vinculorum
3755 1875 3813 1936 S.
3835 1872 3920 1932 Pe

2371 1959 2450 2025 tri
2485 1960 2790 2047 Principis
2820 1961 3300 2048 Apostolorum,
3338 1979 3458 2026 nec
3507 1978 3637 2026 non
3681 1961 3917 2024 convex-

2371 2048 2566 2114 sionis
2595 2049 2803 2114 Sancti
2839 2048 3010 2114 Pauli
3045 2050 3329 2114 Doctoris
3374 2049 3676 2114 Gentium
3706 2065 3768 2111 ac
3795 2048 3921 2111 uar-

2371 2136 2515 2225 tyrii
2567 2137 2776 2204 Sancti
2822 2137 3067 2204 loannis
3102 2136 3387 2224 Apostoli
3423 2147 3490 2202 et
3525 2133 3918 2222 Evangelistae

2369 2227 2497 2291 ritu
2543 2226 2786 2312 duplici
2839 2225 3060 2290 maiori
3091 2226 3169 2291 ab
3203 2224 3500 2290 universa
3552 2221 3811 2290 Ecclesia
3840 2240 3919 2283 ce-

2321 2355 2330 2370 ·
2372 2314 2600 2379 lebrari
2633 2335 2649 2395 ;
2705 2314 2835 2402 pari
2870 2312 3062 2379 etiam
3097 2312 3220 2379 ritu
3251 2312 3749 2379 anniversarium
3779 2309 3918 2374 diem

2371 2403 2628 2487 gloriosi
2677 2402 2888 2468 obitus
2929 2402 3140 2468 Sancti
3189 2400 3388 2483 illius,
3435 2421 3570 2486 quo
3618 2419 3697 2466 ex
3725 2397 3918 2466 Christi

2373 2490 2731 2557 testimonio
2780 2494 2954 2556 inter
3001 2500 3189 2555 natos
3236 2490 3595 2555 mulierum
3642 2507 3761 2552 non
3800 2503 3918 2548 sur·

2371 2581 2548 2644 rexit
2609 2581 2850 2659 maior,
2918 2578 3355 2645 decorandum
3419 2597 3560 2644 esse
3632 2574 3918 2642 unanimes

2313 2713 2318 2720 ·
2372 2676 2783 2733 censuerunt.

2508 2759 2723 2839 ltaque
2754 2758 2818 2820 S.
2851 2760 2923 2822 R.
2952 2759 3057 2841 c.,
3083 2765 3490 2842 proponente
3531 2759 3682 2820 Eme
3713 2763 3772 2817 et
3793 2754 3918 2845 Rmo

2373 2843 2636 2908 Domino
2698 2843 3009 2911 cardinali
3067 2843 3352 2911 corsinio
3423 2843 3733 2930 Episcopo
3783 2838 3919 2905 Sabi-

2374 2931 2584 3014 nensi,
2636 2931 2756 2998 hoc
2803 2933 3086 3017 generali
3135 2937 3405 2999 Decreto
3449 2930 3716 2997 statuit:
3767 2949 3800 2993 ι
3833 2929 3918 2991 Fe·

2373 3031 2544 3086 stum
2583 3021 3027 3089 Decollationis
3052 3026 3121 3091 S.
3148 3019 3390 3088 loannis
3421 3021 3757 3107 Baptistae,
3780 3012 3916 3101 quod

2374 3107 2481 3174 die
2516 3113 2599 3175 29
2632 3110 2895 3195 Augusti
2929 3113 3005 3177 ab
3037 3111 3333 3176 universa
3377 3108 3662 3174 Ecclesia
3691 3107 3808 3171 ritu
3831 3102 3920 3167 du·

2374 3196 2524 3284 plici
2575 3198 2800 3262 minori
2848 3198 3081 3285 agitur,
3133 3199 3196 3264 in
3247 3208 3582 3286 posterum
3639 3192 3918 3261 celebran-

2373 3287 2531 3351 dum
2580 3305 2717 3351 esse
2767 3286 2892 3353 ritu
2942 3286 3183 3373 duplici
3242 3284 3564 3351 maiori».
3626 3289 3821 3369 Atque
3858 3278 3919 3339 ita

2374 3374 2663 3440 decrevit
2716 3396 2786 3440 ac
2831 3377 3070 3440 servari
3122 3373 3466 3441 mandavit.
3518 3374 3634 3440 Die
3683 3375 3756 3440 to
3799 3370 3919 3432 Mar·

2381 3462 2448 3527 tii
2503 3465 2691 3529 1787.

2504 3550 2740 3628 Quibus
2813 3552 3048 3621 deinde
3118 3553 3195 3617 ab
3267 3550 3672 3639 infrascripto
3737 3550 3919 3614 secre-

2375 3638 2533 3703 tario
2600 3639 2813 3709 relatis
2859 3644 3054 3708 SSmo
3105 3639 3366 3706 Domino
3431 3641 3662 3706 Nostro
3710 3638 3802 3703 Pio
3841 3635 3920 3695 Pa·

2377 3745 2494 3811 pae
2529 3730 2630 3809 vt,
2667 3728 2970 3794 Sanctitas
3020 3733 3139 3795 Sua
3186 3729 3697 3814 suprascriptum
3738 3729 3920 3813 Sacrae

2373 3817 2902 3901 Congrogationis
2931 3822 3271 3883 Decretum
3298 3816 3696 3881 confirmavit
3727 3823 3784 3879 et
3814 3808 3918 3871 uhi-

2374 3925 2499 3991 que
2550 3905 2967 3990 exequutioni
3021 3904 3447 3971 mandandum
3495 3910 3647 3971 'esse
3708 3914 3921 3988 praece·

2378 3995 2498 4080 pit.
2550 3994 2662 4059 Die
2714 3995 2792 4060 14
2841 3993 3036 4060 Martii
3090 3997 3282 4060 1787.
3733 3996 3739 4003 ’

2382 4136 2636 4204 2532.
2967 4136 3403 4209 ASCULANA.
3736 4122 3919 4218 (4434)

2511 4259 2762 4323 Exortis
2805 4257 3256 4325 controversiis
3304 4257 3472 4323 inter
3527 4263 3920 4343 Promotoreut

2375 4348 2681 4413 Fiscalem
2730 4349 2954 4415 curiae
3004 4346 3381 4434 episcopalis
3428 4346 3712 4412 civitatis
3743 4336 3918 4408 Aseni!

2376 4455 2455 4500 ex
2506 4456 2651 4518 una,
2703 4448 2894 4521 atque
2939 4435 3306 4522 Capitulum
3355 4446 3418 4500 et
3466 4433 3803 4505 Canonicos
3835 4432 3922 4492 Ec-

2376 4523 2605 4591 clesiae
2653 4525 3047 4590 Cathedralis
3092 4525 3302 4589 dictae
3334 4522 3618 4589 Civitatis
3652 4539 3730 4586 ex
3761 4518 3922 4581 altera

2375 4611 2698 4698 partibus,
2766 4632 2963 4699 super
3011 4612 3200 4676 Missis
3270 4610 3569 4696 privatis,
3628 4620 3748 4674 tam
3796 4608 3922 4670 intra

2379 4718 2567 4786 quam
2639 4713 2816 4766 extra
2880 4699 3229 4766 Ecclesiam
3291 4698 3771 4777 cathedralem,
3809 4692 3924 4756 '1100

2376 4808 2505 4855 nou
2551 4807 2747 4874 super
2793 4789 2929 4855 aliis
2960 4788 3151 4853 sacris
3184 4787 3616 4855 functionibus
3649 4796 3812 4852 extra
3837 4780 3924 4841 Ca·

2376 4877 2766 4953 thedralem;
2804 4877 3198 4964 infrascripta
3230 4877 3449 4959 dubia,
3478 4894 3687 4942 coram
3717 4876 3853 4939 Eiiio
3873 4873 3924 4927 ⁰²

2370 4969 2528 5031 Rmo
2577 4966 2839 5032 Domino
2886 4965 3199 5033 cardinali
3244 4963 3467 5030 Boschi
3503 4968 3775 5031 Ponente
3805 4971 3922 5021 con·

2375 5055 2653 5137 cordata,
2703 5054 2780 5120 ad
2831 5057 2894 5121 S.
2933 5059 3011 5121 R.
3045 5057 3118 5119 c.
3169 5053 3477 5121 iudicium
3524 5053 3728 5119 delata
3770 5053 3921 5143 sunl:

2509 5146 2568 5208 1.
2621 5146 2716 5209 An
2766 5142 2948 5209 liceat
2999 5143 3329 5210 canonicis
3388 5146 3452 5211 in
3501 5141 3692 5207 Missis
3753 5150 3919 5229 priva:

2377 5232 2479 5314 tis,
2531 5244 2656 5296 tam
2705 5232 2865 5297 intra
2913 5251 3102 5318 quam
3151 5243 3329 5297 extra
3363 5229 3819 5306 cathedralem,
3849 5230 3920 5283 ut!
