4042 5950
1530 224 2001 306 -243-

116 379 235 446 siae
264 380 332 447 S.
367 378 568 447 Marci
604 378 725 447 iam
754 377 1093 449 adiunctus
1139 381 1337 449 fuerit
1380 383 1716 450 Paroeciae
1813 382 2134 451 secundae
2181 382 2393 451 classis
2437 402 2564 450 non
2609 394 2991 452 occurrente
3021 395 3129 453 aut
3161 382 3403 474 primae

122 471 180 534 S.
214 469 496 536 Marthae
519 467 555 537 ἰ’
591 470 952 538 Notandum
984 481 1197 538 tamen
1227 470 1399 558 quod
1431 471 1715 538 Ecclesia
1817 470 2027 538 classis
2061 471 2252 538 etiam
2285 472 2615 558 translato,
2646 481 2711 539 et
2740 483 2887 560 post
2915 473 3079 541 illud
3111 477 3401 559 Festum,

121 560 184 623 S.
219 556 434 642 Marci,
485 558 703 627 adhuc
761 558 994 626 existit
1030 579 1161 627 non
1220 559 1600 627 Parochialis
1644 569 1716 627 ut
1816 559 2227 627 excludendo
2276 570 2491 627 cetera
2543 565 2762 646 Festa,
2824 573 3081 650 praeter
3139 567 3403 635 Festum

121 645 288 730 olim,
335 644 457 713 sed
519 657 598 714 ut
655 647 989 734 publicum
1048 649 1431 734 Oratorium,
1485 659 1548 715 et
1683 685 1711 699 ·
1813 647 2027 715 Sancti
2074 648 2318 716 loannis
2347 648 2660 737 Baptistae
2702 669 3044 717 occurrens
3076 661 3183 718 aut
3212 652 3404 717 etiam

121 734 298 821 pulus
364 734 707 803 dumtaxat
765 738 834 804 S.
879 736 1067 805 Marci
1136 746 1524 825 aggregatus
1616 735 1713 804 uit
1812 736 2231 816 translatum;
2281 738 2441 805 facta
2489 747 2702 804 tamen
2750 738 2871 804 hoc
2920 739 2985 806 in
3032 759 3181 806 casu
3228 757 3402 805 com·

119 821 435 889 Ecclesiae
485 826 559 891 S.
604 824 908 893 Marthae.

238 913 315 976 Et
361 912 560 978 Sacra
611 914 833 981 eadem
880 913 1306 1001 congregatio
1342 914 1421 982 ad
1470 913 1711 982 Vatica-

120 1016 262 1064 num
300 997 369 1065 in
414 1000 761 1067 Ordinatio
805 1004 1012 1069 Coetu
1059 1002 1433 1088 coadunata,
1482 1001 1559 1069 ad
1610 1021 1709 1069 re-

125 1085 414 1153 lationem
495 1088 892 1179 infrascripti
924 1090 1267 1158 Secretarii
1311 1090 1709 1180 responden-

125 1173 266 1241 dum
309 1177 618 1243 censuit:
1085 1196 1094 1205 ·

240 1263 332 1330 Ad
373 1268 432 1331 1.
472 1286 513 1330 α
544 1268 906 1334 Serventur
932 1267 1271 1352 Rubricae,
1297 1267 1505 1354 quoad
1541 1278 1708 1336 tem-

124 1368 226 1506 gtllls
288 1353 547 1439 standi,
619 1355 894 1423 sedendi
963 1368 1030 1424 et
1097 1356 1576 1445 genuflectendi
1639 1357 1704 1423 in

209 1460 316 1507 oro
349 1464 413 1509 ».

239 1529 329 1595 Ad
380 1534 447 1597 2.
502 1553 543 1597 α
578 1536 779 1598 Detur
824 1537 1168 1601 Decretum
1215 1533 1281 1600 in
1326 1553 1448 1600 una
1479 1532 1702 1600 Gallia·

129 1637 254 1684 rum
295 1617 400 1684 die
441 1623 525 1687 10
559 1620 827 1688 Ianuarii
880 1621 1145 1689 169313
1174 1641 1278 1689 res
1329 1620 1588 1688 onsione
1621 1621 1699 1687 ad

129 1705 374 1773 dubium
421 1712 504 1789 93
558 1709 911 1777 nimirum:
971 1708 1216 1777 Missam
1313 1730 1348 1776 e
1394 1710 1572 1776 Feria
1604 1729 1701 1776 ca-

131 1794 377 1861 nendam
421 1815 566 1863 esse
598 1807 744 1886 post
773 1799 1250 1866 Processionem
1279 1799 1345 1864 in
1377 1798 1482 1864 die
1514 1801 1700 1865 Festo

131 1883 314 1949 Sancti
357 1884 584 1970 Marci,
623 1884 744 1953 nisi
790 1886 1113 1954 Processio
1143 1888 1340 1954 finem
1371 1883 1598 1952 habeat
1636 1887 1700 1953 in

132 1970 386 2038 Ecclesia
433 1973 658 2041 eidem
701 1977 931 2042 Sancto
978 1975 1180 2042 dicata
1213 1996 1277 2040 ».
1311 1974 1425 2041 Die
1461 1978 1539 2041 12
1576 1976 1700 2041 Νο-

134 2059 388 2127 vembris
438 2065 641 2130 1831.

136 2216 372 2289 2688.
751 2223 1055 2290 oumms
1468 2221 1695 2309 (4680)

221 2327 907 2408 sschLCEA‘rouun
963 2330 1597 2396 REFORMATORUM

379 2436 944 2502 salvorlssmffl
990 2437 1422 2503 'rnnvrrffls

475 2541 722 2608 anem
765 2542 1319 2609 msPANtauuu.

248 2680 647 2747 Sanctissimo
671 2678 939 2748 Domino
962 2679 1191 2745 Nostro
1223 2678 1532 2767 Gregorio
1556 2683 1696 2749 XVI

139 2767 393 2837 Pontifici
463 2769 740 2836 Maximo
815 2767 1179 2837 humillime
1256 2769 1553 2856 exposuit
1613 2773 1690 2838 R.

141 2858 224 2920 ἢ.
267 2858 485 2944 loseph
530 2878 566 2923 a
616 2860 844 2926 Sancto
898 2856 1265 2942 Francisco,
1319 2860 1696 2929 Procurator

141 2945 429 3012 Generalis
471 2945 729 3015 Ordinis
784 2945 1301 3015 Reformatorum
1360 2949 1693 3016 Excalcea-

139 3040 320 3098 torum
364 3034 808 3102 Sanctissimae
853 3031 1173 3102 Trinitatis
1217 3034 1422 3121 Regni
1481 3038 1695 3124 Hispa-

139 3118 375 3206 niarum,
421 3142 632 3210 usque
679 3122 756 3190 ab
800 3141 963 3189 anno
1017 3125 1184 3190 1802
1228 3122 1452 3189 datum
1499 3123 1694 3192 fuisse

85 3209 98 3222 ’
142 3211 421 3277 recensito
442 3211 665 3280 Ordini
696 3211 1135 3300 Apostolicum
1166 3210 1492 3278 indultum
1518 3232 1697 3301 pera-

141 3296 306 3378 gendi
368 3303 630 3368 Festum
699 3299 1137 3368 Sanctissimae
1202 3298 1518 3367 Trinitatis
1584 3304 1695 3369 Or-

142 3381 281 3483 dinis
322 3386 614 3458 eiusdem
676 3388 971 3455 Titularis
1034 3406 1180 3455 cum
1241 3398 1459 3455 octava
1501 3390 1696 3478 privi-

142 3468 362 3558 legiata,
416 3487 687 3567 excepta
747 3477 1149 3550 occurrentia
1206 3476 1467 3544 alterius
1526 3478 1695 3546 Festi

143 3559 303 3626 etiam
344 3567 662 3651 translati,
706 3565 822 3633 sed
890 3563 1050 3632 ritus
1111 3564 1389 3654 duplicis
1447 3567 1693 3653 primae

142 3646 227 3712 vel
280 3654 593 3723 secundae
662 3651 876 3721 classis
932 3652 1309 3734 dumtaxat;
1377 3664 1443 3720 et
1500 3675 1696 3744 super

142 3730 238 3801 hac
278 3744 677 3811 concessione
726 3742 1040 3830 quaedam
1078 3742 1142 3808 in
1186 3744 1693 3828 praesentiarum

145 3825 347 3893 exoriri
376 3829 593 3918 dubia,
629 3850 759 3898 non
804 3830 890 3897 ita
935 3829 1124 3898 facile
1169 3831 1580 3916 resolvenda,
1615 3851 1693 3899 eo

146 3916 287 3993 quod
317 3916 376 3983 in
407 3920 703 4008 precibus
739 3929 894 3987 tunc
925 3938 1055 3988 non
1086 3919 1280 3985 fuerit
1313 3939 1694 4007 expressum

145 3997 380 4102 alterum
424 4007 842 4096 privilegium
890 4026 1053 4075 anno
1107 4010 1272 4074 1776
1321 4013 1540 4097 Regno
1587 4010 1694 4077 ni-

146 4103 461 4170 spamarum
509 4114 921 4181 concessum,
971 4095 1340 4164 celebrandi
1390 4096 1693 4165 nimirum

147 4173 400 4248 Octavam
441 4184 738 4273 Corporis
785 4184 1019 4253 Christi
1064 4183 1148 4250 ita
1193 4184 1690 4272 privilegiatam,

149 4271 206 4325 ut
243 4269 428 4365 omnia
471 4273 592 4341 alia
635 4278 843 4357 Festa,
891 4282 1150 4362 praeter
1195 4273 1406 4341 Sancti
1451 4275 1695 4341 loannis

151 4349 420 4438 Baptistae
465 4373 527 4429 et
575 4364 955 4430 Sanctorum
1010 4362 1462 4447 Apostolorum
1524 4362 1695 4430 Petri

152 4445 203 4499 et
239 4441 416 4530 Pauli,
465 4450 874 4518 excluderet.
910 4455 1253 4537 Propterea
1283 4450 1693 4518 Sanctitatem

153 4521 310 4595 Suam
349 4531 675 4605 humiliter
721 4538 1036 4622 exoravit,
1085 4547 1157 4605 ut
1199 4538 1564 4605 concedere
1601 4539 1695 4608 di·

153 4623 413 4692 ssssaretur
441 4626 772 4713 utriusque
812 4627 1339 4695 Excalceatorum
1371 4628 1694 4694 Reforma-

155 4703 332 4772 torum
375 4714 661 4782 Familiae
726 4715 1043 4798 Alumnis,
1093 4726 1222 4781 tam
1282 4714 1444 4781 infra
1504 4733 1694 4800 quam

157 4796 302 4892 θζῑῑᾳ
340 4798 688 4889 Hispaniam
734 4802 1154 4890 degentibus,
1203 4805 1496 4870 Octavam
1543 4806 1693 4872 San-

159 4880 423 4953 ctissimae
466 4891 784 4959 Trinitatis
831 4892 1152 4975 Titularis,
1187 4892 1311 4958 iam
1357 4892 1696 4980 plusquam

157 4974 432 5062 sexcentis
471 4980 649 5048 annis
693 4982 771 5048 ab
816 4978 1189 5048 Innocentio
1236 4983 1397 5067 Papa
1443 4984 1520 5048 111
1565 4981 1694 5047 ela-

158 5061 262 5148 9813
288 5060 675 5154 celebratam,
708 5088 1027 5159 peragere
1057 5067 1530 5156 privilegiatam
1559 5092 1578 5135 t
1629 5078 1695 5135 et

160 5141 379 5217 (luldem
406 5165 542 5223 ante
577 5160 835 5226 Festum
881 5157 1180 5247 Corporis
1214 5156 1472 5242 Christi,
1506 5159 1693 5223 Festo

274 5332 342 5408 (ί)
372 5343 428 5402 Ε.
461 5349 600 5409 Dub.
636 5351 687 5409 2.

1809 824 2272 892 memoratione
2320 835 2683 893 octavarum
2730 826 3168 894 Sanctissimae
3198 826 3401 893 Trini-

1809 913 1954 979 tatis
2000 924 2065 979 et
2111 913 2407 1003 Corporis
2451 913 2707 982 Christi.

1942 1002 2246 1069 Sanctitas
2293 1005 2440 1087 Sua,
2492 1002 2820 1071 referente
2862 1001 3264 1090 infrascripto
3294 1005 3400 1070 Sa-

1809 1107 2064 1156 crorum
2117 1089 2378 1158 Rituum
2440 1090 2964 1179 Congregationis
3011 1090 3395 1174 Secretario,

1807 1176 2072 1245 rescribi
2127 1178 2496 1247 mandavit:
2558 1182 2977 1265 Proponatur
3031 1183 3103 1246 in
3166 1180 3399 1246 Sacro·

1804 1285 1955 1333 rum
2003 1268 2281 1334 Rituum
2331 1270 2833 1354 Gonqreyatione
2883 1269 3271 1336 ordinaria.

1935 1355 2173 1422 Relatis
2218 1366 2593 1456 propterea,
2642 1375 2764 1444 per
2808 1355 3398 1423 Eminentissimum

1802 1454 1869 1510 et
1911 1445 2550 1512 Reverendissimum
2597 1444 2937 1512 Dominum
2983 1444 3171 1512 Card.
3221 1450 3401 1512 loan-

1802 1551 1954 1599 nem
1988 1533 2393 1600 Franciscum
2424 1534 2985 1620 Marco-y-catalan
3018 1536 3392 1616 Ponentem,

1799 1617 2177 1709 supradictis
2224 1621 2525 1710 precibus
2571 1622 2636 1687 in
2680 1618 3010 1689 Ordinario
3056 1623 3393 1688 Sacrorum

1801 1710 2065 1776 Rituum
2108 1709 2634 1798 Congregationis
2679 1713 2882 1778 Coetu
2914 1708 2991 1776 ad
3021 1709 3395 1778 Vaticanum

1799 1798 1918 1866 sub
1963 1797 2362 1884 infrascripta
2408 1798 2514 1865 die
2560 1797 2950 1879 coadunato;

1932 1888 2118 1952 Sacra
2130 1886 2393 1953 Rituum
2406 1888 2858 1973 Congregatio,
2881 1883 3198 1971 exquisita
3215 1883 3399 1973 prius

1800 1974 2113 2042 sententia
2135 1974 2398 2041 alterius
2424 1994 2504 2041 ex
2529 1974 3042 2062 Apostolicarum
3062 1975 3394 2041 Caeremo-

1800 2064 2052 2130 niarum
2091 2063 2399 2149 Magistris
2444 2062 2696 2149 scriptis
2741 2062 2995 2130 reddita
3038 2063 3394 2149 praeloque

1798 2171 1971 2235 cusa,
1999 2150 2293 2218 omnibus
2323 2162 2570 2217 mature
2596 2161 3024 2237 accurateque
3055 2148 3393 2239 perpensis

1798 2259 1866 2307 ac
1892 2238 2155 2323 libratiS,
2178 2239 2668 2308 rescribendum
2695 2239 2968 2305 censuit:
2998 2242 3171 2305 ‹Pro
3196 2238 3393 2325 gratia

1799 2327 2296 2396 confirmationis
2326 2326 2651 2417 Privilegii
2680 2326 2826 2393 anni
2865 2330 3033 2396 1802
3067 2326 3392 2415 expetitae

1799 2416 2196 2485 extensionis
2241 2415 2417 2482 iuxta
2461 2426 2685 2483 votum
2730 2415 3004 2502 Magistri
3048 2416 3390 2483 Caeremo⁴

1795 2505 2084 2584 niarum;
2116 2504 2461 2571 nimirum:
2497 2508 2752 2571 Festum
2785 2501 3223 2571 Sanctissimae
3255 2501 3390 2569 Tri·

1797 2593 2010 2662 nitatis
2058 2590 2519 2660 celebrandum
2553 2612 2691 2659 esse
2723 2590 2799 2658 ab
2831 2591 3123 2658 Alumnis
3163 2610 3391 2658 recen-

1796 2681 1899 2749 siti
1932 2681 2187 2749 Ordinis
2217 2679 2554 2768 utriusque
2600 2700 2791 2748 sexus
2837 2677 3214 2748 Calendario
3241 2698 3390 2767 pro-

1797 2769 1940 2860 prio
2001 2767 2354 2854 utentibus,
2412 2778 2539 2836 tam
2591 2770 2755 2836 intra
2809 2787 2999 2855 quam
3056 2775 3236 2833 extra
3285 2766 3390 2832 ni-

1796 2857 2100 2945 spaniam,
2152 2876 2299 2923 cum
2352 2867 2572 2925 octava
2630 2855 3030 2946 privilegiata
3053 2904 3071 2939 ,
3121 2864 3390 2941 excepta

1796 2945 2199 3014 occurrentia
2244 2946 2508 3013 alterius
2551 2945 2720 3013 Festi
2767 2944 3010 3034 primae
3057 2952 3123 3010 et
3162 2961 3390 3010 secun-

1795 3035 1916 3102 dae
1964 3033 2203 3119 classis,
2256 3045 2380 3101 tam
2426 3034 2822 3101 occurrentis
2854 3050 3047 3119 quam
3077 3032 3385 3115 translati,

1791 3124 1902 3190 vel
1947 3123 2214 3190 alicuius
2261 3122 2392 3189 diei
2438 3132 2721 3204 octavae,
2761 3122 2845 3189 de
2891 3119 3123 3205 quibus
3153 3119 3389 3186 facien·

1797 3213 1954 3279 dum
2001 3225 2099 3279 est
2142 3210 2463 3297 Officium,
2493 3212 2600 3277 vel
2634 3221 2779 3277 ante
2809 3210 2915 3276 vel
2947 3216 3095 3294 post
3126 3210 3387 3274 Festum

1796 3300 2187 3367 Sanctissimi
2235 3300 2534 3388 Corporis
2576 3298 2847 3380 Christi,
2897 3313 3045 3363 cum
3109 3312 3386 3394 comme-

1795 3388 2151 3455 moratione
2232 3398 2595 3455 octavarum
2631 3410 2649 3474 ;
2727 3385 2991 3453 servatis
3066 3382 3383 3451 Rubrtcis.

1797 3477 2139 3545 Contrariis
2173 3496 2303 3543 non
2335 3474 2727 3543 obstantibus
2769 3473 3282 3560 quibuscumque
3314 3493 3383 3536 ν.

1796 3566 1911 3632 Die
1960 3569 1997 3632 7
2046 3563 2282 3652 Aprilis
2331 3568 2533 3633 1832.

1799 3708 2067 3777 2633.
2383 3706 2783 3773 ammes.
3152 3700 3379 3790 (4331)

1929 3829 2261 3900 Desiderio
2328 3840 2539 3899 motus
2609 3827 2977 3897 eliminandi
3040 3827 3382 3896 nonnullos

1795 3920 2028 3988 abusus
2071 3919 2181 4005 qui
2228 3919 2466 3986 sensim
2511 3917 3010 3985 introducuntur
3054 3935 3250 4005 super
3292 3935 3383 3981 sa-

1797 4009 1921 4076 cris
1987 4008 2257 4093 ritibus,
2318 4012 2392 4075 R.
2457 4011 2564 4073 Fr.
2619 4006 2928 4072 Marianus
2974 4006 3049 4071 ab
3095 4003 3382 4070 Arimino

1794 4096 2045 4164 Ordinis
2092 4096 2404 4164 Minorum
2450 4094 2658 4163 Sancti
2706 4091 3012 4160 Francisci
3045 4092 3127 4159 de
3158 4089 3383 4159 Obser-

1794 4183 2002 4253 vantia
2052 4203 2249 4273 penes
2295 4187 2364 4252 S.
2396 4187 2471 4250 R.
2507 4187 2581 4250 C.
2615 4178 2945 4267 sequentia
2991 4179 3183 4248 dubia
3229 4198 3381 4267 pro-

1881 4273 2057 4339 suit:

1796 4293 1880 4362 po
1933 4367 1995 4429 1.
2045 4364 2141 4428 An
2190 4361 2253 4427 in
2298 4358 2600 4427 Matutino
2629 4356 2840 4425 Noctis
2879 4355 3226 4422 Nativitatis
3257 4358 3381 4421 Do·

1796 4449 1950 4516 mini
1990 4449 2121 4517 duo
2165 4447 2525 4515 assistentes
2572 4446 2946 4513 Sacerdotes
2974 4443 3202 4531 parati,
3238 4461 3377 4510 can-

1798 4537 1987 4605 taturi
2034 4538 2270 4638 primas
2313 4535 2636 4620 Homilias,
2672 4533 2927 4602 deferre
2960 4530 3233 4600 debeant
3263 4529 3381 4597 sub

1791 4624 2054 4713 pluviali
2105 4627 2341 4693 Stolam
2387 4623 2785 4692 Diaconalem
2818 4621 2921 4687 vel
2955 4640 2989 4686 a
3022 4619 3189 4688 collo
3219 4637 3378 4707 pen·

1796 4715 2090 4797 dentem,
2125 4716 2232 4781 vel
2262 4714 2329 4780 in
2360 4712 2625 4779 modum
2669 4709 2887 4777 Crucis
2933 4718 3080 4776 ante
3111 4704 3381 4795 pectus?

1795 4806 1875 4869 Et
1898 4801 2084 4888 quid,
2107 4801 2157 4868 si
2183 4821 2263 4868 ex
2290 4800 2537 4868 duobus
2560 4794 2996 4866 assistentibus
3022 4804 3189 4862 esset
3213 4813 3379 4863 unus

1796 4890 2070 4979 simplex
2116 4888 2448 4972 Diaconus,
2499 4886 2937 4955 Subdiaconus
2981 4879 3194 4950 alter?
3224 4881 3320 4971 (1)

1925 4983 1990 5045 2.
2041 4982 2139 5045 An
2185 4994 2384 5064 quum
2429 4976 2495 5042 in
2541 4975 2752 5044 Choro
2798 4980 3040 5058 nostro,
3081 4980 3380 5057 tempore

1794 5067 2009 5135 Missae
2055 5064 2358 5133 solemnis
2404 5065 2510 5132 vel
2550 5066 3005 5150 vesperarum,
3039 5060 3200 5128 adsit
3230 5059 3379 5146 Epi·

1797 5175 2028 5243 scopus
2071 5174 2200 5223 non
2245 5153 2691 5236 Dioecesanus,
2737 5149 2932 5218 simul
2992 5168 3140 5216 cum
3196 5152 3377 5218 Patre
