4042 5950
2060 207 2531 284 ...138-

786 361 881 428 Ad
927 366 994 429 3.
1042 384 1081 425 α
1115 362 1422 446 Negative
1479 364 1560 430 ad
1623 363 1888 449 primam
1947 375 2236 450 partem;

655 450 1072 530 Affirmative,
1104 452 1314 535 quoad
1345 452 1733 536 secundam;
1769 464 1833 517 et
1865 452 2075 538 quoad
2112 463 2241 517 ter-

656 537 832 617 tiam,
879 552 1222 604 serventur
1265 538 1577 604 Rubricae
1615 563 1679 605 ».

791 625 885 690 Ad
935 628 997 691 4.
1051 646 1088 687 ι
1123 625 1433 711 Negative
1466 649 1529 690 a».

687 801 698 811 .
783 713 878 778 Ad
927 718 990 778 5.
1042 734 1079 775 ι
1114 713 1251 779 Non
1300 714 1523 798 licere,
1560 725 1621 781 et
1655 716 1966 782 Sacerdos
1998 735 2067 782 se
2100 714 2235 780 abs-

654 812 852 866 tineat
887 824 950 866 ».

783 892 860 953 Et
909 889 989 954 ita
1035 889 1322 955 decrevit
1356 902 1421 954 et
1453 892 1692 956 servari
1743 891 2093 959 mandavit.
2128 891 2238 957 Die

651 979 737 1044 28
787 976 982 1043 Martii
1037 981 1225 1044 1775.

653 1170 916 1239 2304.
1291 1176 1597 1241 ultumis

943 1280 1297 1346 uminum
1343 1281 1946 1346 onsssnvmrmu

1178 1388 1243 1450 S.
1304 1387 1709 1454 FRAthSCl

805 1491 1272 1556 PROVINClAE
1316 1491 1627 1557 maionis
1675 1491 2084 1556 POLONlAE.

2008 1171 2235 1257 is379)

783 1688 1080 1748 Porrecto
1114 1699 1314 1768 penes
1341 1685 1407 1752 S.
1438 1685 1512 1747 R.
1541 1686 1643 1766 c.,
1678 1682 1940 1749 nomine
1973 1687 2076 1749 Fr.
2112 1687 2238 1750 Au-

649 1770 884 1857 gustini
935 1771 1208 1836 Motuski
1247 1770 1496 1837 Ordinis
1527 1772 1844 1837 Minorum
1889 1773 2240 1838 observan-

653 1860 808 1924 tium
857 1863 921 1926 S.
961 1857 1270 1924 Francisci
1326 1857 1689 1925 Provinciae
1750 1857 2006 1924 Minoris
2060 1859 2240 1926 Polo-

651 1948 789 2012 niae
851 1946 1113 2011 Ministri
1176 1946 1612 2028 provincialis,
1673 1946 1949 2034 supplici
2013 1947 2240 2014 libello

651 2054 766 2121 pro
815 2035 1206 2101 resolutione
1250 2034 1577 2120 sequentis
1619 2034 1823 2117 dubii,
1871 2054 2147 2121 nempe:

779 2126 874 2187 An
920 2121 1252 2206 Diaconus,
1306 2123 1368 2189 in
1422 2122 1657 2189 Ordine
1719 2133 1967 2189 tantum
2025 2121 2241 2189 Diaco-

650 2221 832 2276 natus
878 2212 1284 2295 constitutus,
1335 2222 1513 2276 extra
1571 2229 1781 2277 casum
1842 2209 2239 2276 necessitatis

649 2299 846 2383 possit
892 2297 1282 2365 distribuere
1331 2297 1628 2365 fidelibus
1661 2296 2241 2365 communionem?

779 2389 844 2452 S.
896 2390 969 2453 R.
1022 2389 1124 2468 c.‚
1189 2385 1404 2452 audito
1465 2385 1643 2470 prius
1705 2399 1853 2452 voto
1914 2387 2104 2452 unius
2152 2405 2233 2451 ex

650 2474 1154 2560 Apostolicorum
1199 2472 1755 2540 caeremoniarum
1797 2473 2104 2560 nagistris
2136 2493 2238 2539 su-

738 2582 765 2624 r
810 2561 982 2626 dicto
1030 2560 1351 2627 dubio-ab
1398 2561 1629 2627 eodem
1679 2573 1958 2644 exarato,
2007 2561 2084 2626 ad
2138 2580 2235 2625 re-

674 2646 952 2714 ationem
1001 2648 1139 2714 Emi
1191 2659 1254 2712 et
1301 2649 1440 2713 Rmi
1491 2653 1563 2715 D.
1616 2651 1805 2717 card.
1857 2647 2233 2714 Marciuschi

649 2735 977 2832 Ronentis,
1045 2735 1529 2803 rescribendum
1599 2738 1894 2804 censuit:
1958 2759 1995 2800 ‹
2032 2738 2233 2823 Nega·

650 2837 778 2888 tuve
814 2845 874 2890 ιν.

785 2916 858 2979 Et
913 2913 990 2979 ita
1048 2912 1394 2979 declaravit
1454 2933 1523 2980 ac
1584 2914 1819 2980 servari
1885 2911 2228 2980 mandavit.

645 3001 760 3071 Die
807 3006 891 3067 25
939 3001 1262 3070 Februarii
1319 3006 1510 3070 1777.

650 3180 913 3248 2505.
1232 3182 1651 3259 BlTEcTEN.
2005 3178 2235 3267 (4381)

777 3360 971 3422 [taius
1032 3355 1385 3421 hodiernus
1446 3354 1800 3442 Episcopus
1862 3351 2237 3419 Bitectensis

647 3463 845 3543 penes
905 3447 972 3508 S.
1021 3446 1096 3509 R.
1146 3444 1220 3511 c.
1273 3441 1608 3508 humiliter
1668 3440 2000 3528 exposuit,
2066 3441 2234 3524 quod

646 3542 818 3595 iuxta
878 3529 1371 3596 caeremonialis
1435 3529 1900 3630 Episcoporum
1964 3525 2237 3613 disposi-

646 3617 886 3684 tionem
935 3630 1001 3684 et
1048 3622 1393 3683 Decretum
1441 3618 1735 3683 eiusdem
1783 3619 1850 3683 S.
1893 3621 1996 3698 c.,
2036 3618 2233 3682 cano·

644 3694 765 3771 nici
839 3704 1269 3771 Ecclesiarum
1339 3706 1820 3772 cathedralium
1880 3704 1988 3770 die
2050 3707 2237 3769 Festo

644 3795 756 3861 SS.
807 3792 1106 3879 corporis
1165 3792 1424 3876 Christi,
1475 3795 1841 3860 celebrante
1889 3792 2234 3877 Episcopo,

646 3879 1248 3965 processionemque
1298 3892 1649 3968 peragente
1686 3882 1786 3946 vel
1823 3899 1974 3965 non,
2011 3893 2233 3946 tenen·

647 3983 748 4033 tur
794 3967 984 4034 sacris
1031 3967 1313 4034 vestibus
1365 3970 1570 4037 indui.
1625 3973 1702 4034 At
1748 3985 1894 4034 cum
1937 3967 2229 4034 nonnulli

643 4056 967 4139 canonici,
1002 4055 1256 4142 quibus,
1292 4058 1556 4124 absente
1590 4058 1696 4122 vel
1748 4055 2061 4143 impedito
2099 4054 2238 4141 Epi·

643 4166 863 4232 scopo,
899 4146 1158 4211 easdem
1207 4145 1570 4212 functiones
1607 4145 1954 4232 peragendi
2004 4162 2236 4209 munus

646 4232 990 4314 incumbit,
1041 4232 1400 4300 choralibus
1463 4244 1706 4299 tantum
1770 4231 2055 4298 vestibus
2118 4250 2238 4317 per

646 4321 1179 4389 consuetudinem
1235 4322 1559 4387 inductam
1595 4321 1686 4386 uti
1723 4340 1906 4407 posse
1944 4329 2241 4406 praeten-

647 4412 808 4475 dunt
836 4424 854 4487 3
904 4408 1078 4475 idem
1110 4411 1308 4475 Rmus
1342 4414 1698 4496 Episcopus
1730 4409 1805 4474 ad
1847 4406 2240 4474 dirimendas

648 4496 1008 4564 huiusmodi
1084 4498 1549 4563 controversias
1611 4495 1825 4562 eidem
1889 4498 1953 4561 S.
2003 4498 2073 4561 c.
2125 4514 2237 4581 pro

645 4585 969 4653 decisione
1022 4605 1354 4652 recursum
1406 4584 1646 4650 babuit.

781 4678 853 4739 Et
901 4677 969 4740 S.
1019 4677 1092 4740 R.
1145 4677 1248 4756 c.,
1303 4674 1628 4740 referente
1679 4672 2083 4759 infrascripto
2131 4675 2241 4739 Se-

644 4762 939 4844 cretario,
979 4762 1468 4829 rescribendum
1517 4760 1803 4827 censuit:
1855 4782 1892 4823 «
1926 4765 2244 4827 Servetur

645 4854 984 4915 Decretum
1038 4850 1158 4914 iam
1205 4850 1314 4916 die
1361 4853 1441 4916 27
1496 4849 1696 4915 Martii
1752 4852 1946 4932 1628,
1998 4850 2060 4913 in
2119 4867 2238 4914 una

641 4938 929 5002 Caietana
982 4937 1229 5002 editum
1265 4960 1325 5001 ».

776 5028 851 5087 Et
901 5024 980 5087 ita
1031 5024 1328 5089 decrevit
1360 5047 1428 5089 ac
1460 5025 1700 5091 servari
1738 5024 2079 5091 mandavit.
2126 5025 2237 5091 Die

653 5116 727 5177 12
778 5111 915 5175 ΙιιΙίἰ
975 5114 1166 5196 1777.

813 5306 891 5377 (ι)
931 5307 991 5363 s.
1031 5306 1176 5393 nui».
1214 5304 1265 5361 s.

2346 362 2614 433 2506.
2938 367 3377 432 vAsioNnn.
3760 367 3783 448 (

2720 472 3595 538 PRAEEattNENTtARmt.

2476 627 2727 693 Exortis
2782 627 2955 693 inter
3000 628 3598 711 Arcbidiaconum,
3653 632 3813 693 Prae

2344 730 2515 797 tum,
2564 716 2909 783 Sacristam
2957 726 3024 781 et
3072 720 3592 783 Praecentorem
3652 718 3849 780 Eccle

2338 803 2735 871 Catbedralis
2768 802 3182 870 vasionensis
3232 817 3435 889 atque
3484 805 3845 870 canonicos

2342 905 2480 958 ctae
2528 890 2851 959 Ecclesiae
2898 892 3308 959 cathedralis
3340 891 3841 973 controversiis,

2342 998 2463 1066 per
2551 979 3032 1046 raeeminentiis
3064 990 3134 1045 et
3170 978 3452 1061 iuribus,
3504 1000 3684 1063 quae
3731 993 3879 1044 sunt

2344 1087 2494 1154 prae
2542 1067 2663 1133 icta
2696 1067 2981 1134 Ecclesia
3018 1086 3139 1152 pro
3170 1067 3387 1135 Sacris
3422 1066 3810 1153 Divinisque

2341 1156 2641 1241 agendis,
2691 1174 2810 1221 nec
2875 1174 3004 1221 non
3064 1154 3531 1222 ecclesiasticis
3591 1156 3851 1221 muneri

2342 1243 2705 1320 obeundis;
2756 1243 3017 1327 illisque
3065 1243 3146 1310 ad
3194 1245 3261 1311 S.
3309 1247 3389 1312 R.
3428 1248 3503 1310 c.
3550 1243 3827 1322 delatiS,
3889 1243 3897 1252 '

2340 1331 2667 1419 trascripta
2698 1330 2918 1413 dubia,
2954 1350 3175 1396 coram
3210 1334 3375 1397 Eme
3411 1345 3479 1397 et
3514 1335 3689 1397 Rmo
3726 1335 3802 1397 D.
3864 1334 3881 1352 ¹

2340 1418 2535 1485 dinali
2584 1418 2937 1485 narniam
2992 1422 3288 1485 Ponente
3345 1421 3781 1500 concordata,

2346 1508 2543 1595 posita
2593 1505 2884 1586 luerunt,
2933 1525 3220 1593 nempet

2481 1599 2538 1661 1.
2592 1596 2725 1676 An,
2791 1603 2859 1658 et
2921 1594 2985 1658 in
3047 1595 3287 1679 quibus
3352 1595 3857 1662 Festivitatibus

2342 1680 2787 1749 ecclesiasticis
2858 1682 3300 1749 functionibus
3370 1685 3617 1751 assumi
3694 1686 3786 1751 de

2343 1770 2650 1837 nobiliora
2698 1789 2870 1834 sacra
2918 1768 3412 1837 celebrantium
3466 1772 3863 1839 indumenta

2342 1859 2572 1924 Altaris
2641 1857 3007 1941 respective
3079 1860 3465 1945 pretiosiora
3534 1877 3865 1927 ornamen

2472 1952 2537 2013 2.
2588 1949 2710 2028 An,
2762 1957 2827 2010 et
2874 1963 3005 2029 quo
3064 1963 3344 2011 numero
3404 1949 3730 2014 candelae
3780 1965 3863 2032 ap

2342 2035 2591 2101 nendae
2650 2032 2776 2098 sint
2827 2031 2889 2097 in
2936 2033 3174 2115 Altari,
3241 2046 3309 2099 et
3366 2054 3537 2120 quae
3594 2036 3893 2121 respecti

2341 2122 2648 2189 candelae
2694 2119 2957 2185 accendi
3009 2119 3327 2207 debeant,
3380 2124 3547 2189 dum
3596 2123 3827 2189 divina

2338 2209 2481 2277 ficia
2539 2222 2604 2276 et
2661 2208 2879 2275 Missae
2950 2210 3281 2275 solemnes
3342 2210 3787 2278 celebrantur

2340 2299 2400 2364 in
2436 2296 2911 2365 Festivitatibus
2942 2298 3192 2383 primae
3238 2308 3304 2362 et
3348 2293 3689 2365 sec'undae
3724 2299 3905 2364 class

2339 2405 2531 2472 quam
2579 2387 2644 2451 in
2691 2383 2919 2450 diebus
2952 2384 3300 2451 Dominicis
3333 2398 3403 2451 et
3436 2385 3581 2451 aliis
3616 2388 3835 2452 Festis
3860 2387 3890 2449 ’θ
3944 2385 3945 2448 l

2473 2480 2535 2540 3.
2592 2475 2686 2540 An
2748 2471 2813 2538 in
2872 2470 3356 2539 Festivitatibus
3430 2475 3685 2573 primae
3752 2475 3948 2541 classii

2338 2580 2663 2628 assumere
2711 2560 2896 2624 liceat
2940 2570 3219 2644 quatuor
3263 2560 3604 2647 pluvialia,
3642 2576 3713 2628 et
3748 2581 3950 2648 respe-

2339 2650 2510 2715 ctive
2545 2651 2607 2713 in
2639 2645 3116 2714 Festivitatibus
3148 2651 3478 2715 secundae
3527 2651 3760 2717 classis
3816 2652 3952 2728 duo,

2338 2739 2495 2804 dum
2541 2735 2751 2803 Officia
2800 2734 3016 2801 divina
3060 2736 3451 2802 solemniter
3499 2733 3954 2805 celebrantur}

2476 2827 2543 2891 4.
2592 2827 2685 2889 An
2750 2822 2940 2889 liceat
2995 2822 3500 2909 Archidiacono,
3556 2825 3956 2912 Praeposito,

2340 2912 2650 2980 Sacristae
2720 2921 2785 2976 et
2845 2910 3251 2978 praecentori
3322 2911 3723 2980 solemniter
3804 2913 3958 2980 cele*

2342 3001 2669 3069 brantibus
2715 2999 2979 3065 meliora
3028 3018 3354 3066 assumere
3389 3001 3736 3087 pluvialia,
3780 3022 3957 3087 quam

2343 3090 2405 3155 in
2460 3086 2974 3154 solemnitatibus
3034 3087 3351 3153 celebrari
3414 3089 3630 3154 solitis
3682 3111 3715 3154 a
3768 3094 3958 3157 Cano-

2344 3177 2501 3244 nicis
2532 3173 2565 3240 ¹?
2608 3176 2704 3263 (1)

2473 3268 2536 3330 ὅ.
2590 3267 2685 3331 An
2747 3263 2933 3329 liceat
2993 3264 3327 3331 Canonicis
3374 3263 3738 3332 celebrare
3806 3268 3957 3331 sole·

2339 3353 2581 3420 mniter
2636 3350 2853 3419 divina
2908 3350 3117 3418 Officia
3182 3351 3246 3416 in
3306 3353 3810 3420 Festivitatibus
3876 3374 3957 3417 se-

2344 3441 2591 3507 cundae
2639 3437 2907 3505 classis-⁴?

2474 3533 2554 3594 Et
2612 3532 2674 3595 S.
2734 3530 2809 3593 R.
2858 3530 2963 3607 c.,
3010 3537 3283 3613 utraque
3346 3539 3536 3613 parte
3584 3532 3848 3616 scripto
3908 3540 3957 3591 et

2345 3636 2502 3682 voce
2573 3617 2958 3683 informante
3027 3616 3280 3698 audita,
3344 3617 3636 3703 visisque
3715 3620 3958 3684 iuribus

2346 3703 2492 3783 binc
2538 3706 2689 3771 inde
2737 3704 3061 3786 deductis,
3096 3705 3173 3770 ad
3208 3704 3611 3772 ,relationem
3664 3707 3957 3773 eiusdem

2346 3792 2483 3858 Emi
2533 3791 2859 3876 Ponentis,
2908 3791 3400 3859 rescribendum
3450 3794 3770 3862 censuit:

2475 3880 2566 3946 Ad
2623 3884 2685 3945 1.
2736 3901 2773 3945 ‹
2810 3881 3188 3946 Indumenta
3243 3900 3416 3945 sacra
3467 3881 3797 3947 nobiliora
3852 3889 3957 3951 ce·

2344 3967 2727 4034 lebrantium
2770 3980 2835 4035 et
2868 3967 3097 4034 Altaris
3146 3968 3530 4054 pretiosiora
3580 3986 3957 4038 ornamenta

2343 4076 2482 4122 esse
2509 4056 2892 4123 assumenda
2918 4056 2982 4122 in
3002 4054 3480 4123 Festivitatibus
3516 4057 3777 4143 primae
3816 4062 3957 4125 clas-

2339 4144 2424 4209 sis
2458 4156 2523 4209 et
2554 4143 2988 4210 functionibus
3020 4144 3516 4211 solemnioribus
3543 4145 3621 4211 ad
3658 4166 3958 4214 normam

2342 4232 2866 4315 caeremonialia,
2904 4231 3182 4297 exclusis
3232 4243 3446 4297 tamen
3479 4254 3511 4297 a
3546 4234 3958 4301 solemniori-

2345 4322 2459 4386 bus
2493 4320 2721 4386 diebus
2752 4319 3155 4405 expositione
3189 4318 3584 4387 Sanctissimi
3620 4325 3958 4389 occasione

2342 4407 2655 4474 Orationis
2721 4407 3147 4493 Quadraginta
3216 4410 3528 4473 Horarum
3599 4420 3663 4473 et
3739 4425 3958 4477 octava

2345 4494 2731 4562 Sanctissimi
2780 4496 3081 4581 corporis
3127 4494 3362 4561 christi
3396 4517 3463 4558 ».

2478 4584 2572 4649 Ad
2622 4587 2686 4648 2.
2753 4605 2790 4646 ‹
2828 4582 3414 4671 Respondendum,
3479 4583 3659 4650 iuxta
3735 4600 3957 4652 votum

2347 4669 2644 4758 Episcopi
2678 4691 2742 4735 ›.
3678 4706 3685 4709 -

2472 4760 2568 4827 Ad
2620 4762 2684 4825 3.
2736 4782 2773 4823 ς
2808 4759 3060 4841 Licere,
3110 4769 3363 4825 servata
3411 4758 3851 4846 proportione
3903 4764 3958 4828 in

2344 4848 2541 4914 Festis
2588 4848 2908 4914 secundae
2955 4847 3191 4929 classis,
3241 4846 3318 4913 ad
3381 4865 3678 4914 normam
3725 4852 3958 4915 caere-

2346 4936 2675 5013 monialis;
2741 4946 2807 5001 et
2867 4937 3076 5020 quoad
3140 4934 3629 5017 executionem,
3689 4934 3958 5002 arbitrio

2340 5038 2407 5091 et
2439 5023 2822 5111 prudentiae
2855 5023 3177 5111 Episcopi,
3218 5024 3478 5087 attentis
3512 5024 3958 5108 peculiaribus

2346 5111 2840 5178 circumstantiis
2875 5132 2934 5174 ι.
