4042 5950
2049 188 2468 267 —74—

754 351 817 414 Ξ.
869 347 1237 426 Quaeritur:
1287 354 1382 413 An
1415 346 1479 413 in
1514 345 1696 414 dictis
1726 346 1970 437 casibus
2010 345 2199 412 omit·

626 437 892 503 tendum
936 434 1018 500 sit
1062 433 1523 518 invitatorium,
1560 453 1705 500 cum
1749 433 2020 502 Rubrica
2052 439 2199 500 Bre-

624 523 799 589 viarii
849 522 1065 589 innuat
1112 523 1282 608 quod
1331 523 1448 588 hoc
1497 521 1743 589 dicatur
1773 521 1839 586 in
1869 519 1975 587 die
2010 525 2201 588 Com-

626 609 1093 765 memprationis
1146 608 1431 676 omnium
1491 609 1803 677 Fidelium
1864 609 2201 676 detuncto-

629 718 769 765 rum
855 743 865 755 -

757 790 835 852 Et
882 788 945 851 S.
994 789 1073 851 R.
1121 787 1223 868 c.,
1271 784 1484 853 audito
1534 786 1708 874 prins
1756 796 1904 852 voto
1935 790 2202 873 Aposto-

627 874 886 940 licarum
941 873 1498 940 Caeremoniarnm
1566 873 1879 959 Magistri,
1939 890 2203 958 respon-

626 961 911 1029 dendum
960 961 1251 1026 censuit:

756 1050 852 1115 Ad
905 1053 964 1115 1.
1016 1071 1054 1113 α
1090 1047 1476 1117 Affirmative
1511 1074 1571 1114 ».
1668 1085 1686 1104 ·

757 1137 851 1203 Ad
900 1142 965 1203 2.
1016 1158 1054 1201 α
1086 1137 1428 1222 Negativ03
1478 1157 1739 1224 nempe,
1775 1138 1947 1239 quod
1994 1137 2061 1204 in
2100 1137 2199 1203 of-

628 1224 771 1291 ficio
830 1223 1319 1308 detunctorum,
1367 1226 1619 1310 quando
1680 1236 1984 1293 recitatur
2043 1224 2203 1291 inte-

625 1330 840 1411 grum,
890 1329 1233 1398 numquam
1288 1314 1716 1380 omittendum
1776 1314 1855 1380 sit
1915 1312 2205 1380 invitato-

627 1419 790 1466 rium
827 1423 888 1466 ».

757 1492 836 1554 Ει
883 1489 962 1553 ita
1010 1487 1379 1554 declaravit.
1429 1487 1544 1555 Die
1589 1492 1630 1555 9
1678 1489 1813 1555 Maii
1868 1492 2062 1556 1739.

624 1628 881 1697 2345.
1283 1631 1552 1696 roten,
1976 1628 2200 1716 (coss)

754 1757 849 1817 Ex
874 1765 1053 1841 parte
1083 1754 1373 1820 moderni
1396 1754 1691 1840 Episcopi
1716 1755 1998 1821 polensis
2031 1752 2200 1841 apud

625 1844 692 1905 S.
736 1843 809 1906 R.
845 1845 916 1908 c.
969 1862 1086 1929 pro
1134 1842 1562 1910 declaratione
1609 1835 1990 1930 infrascripti
2021 1839 2202 1909 dubii

623 1926 1050 2014 supplicatum
1097 1928 1240 2013 tuit,
1288 1948 1563 2017 nempe:
1953 1979 1963 2002 .

756 2016 1142 2103 Dignitates,
1191 2017 1486 2086 Canonici
1543 2028 1607 2084 et
1667 2018 2034 2107 Capitulum
2095 2019 2205 2084 Ca-

628 2103 929 2171 thedralis
973 2105 1278 2189 Potensis,
1313 2117 1652 2195 praetextu
1700 2104 2203 2188 consuetudinis,

624 2190 973 2259 terminatis
1022 2192 1312 2260 omnibus
1356 2195 1535 2261 Horis
1577 2194 1960 2277 ‘CanoniciS,
2014 2194 2203 2259 etiam

621 2278 848 2346 diebus
893 2280 1134 2347 festivis
1173 2281 1273 2369 (in
1306 2283 1553 2367 'quibus
1599 2302 1717 2349 nec
1765 2285 1996 2363 Horam
2057 2284 2205 2347 Ter·

625 2366 773 2433 tiam
821 2378 1076 2454 canunt,
1109 2368 1227 2436 nisi
1260 2369 1641 2437 Pontificalia
1675 2378 2023 2436 exercente
2058 2368 2207 2455 Epi-

621 2473 840 2542 scopo,
890 2456 1167 2522 recitatis
1223 2457 1563 2544 anticipato
1625 2458 1744 2524 hoc
1807 2476 1952 2523 casu
2013 2458 2204 2523 Sexta

625 2551 690 2608 et
740 2544 937 2630 Nona)
999 2541 1242 2610 Hissam
1290 2548 1795 2613 conventualem
1842 2544 2202 2612 decantant.

624 2632 908 2716 itemque
955 2632 1166 2698 Missas
1214 2651 1330 2721 pro
1378 2633 1701 2700 defunctis
1734 2655 1764 2699 a
1801 2631 2207 2698 testatoribus

624 2716 885 2803 legatas,
921 2720 1174 2806 quoties
1207 2721 1615 2810 contingunt,
1650 2733 1795 2788 ante
1832 2718 2206 2785 matutinum

624 2823 769 2870 cum
817 2818 1003 2873 cantu
1052 2808 1415 2879 celebrant..
1453 2812 1745 2896 Cumque
1791 2809 1910 2876 hae
1944 2826 2208 2873 consue-

626 2891 963 2959 tudinesro
1011 2906 1341 2982 ponuntur
1369 2897 1660 2965 Rubricis
1693 2895 1949 2963 missalis
1984 2895 2086 2959 tit.
2124 2895 2206 2962 de

624 2986 783 3047 Hora
833 2982 972 3049 cele
1018 2984 1196 3052 randi
1228 2984 1493 3069 Missam,
1529 2986 1897 3072 quaeritur:
1950 2985 2071 3069 An,
2116 2996 2204 3049 at·

625 3080 795 3135 tenta
844 3071 1333 3155 consuetudine,
1384 3073 1638 3140 tolerari
1686 3083 1924 3158 queant
1988 3071 2205 3139 buius-

623 3157 793 3247 modi
838 3160 1232 3246 respectivae
1261 3159 1739 3247 anticipationes
1774 3171 1840 3231 et
1870 3160 2206 3249 posticipa-

628 3245 827 3313 tiones
852 3251 1186 3332 Horarum,
1219 3259 1284 3314 et
1308 3249 1694 3317 solemnium
1724 3247 2047 3314 Missarum
2075 3258 2201 3313 etc.

621 3348 1204 3422 supramemoratae
1225 3334 1259 3403 ⁴?

753 3425 818 3489 S.
854 3427 927 3489 R.
965 3428 1066 3508 c.,
1115 3425 1331 3493 audito
1379 3425 1556 3512 prius
1602 3436 1754 3492 voto
1817 3423 2205 3512 Apostolica·

625 3528 766 3575 rum
797 3511 1352 3580 Caeremoniarnm
1382 3513 1683 3600 Magistri,
1719 3511 2204 3579 rescribendum

623 3596 903 3665 censuit:
955 3619 993 3662 α
1029 3601 1381 3668 Serventur
1427 3601 1688 3667 omnino
1721 3599 2033 3666 Rubi-icae
2065 3598 2223 3664 His-2

623 3682 766 3748 salis
812 3688 1070 3753 Romani
1128 3686 1249 3753 Tit.
1298 3692 1410 3755 XV
1442 3709 1504 3754 ».
1570 3692 1649 3754 Et
1697 3689 1779 3753 ita
1827 3687 2203 3754 declaravit.

624 3771 737 3838 Die
782 3777 823 3840 9
870 3774 1007 3839 Maii
1059 3779 1251 3843 1739.

623 3948 884 4017 2346.
1177 3954 1665 4021 PLACENTINA

1084 4057 1739 4125 PROGESSIONIS.

1933 3952 2203 4044 ι(4087)

756 4213 1119 4300 Propositis,
1168 4215 1243 4281 ad
1294 4213 1648 4282 instantiam
1693 4217 2075 4282 Promotoris
2106 4217 2204 4283 Fi-

622 4301 806 4369 scalis
836 4301 1059 4369 Curiae
1109 4301 1483 4389 episcopalis
1511 4303 1798 4370 civitatis
1843 4303 2203 4370 Placentiae

624 4409 743 4457 nec
789 4406 915 4455 non
961 4389 1232 4475 Capituli
1283 4401 1348 4455 et
1390 4392 1849 4457 canonicorum
1881 4391 2204 4456 Ecclesiae

622 4477 1012 4545 Cathedralis
1058 4476 1263 4544 dictae
1308 4478 1615 4562 Civitatis,
1652 4479 1901 4545 duobus
1928 4497 2207 4564 sequen-

626 4567 790 4633 tibus
838 4565 1070 4649 dubiis,
1122 4564 1472 4634 videlicet:

760 4658 822 4719 1.
869 4657 966 4721 An
1025 4654 1307 4722 Monachi
1375 4654 1775 4722 cassinenses

622 4746 689 4809 S.
736 4741 916 4826 Xysti
962 4741 1241 4811 Civitatis
1286 4743 1686 4810 Placentinae
1732 4743 2046 4810 accedere
2107 4754 2201 4810 te·

622 4841 891 4895 neantur
935 4831 1011 4898 ad
1059 4830 1532 4898 processionem
1579 4830 1754 4898 Ssmi
1787 4831 2197 4917 sacramenti,

623 4932 784 5002 quae
818 4914 954 4981 fieri
986 4918 1149 4983 solet
1180 4918 1259 4984 ab
1289 4918 1568 4986 Ecclesia
1604 4920 1960 4987 cathedrali
1995 4919 2203 4986 dictae

624 5001 903 5070 Civitatis
954 5003 1017 5069 in
1062 5016 1278 5070 octava
1309 5007 1605 5092 Corporis
1637 5007 1866 5074 christi
1892 5006 1926 5074 ⁴?
1955 5018 2021 5073 et
2055 5027 2205 5093 qua·

628 5103 811 5155 tenus
857 5092 1249 5173 affirmative,

753 5182 818 5244 2.
870 5180 965 5245 An
1016 5177 1365 5267 Episcopus
1398 5182 1542 5247 illos
1575 5182 1969 5268 compellere
2000 5187 2199 5272 possit

619 5286 738 5355 per
785 5266 1130 5335 censuras?

1844 4656 2206 4722 monasterii

2432 350 2497 414 S.
2547 351 2624 414 R.
2667 350 2769 432 c.,
2826 346 2901 414 ad
2956 346 3329 412 relationem
3376 343 3517 411 Emi
3566 347 3638 409 D.
3688 344 3853 410 card.

2303 434 2533 501 Gentili
2581 433 2901 517 PonentiS,
2950 444 3222 518 utraque
3270 443 3451 519 parte
3522 429 3765 519 scriptis
3806 441 3862 496 et

2305 541 2461 589 voce
2518 521 2899 588 informante
2945 519 3189 607 audita,
3245 520 3389 586 visis
3443 518 3685 587 iuribus
3734 516 3862 584 hinc
3980 575 3981 584 ,

2303 608 2453 676 inde
2485 609 2806 692 deductis,
2834 608 3317 676 rescribendum
3350 607 3635 675 censuit:
3684 628 3722 670 α
3745 609 3863 672 Non

2310 697 2551 775 teneri;
2605 708 2670 763 et
2716 698 2987 785 amplius
3018 718 3086 763 ».
3135 698 3333 765 nied.)
3382 695 3521 763 Maii
3567 698 3759 762 1739.

2307 838 2553 906 234⁷.
2618 845 2621 848 ’
2899 838 3309 904 ΒΟΝΟΝΙΕΝ.

2433 965 2595 1029 Cum
2642 961 2718 1027 ab
2762 980 2925 1027 anno
2962 963 3126 1027 1699
3160 967 3419 1025 exortae
3453 957 3701 1025 inerint
3727 977 3865 1023 non·

2302 1051 2514 1117 nullae
2563 1048 3033 1116 controversiae
3065 1047 3231 1114 circa
3275 1045 3785 1134 praecedentiam
3815 1046 3868 1109 in

2302 1137 2710 1204 associatione
2734 1136 3115 1204 cadaverum
3142 1135 3309 1201 inter
3330 1134 3649 1201 Parochos
3666 1132 3869 1199 Civita-

2306 1227 2383 1292 tis
2414 1224 2728 1292 Bononiae
2763 1235 2827 1291 et
2857 1223 3279 1292 consortiales
3308 1243 3378 1290 ac
3417 1220 3866 1298 Hansionarios,

2307 1326 2431 1379 tam
2464 1311 2980 1401 Metropolitanae
3012 1331 3201 1398 quam
3237 1310 3634 1398 Collegiatae
3676 1308 3871 1374 Eccle-

2302 1400 2433 1467 siae
2477 1402 2542 1467 S.
2591 1401 2868 1468 Petronii
2915 1400 3202 1468 eiusdem
3240 1398 3551 1483 civitatis,
3599 1405 3871 1483 praeten-
3980 1415 3981 1420 ¹

2305 1488 2604 1556 dentibus
2651 1487 2782 1554 istis
2830 1488 3083 1575 erigere
3127 1507 3255 1554 non
3303 1487 3514 1554 minus
3570 1481 3873 1572 propriam

2305 1579 2578 1645 Crucem
2625 1594 2813 1660 quam
2848 1577 3036 1643 etiam
3070 1576 3463 1664 praecedere
3497 1572 3687 1641 Cruci
3717 1575 3874 1636 Paro·

2307 1665 2405 1731 chi
2443 1663 2845 1742 tumulatis:
2880 1667 3040 1732 S.R.
3063 1668 3165 1747 c.,
3191 1676 3463 1748 utraque
3500 1670 3681 1749 parte
3706 1657 3873 1723 infor-

2305 1762 2517 1819 mante
2561 1751 2796 1835 audita,
2831 1755 2908 1820 ad
2942 1752 3317 1819 relationem
3350 1750 3436 1817 cl.
3466 1767 3667 1815 mem.
3700 1742 3864 1842 card.

2305 1839 2653 1923 Colloredi,
2680 1840 2799 1906 sub
2834 1840 2938 1908 die
2970 1844 3009 1906 4
3043 1836 3277 1926 Aprilis
3307 1837 3462 1904 dicti
3496 1834 3646 1902 anni
3678 1851 3872 1899 rescri-

2304 1927 2467 2014 psit:
2518 1948 2556 1991 ‹
2590 1927 3123 2011 consortialibus,
3174 1925 3532 1994 dummodo
3596 1920 3873 1988 incedant

2305 2015 2423 2082 sub
2469 2016 2653 2081 unica
2685 2017 2891 2081 Cruce
2921 2014 3205 2098 Parochi,
3240 2012 3464 2080 deberi
3502 2006 3870 2106 praeceden-

2310 2104 2457 2168 tiam
2515 2113 2818 2188 respectu
2879 2103 3408 2190 cappellanorum
3470 2095 3873 2167 conductitio·

2307 2210 2449 2257 rum
2483 2212 2542 2254 ».
2598 2189 2753 2257 Huic
2802 2189 3174 2257 resolutioni
3222 2189 3705 2274 acquiescentes
3762 2193 3871 2247 tam

2304 2278 2731 2345 consortiales
2755 2298 2945 2364 quam
2968 2277 3359 2345 Mansionarii
3390 2276 3703 2343 diuturno
3730 2282 3872 2337 tem·

2304 2366 2476 2452 poris
2500 2367 2775 2433 decursu
2800 2367 3104 2434 cadavera
3129 2366 3519 2433 associarunt
3550 2361 3671 2429 sub
3688 2364 3873 2427 cruce

2306 2455 2596 2538 Parochi,
2661 2455 3123 2541 praecedentes
3180 2452 3602 2541 cappellanus
3659 2446 3875 2516 condu-

2308 2541 2540 2608 ctitios.
2594 2546 2832 2611 Verum
2879 2541 3172 2609 hodierni
3231 2540 3490 2608 Parochi
3546 2535 3875 2606 contende·

2308 2639 2457 2696 runt
2504 2649 2573 2695 se
2622 2631 2993 2715 neutiquam
3050 2629 3256 2702 teneri
3302 2629 3526 2715 vigore
3576 2623 3874 2716 praefatae

2307 2717 2714 2783 resolutionis
2753 2716 3093 2784 admittere
3124 2717 3244 2783 sub
3276 2716 3661 2783 eorumdem
3690 2715 3876 2780 cruce
3980 2769 3981 2780 ,

2304 2804 2729 2871 Consortiales
2785 2817 2848 2872 et
2894 2804 3359 2887 Mansionarios,
3406 2804 3519 2871 sed
3573 2797 3876 2870 admissio·
3980 2791 3981 2880 ζ

2304 2911 2453 2960 nem
2504 2893 2867 2960 huiusmodi
2915 2893 2990 2959 ab
3039 2911 3264 2959 eorum
3308 2892 3572 2959 arbitrio
3606 2901 3669 2956 et
3701 2891 3876 2955 bene-
3980 2889 3981 2912 ¹

2304 2982 2536 3069 placito
2597 2982 3012 3070 dependere;
3064 2999 3262 3067 quare
3308 2979 3428 3048 sub
3472 2980 3643 3048 dicta
3688 2980 3875 3072 cruce

2305 3072 2602 3157 recipere
2649 3081 3020 3137 recusarunt
3066 3068 3487 3137 consortiales
3535 3078 3605 3134 et
3635 3070 3877 3158 Mansio-3

2306 3159 2524 3243 narios
2564 3158 2959 3244 praedictos,
3019 3157 3518 3246 praetendentes
3619 3153 3741 3221 uod
3789 3150 3877 3215 isti
3980 3178 3981 3193 κ

2306 3246 2700 3313 intervenire
2726 3246 3043 3313 deberent
3072 3243 3464 3311 associationi
3497 3245 3540 3310 h
3627 3244 3719 3307 itu
3743 3236 3877 3304 cbo·
3980 3306 3981 3333 χ

2305 3333 2420 3400 rali
2467 3332 2669 3401 induti
2721 3343 2785 3398 et
2830 3333 3257 3421 collegialiter
3284 3332 3402 3399 sub
3438 3327 3742 3420 propriai
3817 3343 3874 3388 o-
3980 3368 3981 3377 η

2309 3439 2451 3487 rum
2489 3425 2719 3506 cruce,
2754 3431 2900 3487 ante
2946 3424 3218 3490 crucem
3264 3420 3522 3488 Parochi
3574 3430 3753 3486 tumu
3780 3430 3877 3479 an·

2309 3509 2408 3575 tis.
2460 3508 2833 3577 Huiusmodi
2882 3510 3305 3599 praetensioni
3355 3518 3702 3574 renuentes
3732 3509 3876 3572 Con·

2307 3598 2595 3663 sortiales
2664 3609 2729 3662 et
2797 3597 3187 3665 Mansionarii
3257 3597 3493 3663 iterum
3560 3604 3877 3662 recursum

2306 3686 2668 3753 habuerunt
2714 3686 2792 3752 ad
2840 3688 2904 3752 S.
2946 3690 3022 3753 R.
3068 3689 3140 3751 c.
3194 3704 3309 3771 pro
3366 3685 3748 3751 executione
3782 3695 3874 3742 su·

2306 3773 2627 3860 pradictae
2651 3773 3106 3862 resolutionis·

2441 3865 2520 3927 Et
2582 3861 2714 3948 ipsa
2778 3864 2844 3928 S.
2891 3865 2969 3928 R.
3015 3864 3116 3945 c.,
3166 3860 3380 3928 audita
3446 3856 3877 3949 informatione

2309 3948 2519 4016 Emin.
2572 3949 2979 4037 Archiepisco
3026 3950 3084 4034 i,
3159 3950 3239 4016 ad
3310 3949 3688 4016 relationem
3753 3945 3876 4040 Elin

2312 4051 2374 4105 et
2433 4036 2573 4103 Rmi
2634 4041 2807 4103 Dom.
2856 4041 2973 4105 Car
3027 4083 3043 4102 .
3093 4037 3229 4102 Fini
3285 4036 3618 4121 Ponentis,
3671 4050 3878 4101 rescri-

2310 4125 2593 4194 bendum
2626 4126 2910 4192 censuit:
2963 4148 3001 4191 ‹
3035 4130 3192 4190 Emo
3230 4125 3727 4213 Archiepiscopo
3772 4134 3876 4204 pro

2308 4212 2673 4281 omnimoda
2720 4214 3104 4281 executione
3152 4212 3582 4281 Resolutionis
3616 4216 3681 4280 S.
3709 4215 3780 4277 R.
3808 4208 3872 4272 C.

2307 4301 2426 4368 sub
2472 4299 2579 4366 die
2626 4305 2664 4367 4
2709 4300 2944 4389 Aprilis
3000 4304 3164 4371 1699
3198 4317 3276 4380 ›;
3326 4313 3394 4368 et
3449 4300 3511 4367 in
3566 4296 3877 4386 sequelam

2310 4389 2601 4456 eiusdem
2636 4390 3060 4457 Resolutionis
3093 4389 3479 4456 declaravit:
3516 4411 3554 4453 α
3588 4384 3878 4456 Parochos

2310 4475 2518 4543 teneri
2566 4477 2906 4546 admittere
2951 4476 3071 4542 sub
3119 4494 3343 4544 eorum
3392 4482 3594 4544 cruce
3626 4480 3879 4544 consor·

2312 4564 2491 4631 tiales
2553 4575 2619 4629 et
2673 4565 3116 4633 mansionarios
3171 4566 3337 4633 illius
3392 4564 3719 4632 Ecclesiae
3766 4562 3878 4629 He·

2310 4653 2727 4740 tropolitanae
2793 4666 2859 4721 et
2903 4653 3291 4739 collegiatae
3338 4653 3661 4721 Bononiae
3707 4673 3739 4720 a
3781 4649 3879 4715 de-

2306 4743 2673 4809 functorum
2721 4741 3102 4810 haeredibus
3163 4754 3417 4809 vocatos
3479 4741 3555 4807 ad
3618 4741 3874 4808 funera:

2307 4851 2376 4897 ac
2423 4830 2694 4918 proinde
2727 4830 2900 4897 idem
2937 4831 3150 4897 Emin.
3184 4829 3718 4918 Archiepiscopus
3748 4842 3877 4912 pro-

2310 4920 2491 4985 cedat
2540 4928 2729 5006 prout
2775 4919 2857 4986 de
2906 4918 3070 5002 iure,
3121 4929 3248 4985 tam
3298 4930 3516 4984 contra
3586 4914 3879 4983 Psi-ochos

2312 5018 2659 5073 renuentes
2707 5006 2847 5073 illos
2878 5007 3222 5073 admittere
3252 5006 3371 5073 sub
3402 5024 3629 5072 eorum
3662 5008 3876 5077 cruce,

2311 5112 2500 5182 quam
2550 5094 2612 5160 in
2643 5115 2789 5161 casu
2823 5114 2950 5180 quo
2992 5094 3123 5161 ausi
3158 5093 3399 5161 fuerint
3432 5103 3727 5160 avertere
3756 5090 3876 5157 sive

2308 5201 2427 5269 per
2472 5202 2540 5247 se
2585 5184 2719 5248 sive
2767 5203 2886 5270 per
2917 5184 3097 5267 alios,
3132 5181 3264 5250 sive
3298 5183 3577 5249 mediate
3610 5182 3743 5248 sive
3773 5180 3874 5244 im-

2308 5270 2626 5367 mediate,
2693 5270 2977 5338 fidelium
3040 5270 3401 5338 voluntates
3468 5292 3499 5337 a
3562 5270 3873 5339 vocatione

3661 833 3861 920 (4088)
3980 907 3981 916 i
