4042 5950
1588 228 1901 335 ÷459
1954 273 2060 292 -

117 396 310 453 net.
374 386 635 456 Plurimi
681 386 1060 456 Sacerdotes
1102 388 1216 456 bac
1261 387 1347 456 de
1381 408 1452 456 re
1490 407 1770 475 conque·

125 486 444 560 runtur,
490 485 790 563 ,putantes
837 474 1150 545 eiusmodi
1199 481 1489 544 Tractum
1522 478 1628 544 vel
1663 478 1769 544 Al·

122 562 391 631 leluia
437 561 519 629 ob
566 564 840 631 Editoris
900 565 1153 653 culpam
1213 565 1276 632 in
1332 564 1768 634 Ratisbonensi

125 650 449 717 missalis
494 649 779 719 editione
825 651 1200 721 desiderari.

303 738 648 817 Quaeritur
695 758 851 828 ergo
902 745 967 809 l.
997 740 1291 819 Quisnam
1337 746 1595 810 Tractus
1627 752 1771 832 post

130 826 734 927 Septuagesimam
764 875 783 912 ,
855 839 921 896 et
988 829 1096 913 qui
1164 832 1401 897 Versus
1475 842 1766 921 tempore

128 915 462 981 Paschalt
511 915 575 983 in
623 914 940 984 eiusmodi
988 915 1182 984 Missis
1235 915 1486 988 votivis.
1516 918 1771 987 dicendi

131 1000 366 1070 sint?
408 1007 471 1070 2.
522 1006 751 1071 Utrum
798 1003 987 1071 liceat
1032 1009 1328 1073 Tractum
1382 1008 1488 1074 vel
1535 1010 1767 1075 versus

133 1088 430 1179 dicere,
478 1090 586 1178 qui
633 1089 698 1157 in
744 1089 920 1158 Missa
969 1094 1376 1178 Eyrodimiui
1421 1094 1506 1161 de
1538 1095 1769 1162 eodem

133 1180 371 1245 Festo
401 1199 519 1268 pro
550 1178 865 1265 aliquibus
895 1179 1047 1247 locis
1093 1200 1385 1249 concessa
1416 1199 1531 1270 pro
1570 1181 1770 1250 Missis

135 1265 415 1333 votivis
459 1264 884 1354 designatur?
939 1272 1006 1336 3.
1052 1269 1214 1348 Quid
1262 1269 1448 1337 liceat
1507 1268 1570 1338 iu
1630 1290 1768 1338 cor-

136 1373 347 1442 pore
405 1356 662 1432 Missalis
724 1355 789 1424 in
848 1356 1027 1425 Missa
1087 1357 1172 1425 de
1228 1358 1325 1426 Ss.
1376 1360 1585 1427 Corde
1630 1362 1767 1427 Iesu

139 1443 430 1510 ratione
486 1443 954 1533 praedictarum
1021 1447 1347 1513 Missamm
1413 1446 1765 1514 votivarum

143 1528 569 1619 apponere?

314 1623 393 1686 11.
439 1624 509 1687 ln
553 1619 850 1705 aubrios,
896 1641 1060 1709 quae
1105 1622 1521 1711 praeponitur
1586 1626 1767 1691 Prae-

144 1704 402 1774 fationi
448 1708 531 1775 de
576 1710 783 1777 Cruce
829 1710 896 1778 in
942 1720 1093 1778 tono
1136 1712 1366 1799 feriali
1396 1711 1766 1794 cantandae,

147 1794 589 1865 desideratur
622 1796 957 1884 bucusque
984 1798 1491 1867 additamentum
1521 1799 1604 1866 de
1629 1801 1767 1866 litis-

148 1884 254 1947 sis
314 1883 545 1950 votivis
588 1887 704 1955 SS.
753 1886 974 1955 Cordis
1022 1898 1089 1953 et
1133 1886 1573 1956 pretiosissimi
1620 1891 1768 1957 San·

151 1969 394 2057 guinis
418 1975 490 2039 D.
519 1974 596 2039 N.
624 1976 673 2039 l.
699 1977 773 2043 C.
803 1974 1140 2052 Quaeritur
1172 1995 1326 2065 ergo
1358 1984 1577 2043 utrum
1610 1975 1765 2045 haec

155 2058 458 2126 Rubrica
503 2059 588 2128 ita
633 2061 930 2130 concludi
972 2065 1211 2150 possit:
1259 2084 1298 2130 ⁴1
1339 2067 1420 2131 Et
1463 2062 1529 2131 iu
1572 2064 1768 2132 Missis

153 2146 416 2215 votivis
473 2149 558 2216 de
613 2151 835 2218 Sancta
893 2154 1139 2238 Cruce,
1188 2153 1273 2219 de
1327 2155 1516 2220 Sacro
1561 2154 1769 2222 Corde

158 2254 243 2300 ac
301 2235 386 2304 de
431 2235 880 2304 pretiosissimo
927 2240 1247 2328 Sanguine
1294 2246 1370 2308 D.
1401 2243 1480 2308 N.
1515 2244 1563 2308 1.
1599 2244 1670 2309 C.
1701 2264 1767 2308 ιι.

317 2327 418 2390 ΙΙΙ.
468 2326 655 2394 Nulla
698 2326 1022 2427 reperitur
1074 2328 1139 2395 in
1203 2327 1426 2396 Missali
1490 2332 1768 2397 Romano

161 2411 492 2481 Praefatio
538 2413 623 2481 de
665 2413 1001 2483 Nativitate
1047 2419 1120 2484 D.
1174 2418 1347 2484 N.'1.
1382 2419 1454 2484 C.
1505 2415 1571 2484 in
1621 2429 1768 2485 tono

162 2498 391 2568 feriali
438 2493 764 2570 cantanda.
814 2507 1112 2572 Attamen
1156 2505 1224 2573 in
1269 2504 1560 2593 pluribus
1591 2506 1769 2572 Dioe·

165 2589 465 2672 cesibus,
513 2589 777 2677 siugulis
824 2590 1023 2659 Feriis
1073 2596 1146 2678 V,
1193 2593 1372 2660 Missa
1431 2594 1636 2661 votiva
1685 2593 1768 2661 de

165 2679 383 2745 SSmo
408 2680 812 2758 sacramento
835 2690 1150 2766 cantatur,
1177 2682 1431 2769 quando
1463 2682 1770 2752 Rubricae

172 2783 331 2833 eam
376 2764 748 2834 admittunt.
795 2767 1131 2848 Quaeritur
1176 2768 1390 2857 itaque
1443 2775 1501 2839 l.
1542 2774 1768 2838 Utrum

33 2865 34 2942 j
168 2854 244 2920 iu
296 2852 612 2922 eiusmodi
658 2855 855 2923 Missis
901 2855 1128 2924 votivis
1172 2858 1476 2926 Praelatio
1522 2859 1586 2925 in
1621 2869 1769 2926 tono

167 2941 460 3010 solemni
522 2944 824 3012 cantanda
869 2944 987 3011 sit·
1039 2964 1119 3012 an
1165 2946 1228 3012 in
1274 2945 1531 3014 feriali?
1590 2950 1655 3014 2.
1705 2946 1767 3014 Si

169 3030 912 3133 ultim-umflffirmetur,
962 2996 1322 3102 bumillime
1369 3034 1648 3124 petitur,
1698 3045 1770 3104 ιιι

173 3138 243 3185 ιιι
294 3119 524 3186 Missali
572 3138 896 3209 apponere
943 3121 1133 3190 liceat
1167 3134 1431 3190 cantum
1479 3122 1769 3191 ferialem

175 3206 480 3274 eiusdem
511 3208 942 3294 Praefationis,
976 3220 1043 3276 et
1074 3221 1147 3278 ιιι
1179 3213 1355 3279 locus
1385 3210 1766 3298 assignetur,

174 3313 317 3382 quo
366 3295 431 3364 in
477 3297 699 3364 uissali
762 3296 1139 3366 inserendus
1198 3298 1314 3387 sit;
1376 3319 1444 3367 ac
1505 3299 1772 3369 Rubrica

155 3383 679 3470 praescribatur,
740 3403 904 3472 quae
951 3385 1098 3454 huic
1141 3386 1511 3455 Praefationi
1568 3388 1770 3456 feriali

177 3472 494 3559 praeponi
525 3473 779 3540 debeat.
819 3473 1089 3542 Videtur
1138 3475 1310 3543 enim
1341 3477 1499 3544 haec
1528 3476 1770 3543 Praefa-

176 3561 273 3626 tio
309 3559 544 3627 ferialis
592 3561 722 3628 toni
754 3560 968 3630 locum
1001 3562 1237 3630 babere
1268 3563 1371 3631 vel
1407 3564 1772 3633 immediate

176 3659 335 3714 ante
378 3648 834 3717 Praefationem
879 3650 944 3719 in
974 3650 1201 3719 diebus
1247 3651 1571 3722 ferialibus
1614 3654 1770 3733 Qua-

180 3735 607 3823 dragesimae,
655 3738 759 3804 vel
806 3749 946 3827 post
997 3739 1454 3809 Praefatiouem
1503 3740 1631 3811 toni
1680 3740 1769 3809 le-

181 3823 360 3891 rialis
405 3823 489 3891 de
535 3823 775 3915 Spiritu
821 3829 1091 3908 Sancto;
1139 3838 1207 3896 et
1235 3840 1617 3915 sequentem
1646 3833 1772 3897 Ru·

181 3912 428 3980 bricam
471 3916 835 4000 postularet
884 3935 923 3981 α
956 3918 1246 4003 Sequens
1288 3916 1591 3985 Praelatio
1624 3936 1770 3985 cum

181 4020 306 4069 suo
340 4011 529 4068 cantu
573 4000 810 4071 dicitur
854 4003 914 4070 in
962 4003 1157 4071 Missis
1199 4004 1429 4072 votivis
1461 4006 1544 4073 de
1577 4008 1769 4074 88ῶο

181 4090 458 4156 Nomine
502 4093 685 4175 lesu,
732 4090 818 4158 de
864 4094 1055 4160 88ῶο
1117 4094 1525 4161 sacramento
1574 4106 1639 4161 et
1684 4094 1767 4162 de

185 4178 383 4245 ssmo
428 4177 637 4245 Corde
685 4183 821 4247 lesu
854 4203 918 4247 ιι.

318 4268 502 4334 Sacra
562 4285 715 4333 vero
777 4268 1002 4336 eadem
1047 4270 1512 4357 Congregatio,
1560 4270 1767 4338 habita

187 4352 365 4440 prius
408 4354 722 4421 sententia
769 4355 835 4423 in
877 4356 1128 4444 scriptis
1171 4358 1436 4425 alterius
1480 4378 1562 4426 ex
1602 4364 1769 4446 Apo-

183 4441 554 4509 stolicarum
598 4443 1150 4512 caeremoniarum
1195 4445 1528 4531 magistris,
1561 4446 1640 4513 ad
1674 4465 1769 4513 re·

186 4528 488 4597 lationem
530 4529 869 4633 subscripti
913 4532 1202 4602 eiusdem
1233 4537 1457 4601 Sacrae
1488 4537 1769 4622 Congre-

187 4617 455 4706 gatiouis
497 4620 860 4705 Secretarii,
896 4620 1236 4710 propositis
1266 4619 1475 4689 dubiis
1506 4641 1767 4710 respon-

157 4706 478 4775 ·dendum
524 4708 817 4776 censuit:

316 4797 411 4861 Ad
460 4800 511 4863 l.
563 4817 601 4861 ιι
649 4799 716 4863 Ιιι
782 4800 1065 4885 Corpore
1131 4797 1390 4867 Missalis
1437 4798 1525 4866 ‘in
1591 4798 1766 4865 Missa

192 4883 358 4951 Sacri
405 4884 628 4953 Cordis
674 4888 815 4953 Iesu
863 4896 1005 4974 post
1048 4884 1359 4955 Graduale
1417 4887 1591 4973 quod
1653 4904 1771 4975 per

193 4989 425 5040 annum
486 4974 755 5060 legitur,
802 4983 1200 5061 apponantur
1265 4974 1643 5062 sequeutiaz
1694 4976 1768 5039 In

193 5061 403 5127 Missis
433 5066 668 5130 votivis
692 5073 833 5147 post
866 5064 1410 5148 septuagesimam
1431 5074 1573 5149 post
1610 5065 1770 5131 Gra-

192 5148 401 5232 άιιαὶε,
452 5153 705 5218 omissis
750 5148 1036 5218 Alleluia
1079 5160 1142 5217 ct
1187 5147 1261 5234 y.
1307 5155 1620 5236 sequenti,
1670 5153 1767 5219 di·

195 5242 370 5305 citur
423 5241 736 5306 Tractm=
782 5258 901 5307 mo
952 5257 1170 5308 aua-nu
1215 5249 1344 5307 etc.
1395 5251 1466 5307 ut
1496 5240 1563 5308 in
1588 5241 1767 5308 Missa

197 5345 305 5414 pro
350 5325 632 5395 Dioecesi
680 5328 1119 5396 venetiarum.
1171 5366 1257 5375 —
1302 5332 1616 5416 Tempore
1661 5332 1766 5395 Pa-

1865 388 2059 458 schali
2109 388 2431 470 Alleluia,
2503 388 2814 457 Alleluia.
2866 387 2942 473 5.
2989 387 3149 456 Psal.
3200 391 3287 456 29
3336 387 3452 453 Do·

1867 480 2063 560 mine,
2103 480 2271 547 Deus
2301 496 2501 561 meus,
2535 489 2651 546 otc.
2689 488 2760 547 ut
2794 478 2864 548 in
2910 477 3134 545 eadem
3179 476 3355 543 Missa
3388 498 3451 542 ιν.

2003 566 2099 634 Ad
2147 571 2222 635 11.
2278 587 2315 630 «
2346 567 2653 655 Negative
2686 589 2749 635 ».

2001 655 2096 721 Ad
2146 657 2245 722 ΙΙΙ.
2296 676 2334 718 ‹
2373 654 2725 724 Dummodo
2757 672 2830 722 ea
2862 655 3039 721 Missa
3084 653 3298 720 votiva
3331 670 3456 718 non

1868 741 1950 808 sit
2009 742 2314 809 solemnis
2371 752 2435 809 et
2487 761 2608 830 pro
2669 761 2739 809 re
2784 741 2996 828 gravi,
3047 741 3212 809 idest
3271 741 3458 808 dum-

1870 830 2066 897 modo
2096 850 2170 898 ea
2213 841 2506 898 cantetur
2535 827 2670 898 sin'e
2706 831 2931 897 Gloria
2962 839 3029 896 et
3057 829 3196 896 sine
3231 828 3451 908 Credo,

1868 918 2175 1073 Pra¹eiatio
2223 918 2304 986 de
2349 918 2683 986 Nativitate
2734 919 3012 986 canenda
3045 926 3142 985 est
3171 927 3323 984 tono
3364 916 3456 984 le·

1874 1026 1960 1073 ria
1991 1028 2012 1073 1
2043 1028 2108 1072 ιι.
2964 1059 2975 1068 .

2003 1098 2187 1162 Sacra
2232 1112 2390 1161 vero
2438 1095 2660 1164 eadem
2709 1093 3130 1183 Congregatio
3162 1092 3460 1179 indulget

1872 1191 1944 1248 ut
1988 1181 2065 1248 ad
2116 1181 2630 1249 commoditatem
2659 1181 3005 1252 sacerdotis
3034 1181 3277 1248 Missam
3316 1199 3457 1247 can-

1872 1268 2090 1355 taturi,
2124 1271 2203 1338 ad
2249 1270 2485 1337 calcem
2520 1269 2802 1355 missalis,
2834 1281 2901 1337 et
2931 1269 3157 1340 ultimo
3198 1288 3458 1359 prorsus

1877 1358 2044 1442 loco,
2093 1357 2325 1446 apponi
2374 1357 2568 1448 possit
2627 1357 2929 1425 Praefatio
2976 1357 3059 1425 de
3122 1356 3458 1424 Nativitate

1873 1464 2020 1512 cum
2070 1446 2183 1513 bac
2232 1447 2500 1514 Rubrica
2546 1466 2585 1512 4
2621 1447 2891 1532 Sequens
2938 1447 3277 1531 Praefatio
3311 1463 3458 1512 cam

1869 1551 1988 1599 suo
2019 1545 2223 1602 canta
2253 1535 2509 1602 dicitur
2540 1539 2613 1602 iu
2646 1536 2862 1604 uiuis
2894 1537 3133 1606 votivis
3163 1534 3236 1600 de
3266 1534 3458 1601 SSr‘t‘ao

1869 1621 2316 1705 Sacramenta,
2364 1632 2424 1690 st
2471 1623 2544 1690 de
2591 1624 2784 1689 ssmo
2824 1625 3099 1691 Nomine
3129 1624 3269 1688 Iesu
3299 1644 3364 1687 ι.

2005 1710 2120 1779 Die
2167 1713 2249 1779 29
2297 1709 2617 1778 Februarii
2674 1713 2865 1779 1868.

1871 1904 2126 1976 3169.
2308 1904 3021 1972 schTmoNJALmn

2156 2012 2613 2078 PERPETUAE
2659 2011 3168 2077 ADORATIONIS

2341 2117 2450 2184 SS.
2504 2117 2998 2184 SACRAMENTI

2014 2223 2490 2291 Clvl‘rs‘rls
2550 2217 3300 2292 NEAPOLITANAE.

3229 1904 3456 1992 (5304)

2003 2416 2525 2486 Sanctimoniales
2610 2426 2965 2505 perpetuae
3058 2414 3457 2490 Adorationis

1872 2505 2048 2576 88ῶί
2081 2503 2495 2590 sacramenti,
2529 2504 2593 2575 in
2626 2504 2951 2574 Asceterio
2987 2503 3268 2574 Civitatis
3298 2507 3458 2572 Nea-

1872 2595 2192 2682 politanae
2223 2592 2562 2680 degentes,
2602 2612 2682 2660 ex
2768 2603 3039 2662 suerunt
3067 2611 3137 2659 se
3183 2591 3306 2660 frui
3337 2593 3459 2681 pri-

1874 2682 2111 2772 vilegio
2156 2681 2566 2770 persolvendi
2611 2683 2660 2749 0
2728 2679 2899 2748 cium
2966 2683 3228 2769 Septem
3273 2681 3458 2747 Dolo-

1873 2790 2018 2838 rum
2062 2773 2290 2838 Beatae
2338 2768 2559 2836 Mariae
2606 2767 2883 2855 Virginis
2930 2768 2994 2835 in
3041 2772 3116 2837 ΙΙΙ
3163 2771 3480 2856 Septem--

1874 2859 2003 2927 bris
2034 2857 2355 2925 Dominica
2384 2857 2502 2926 sub
2531 2858 2661 2924 ritu
2693 2855 2936 2958 duplici
2970 2856 3211 2945 primae
3249 2855 3459 2924 classis

1873 2962 2022 3015 cum
2069 2957 2286 3013 octava
2330 2945 2757 3034 privilegiata,
2799 2965 2864 3013 m
2909 2965 3031 3033 qua
3076 2943 3216 3013 fleri
3264 2946 3462 3014 debet

1876 3046 2119 3103 tantum
2164 3032 2694 3101 Commemoratio
2739 3037 3074 3101 Festorum
3119 3052 3460 3101 occurren·

1871 3122 2063 3190 tium.
2090 3121 2400 3211 Exceptio
2424 3131 2636 3189 tamen
2662 3122 2957 3189 statuitur
2979 3140 3100 3209 pro
3124 3121 3323 3189 Festis
3348 3122 3460 3190 du·
3518 3179 3532 3189 .

1870 3209 2146 3311 plicibus
2194 3222 2330 3277 tum
2379 3210 2620 3300 primae
2665 3219 2803 3277 tum
2849 3209 3169 3279 secundae
3216 3209 3455 3296 classis,

1873 3318 1939 3367 ιιι
1983 3298 2215 3387 quibus
2268 3297 2340 3366 fit
2383 3298 2468 3368 de
2513 3297 2754 3367 Sanctis
2799 3295 3283 3365 occurrentibus
3313 3316 3458 3366 cum

1873 3386 2478 3455 commemoratione
2524 3395 2804 3453 octavae.
2864 3386 3072 3464 Quum
3131 3395 3346 3453 autem
3393 3387 3455 3453 in

1875 3476 1991 3546 bac
2020 3486 2239 3543 octava
2281 3485 2345 3543 et
2388 3474 2608 3542 Feriae
2652 3476 2929 3553 Quatuor
2957 3476 3346 3563 Temporum
3392 3483 3458 3540 et

1873 3564 2101 3651 vigilia
2126 3568 2192 3633 S.
2214 3563 2505 3631 Matthaei
2538 3580 2879 3631 occurrere
2911 3560 3177 3651 possint,
3204 3563 3458 3648 quando

1871 3671 1999 3720 non
2023 3663 2358 3720 occurrant
2377 3655 2556 3720 Festa
2581 3647 2856 3738 duplicia
2880 3647 3124 3736 primae
3148 3660 3213 3716 et
3237 3669 3461 3719 secun-

1871 3741 1989 3807 dae
2039 3740 2272 3825 classis,
2322 3739 2579 3809 videtur
2624 3737 2797 3806 iuxta
2830 3736 3167 3806 Rubricam
3203 3738 3459 3805 Missalis

1874 3830 1913 3915 g
1958 3833 2062 3914 ΙΙΙ,
2111 3847 2179 3897 ιι.
2228 3832 2295 3897 2.
2344 3828 2584 3897 Missam
2651 3825 2893 3895 debere
2959 3845 3097 3893 esse
3152 3826 3236 3893 de
3279 3826 3459 3894 Feria

1873 3926 1979 3985 aut
2041 3917 2122 3986 de
2169 3916 2394 4005 vigilia
2465 3934 2609 3985 cum
2657 3913 3266 3982 commemoratione
3325 3926 3457 3982 tum

1873 4016 2131 4072 octavae
2176 4016 2314 4072 tum
2361 4008 2735 4073 Sanctorum
2782 4002 3281 4070 occurrentium.
3336 4006 3459 4072 Ve-

1873 4111 2017 4162 rum
2064 4111 2211 4161 cum
2258 4091 2525 4162 dubium
2572 4091 2658 4160 de
2703 4090 2818 4159 hac
2863 4109 2937 4157 re
2968 4091 3304 4159 subortum
3348 4090 3455 4175 sit,

1872 4202 1942 4249 ac
1989 4201 2140 4249 usus
2173 4181 2403 4249 coloris
2435 4179 2700 4248 violacei
2744 4180 2827 4247 ali
2876 4197 3021 4245 uam
3056 4179 3119 4245 in
3150 4178 3456 4246 fidelibus

1870 4269 2350 4338 admirationem
2401 4268 2600 4358 pariat
2643 4268 2710 4334 in
2754 4266 2826 4332 iis
2874 4285 2979 4333 em
3025 4266 3292 4349 diebus;
3343 4270 3459 4335 Su·

1873 4356 2207 4446 periurissa
2256 4356 2626 4425 earumdem
2674 4354 3258 4424 sanctimonialium
3290 4376 3323 4421 a
3354 4358 3460 4423 Sa-

1872 4466 1976 4515 cra
2022 4444 2283 4515 Rituum
2316 4444 2824 4532 congregatione
2854 4443 3186 4511 humiliter
3230 4444 3456 4531 petiit:

1873 4535 2053 4601 Anne
2100 4544 2319 4601 octava
2350 4532 2701 4622 praedicta,
2735 4549 2881 4598 cum
2911 4530 2993 4597 sit
3021 4530 3457 4620 privilegiata,

1869 4621 2054 4722 sequi
2100 4620 2334 4689 debeat
2383 4621 2668 4709 regulam
2714 4634 3162 4700 communem;
3204 4621 3310 4688 vel
3356 4638 3459 4686 ae-

1871 4710 2186 4797 quiparari
2234 4709 2464 4778 debeat
2524 4718 2781 4775 octavae
2838 4708 3139 4799 Corporis
3197 4708 3456 4791 Christi,

1871 4799 1935 4865 in
1982 4816 2106 4883 qua
2153 4797 2325 4866 iuxta
2370 4797 2621 4866 citatam
2668 4793 3028 4883 Rubricam,
3078 4806 3459 4865 occurrente

1874 4885 2103 4973 Vigilia
2169 4886 2421 4973 aliqua,
2492 4882 2803 4953 celebrari
2870 4885 3066 4954 debet
3136 4885 3311 4952 Kissa
3372 4884 3458 4952 de

1871 4984 2089 5041 octava
2127 4993 2275 5042 cum
2320 4971 2925 5042 commemoratione
2973 4969 3286 5061 vigiliae?

2002 5066 2084 5129 Et
2129 5072 2439 5149 quatenus
2483 5060 2780 5147 negative
2811 5062 2888 5130 ad
2921 5061 3270 5129 secundam
3318 5081 3459 5151 par-
3562 5118 3567 5124 .

1875 5160 2032 5234 tem,
2051 5151 2427 5307 festulatur
2456 5149 2868 5251 privilegium
2906 5148 3274 5219 celebrandi
3321 5150 3457 5251 Mis·

1871 5257 2003 5307 sam
2097 5257 2134 5306 e
2181 5250 2395 5305 octava
2441 5242 2608 5307 Festi
2657 5243 2924 5327 Septem
2967 5239 3272 5307 Dolorum
3319 5240 3458 5306 Vir-

1872 5326 2036 5416 ginis
2068 5326 2132 5398 in
2163 5326 2361 5397 Feriis
2391 5348 2460 5397 ac
2485 5326 2756 5416 Vigiliis,
2782 5348 2944 5416 quae
2968 5327 3129 5399 infra
3161 5326 3456 5411 eamdem
