4042 5950
1588 309 2061 389 -475—

175 473 610 544 functionibus
664 467 1038 561 competere
1101 489 1284 537 usum
1350 468 1651 536 Breviarii
1696 489 1767 536 ac

175 561 460 645 Missalis,
496 582 566 629 ac
599 560 942 628 servandos
974 577 1110 625 esse
1142 558 1302 625 ritus
1335 567 1399 625 et
1430 559 1767 626 caeremo-

174 652 309 718 nias
367 649 661 718 eiusdem
719 646 971 717 Ordinis
1027 647 1103 715 ad
1167 648 1485 715 tramitem
1541 650 1759 713 const.

177 740 362 828 Xysti
386 742 586 826 Papae
609 742 689 806 tv
714 748 777 804 et
808 734 1074 802 aliorum
1111 738 1520 803 summorum
1554 734 1764 801 Ponti-

45 861 60 872 -
174 827 395 910 ficum,
443 845 564 894 nec
626 845 752 892 non
816 823 1080 891 concilii
1128 826 1185 891 Ἴ·
1226 822 1660 890 Lateranensis
1695 846 1756 891 ».

173 917 383 1002 Atque
436 914 519 980 ita
562 911 930 982 declaravit.

307 1004 418 1070 Die
466 1006 550 1071 20
599 1001 799 1070 Martii
853 1002 1046 1069 1869.

170 1146 441 1215 3206.
679 1145 1249 1212 nonsummum.
1534 1141 1758 1228 (stac)

303 1270 481 1333 quta
512 1265 840 1333 indultum
863 1283 989 1351 pro
1019 1265 1398 1332 reductione
1429 1267 1759 1330 Festorum

167 1355 298 1424 diei
347 1360 389 1422 9
436 1353 670 1441 Aprilis
720 1356 913 1437 1802,
962 1353 1326 1422 solemnitas
1385 1355 1758 1420 Sanctorum

168 1449 589 1511 Patronorum
652 1442 990 1510 cuiuslibet
1051 1440 1368 1508 Dioecesis
1416 1452 1482 1506 et
1536 1442 1761 1505 Paroe·

165 1532 304 1598 ciae
351 1530 734 1597 celebranda
780 1541 876 1595 est
924 1528 1242 1596 Dominica
1303 1529 1591 1614 proxima
1656 1547 1758 1594 oc·

168 1629 499 1686 currente.
551 1620 792 1685 Verum
827 1617 892 1684 in
922 1617 1207 1684 Dioecesi
1240 1615 1756 1684 Ruremuudensi

167 1727 322 1774 usus
355 1705 617 1773 invaluit
648 1703 1011 1774 celebrandi
1044 1705 1527 1773 solemnitatem
1559 1715 1756 1769 trans-

167 1796 359 1862 latam
403 1813 531 1861 non
581 1803 825 1859 tantum
871 1792 1111 1881 proprii
1160 1792 1403 1861 Patroni
1452 1793 1599 1859 Loci
1650 1791 1754 1857 ubi

165 1882 481 1966 habetur,
526 1880 644 1948 sed
699 1881 966 1969 insuper
1033 1880 1282 1947 Patroni
1337 1879 1748 1967 Dioeceseos;

167 1981 236 2036 et
282 1970 545 2055 quidem
604 1969 669 2035 in
730 1969 1026 2036 omnibus
1085 1968 1396 2036 Parochiis
1440 1969 1543 2035 vel
1601 1968 1757 2034 locis

169 2069 308 2125 tum
353 2058 688 2146 proprium
747 2060 1083 2123 Patronum
1147 2054 1562 2140 habentibus,
1618 2065 1753 2122 tum

168 2146 335 2213 forte
380 2163 507 2211 non
552 2143 953 2213 habentibus,
1007 2143 1159 2210 Aliis
1192 2145 1255 2211 in
1290 2144 1468 2228 locis,
1503 2153 1758 2233 praeter

137 2234 651 2301 'Solemnitatem
711 2233 956 2299 Patroni
1011 2233 1253 2321 proprii
1319 2233 1505 2316 Loci,
1557 2242 1756 2298 trans-

167 2323 375 2388 fertur
419 2320 797 2389 solemnitas
840 2321 1088 2387 Patroni
1132 2340 1247 2387 seu
1293 2320 1586 2388 Titularis
1640 2324 1756 2387 Ec·

166 2408 398 2477 clesiae
444 2408 841 2476 Parocbialis.
891 2408 1005 2487 Qui
1053 2408 1287 2476 diversi
1334 2427 1486 2475 usus
1536 2403 1790 2476 verisi-'

164 2497 410 2565 militer
453 2496 764 2584 originem
813 2496 1057 2564 ducunt
1111 2517 1143 2562 a
1209 2496 1461 2563 diversa
1506 2496 1752 2564 ratione

165 2586 630 2674 interpretandi
702 2585 858 2652 haec
918 2585 1154 2652 Indulti
1227 2582 1490 2673 praelati
1558 2584 1748 2651 verba

166 2676 557 2741 Sanctorum
587 2676 1029 2740 Patronorum
1063 2673 1412 2741 cuiuslibet
1442 2675 1757 2741 Dioeccst‘s

162 2773 224 2829 ot
271 2765 641 2829 paroeciae.
705 2761 800 2827 Ad
864 2761 1025 2828 banc
1073 2761 1269 2847 igitur
1314 2759 1752 2828 diversitatem

162 2850 534 2938 opinionum
581 2849 1097 2937 praecidendam,
1148 2869 1229 2916 ex
1277 2859 1456 2936 parte
1502 2850 1642 2915 Rmi
1673 2853 1747 2915 D.

157 2937 461 3029 Episcopi
505 2937 1051 3006 Ruremuudensis
1095 2939 1431 3005 Sacrorum
1490 2939 1749 3005 Rituum

154 3025 652 3114 congregationi
716 3025 1049 3109 sequentia
1113 3025 1435 3114 proposita
1490 3025 1752 3093 fuerunt

156 3115 394 3194 dubia;
444 3114 794 3181 nimirum:

293 3202 568 3270 Dubium
599 3206 645 3268 1.
674 3206 902 3270 Utrum
933 3204 991 3269 vi
1025 3201 1337 3290 praedicti
1370 3201 1602 3269 indulti
1628 3221 1746 3288 pro

155 3290 541 3358 reductione
586 3295 919 3358 Festorum
969 3290 1404 3359 transferenda
1450 3289 1531 3356 sit
1561 3291 1748 3357 unius

160 3390 407 3446 tantum
467 3378 716 3445 Patroni
776 3379 1157 3447 solemnitas
1217 3377 1483 3466 singulis
1530 3379 1594 3445 in
1640 3382 1746 3444 Pa-

157 3467 389 3534 roeciis
488 3467 684 3553 roprii
742 3466 987 3533 scilicet
1044 3467 1232 3554 Loci,
1282 3468 1332 3533 si
1394 3465 1746 3547 habeatur;

154 3575 262 3640 an,
314 3574 390 3621 eo
482 3553 801 3639 eliciente,
850 3552 1278 3623 Dioeceseos?
1322 3565 1386 3622 et
1433 3565 1748 3641 quatenus

153 3642 529 3711 affirmative
576 3642 655 3710 ad
699 3642 970 3730 primam
1027 3656 1302 3731 partem,

290 3730 565 3798 Dubium
614 3734 688 3798 ll.
740 3731 835 3797 An
882 3731 1208 3799 tollendus
1240 3733 1319 3798 sit
1350 3746 1456 3801 aut
1486 3750 1742 3800 serran-

154 3821 277 3888 dus
331 3838 484 3886 usus
542 3818 1000 3904 transferendi,
1052 3831 1308 3909 praeter
1366 3821 1743 3889 solemnita-

159 3918 293 3974 tem
324 3907 572 3973 Patroni
604 3907 847 3994 proprii
881 3908 1056 3993 Loci,
1092 3908 1577 3979 solemnitatem
1608 3907 1742 3975 sive

155 3995 404 4062 Patroni
451 3995 858 4079 Dioeceseos,
907 3995 1043 4061 sive
1103 3998 1351 4063 Patroni
1397 4017 1514 4065 seu
1571 3998 1741 4065 Titu-

158 4082 304 4151 laris
353 4081 670 4149 Ecclesiae
718 4082 1133 4169 parochialis?
1176 4097 1243 4151 et
1289 4098 1600 4171 quatenus
1633 4103 1743 4152 ne⁶

200 4172 397 4254 aare,

155 4187 198 4259 ⁸
287 4258 561 4325 Dubium
607 4261 708 4326 ΙΙΙ.
758 4262 1076 4337 Quaenam
1137 4272 1467 4346 praeterea
1531 4265 1742 4329 Patro·

156 4365 386 4501 nor?um
432 4346 808 4414 solemnitas
841 4347 1160 4415 transferri
1198 4349 1428 4416 debeat
1458 4362 1565 4416 aut
1597 4368 1740 4436 pos·

155 4437 236 4503 sit

289 4526 470 4590 Sacra
516 4543 673 4590 vero
722 4524 948 4591 eadem
995 4526 1442 4611 congregatio,
1496 4545 1563 4592 re
1611 4543 1738 4590 ma·

156 4624 299 4678 ture
346 4624 768 4699 accurateque
827 4630 1174 4700 perpensa,
1223 4613 1300 4678 ad
1367 4613 1739 4681 relationem

150 4699 493 4787 subscripti
563 4701 939 4783 Secretarii,
991 4700 1330 4789 propositis
1377 4700 1586 4769 dubiis
1640 4720 1740 4767 re-

148 4785 562 4855 scribendum
624 4789 910 4855 censuit:
960 4810 997 4853 «
1032 4789 1340 4857 standum
1410 4809 1548 4856 esse
1618 4794 1736 4856 De-

151 4886 330 4943 creto
390 4876 732 4943 cardinalis
792 4879 1097 4962 Caprara,
1149 4876 1268 4943 hoc
1315 4887 1411 4943 est
1475 4877 1738 4944 transfe-

147 4963 413 5031 rendam
447 4982 586 5031 esse
610 4963 1092 5032 Solemnitatem
1124 4965 1369 5031 Patroni
1394 4964 1528 5031 sive
1554 4964 1733 5033 Dioe-

150 5070 371 5119 ceseos
416 5050 550 5117 sive
600 5051 937 5141 peculiaris
983 5052 1265 5121 Civitatis
1319 5053 1394 5119 ad
1457 5053 1734 5120 Domini·

150 5158 287 5206 cam
336 5139 776 5224 insequentem
812 5165 875 5207 ι.
923 5144 1132 5226 Atque
1178 5139 1262 5206 ita
1296 5141 1641 5228 rescripsit.

283 5228 395 5294 Die
442 5232 527 5295 20
570 5229 771 5295 Martii
826 5232 1016 5298 1869.

286 5426 366 5499 (ι)
407 5428 466 5485 s.
504 5426 646 5487 nub.
686 5429 726 5487 1.

1868 463 2124 538 3207.
2455 468 2878 535 TOLOSANA.

2001 643 2493 731 Archiepiscopo
2539 644 2847 712 Tolosano
2895 644 3257 731 exquirenti
3298 662 3457 712 num

1866 732 2108 821 possint
2155 731 2415 799 clericis
2463 733 2747 821 permitti
2792 731 3107 800 Breviaria
3150 752 3314 820 quae
3355 752 3456 800 se-

1871 819 2097 909 paratis
2143 819 2376 886 foliolis
2423 830 2764 900 constent;

1998 910 2182 975 Sacra
2207 907 2465 976 {lituum
2497 910 2920 997 congregatio
2944 909 3297 977 rescribere
3322 919 3453 976 rata

1868 1007 1964 1063 est
1995 1018 2011 1060 ι
2062 1018 2101 1060 ‹
2134 1000 2273 1064 Non
2306 1016 2446 1064 esse
2476 997 2843 1064 huiusmodi
2874 998 3157 1066 Clericus
3203 997 3451 1084 inquie-

1869 1085 2090 1152 tandos
2124 1105 2188 1150 ν.

1998 1170 2110 1240 Die
2156 1175 2241 1240 20
2289 1174 2488 1240 Martii
2541 1176 2734 1243 1869.

1864 1349 2130 1418 3208.
2444 1351 2883 1428 QUEBECEN.

3226 466 3453 555 (scas)

3222 1350 3449 1439 (5439)

1994 1528 2191 1591 umus
2236 1528 2307 1591 D.
2360 1525 2725 1592 Frauciscus
2786 1523 3130 1592 Baillarzen
3186 1524 3449 1592 Archie-

1864 1613 2159 1700 piscopus
2205 1614 2569 1691 Quebecen.
2620 1615 2842 1680 Sacrae
2875 1613 3136 1680 Rituum
3168 1617 3449 1700 Congre-

1863 1700 2097 1788 gationi
2144 1719 2421 1786 sequens
2456 1700 2747 1768 exhibuit
2780 1700 3071 1785 dubium,
3104 1700 3444 1769 nimirum:

1862 1791 2090 1856 Utrum
2140 1789 2205 1855 in
2237 1789 2527 1858 Parocbia
2561 1790 2624 1855 in
2657 1809 2780 1876 qua
2811 1799 3066 1875 praeter
3099 1789 3443 1856 Parocbum

1862 1876 2079 1943 nullus
2111 1888 2203 1943 est
2233 1877 2391 1943 alius
2437 1877 2766 1961 Sacerdos,
2799 1880 2849 1944 si
2886 1877 2947 1943 in
2981 1877 3210 1945 diebus
3239 1878 3449 1946 Sancti

1861 1965 2046 2031 Marci
2096 1975 2159 2031 et
2207 1966 2624 2052 Rogatiouum
2674 1977 2740 2030 et
2786 1965 2850 2032 in
2882 1965 3106 2056 vigilia
3150 1969 3451 2033 Penteco-

1859 2063 1988 2119 stes
2036 2063 2326 2119 occurrat
2370 2053 2725 2140 sepultura,
2776 2072 2937 2140 quae
2984 2053 3308 2141 anticipari
3340 2056 3447 2122 vel

1860 2139 2101 2208 differri
2163 2159 2292 2209 uon
2349 2142 2581 2228 possit,
2633 2140 2915 2209 facienda
2976 2142 3058 2208 sit
3115 2144 3447 2231 sepultura

1859 2229 1995 2296 sine
2060 2230 2235 2296 Missa
2296 2229 2791 2316 defunctorum3
2854 2249 2933 2297 an
2993 2232 3205 2317 potius
3259 2231 3448 2298 omit-

1862 2317 2048 2383 tenda
2096 2316 2341 2384 iunctio
2388 2316 2543 2401 diei,
2594 2317 2695 2383 vel
2742 2318 2971 2385 saltem
3019 2320 3195 2385 Missa
3257 2320 3447 2387 huius

1857 2404 2223 2558 sunctiqnis,
2259 2415 2329 2472 ut
2374 2406 2550 2472 Missa
2597 2425 2716 2494 pro
2755 2408 3084 2494 sepultura
3132 2405 3441 2474 celebrari

1975 2505 2056 2559 stt

1857 2512 2067 2649 posEt
2112 2585 2295 2650 Sacra
2343 2586 2604 2651 Rituum
2648 2583 3099 2671 congregatio,
3151 2584 3228 2651 ad
3279 2583 3441 2651 rela-

1859 2669 2099 2737 tionem
2142 2669 2478 2760 subscripti
2523 2671 2886 2756 secretarii,
2922 2673 3277 2741 rescribere
3311 2681 3442 2738 rata

1858 2768 1952 2824 est
1982 2780 1999 2824 2
2050 2781 2088 2822 ι
2120 2759 2538 2845 Affirmative,
2573 2760 2649 2827 ad
2685 2761 2953 2849 primam
2999 2772 3287 2846 partem;
3321 2763 3443 2827 Ne—

1855 2846 2093 2932 gatire,
2126 2848 2203 2915 ad
2234 2848 2576 2916 secundam
2612 2859 2676 2914 et
2719 2850 2970 2916 tertiam
3002 2870 3065 2915 ν.
3118 2850 3326 2936 Atque
3360 2850 3443 2915 ita

1856 2934 2179 3023 rescripsit
2227 2944 2293 3002 et
2335 2935 2573 3002 servari
2620 2938 2960 3006 mandavit.

1984 3025 2100 3090 Die
2148 3028 2185 3092 3
2232 3024 2374 3091 Iulii
2425 3027 2653 3111 1869.-

1853 3166 2118 3235 3209.

1985 3290 2211 3357 Paulus
2255 3289 2445 3359 Sitius
2493 3291 2841 3358 canonicus
2885 3292 3276 3360 cathedralis
3321 3297 3439 3360 Ec·

1854 3381 2086 3447 clesiae
2108 3383 2444 3446 Dertusen.
2477 3390 2541 3445 et
2564 3378 2850 3445 Director
2870 3380 3219 3448 calendarii
3251 3383 3438 3448 Dioe·

1849 3487 2066 3535 ceseos
2113 3469 2539 3534 vehementer
2583 3466 2895 3536 sollicitus
2942 3478 3014 3534 ut
3046 3487 3209 3554 quae
3242 3471 3319 3538 ad
3351 3490 3440 3535 sa·

1847 3573 2017 3622 cram
2063 3554 2413 3642 Liturgiam
2458 3565 2748 3655 spectant
2793 3556 2917 3623 rite
2966 3566 3031 3623 et
3077 3558 3434 3626 secundum

1849 3644 2170 3727 ordinem,
2221 3653 2596 3731 praesertim
2644 3645 2708 3711 in
2752 3644 3260 3732 cathedralibus,
3294 3666 3439 3734 per·

1849 3742 2141 3819 agantur,
2191 3733 2273 3800 de
2320 3750 2629 3800 consensu
2675 3733 2771 3800 sui
2803 3732 2944 3799 Rffii
2977 3735 3302 3837 Episcopi,
3335 3739 3437 3802 Sa-

1848 3839 2104 3887 crorum
2135 3820 2395 3887 Rituum
2426 3822 2919 3909 congregationi
2951 3835 3284 3909 sequentia
3317 3823 3432 3890 du·

1848 3909 1948 3976 bia
1994 3909 2375 3976 resolvenda
2422 3911 2797 3997 proposuit:
2848 3910 2943 4010 (1)

1980 3996 2254 4065 Dubium
2314 4000 2361 4063 1.
2437 4001 2530 4064 Ex
2600 4016 3011 4067 concessione
3074 4000 3433 4087 Apostolica

1849 4084 1973 4152 diei
2007 4088 2050 4153 9
2082 4085 2217 4151 Maii
2257 4088 2423 4153 1867
2472 4086 2837 4161 celebratur
2880 4087 2945 4153 in
2991 4087 3106 4154 bac
3152 4087 3432 4155 Dioecesi

1847 4173 2169 4241 Dominica
2199 4173 2400 4260 prima
2432 4173 2828 4263 septembris
2860 4175 2986 4241 ritu
3020 4175 3264 4262 duplici
3308 4176 3434 4265 pri-

1849 4280 1987 4328 mae
2034 4261 2243 4328 classis
2288 4266 2549 4330 Festum
2577 4265 2646 4328 B.
2684 4266 2766 4328 M.
2805 4265 2876 4331 V.
2910 4264 2983 4329 ds
3018 4266 3319 4350 Cin9u103
3349 4265 3434 4332 de

1846 4368 1972 4435 quo
2005 4358 2183 4415 antea
2218 4348 2410 4416 flebat
2456 4351 2775 4418 Dominica
2820 4352 3101 4419 secunda
3145 4352 3433 4421 Octobris

1842 4439 1960 4506 sub
2007 4437 2133 4503 ritu
2181 4437 2424 4525 duplici
2472 4438 2790 4505 secundae
2837 4440 3073 4507 classis.
3146 4443 3435 4508 lamvero

1843 4525 2339 4593 confraternitas
2387 4526 2674 4594 eiusdem
2724 4525 2998 4614 Virginis
3043 4530 3115 4595 de
3157 4529 3433 4615 cingulo

1845 4615 1908 4680 in
1977 4614 2093 4681 bac
2159 4614 2520 4682 cathedrali
2599 4614 2881 4683 Ecclesia
2950 4617 3183 4684 cantari
3252 4630 3431 4685 curat

1842 4702 2213 4789 quotannis,
2264 4700 2349 4769 ob
2407 4702 2821 4771 devotionem
2886 4718 2950 4772 et
3008 4706 3169 4793 grati
3235 4705 3430 4773 animi

1840 4808 2123 4873 sensum,
2172 4801 2317 4878 post
2362 4789 2534 4857 diem
2582 4792 2961 4859 Festivitatis
2991 4792 3431 4861 novemdiales

1843 4877 2082 4963 Missas,
2132 4896 2296 4963 quae
2358 4880 2543 4945 etiam
2605 4879 2832 4947 diebus
2878 4881 3239 4970 duplicibus
3284 4901 3427 4949 can-

1844 4976 2091 5051 tantur,
2140 4977 2459 5054 tamquam
2522 4968 2808 5052 votivae,
2868 4969 2951 5036 de
3007 4969 3144 5058 ipso
3211 4975 3422 5055 Festo,

1841 5054 2019 5121 cuius
2078 5054 2252 5120 Missa
2316 5066 2412 5121 est
2472 5056 2659 5123 Salve
2700 5067 2931 5124 sancta
2978 5061 3224 5125 Parem
3281 5077 3429 5126 cum

1836 5142 2130 5209 Oratione
2189 5142 2479 5230 propria,
2534 5144 2759 5211 Gloria
2805 5157 2870 5211 et
2921 5147 3154 5228 Gred05
3203 5159 3269 5214 et
3323 5168 3427 5214 oe-

1842 5230 2172 5297 lehrantur
2240 5240 2383 5319 post
2424 5233 2681 5311 ¹Nonam
2747 5254 2777 5297 a
2838 5232 3257 5321 Dignitatibus
3319 5236 3427 5302 rel

2426 3169 2865 3236 DERTUSEN.
3210 3170 3436 3257 (5441)
