4042 5950
1552 263 2026 348 -367-

128 433 455 503 industria
510 452 701 523 apum
748 430 966 499 labore
1013 429 1388 510 confectam
1439 440 1504 498 et
1548 428 1742 495 inter·

126 524 282 591 dum
335 542 427 589 ex
480 520 844 609 Apostolica
874 520 1060 587 venia
1092 518 1465 602 indulserit,
1498 529 1569 583 ut
1598 516 1738 582 His-

124 610 391 678 sionarii
443 621 714 698 possent
759 607 852 676 uti
900 609 1046 675 oleo
1093 606 1159 674 in
1202 605 1418 673 nissae
1456 603 1739 673 celebra-

129 700 303 765 tione
357 699 517 765 loco
563 717 776 782 cerae,
818 708 885 763 et
929 695 1273 763 deficiente
1323 694 1513 762 etiam
1560 694 1734 777 oleo,

124 787 554 854 celebrarent
576 786 815 872 absque
841 784 1219 863 luminibus;
1254 792 1530 849 attamen
1561 800 1739 868 prae-

128 876 328 942 terire
362 874 672 961 nequivit
718 872 994 940 fervidas
1034 890 1259 960 preces
1288 871 1734 957 operariorum

126 964 683 1053 Evangelicorum
730 962 796 1029 in
841 960 1075 1030 dissitis
1120 970 1184 1026 et
1230 959 1438 1027 adbuc
1476 976 1736 1026 nascen-

130 1054 298 1120 tibus
347 1051 569 1120 Sacris
609 1049 1008 1117 missionibus
1035 1048 1103 1115 in
1131 1047 1426 1131 Oceania,
1460 1064 1735 1133 quorum

126 1140 397 1208 nomine
450 1136 897 1228 exponebatur
942 1137 1059 1205 sibi
1113 1155 1287 1225 pene
1342 1135 1432 1203 im
1482 1133 1735 1201 ossibile

129 1247 264 1295 esse
323 1246 461 1316 pro
523 1230 931 1296 Sacrosancto
992 1225 1214 1292 Missae
1259 1222 1427 1292 Sacri
1480 1224 1578 1290 cio
1628 1220 1733 1288 vel

128 1335 342 1385 ceram
392 1314 509 1383 vel
559 1314 777 1382 oleum
823 1331 1217 1403 comparare,
1250 1324 1324 1379 ut
1360 1312 1481 1379 iam
1531 1312 1733 1399 impe·

132 1414 368 1473 tratum
424 1403 758 1471 indultum
802 1421 922 1490 pro
968 1402 1114 1471 oleo
1162 1403 1304 1469 loco
1342 1419 1526 1467 cerae
1556 1398 1733 1467 adhi-

130 1493 344 1560 bendo
422 1491 795 1559 executioni
862 1491 1250 1559 demandare
1320 1488 1595 1556 valeant.
1653 1492 1735 1555 Et

131 1601 329 1667 quum
379 1579 709 1667 operariis
755 1579 904 1668 ipsis
949 1598 1078 1646 non
1123 1597 1349 1665 parum
1395 1577 1732 1663 displiceat

131 1670 373 1756 absque
423 1666 848 1735 luminaribus
891 1670 1368 1734 Sacrosanctum
1401 1665 1732 1733 celebrare

131 1756 563 1840 Sacrificium,
613 1775 684 1823 ac
726 1754 956 1821 iisdem
998 1754 1256 1822 difficile
1289 1752 1497 1822 minus
1545 1772 1733 1841 appa-

135 1856 264 1910 reat
330 1865 415 1912 ex
484 1841 866 1932 piscatione,
929 1862 1091 1929 quae
1149 1842 1235 1909 ibi
1296 1842 1648 1911 instituitur
1700 1860 1734 1905 a

132 1931 561 2000 societatibus
606 1931 944 1998 Balneariis
975 1930 1277 2018 consequi
1322 1931 1733 1999 candelarum

134 2021 387 2088 illarum
439 2019 845 2107 qualitatem,
895 2037 1057 2106 quae
1104 2019 1396 2107 pluribus
1425 2020 1492 2087 in
1523 2019 1733 2106 regio-

133 2108 314 2176 nibus
360 2118 524 2177 sunt
569 2107 636 2174 in
684 2128 828 2193 usu,
864 2127 1153 2194 quaeque
1203 2108 1618 2175 efformantur
1650 2126 1731 2173 ex

135 2198 275 2263 oleo
321 2215 446 2264 seu
496 2196 688 2283 adipe
735 2196 886 2282 ceti,
936 2196 1193 2284 praevia
1231 2194 1583 2265 necessaria
1616 2215 1732 2285 pu·

132 2284 525 2369 rificatione,
575 2295 644 2352 et
687 2285 1116 2352 communiter
1174 2285 1565 2371 Spcrmacctt’
1624 2302 1732 2371 ap·

137 2374 517 2462 pellantur;
587 2372 814 2440 barum
875 2391 1060 2441 usum
1115 2373 1182 2440 in
1240 2393 1411 2441 sacra
1480 2371 1729 2439 actione

134 2462 245 2529 sibi
307 2461 610 2548 permitti
671 2461 979 2528 instanter
1042 2460 1417 2548 efflagitant,
1482 2479 1561 2526 eo
1621 2461 1729 2526 vel

136 2548 328 2637 magis
374 2549 532 2635 quia
580 2569 661 2616 ex
710 2550 1089 2617 eorumdem
1150 2547 1554 2640 depositione
1614 2547 1732 2614 hu-

140 2637 411 2704 iusmodi
461 2637 770 2705 candelae
819 2636 900 2703 ob
943 2638 1245 2724 nitorem,
1285 2639 1630 2725 puritatem
1665 2647 1732 2703 et

139 2728 345 2792 lucem
395 2726 622 2813 lingua
668 2726 774 2793 illa
814 2725 1222 2793 nominantur
1252 2729 1521 2811 Boacias
1551 2729 1592 2793 ὰ
1624 2725 1728 2794 l’e·

143 2813 303 2881 totle.
356 2820 439 2882 Et
490 2815 789 2901 quoniam
839 2813 1050 2881 eidem
1098 2816 1321 2881 Sacrae
1367 2817 1730 2902 Congrega·

144 2900 287 2967 tioni
337 2903 425 2970 de
477 2907 597 2970 Pro
683 2902 882 2992 ganda
927 2899 1107 2987 Fide,
1155 2912 1498 2991 antequam
1544 2903 1730 2989 quid·

144 3009 324 3075 quam
372 2993 441 3059 in
489 3012 562 3060 re
658 3001 1033 3074 ecerneret,
1082 2991 1320 3079 placuit
1383 2990 1572 3059 buius
1624 2996 1729 3061 Sa·

144 3097 275 3147 crae
321 3080 591 3148 nimum
639 3079 1162 3168 congregationis
1211 3090 1433 3147 votum
1481 3088 1547 3146 et
1583 3099 1726 3147 sen·

144 3167 401 3235 tentiam
450 3170 838 3256 exquirere;

269 3256 769 3325 Eminentissimi
817 3267 886 3324 et
928 3257 1473 3325 Reverendissimi
1515 3261 1728 3324 Patres

146 3345 339 3413 Sacris
395 3345 661 3414 tuendis
712 3343 961 3413 Ritibus
1019 3346 1390 3433 praepositi,
1441 3345 1505 3412 in
1548 3345 1728 3414 Ordi-

144 3433 310 3499 nario
354 3437 567 3502 coetu
597 3435 674 3502 ad
707 3434 1076 3506 Vaticanum
1126 3432 1436 3501 hodierna
1482 3434 1591 3501 die
1624 3452 1728 3501 co-

144 3519 418 3607 adunati,
453 3523 668 3592 audita
696 3542 730 3587 a
760 3522 1119 3610 subscripto
1162 3523 1516 3590 Secretario
1547 3520 1726 3590 fideli

144 3608 446 3677 relatione
495 3610 913 3697 cribratisque
960 3621 1208 3677 maturo
1254 3610 1545 3678 examine
1608 3609 1728 3677 cir-

146 3699 534 3766 cumstantiis
570 3698 837 3786 singulis
872 3699 937 3765 in
966 3699 1111 3765 facti
1148 3697 1545 3787 expositione
1578 3717 1727 3765 con-

148 3788 574 3872 currentibus,
625 3786 981 3855 rescribere
1027 3798 1463 3854 censuerunt:

267 3895 305 3938 ι
338 3875 726 3960 Affimative,
774 3894 890 3943 seu
938 3875 1226 3964 permitti
1276 3893 1490 3961 posse,
1541 3874 1724 3943 dum·

149 3962 331 4029 modo
378 3983 610 4052 preces
654 3964 923 4030 veritate
969 3963 1255 4031 nitantur
1282 3985 1348 4031 ν.

272 4051 379 4119 Die
416 4056 452 4120 7
489 4051 884 4139 Septembris
921 4053 1111 4119 1880.

150 4186 399 4260 2988.
772 4193 1092 4261 Anium.
1492 4194 1721 4280 (5152)

191 4397 203 4408 ι
268 4313 473 4391 Quum
521 4315 829 4383 Sacerdos
862 4315 1359 4403 symphorianus
1390 4320 1591 4382 lorma
1624 4315 1723 4383 ci-

150 4403 344 4469 vitatis
393 4404 650 4492 Rodigii
708 4404 769 4470 in
816 4404 1103 4472 Dioecesi
1147 4403 1412 4472 Adrion.
1472 4407 1722 4471 Sacram

152 4486 398 4558 Rituum
432 4492 1007 4582 congregationem
1049 4492 1412 4560 humillime
1458 4508 1724 4579 rogave·

155 4572 253 4659 rit,
298 4590 367 4645 ut
430 4581 908 4667 insequentium
963 4580 1306 4649 dubiorum
1352 4579 1722 4648 declaratio·

152 4677 286 4728 nem
334 4667 570 4737 elicere
617 4668 1030 4759 dignaretur;
1079 4668 1424 4737 nimirum:

277 4756 339 4820 1.
367 4760 466 4823 An
499 4756 564 4824 in
600 4757 799 4826 Feriis
840 4758 1395 4844 Quadragesimae,
1443 4757 1723 4835 Quatuor

154 4836 527 4933 'lssempornm
562 4857 628 4912 et
650 4845 1051 4934 Vigiliarum,
1089 4856 1346 4933 praeter
1366 4848 1594 4912 Preces
1626 4843 1719 4912 ie·

161 4925 327 5024 noles
394 4931 457 5000 in
525 4934 735 5002 choro
805 4934 1106 5002 dicendas
1172 4932 1357 5000 flexis
1422 4932 1718 5020 genibus,

159 5019 332 5083 etiam
355 5021 1002 5090 commemorationes
1031 5024 1406 5090 Sanctorum
1436 5039 1553 5087 seu
1576 5019 1718 5088 Sui-

159 5093 337 5189 fragia
381 5109 689 5178 dicendae
734 5111 860 5178 sint
908 5110 1091 5178 flexis
1136 5106 1460 5199 genibus?

277 5194 338 5258 2.
387 5202 483 5265 An
529 5198 593 5265 in
639 5198 816 5265 Missa
861 5200 1115 5285 quando
1162 5197 1396 5265 dicitur
1424 5198 1634 5266 Oratio
1664 5199 1719 5262 A

166 5286 425 5368 cunctis,
459 5304 577 5373 pro
608 5286 794 5355 tertia
823 5286 1121 5356 Oratione
1174 5285 1252 5352 ad
1302 5284 1580 5370 libitum,
1613 5286 1721 5353 vel

167 5379 476 5459 ¹mperata,
509 5375 709 5463 possit
750 5374 902 5461 poni
933 5375 1139 5444 Oratio
1172 5373 1496 5442 Ecclesiae
1541 5385 1718 5458 tuac,

1839 426 2010 513 quod
2062 425 2225 493 circa
2257 424 2453 493 finem
2484 424 2549 493 in
2577 422 2792 494 verbis
2825 443 2971 492 cum
3017 419 3218 513 prima
3250 440 3418 513 pene

1838 513 2238 583 concordat?

1971 606 2037 671 3.
2087 605 2184 669 An
2243 601 2531 671 Officium
2594 600 3014 669 Dedicationis
3076 601 3180 667 vel
3246 601 3418 669 Titu-

1838 691 1984 759 laris
2029 690 2296 759 alicuius
2354 689 2675 759 Ecclesiae
2775 689 3103 757 arochialis
3150 689 3422 758 recitan-

1838 780 1993 848 dum
2047 781 2252 851 ,etiam
2318 780 2402 846 sit
2469 779 2535 846 in
2600 781 2726 846 Ecc
2752 778 2901 844 esiis
2955 777 3060 846 vel
3125 780 3422 846 oratoriis

1837 866 2194 936 subiectis?
2239 866 2247 889 ⁸

1971 959 2033 1023 4.
2069 957 2166 1024 An
2207 966 2464 1023 utentes
2509 956 2706 1042 vulgo
2737 956 3247 1040 Zanfarda,·seu
3280 955 3417 1043 pel·

1837 1045 2004 1112 libus
2049 1043 2114 1110 in
2162 1044 2465 1128 brachiis»,
2525 1042 2799 1111 debeant
2860 1043 2999 1111 illas
3060 1043 3416 1132 deponere,

1835 1133 1994 1201 dum
2043 1131 2324 1221 pluviale
2367 1140 2612 1200 tantum
2658 1129 3034 1201 assumunt?

1967 1225 2036 1287 ὅ.
2086 1223 2183 1286 An
2228 1223 2408 1289 Sacra
2454 1224 2819 1311 Paramenta
2857 1220 3088 1288 coloris
3117 1220 3291 1287 aurei
3325 1222 3418 1291 in-

1833 1309 2087 1465 sezvire?
2138 1309 2379 1398 possint
2438 1329 2556 1397 pro
2616 1306 2933 1377 coloribus
2985 1307 3151 1395 albo,
3201 1309 3416 1395 viridi,

1836 1417 1912 1464 ru
1962 1418 2031 1464 ro

1967 1489 2035 1571 6,
2083 1490 2179 1553 An
2224 1484 2432 1554 Oratio
2479 1489 2643 1553 Deus
2678 1488 2798 1571 qui
2828 1486 3007 1553 uobis
3037 1485 3150 1554 sub
3183 1486 3418 1554 Sacra-

1832 1585 2041 1642 mento
2089 1575 2403 1657 mirabili,
2456 1573 2755 1642 concludi
2801 1574 3032 1643 debeat
3074 1593 3197 1663 per
3225 1577 3419 1643 verba

1841 1664 1969 1740 Qui
2027 1666 2194 1731 vivis
2246 1674 2307 1730 et
2362 1684 2590 1750 reynaa
2647 1667 2721 1730 in
2776 1664 3090 1744 saecula3
3148 1665 3255 1731 vel
3300 1683 3418 1754 per

1834 1750 2028 1817 verba
2079 1753 2206 1829 Qui
2254 1754 2419 1818 vivis
2470 1763 2532 1819 et
2585 1770 2814 1836 requos
2861 1771 2977 1838 per
3022 1756 3239 1819 omnia
3283 1773 3418 1820 aaa·

1833 1839 1986 1906 cula
2033 1839 2485 1907 saeculorum?

1966 1931 2045 1994 Et
2091 1931 2276 1997 Sacra
2320 1928 2582 1998 Rituum
2630 1929 3080 2016 congregatio,
3125 1929 3202 1996 ad
3250 1928 3418 1997 Vati-

1834 2034 2064 2083 canum
2113 2016 2417 2084 hodierna
2478 2016 2586 2085 die
2636 2017 2700 2084 in
2745 2016 3090 2084 ordinariis
3133 2017 3418 2086 comitiis

1833 2106 2127 2188 adunata,
2180 2105 2391 2172 audita
2450 2105 2758 2174 relatione
2804 2126 2838 2171 a
2882 2104 3240 2193 subscripto
3306 2108 3418 2173 Se-

1833 2192 2104 2260 cretario
2148 2194 2331 2277 iacta,
2379 2205 2525 2281 post
2564 2194 2852 2261 omnium
2882 2193 3005 2261 rite
3051 2193 3414 2261 institutum

1833 2298 2131 2363 examen,
2178 2282 2701 2370 respondendum
2747 2281 3041 2352 censuit:

1963 2368 2060 2436 Ad
2117 2375 2176 2437 1.
2227 2390 2266 2435 ι
2298 2371 2692 2438 Affirmative
2724 2393 2788 2439 ι».

1962 2458 2060 2525 Ad
2107 2462 2171 2526 2.
2224 2479 2263 2524 c
2294 2458 2686 2526 Affirmative
2720 2481 2783 2527 ι».

1963 2545 2059 2612 Ad
2110 2551 2179 2615 3.
2225 2567 2264 2612 «
2297 2550 2477 2615 quta
2515 2549 2666 2615 alias
2696 2549 2980 2634 decreta,
3014 2569 3046 2615 a
3076 2547 3266 2615 clero
3296 2552 3420 2616 Ecae

1829 2633 2062 2700 clesiae
2111 2645 2356 2702 tantum
2387 2655 2451 2704 a.

1962 2721 2059 2790 Ad
2111 2727 2174 2792 4.
2224 2744 2262 2787 ι
2294 2724 2688 2793 Affirmative
2720 2747 2783 2791 ι».

1963 2811 2059 2878 Ad
2109 2817 2172 2880 Β.
2225 2833 2263 2876 «
2296 2816 2391 2880 Ne
2438 2814 2603 2881 ative
2639 2836 2702 2881 ι».

1963 2898 2059 2965 Ad
2109 2904 2172 2968 6.
2226 2921 2264 2964 «
2295 2902 2347 2966 A
2420 2902 2725 2988 rmative,
2787 2901 2864 2969 ad
2934 2902 3206 2990 primam
3273 2921 3415 2990 par·

1835 3000 2013 3075 tem;
2064 2989 2395 3077 Negative,
2445 2990 2521 3059 ad
2568 2992 2912 3060 secundam
2952 3013 3014 3059 ›.

1959 3077 2172 3164 Atque
2233 3076 2316 3144 ita
2377 3079 2754 3147 rescribere·
2794 3081 3040 3149 censuit
3094 3089 3158 3147 et
3203 3079 3413 3147 decla-

1832 3183 2050 3231 rare.=

1962 3253 2076 3320 Die
2122 3257 2209 3324 29
2253 3255 2453 3322 Martii
2508 3259 2699 3325 1851.

1833 3392 2088 3462 298⁷.
2481 3398 2763 3465 ALBEN.

1961 3519 2261 3587 Precibus
2322 3520 2460 3588 Rmi
2526 3519 2823 3622 Episcopi
2889 3520 3124 3588 Alben.
3190 3519 3411 3608 exqui-

1831 3607 2031 3675 rentis
2076 3607 2350 3692 veniam,
2385 3620 2457 3675 ut
2505 3607 2569 3675 in
2613 3611 2814 3675 Festus
2858 3608 3065 3676 minus
3110 3609 3412 3677 solemni-

1829 3696 1946 3763 bus
2013 3695 2150 3785 ipse
2216 3696 2414 3784 possit
2489 3696 2819 3786 impertire
2894 3697 3410 3766 benedictionem

1829 3781 2216 3852 Sanctissimi
2262 3785 2649 3852 Sacramenti
2695 3787 2825 3853 sola
2878 3804 3076 3940 capga
3123 3786 3409 3873 indat-ua,

1827 3873 1993 3940 sicut
2037 3870 2116 3938 ab
2162 3872 2647 3942 immemorabili
2693 3892 2843 3941 suae
2877 3877 2988 3942 cat
3035 3873 3267 3942 edralis
3298 3877 3411 3941 ca-

1826 3959 2089 4061 nonicos
2119 3980 2310 4050 agere
2341 3963 2591 4047 asserit,
2617 3962 2997 4050 rescriptum
3031 3960 3189 4029 fuit:
3224 3982 3263 4027 ι
3288 3966 3412 4030 Ne·

1828 4061 2043 4137 gattve
2074 4072 2141 4115 ».
2410 4075 2416 4080 ·

1958 4138 2092 4205 Die.
2120 4141 2205 4208 29
2249 4137 2456 4226 Martii
2503 4143 2698 4207 1851.

1830 4280 2091 4349 2988.
2460 4282 2777 4348 munau.
3182 4280 3408 4370 (5155)

1959 4404 2318 4489 interdum,
2348 4403 2549 4471 veluti
2581 4404 2700 4471 hoc
2727 4404 2861 4492 ipso
2893 4416 3188 4471 vertente
3216 4423 3406 4490 anno,

1826 4492 2346 4561 Anniversarium
2367 4492 2789 4561 Dedicationis
2814 4491 3075 4579 insignis
3095 4492 3409 4582 Collegia·

1829 4594 1927 4649 tae
1960 4580 2282 4648 Ecclesiae
2322 4584 2551 4648 Beatae
2591 4581 2817 4647 Mariae
2862 4579 3143 4668 Virginis
3174 4582 3257 4649 de
3290 4585 3409 4649 Re-

1828 4668 2042 4737 medio
2070 4667 2134 4736 in
2158 4668 2425 4737 civitate
2456 4668 2746 4736 Ianuensi
2780 4668 3056 4735 occurrit
3079 4669 3186 4737 die
3210 4672 3410 4738 xxlx

1827 4757 2021 4841 Iunii,
2084 4756 2390 4825 nimirum
2451 4757 2515 4826 in
2573 4757 2975 4824 solemnitate
3035 4759 3410 4825 Sanctorum

1823 4845 2279 4933 Apostolorum
2323 4845 2492 4912 Petri
2540 4855 2605 4912 et
2650 4844 2843 4911 Pauli.
2886 4846 3097 4923 Quum
3127 4864 3283 4912 vero
3315 4845 3409 4912 in-

1826 4943 2076 4999 certum
2121 4933 2203 5000 sit
2249 4933 2571 5019 quodnam
2604 4952 2685 5001 ex
2715 4932 2966 5000 duobus
2993 4932 3221 5001 Officiis
3251 4933 3409 5000 ritus

1824 5019 2099 5109 duplicis
2157 5020 2405 5109 primae
2467 5021 2675 5090 classis
2734 5040 2880 5089 cum
2932 5033 3145 5088 octava
3209 5032 3408 5088 trans-

1826 5107 1980 5176 ferri
2011 5108 2283 5195 debeat3
2327 5128 2410 5177 ex
2442 5123 2619 5199 parte
2649 5119 3040 5177 memoratae
3087 5108 3409 5177 Ecclesiae

1824 5196 2098 5284 Capituli
2160 5199 2382 5266 Sacrae
2429 5198 2691 5268 Rituum
2735 5197 3228 5300 congregationi
3289 5217 3407 5287 pro

1828 5295 2186 5373 opportuna
2247 5286 2674 5354 declaratione
2734 5296 3066 5373 sequentia
3127 5287 3407 5357 exhibita

1825 5375 2091 5442 fuerunt
2136 5372 2370 5461 dubia5
2417 5373 2764 5448 nimirum:

3182 3398 3408 3486 (5153)
