4042 5950
1581 258 2054 337 ..283-

174 415 439 505 plenda,
490 424 554 484 et
599 416 774 485 iuxta
818 417 1156 506 praecitata
1201 422 1504 497 Decreta;
1538 437 1754 504 neque

169 505 549 594 Amplitudo
595 510 724 573 'l'ua
780 506 1054 596 amplius
1098 506 1218 573 hoc
1279 506 1642 595 permittat,
1690 526 1756 572 o-

171 611 526 679 mnemque
600 594 968 662 facultatem
1033 613 1231 681 super
1297 615 1365 661 re
1434 594 1756 662 Praefecto

170 681 366 748 chori
416 681 686 749 adimat:
745 682 907 749 adeo
962 694 1032 752 ut
1077 682 1144 749 in
1189 692 1519 783 posterum
1565 682 1754 750 nulli-

170 768 372 836 mode
415 770 724 857 nulloque
770 770 834 838 in
881 791 1028 839 casu
1074 770 1323 838 initium
1376 769 1603 839 babeat
1652 789 1755 838 re-

170 856 391 958 citatio
434 861 742 925 Horarum
790 861 1018 926 Sextae
1052 868 1116 925 et
1144 862 1360 960 Nouae
1409 858 1473 960 in
1518 858 1755 943 choro,

167 945 781 1134 ffiafssfiffffitffl
834 946 1343 1102 'stix-tm
1361 950 1756 1104 ”135550333

172 1130 273 1187 est
320 1120 535 1190 debita
578 1122 935 1210 praesentia
977 1122 1045 1191 in
1083 1123 1291 1190 choro
1337 1122 1616 1190 omnium
1665 1123 1760 1190 in·

166 1209 619 1294 servientium,
653 1210 1029 1297 praesertim
1071 1212 1136 1277 in
1166 1209 1623 1278 Anniversariis
1655 1231 1758 1279 ce·

168 1295 521 1382 lebrandis,
557 1317 720 1384 quae
759 1298 998 1367 idcirco
1034 1298 1337 1367 dicuntur
1383 1298 1548 1365 inter
1576 1317 1762 1387 prae-

165 1396 432 1463 sentes;
479 1406 676 1475 super
719 1405 847 1473 quo
894 1399 1069 1454 certe
1105 1405 1263 1472 opus
1308 1405 1436 1453 non
1484 1397 1580 1453 est
1611 1384 1759 1455 insi·

165 1493 376 1540 nuare
409 1485 729 1542 oneratam
753 1473 1208 1564 Amplitudinia
1233 1478 1401 1541 'l'uae
1431 1475 1756 1543 conscien-

165 1560 325 1628 tiam
353 1580 809 1651 remansuram,
834 1565 885 1630 si
905 1582 1093 1631 secus
1124 1563 1342 1629 fieret:
1370 1581 1755 1650 omnemque

164 1649 599 1718 adhibendam
623 1671 761 1718 esse
786 1650 1209 1738 diligentiam,
1230 1661 1303 1716 ut
1327 1650 1516 1717 resin
1536 1662 1760 1741 aperto

166 1747 455 1824 ponatur
490 1757 574 1807 ne
617 1738 734 1806 ulli
766 1739 1070 1825 querelae
1112 1738 1289 1806 locus
1335 1737 1753 1826 relinquatur.

169 1825 842 1895 Eminentissimorum
889 1827 1172 1913 denique
1201 1831 1452 1895 Patrum
1501 1828 1563 1894 in
1610 1837 1759 1895 voto

165 1913 295 1981 fuit
328 1913 755 2003 Amplitudini
785 1920 953 1983 Tuae
982 1927 1416 2005 opportunum
1446 1916 1759 2003 praebere

167 1999 545 2089 consilium,
591 2014 663 2070 ut
709 2004 1008 2090 quoniam
1065 2021 1304 2071 novum
1357 2002 1614 2070 omnino
1663 2012 1760 2069 est

166 2108 423 2178 ponere
487 2092 553 2159 in
611 2093 821 2160 choro
889 2113 997 2161 vas
1062 2110 1414 2179 prunarum
1481 2090 1758 2179 hyemali

165 2189 506 2268 tempore,
565 2181 737 2269 quod
797 2191 976 2247 certe
1030 2179 1280 2247 assertis
1339 2178 1760 2248 incommodis

167 2268 392 2335 locum
453 2267 766 2356 praebere
826 2269 1162 2355 aliquando
1221 2268 1459 2356 poterit
1484 2315 1501 2350 ,
1564 2265 1756 2334 satius

167 2366 271 2422 est
332 2366 405 2423 ut
467 2366 873 2425 removeatur
939 2377 973 2423 a
1037 2356 1279 2440 choro,
1342 2366 1409 2424 et
1466 2357 1640 2423 iuxta
1688 2375 1758 2421 o-

167 2442 424 2511 mnium
469 2463 717 2511 morem
763 2444 1191 2514 Ecclesiarum
1238 2454 1510 2532 ponatur
1555 2443 1620 2510 in
1651 2446 1757 2513 Sa·

168 2531 423 2613 crario;
457 2532 534 2601 ad
572 2532 744 2619 quod
790 2552 909 2621 pro
942 2532 1418 2622 opportunitate
1448 2531 1757 2600 accedere

167 2628 483 2708 poterunt
528 2620 698 2688 omni
743 2623 991 2691 secluso
1034 2620 1329 2688 scandalo
1375 2619 1418 2686 ii
1464 2621 1602 2708 qui,
1652 2618 1755 2687 vel

260 2729 296 2774 r
340 2718 616 2776 aetatem
662 2711 766 2778 vel
810 2730 929 2797 per
974 2709 1284 2776 infirmam
1317 2708 1757 2777 valetudinem

220 2796 234 2810 ‘
320 2816 483 2898 opus
528 2797 792 2866 habent.
842 2801 1098 2866 Summa
1146 2796 1397 2885 religio,
1436 2798 1640 2885 pietas
1685 2816 1753 2863 ac

167 2885 635 2974 Amplitudinis
677 2890 844 2954 Tuae
888 2885 1250 2955 sollicitudo
1298 2885 1635 2976 peculiaris
1665 2883 1756 2952 -ad

167 2975 483 3042 decorem
500 2979 736 3042 Domus
754 2975 865 3043 Dei
891 2975 1360 3062 procurandum
1384 2994 1761 3064 promoven-

169 3063 466 3149 dumque
511 3065 762 3131 Sacram
815 3063 1386 3152 congregationem
1450 3064 1513 3130 in
1571 3080 1753 3153 spem

171 3149 460 3238 erigunt,
508 3161 580 3217 ut
622 3152 676 3219 si
720 3153 861 3240 quis
910 3154 1076 3220 forte
1134 3150 1366 3219 affusus
1422 3169 1620 3239 super
1661 3172 1755 3217 as-

168 3239 362 3305 sertis
393 3239 723 3326 irrepserit
752 3240 1108 3310 cathedrali
1141 3239 1203 3308 in
1235 3240 1512 3308 Ecclesia
1546 3238 1758 3308 Sancti

171 3326 391 3411 narei,
427 3327 540 3394 ille
568 3331 941 3414 quantocius
978 3329 1064 3396 de
1096 3327 1315 3396 medio
1344 3328 1625 3396 tollatur.
1676 3331 1757 3394 Et

169 3414 549 3503 Amplitudo
608 3419 736 3484 Tua
794 3417 906 3484 diu
958 3409 1114 3485 felix
1173 3429 1240 3485 et
1285 3415 1617 3485 incolumis
1661 3415 1752 3483 vi·

170 3515 303 3571 vat.
353 3503 470 3570 Die
521 3508 599 3573 19
641 3504 779 3571 Maii
832 3508 1022 3590 1838.

172 3611 426 3715 27'83.
724 3647 1207 3714 P1NEROL1EN.
1522 3645 1748 3734 (4838)

301 3768 524 3837 Dubiis
580 3789 614 3835 a
657 3769 1210 3838 Reverendissimo
1279 3769 1593 3871 Episcopo
1654 3771 1747 3838 Pi-

170 3858 524 3941 nerolien.,
573 3857 746 3925 hisce
795 3858 1118 3947 conceptis
1168 3859 1479 3943 terminis,
1528 3862 1750 3927 Sacrae

169 3946 436 4015 Rituum
480 3945 968 4033 congregationi
1002 3945 1376 4035 propositis3
1410 3946 1749 4015 nimirum:

309 4037 371 4100 1.
423 4036 521 4102 An
566 4034 917 4121 Episcopus
972 4034 1170 4101 debet
1227 4034 1573 4121 probibere
1617 4054 1753 4104 mo-

171 4140 313 4190 rem
371 4122 828 4189 nonnullorum
880 4122 1306 4190 Parochorum
1360 4122 1426 4188 in
1485 4124 1750 4192 Sabbato

169 4215 403 4278 Sancto
449 4221 515 4277 et
559 4209 624 4278 in
669 4209 896 4298 Vigilia
948 4213 1357 4278 Pentecostes
1409 4212 1749 4300 Baptisma-

170 4299 303 4365 lem
352 4301 619 4365 Fontem
664 4297 1120 4385 benedicendi,
1155 4298 1310 4386 quin
1341 4299 1586 4368 Missam
1631 4318 1751 4387 per

167 4406 239 4453 se
289 4385 459 4474 ipsos
506 4385 880 4454 celebrent?

305 4478 371 4541 2.
423 4477 651 4543 Utrum
707 4474 1221 4543 immemorabilis
1265 4486 1334 4542 et
1383 4475 1749 4544 universalis

173 4562 569 4631 consuetudo
600 4585 636 4629 a
664 4564 957 4631 Parochis
1000 4574 1270 4649 servata,
1305 4563 1458 4651 quin
1505 4564 1748 4631 Missam

174 4651 507 4719 celebrent
528 4701 545 4736 ,
607 4651 1049 4720 benedicendi·
1094 4652 1417 4735 candelae,
1466 4651 1746 4736 cineres,

173 4751 237 4805 et
283 4756 490 4805 ramos
536 4739 844 4807 olivarum
906 4742 971 4807 in
1018 4739 1243 4807 diebus
1302 4738 1752 4808 Purificationis

171 4831 397 4894 Beatae
443 4827 672 4894 Mariae
715 4827 990 4914 Virginis
1014 4877 1032 4914 ,
1083 4826 1258 4894 Feria
1303 4839 1520 4914 quarta
1566 4827 1749 4896 cine-

172 4933 317 4982 rum
358 4925 422 4981 et
475 4915 794 4983 Dominica
852 4918 1245 5002 Palmarum‚
1293 4916 1607 4984 censenda
1667 4916 1749 4983 sit

174 5000 505 5090 legitima?
547 5009 626 5072 Et
654 5004 879 5072 saltem
923 5024 1003 5071 an
1049 5005 1306 5071 tolerari
1351 5003 1592 5091 possit?

300 5093 486 5159 Sacra
531 5092 793 5160 Rituum
838 5092 1261 5181 congregatio
1298 5093 1363 5160 in
1407 5090 1750 5160 ordinariis

172 5181 455 5247 comitiis
482 5180 562 5247 ad
605 5180 952 5260 Quirinales
998 5182 1210 5248 Aedes
1241 5180 1606 5268 coadunata,
1639 5199 1748 5247 au·

175 5267 302 5335 dita
346 5268 686 5357 subscripti
734 5270 1067 5338 secretarii
1120 5269 1454 5354 relatione,
1487 5288 1747 5357 respon-

176 5356 454 5425 dendum
501 5356 787 5424 censuit:

1984 437 2023 482 ‹
2053 416 2151 485 Ad
2195 427 2268 485 ut
2506 438 2543 485 e
2586 416 2763 487 iuxta
2807 418 2955 488 alias
3000 421 3260 491 decreta
3313 444 3441 492 non

1859 505 2083 590 licere,
2119 516 2184 573 et
2229 506 2737 595 Benedictiones,
2772 507 2857 575 de
2902 508 3134 594 quibus
3178 510 3246 579 in
3290 532 3434 601 pre-

1860 593 2062 676 cibus,
2099 594 2494 682 peragendas
2539 614 2679 662 esse
2723 615 2842 683 per
2888 596 3333 667 celebrantem
3367 623 3430 668 ».

1860 681 1972 748 Die
2027 686 2057 749 1
2108 682 2505 771 Septembris
2558 685 2750 752 1838.

1865 821 2113 890 2⁷84.
2402 824 2904 891 munuum.
3119 876 3129 895 .
3213 825 3438 914 (assa)

1991 944 2200 1022 Quum
2244 942 2308 1009 in
2339 944 2818 1034 Metropolitana
2863 946 3142 1014 Ecclesia
3180 947 3440 1016 mechli-

1861 1031 2070 1101 niensi
2130 1031 2432 1099 nonnulla
2498 1033 2705 1118 quoad
2780 1033 3272 1103 celebrationem
3325 1039 3440 1103 Fe-

1859 1132 2103 1188 storum
2139 1117 2277 1186 fieri
2322 1120 2798 1204 consueverint,
2831 1122 2915 1190 de
2945 1122 3461 1208 quihwmsrim.

1864 1209 2188 1276 dubitatur
2232 1226 2311 1275 an
2357 1205 2569 1275 debita
2611 1208 2981 1277 auctoritate
3034 1210 3274 1279 fuerint
3319 1211 3434 1279 ali-

1863 1296 2116 1384 quando
2147 1295 2457 1380 inchoata,
2483 1314 2564 1363 ne
2591 1295 2745 1383 quid
2776 1308 2993 1365 contra
3022 1299 3438 1367 Rubricatum

1860 1383 2328 1471 praescriptum
2395 1392 2503 1451 aut
2567 1388 2832 1452 Decreta
2888 1388 3113 1456 Sacrae
3176 1387 3438 1456 Rituum

1864 1471 2384 1559 congregationis
2430 1471 2493 1538 in
2540 1482 2869 1561 posterum
2916 1476 3262 1563 contingat,
3311 1478 3437 1543 Re-

1861 1557 2362 1629 verendissimus
2430 1560 2833 1630 mechlinien.
2903 1562 3437 1652 Arcbiepiscopus

1860 1648 2111 1737 praxim
2179 1648 2654 1738 Metropolitana
2722 1668 2832 1716 sua
2890 1651 2957 1717 in
3026 1650 3303 1719 Ecclesia
3373 1661 3439 1719 et

1861 1737 2128 1806 Civitate
2159 1736 2594 1805 Mechliniensi
2617 1735 2677 1805 ν’
2728 1749 2942 1805 eutem
2966 1742 3189 1807 Sacrae
3222 1738 3437 1808 eidem

1861 1824 2351 1915 Congregationi
2386 1843 2682 1911 exponen
2726 1843 2826 1893 am
2860 1827 3144 1907 censuit;
3190 1828 3436 1917 suppli-

1861 1933 2033 1999 cans,
2071 1924 2143 1982 ut
2173 1912 2224 1979 si
2257 1910 2397 1980 fieri
2439 1915 2659 2000 possit,
2694 1913 2817 1981 rite
2853 1915 3268 2002 adprobatur,
3302 1917 3434 2002 vel,

1860 2003 1912 2070 si
1965 2021 2149 2070 secus
2173 2050 2193 2087 ,
2238 2009 2545 2069 statuatur
2609 2001 2765 2090 quid
2835 2003 2897 2070 in
2967 2012 3298 2092 posterum
3355 2005 3435 2071 sit

1861 2089 2209 2178 agendum.
2259 2088 2467 2156 Praxis
2512 2100 2727 2158 autem
2778 2099 2871 2158 est
2913 2110 3213 2179 sequens.

1992 2184 2039 2246 1.
2090 2177 2423 2245 Dominica-
2467 2178 2669 2264 prima
2723 2179 2956 2247 mensis
3006 2179 3147 2247 Iulii
3192 2179 3270 2247 ab
3317 2180 3433 2248 im-

1861 2264 2256 2335 memorabili
2314 2264 2379 2332 in
2443 2266 2717 2334 Ecclesia
2768 2266 3246 2368 Metropolitana
3291 2288 3435 2336 can·

1860 2364 1984 2423 tata
2040 2354 2161 2422 fuit
2218 2354 2398 2421 Missa
2447 2353 2654 2422 votiva
2712 2355 3012 2423 solemnis
3070 2356 3155 2425 de
3207 2358 3433 2425 Sancto

1860 2442 2203 2529 Rumoldo,
2251 2440 2686 2530 subsequente
2716 2444 2982 2512 solemni
3028 2444 3433 2513 Processione

1862 2552 1979 2621 per
2022 2530 2358 2599 Civitatem
2388 2549 2537 2598 cum
2565 2531 2873 2618 Reliquiis
2903 2531 3114 2602 Sancti
3135 2533 3435 2603 Rumoldi

1861 2620 2000 2691 fleri
2046 2619 2254 2687 solita.
2327 2620 2620 2687 Attamen
2687 2639 2884 2706 quum
2931 2620 2993 2689 vi
3038 2620 3268 2690 indulti
3316 2642 3434 2712 pro

1861 2706 2236 2777 reductione
2278 2710 2618 2777 Festorum
2647 2708 3013 2777 solemnitas
3060 2713 3434 2778 Sanctorum

1860 2796 2309 2886 Apostolorum
2377 2794 2546 2862 Petri
2589 2806 2657 2863 et
2707 2795 2881 2864 Pauli
2942 2809 3006 2865 et
3072 2797 3437 2867 solemnitas

1862 2879 2071 2955 Sancti
2113 2882 2412 2952 Rumoldi
2456 2885 2704 2952 Patroni
2752 2884 3072 2954 Ecclesiae
3118 2890 3435 2976 Metropo-

1862 2976 2090 3044 litanae
2134 2982 2201 3040 et
2246 2970 2530 3041 civitatis
2597 2974 3063 3043 Mechliniensis
3122 2974 3187 3043 in
3244 2994 3435 3044 unam

1860 3064 2279 3147 eamdemque
2334 3060 2721 3129 Dominicam
2775 3080 2965 3147 saepe
3019 3063 3321 3151 incidant,
3371 3074 3433 3133 et

1859 3153 2123 3239 quidem
2186 3148 2393 3218 Sancti
2452 3149 2750 3230 Rumoldi
2809 3150 3114 3218 festivitas
3159 3151 3433 3219 ulterius

1857 3237 2181 3309 transferri
2210 3256 2340 3305 non
2367 3237 2598 3326 possit:
2641 3243 2702 3306 1.
2735 3237 2909 3326 quod
2942 3240 3079 3306 eius
3106 3238 3432 3328 Reliquiae

1858 3330 2034 3397 iuxta
2088 3325 2581 3412 antiquissimam
2648 3326 3177 3395 consuetudinem
3235 3346 3450 3417 expo-.

1857 3417 2012 3485 sitae
2071 3425 2316 3483 tantum
2380 3412 2507 3481 sint
2572 3414 2784 3484 triduo
2849 3415 3237 3484 Dominicam
3303 3416 3433 3506 pri-

1860 3524 2028 3573 mam
2074 3502 2215 3571 Iulii
2259 3502 2726 3589 subsequente:
2776 3508 2842 3571 2.
2981 3503 3064 3572 od
3109 3504 3431 3573 Dominica

1855 3592 2135 3661 secunda
2181 3589 2468 3659 eiusdem
2502 3593 2736 3659 mensis
2777 3596 2913 3660 uec
2964 3591 3260 3660 linienses
3285 3612 3431 3682 spe·

1857 3681 1997 3749 ciali
2052 3680 2292 3769 pietate
2345 3699 2414 3746 ac
2468 3679 2809 3748 festivitate
2866 3680 3073 3749 colant
3132 3683 3431 3749 Sanctum

1855 3769 2184 3838 Libertum
2227 3768 2568 3836 concivem
2611 3785 2835 3849 suum;
2883 3768 3118 3837 idcirco
3149 3770 3277 3839 duo
3309 3788 3434 3838 ma-

1857 3860 2020 3926 iores
2065 3857 2211 3925 illae
2258 3854 2651 3926 Festivitates
2693 3860 3068 3928 Sanctorum
3099 3858 3430 3945 Apostolo-

1855 3965 1996 4015 rum
2043 3965 2114 4014 ac
2161 3944 2367 4013 Sancti
2426 3946 2724 4016 Rumoldi
2768 3945 2960 4014 simul
3021 3957 3432 4016 occurrentes

1854 4033 2264 4103 celebrantur
2291 4052 2414 4121 per
2435 4033 2701 4105 modum
2732 4033 2944 4118 unius,
2971 4034 3283 4122 dispositis
3311 4038 3433 4103 Ru·

1855 4122 2071 4206 bricia,
2123 4133 2192 4189 ut
2234 4120 2566 4208 sequitur:
2998 4181 3037 4220 Δ

1988 4214 2050 4278 1.
2103 4215 2171 4277 ln
2235 4210 2411 4277 Missa
2467 4212 2790 4298 Solemni,
2839 4229 3029 4299 quam
3101 4210 3432 4279 celebrare

1854 4299 2016 4366 solet
2050 4298 2518 4366 Illustrissimus
2546 4304 2727 4367 Dom.
2766 4298 3295 4389 Arcbiepiscopus
3322 4301 3428 4368 ad·

1855 4388 2030 4456 ditur
2059 4388 2580 4456 commemoratio
2608 4388 3024 4456 solemnitatis
3053 4390 3426 4457 Sanctorum

1856 4474 2304 4564 Apostolorum
2363 4474 2482 4542 sub
2533 4476 2717 4544 unica
2777 4475 3224 4562 conclusione,
3273 4477 3427 4564 quin

1853 4564 2049 4631 altera
2096 4562 2276 4630 Missa
2319 4564 2620 4631 solemnis
2666 4565 2751 4632 de
2783 4564 3099 4654 Apostolis
3136 4575 3427 4634 cantetur

1858 4650 2057 4740 (quod
2106 4651 2211 4717 illa
2256 4650 2363 4718 die
2409 4650 2765 4739 aegerrime
2809 4651 2951 4724 fleri
2995 4652 3262 4741 posset);
3311 4654 3426 4722 sed

1855 4742 1918 4807 in
1978 4738 2206 4806 eodem
2265 4758 2412 4807 casu
2473 4739 2681 4829 ipsum
2740 4744 2997 4809 Festum
3053 4743 3425 4809 Sanctorum

1853 4826 2301 4916 Apostolorum
2369 4827 2475 4895 die
2541 4846 2652 4894 sua
2707 4848 2824 4914 pro
2907 4829 2962 4895 ia
3015 4831 3214 4897 XXIX
3265 4828 3423 4896 lunii

1854 4934 1999 4983 cum
2046 4913 2265 4982 maiori
2309 4915 2708 4983 solemnitate
2756 4936 2830 4984 ce
2860 4917 3146 4984 ebratur.

1985 5007 2050 5072 2.
2098 5003 2305 5081 Quum
2352 5001 2418 5070 in
2461 5004 2594 5072 aliis
2638 5004 2941 5072 Ecclesiis
2976 5004 3256 5073 Civitatis
3301 5006 3427 5072 He-

1856 5091 2160 5160 cblinien.
2228 5110 2356 5158 non
2421 5090 2764 5159 invaluerit
2830 5093 3226 5162 consuetudo
3285 5114 3426 5162 can-

1853 5179 2029 5247 tandi
2075 5179 2320 5246 Missam
2367 5178 2640 5246 votivam
2683 5179 3038 5248 solemnem
3069 5182 3152 5250 de
3199 5184 3428 5250 Sancto

1852 5267 2208 5354 Rumoldo,
2256 5287 2325 5334 ac
2373 5269 2746 5337 Sanctorum
2804 5269 3253 5356 Apostolorum
3311 5273 3426 5337 Fe-

1851 5353 2112 5423 stivitati
2158 5354 2576 5445 praeferentia
2620 5356 2964 5439 debeatur;
3011 5357 3157 5427 hinc
3202 5377 3423 5426 occur-
