4042 5950
2018 231 2493 330 -174-2-

611 407 901 478 Officium
947 407 1363 475 protonotarii
1399 407 1689 475 Titularis
1721 420 2092 497 assequatur
2134 410 2201 476 il-

616 497 862 581 ludque
910 515 1055 564 cum
1101 497 1337 563 decore
1383 496 1714 566 sustineat.

741 587 910 663 Quae
943 584 1207 671 quidem
1239 585 1448 651 omnia
1479 584 1843 653 luculenter
1874 587 2198 675 probanda

614 690 751 739 esse
785 683 1042 739 cautum
1092 683 1185 739 est
1215 694 1232 758 ;
1282 673 1534 758 quoties
1563 674 1647 739 de
1682 674 2019 744 honorario
2047 679 2196 741 Pro-

615 760 993 846 tonotariatu
1039 761 1439 847 assequendo
1503 764 1847 848 postulatio
1893 764 2196 850 praebea-

612 859 740 932 tur,
789 849 928 915 sive
973 867 1095 935 per
1141 849 1531 937 Apostolicas
1590 850 1831 917 Literas
1894 852 2031 919 sive
2078 871 2195 940 per

606 938 923 1024 Diploma,
973 937 1145 1021 quod
1194 958 1227 1003 a
1273 935 1562 1026 collegio
1609 940 2194 1007 Protonotariorum

606 1024 1122 1179 participantium
1175 1024 1510 1112 tribuatur,
1551 1046 1667 1093 seu
1714 1047 1747 1092 a
1795 1028 2028 1094 ceteris
2058 1028 2193 1115 qui-

649 1114 885 1181 uslihet
916 1113 1028 1200 qui
1058 1116 1199 1181 iure
1231 1115 1517 1200 gaudent
1556 1114 1739 1183 illum
1788 1115 2191 1183 conferendi.

737 1201 919 1270 Hisce
966 1202 1048 1269 de
1094 1203 1413 1269 electione
1465 1203 2047 1270 Protonotariorum
2092 1202 2191 1269 Ti-

606 1291 907 1358 tularium
955 1291 1339 1376 constitutis,
1374 1311 1523 1358 cum
1558 1311 1669 1358 eos
1701 1292 1895 1377 longe
1930 1291 2193 1359 differre

604 1382 813 1469 palam
845 1378 927 1445 sit
959 1379 1036 1445 ab
1068 1377 1195 1446 illis
1243 1380 1351 1465 qui
1398 1388 1547 1446 sunt
1593 1380 1678 1446 de
1722 1381 2016 1467 collegio
2050 1384 2193 1446 Par-

604 1467 1028 1556 ticipantium,
1080 1469 1183 1533 vel
1231 1469 1306 1536 ad
1356 1467 1549 1533 instar
1595 1468 2111 1557 Participantium
2156 1489 2188 1534 a

603 1555 1007 1624 Sanctissimo
1046 1555 1311 1622 Domino
1345 1557 1572 1622 Nostro
1603 1574 1685 1621 ex
1716 1559 2031 1624 Romanae
2066 1560 2186 1625 cn·

601 1645 733 1713 riae
793 1643 1089 1712 Praelatis
1154 1644 1630 1729 adsciscuntur,
1692 1645 2032 1712 decretum
2094 1656 2190 1711 est

602 1754 674 1800 ea
720 1733 1049 1801 dumtaxat
1096 1730 1455 1820 privilegia,
1505 1732 1664 1815 iura,
1714 1736 2185 1821 exemptiones,

599 1820 1158 1909 praeeminentias,
1209 1821 1677 1908 praerogativas
1732 1822 1961 1898 iisdem
2015 1839 2187 1890 com-

600 1920 850 1997 petere,
886 1928 1050 1994 quae
1085 1909 1242 1990 inira
1272 1907 1641 1994 singillatim
1690 1922 2183 1979 enumerantur:

597 1997 736 2065 aliis
780 1998 1055 2086 proinde
1110 1997 1625 2083 quibuscumque
1690 1998 2012 2085 praesenti
2060 2002 2200 2066 De·‚

576 2096 776 2154 -creto
822 2106 950 2153 non
983 2085 1346 2175 descriptis,
1383 2084 1573 2152 irritis
1605 2086 1940 2153 declaratis
1975 2098 2040 2153 et
2070 2087 2184 2154 de-

600 2174 746 2242 letis
793 2185 856 2240 et
905 2175 1245 2261 abrogatis,
1280 2184 1508 2261 utpote
1555 2194 1719 2261 qnae
1752 2194 1832 2239 ex
1865 2176 2013 2242 falsa
2048 2177 2185 2262 ple·

598 2282 872 2348 rumque
904 2264 1337 2351 Diplomatum
1370 2262 1928 2349 interpretatione,
1962 2265 2070 2330 vel
2103 2284 2185 2331 ex

591 2372 786 2442 prava
833 2351 1335 2422 consuetudine.
1383 2352 1490 2418 vel
1535 2351 1658 2417 alio
1719 2352 1944 2438 quovis
2004 2371 2186 2439 prae-

595 2451 779 2508 textu
842 2437 1342 2528 usurpabantur;
1395 2438 1599 2524 iisque
1653 2438 1917 2538 insuper
1962 2441 2184 2507 mode·

593 2528 742 2596 ratis
789 2549 859 2595 ac
906 2528 1287 2611 reformatis,
1337 2546 1499 2612 quae
1548 2527 1701 2593 licet
1746 2527 1894 2593 alias
1947 2526 2186 2594 tribue-

594 2627 844 2700 rentur,
880 2614 1297 2705 gliscentibus
1330 2627 1542 2681 tamen
1572 2614 1757 2681 malis
1789 2614 2181 2683 occasionem

592 2705 969 2792 praebuisse
1013 2703 1504 2790 dignoscuntur.
1716 2759 1721 2772 ,

512 2869 519 2874 p
731 2797 790 2858 1.
843 2792 1045 2879 Igitur
1092 2795 1189 2860 ius
1236 2793 1358 2858 erit
1421 2792 1868 2859 protonotariis
1913 2795 2182 2880 Aposto-

591 2881 730 2948 licis
778 2879 1165 2948 Titularib'us
1212 2888 1390 2946 extra
1438 2879 1675 2947 Urbem
1723 2879 2078 2965 dumtaxat,
2116 2892 2180 2948 et

591 2970 843 3058 quando
877 2989 954 3037 eo
988 2968 1110 3037 loci
1142 2969 1251 3036 ubi
1296 2969 1567 3058 degunt,
1619 2988 1746 3036 non
1792 2969 1954 3037 adsit
1998 2974 2181 3038 Sum-

590 3077 732 3126 mus
778 3058 1097 3141 Pontifex,
1147 3058 1242 3124 uti
1293 3058 1510 3125 babitu
1569 3056 1953 3142 Praelatitio,
2003 3058 2180 3126 vide-

592 3148 745 3215 licet
775 3158 955 3214 veste
990 3147 1168 3213 talari
1203 3157 1267 3212 et
1298 3146 1561 3234 palliolo
1599 3158 1969 3234 nuncupato
2004 3166 2180 3215 man-

592 3237 845 3304 telletto
884 3235 1062 3323 nigri
1109 3235 1369 3303 coloris.

722 3329 787 3393 2.
847 3328 940 3391 Eo
1002 3323 1219 3391 babitu
1288 3323 1648 3391 Praelatitio
1685 3322 1878 3409 -nigri
1944 3323 2178 3392 coloris

588 3434 737 3482 cum
769 3415 1062 3481 rochetto
1110 3413 1334 3480 subtus
1381 3412 1713 3501 palliolum
1746 3413 1839 3479 uti
1874 3419 2179 3499 poterunt

586 3501 1003 3571 Protonotarii
1029 3499 1093 3566 in
1117 3498 1391 3585 publicis
1415 3499 1982 3589 supplicationibus
2012 3501 2179 3568 aliis-

587 3609 714 3677 que
751 3588 1070 3657 Ecclesiae
1102 3587 1568 3667 functionibus;
1622 3590 1685 3654 in
1724 3588 1989 3675 reliquis
2020 3609 2176 3656 vero

587 3678 953 3744 rochettum
1017 3674 1378 3759 dimittant,
1442 3677 1763 3762 simulque
1821 3678 2018 3744 sciant
2076 3697 2171 3761 se,

586 3766 741 3832 licet
786 3765 1218 3851 fortebplures
1263 3763 1520 3831 insimul
1572 3765 1981 3847 conveniant,
2047 3786 2175 3832 non

589 3852 824 3920 exinde
884 3852 1276 3919 constituere
1335 3853 1695 3941 Collegium
1764 3872 1883 3919 nec
1952 3872 2179 3941 corpo-

592 3952 759 4009 ratos
802 3942 1075 4008 censeri.
1194 3970 1199 3977 ·

718 4035 780 4098 3.
826 4034 986 4097 Usus
1019 4028 1270 4096 collaris
1303 4041 1369 4096 et
1400 4029 1745 4116 caligarum
1778 4029 2008 4095 coloris
2039 4029 2172 4095 vio-

588 4119 747 4207 lacei,
790 4119 1048 4186 omnino
1097 4117 1525 4203 interdicitur,
1563 4118 1716 4185 item
1763 4128 1829 4184 et
1874 4116 2031 4183 vitta
2059 4136 2174 4183 seu

582 4208 848 4275 cordula
894 4208 959 4275 in
1004 4206 1178 4294 pileo
1226 4206 1457 4273 coloris
1503 4206 1767 4272 violacei
1799 4225 1915 4271 seu
1950 4206 2165 4288 etiam,

584 4316 712 4383 quo
743 4296 1204 4364 nonnullorum
1235 4294 1490 4362 audacia
1521 4294 1761 4380 erupit,
1793 4293 2030 4360 rosacei
2063 4304 2170 4360 aut

586 4383 793 4469 rubei,
828 4403 991 4471 quae
1037 4383 1204 4470 nigri
1250 4383 1579 4450 dumtaxat
1625 4381 1856 4448 coloris
1890 4401 2028 4449 esse
2060 4400 2171 4470 po-

583 4472 858 4541 tuerint:
910 4469 1482 4541 eiusdem·coloris
1526 4470 1608 4537 sit
1654 4469 1897 4558 pariter
1925 4470 2168 4557 pileum

583 4580 732 4628 cum
794 4562 1113 4630 lemniscis
1173 4559 1613 4640 stemmatibus
1673 4559 2162 4647 imponendum.

714 4653 783 4715 4.
830 4649 1251 4719 Protonotarii
1299 4646 1647 4731 Titulares,
1696 4647 1802 4733 qui
1852 4646 2170 4733 Dignitate

581 4748 687 4805 aut
734 4741 1117 4807 canonicatu
1163 4736 1521 4825 potiuntur,
1571 4735 1857 4803 habitum
1917 4747 2175 4823 gestent

580 4825 677 4893 sui
699 4827 978 4913 Ordinis,
1005 4846 1132 4895 non
1166 4845 1321 4893 vero
1353 4823 1805 4909 Praelatitium,
1835 4824 1900 4891 in
1928 4826 2168 4908 cboro,

585 4930 793 5000 eoque
842 4914 1209 4983 consideant
1258 4914 1321 4980 in
1377 4915 1542 4999 loco,
1590 4931 1787 4998 quem
1834 4931 1918 4977 ex
1960 4918 2168 4983 Bene-

579 5001 724 5068 flcio
759 5022 869 5069 eos
909 5004 1180 5070 deceat:
1229 5002 1402 5088 quod
1449 5003 1498 5068 si
1547 5003 1765 5071 babitu
1812 5001 2170 5069 Praelatitio

580 5090 673 5155 uti
720 5090 950 5175 velint,
999 5089 1549 5159 distributionibus
1611 5086 1993 5175 quotidianis
2040 5088 2170 5175 pri-

579 5187 838 5263 ventur,
888 5196 1052 5264 quae
1098 5176 1431 5246 Sodalibus
1477 5188 1857 5243 accrescant.

712 5270 775 5334 ὅ.
812 5266 1045 5334 Habitu
1067 5265 1425 5335 Praelatitio
1451 5265 1682 5349 induti,
1710 5264 2004 5333 omnibus
2028 5265 2172 5333 cle-

579 5356 749 5445 rieis,
784 5354 1232 5428 Sacerdotibus
1272 5351 1674 5442 simplicibus
1718 5362 1785 5417 et
1831 5353 2020 5421 etiam
2054 5358 2168 5422 ca·-

2298 409 2544 478 nonicis
2577 411 2982 498 praeferendi
3013 423 3158 481 sunt
3191 411 3560 498 singulatim
3588 409 3890 502 sumptis,

2303 517 2432 566 non
2477 518 2634 565 vero
2683 499 2747 566 in
2792 500 3155 586 Collegium
3209 500 3608 569 coeuntibus.
3673 499 3894 568 Neuti-

2301 606 2492 671 quam
2542 586 2734 654 etiam
2780 589 3242 675 praeferendos
3285 609 3355 655 se
3403 608 3541 656 esse
3580 590 3895 658 arbitren-

2299 684 2404 741 tur
2433 685 2540 742 aut
2571 676 2951 764 Apostolicis
2997 677 3256 744 Nunciis
3285 688 3391 745 aut
3422 678 3765 763 utriusque
3799 677 3890 743 Si·

2298 775 2608 849 gnaturae
2651 763 3126 832 Reserandariis
3178 764 3399 832 aliisve
3445 785 3526 831 ex
3572 770 3891 833 Romanae

2286 852 2523 918 curiae
2571 851 3008 936 praesulibus,
3057 851 3304 921 etiamsi
3331 853 3616 926 ..nullum
3664 873 3750 921 ex
3793 851 3891 920 sui

2295 939 2579 1005 muneris
2609 939 2961 1027 insignibus
2993 941 3036 1008 ii
3065 952 3349 1027 gestent,
3398 942 3754 1009 dummodo
3804 941 3888 1007 de

2295 1028 2578 1114 ipsorum
2625 1028 2829 1113 gradu
2876 1048 3006 1098 non
3051 1031 3245 1096 lateat
3271 1045 3289 1110 ;
3339 1030 3496 1098 item
3542 1049 3665 1096 nec
3711 1039 3892 1097 ante·

2291 1115 2524 1182 cellant
2570 1117 2832 1183 vicariis
2879 1117 3298 1194 Generalibus
3344 1128 3451 1185 aut
3510 1117 3889 1206 capitulari-

2294 1204 2433 1288 bus,
2483 1213 2591 1270 aut
2635 1204 3009 1275 abbatibus.
3371 1263 3379 1274 .

2424 1295 2488 1358 6.
2540 1296 2804 1360 Sacrum
2862 1304 3202 1379 operantes
3247 1317 3279 1361 a
3323 1297 3441 1382 sim
3493 1295 3723 1362 licibns
3781 1298 3888 1362 Sa-

2294 1380 2660 1448 cerdotibus
2710 1380 2975 1449 minime
3005 1383 3359 1463 differunt3
3409 1315 3648 1451 iifcirco
3679 1403 3892 1450 sacras

2293 1478 2501 1535 vestes
2549 1467 2814 1536 induant
2861 1472 2925 1537 in
2971 1471 3278 1557 Sacrario,
3321 1491 3450 1540 uno
3499 1481 3750 1538 tantum
3783 1471 3888 1537 lli·
4003 1455 4004 1538 l

2291 1557 2490 1622 nistro
2550 1567 2850 1643 utantur,
2908 1559 3159 1646 ipsique
3221 1560 3502 1627 Calicem
3562 1558 3884 1645 deferant,
4003 1555 4004 1566 ’

2291 1646 2624 1732 detegant,
2675 1648 3090 1734 cooperiant:
3145 1647 3299 1714 item
3342 1647 3510 1714 Libri
3559 1647 3886 1714 ttiswum
4003 1647 4004 1728 ᾗ

2292 1732 2438 1798 folia
2485 1737 2830 1815 evolvant3
2893 1745 3191 1802 vetantur
3248 1747 3581 1824 praeterea
3643 1737 3888 1821 palma·

2290 1822 2541 1974 zonam,
2592 1827 2941 1907 canonem,
2990 1824 3323 1906 annulum,
3359 1823 3676 1911 pileolum
3706 1824 3885 1891 adbi-

2333 1927 2470 1976 ere.
4003 1923 4004 1986 ξ

2425 2002 2488 2065 7.
2536 1999 2797 2077 Quando
2842 2001 3093 2068 adstant
3122 2002 3199 2067 ad
3233 2004 3420 2068 Sacra
3465 2018 3616 2067 cum
3663 2000 3884 2067 habitu

2288 2087 2670 2172 Praelatitio,
2705 2107 2834 2155 non
2879 2089 3341 2174 genuflectant,
3375 2089 3490 2155 sed
3547 2099 3742 2175 caput
3791 2089 3881 2155 in·

2289 2173 2557 2258 clinent,
2594 2176 2688 2243 uti
2724 2176 2788 2241 in
2817 2195 2997 2243 more
3044 2188 3144 2244 est
3187 2177 3354 2265 apud
3387 2175 3740 2244 Canonicos
3769 2180 3882 2245 Ca·
4003 2191 4004 2200 ’

2292 2264 2725 2331 thedralium:
2798 2264 3040 2353 duplici
3108 2267 3308 2334 ductu
3375 2264 3877 2333 thurificentur:

2285 2352 2655 2420 consideant
2721 2372 2875 2419 vero
2923 2353 2987 2420 in
3036 2354 3175 2421 loco
3237 2373 3356 2441 per
3401 2353 3882 2421 caeremoniale

2285 2440 2750 2527 Episcoporum
2797 2441 3172 2509 constituto.
3483 2505 3486 2514 ,
4003 2509 4004 2518 ,

2418 2531 2481 2594 8.
2549 2529 2883 2597 conficere
2950 2542 3217 2614 possunt
3283 2534 3438 2597 Acta
3507 2530 3592 2597 de
3662 2529 3880 2597 Causis

2285 2616 2770 2684 Beatificationis
2833 2629 2894 2684 et
2957 2616 3457 2686 canonizationis
3526 2621 3882 2685 Servorum

2285 2705 2444 2791 Dei3
2512 2725 2636 2792 quo
2702 2719 2911 2772 tamen
2968 2707 3306 2795 privilegio
3369 2707 3460 2773 uti
3521 2707 3876 2792 nequeant,

2286 2793 2337 2857 si
2385 2813 2461 2861 eo
2512 2794 2632 2861 loci
2691 2795 2855 2860 alter
2913 2794 2997 2861 sit
3041 2815 3077 2861 e
3123 2795 3570 2863 Protonotarils
3622 2794 3881 2862 Partici-

2286 2880 2604 2967 pantibus.
4003 2963 4004 2975 χ

2419 2975 2484 3038 9.
2536 2976 2697 3038 Item
2741 2971 2864 3037 rite
2896 2970 3226 3059 eliguntur
3270 2971 3336 3039 in
3380 2975 3879 3041 Conservatores

2282 3057 2607 3126 Ordinum'
2637 3060 3075 3147 Regularium,
3113 3060 3177 3126 in
3213 3061 3465 3128 ludices
3496 3060 3872 3148 synodales,

2282 3146 2347 3212 in
2403 3146 2878 3216 commissarios
2941 3147 3339 3238 Apostolicos
3398 3159 3467 3215 et
3529 3148 3781 3215 ludices
3839 3171 3876 3214 a

2283 3236 2543 3301 Summo
2573 3234 2878 3302 Pontifice
2911 3234 3353 3304 adsciscendos
3382 3256 3501 3324 pro
3533 3237 3734 3304 causis
3765 3255 3874 3302 ec-

2282 3323 2648 3391 clesiasticis
2692 3335 2756 3389 et
2789 3322 3232 3391 beneficiariis.
3283 3329 3443 3392 Item
3489 3324 3656 3412 apud
3699 3325 3871 3410 ipsos

2281 3411 2744 3498 professionem
2796 3411 2974 3480 Fidei
3023 3423 3201 3479 recte
3250 3413 3578 3495 emittunt,
3627 3415 3737 3498 qui
3787 3431 3868 3477 ex

2281 3499 2488 3567 officio
2533 3500 2610 3567 ad
2649 3501 2952 3568 eamdem
2997 3498 3504 3588 adstringuntur.
3554 3505 3713 3567 Item
3760 3520 3866 3566 co·

2282 3607 2411 3655 ram
2461 3588 2612 3675 ipsis
2650 3589 2993 3675 pensiones
3037 3590 3360 3679 transferri
3391 3599 3654 3676 possunt
3684 3587 3762 3654 ab
3795 3588 3866 3654 iis

2282 3676 2392 3761 qui
2441 3693 2518 3742 eo
2567 3678 2847 3763 gaudent
2889 3677 3255 3764 privilegio.
3543 3711 3550 3719 ·

2416 3768 2520 3831 10.
2572 3766 2888 3833 Beneficia
2948 3785 3174 3832 eorum
3232 3766 3340 3852 qui
3409 3764 3864 3832 Protonotaria-

2283 3866 2417 3921 tum
2464 3852 2810 3920 Titularem
2860 3871 2979 3938 per
3023 3853 3414 3941 Apostolicas
3456 3853 3698 3921 Literas
3760 3853 3858 3919 vel

2277 3961 2401 4029 per
2443 3940 2734 4027 Diploma
2780 3941 3048 4029 collegii
3099 3943 3680 4011 Protonotariorum
3726 3946 3862 4007 Par·

2279 4029 2675 4114 ticipantium
2723 4031 3044 4115 assequuti
3090 4042 3262 4114 sunt,
3308 4030 3555 4099 nonnisi
3587 4029 3665 4096 ab
3693 4034 3862 4115 Apo·

2274 4119 2492 4184 stolica
2543 4118 2712 4184 Sede
2761 4118 3039 4185 conferri
3085 4129 3376 4205 possunt.
3573 4170 3600 4191 x

2416 4209 2520 4272 11.
2570 4210 2639 4271 ln
2685 4206 2973 4273 civilibus
3005 4206 3298 4293 negotiiS,
3334 4226 3453 4274 nec
3482 4226 3613 4276 non
3644 4206 3709 4273 in
3740 4205 3859 4272 cri-

2275 4294 2614 4362 minalibus
2662 4304 2853 4380 atque
2891 4294 2951 4360 in
2986 4294 3152 4361 vitae
3199 4294 3552 4381 disciplina,
3602 4294 3860 4362 Ordina-

2276 4383 2386 4450 riis
2429 4387 2743 4449 Locorum
2775 4381 3080 4448 obnoxios
3123 4383 3313 4469 plane
3361 4402 3431 4449 se
3480 4402 3620 4449 esse
3666 4401 3860 4450 nove-

2275 4471 2426 4554 rint,
2477 4470 2782 4555 nullaque
2840 4469 3083 4536 ratione
3142 4471 3221 4537 ab
3276 4472 3558 4559 ipsorum
3605 4469 3860 4537 Iurisdi-

2274 4559 2485 4626 ctione
2529 4558 2765 4625 liberos
2810 4577 2879 4623 se
2926 4556 3504 4625 comminiscantur.

2412 4650 2513 4714 12.
2566 4647 2697 4713 Etsi
2747 4644 3030 4714 habitum
3077 4646 3506 4714 Praelatitium
3567 4665 3693 4712 non
3750 4664 3859 4734 ge-

2268 4746 2463 4819 stent,
2513 4734 2797 4823 gaudent
2845 4747 3060 4802 tamen
3097 4734 3437 4822 privilegio
3469 4736 3638 4818 Fori,
3674 4736 3858 4802 dum·

2271 4824 2462 4892 modo
2510 4825 2572 4890 in
2620 4823 2836 4890 babitu
2885 4836 2950 4889 et
2995 4827 3271 4891 'tonsura
3321 4823 3640 4891 incedant.
3809 4842 3820 4855 ·

2408 4917 2511 4980 13.
2563 4910 2994 4979 Familiaribus
3051 4916 3251 5000 Papae
3310 4911 3576 4979 minime
3636 4930 3857 4978 accen-

2270 5011 2516 5085 sentur,
2567 5019 2715 5069 cum
2761 5001 2884 5069 boc
2928 5000 3270 5086 Privilegio
3333 5000 3653 5086 gaudeant
3711 5004 3857 5065 Pro·

2274 5089 2566 5159 tonotarii
2633 5090 2964 5157 dumtaxat
3029 5109 3066 5154 e
3132 5087 3693 5175 participantibus,
3748 5087 3852 5152 vel

2272 5181 2588 5244 Romanae
2649 5177 2876 5242 curiae
2938 5176 3197 5245 Praelati
3254 5177 3362 5264 qui
3410 5195 3489 5241 ex
3537 5174 3851 5242 pontificis

2273 5263 2666 5353 benignitate
2712 5264 2940 5333 iisdem
2986 5266 3503 5353 aequiparantur.

2411 5357 2516 5420 tt.
2563 5352 2733 5429 Quae
2766 5352 2868 5420 bic
2901 5364 3365 5439 pei-censentur
3409 5350 3739 5438 Privilegia
3777 5369 3843 5415 ea
