4042 5950
1977 279 2239 362 -78
2293 313 2413 342 -·

553 437 859 523 procedat
906 448 1096 525 prout
1127 439 1208 506 de
1242 439 1378 506 inre
1413 449 1541 505 tam
1571 451 1806 507 contra‘
1828 439 2139 508 Parochos

557 535 907 592 renuentes
954 525 1096 592 illos
1127 526 1466 594 admittere
1497 529 1616 595 suh
1646 547 1871 596 eorum
1903 531 2132 612 Cruce,

551 631 743 698 quam
775 611 838 681 in
871 633 1018 679 casu
1049 631 1177 699 quo
1210 615 1344 681 ausi
1393 614 1632 683 fuerint
1677 627 1997 699 avertere,
2032 627 2139 681 aut

551 720 671 788 per
714 720 782 767 se
827 711 934 768 aut
1026 720 1098 767 er
1143 702 1326 785 alios,
1357 703 1495 770 sive
1539 704 1820 770 mediate
1849 705 1983 770 sive
2015 703 2134 770 im·

554 788 859 872 mediate,
933 788 976 856 fi
1028 789 1225 856 elium
1282 791 1641 858 voluntates
1707 812 1741 858 a
1801 791 2135 858 vocatione

554 876 1043 943 Consortialium
1089 887 1199 944 aut
1243 878 1800 952 mansionariorum
1827 880 1912 950 ,in
1972 898 2137 945 asso-

551 963 921 1030 ciationibus
945 964 1023 1031 ad
1049 965 1268 1032 funera
1292 989 1355 1033 ι.
1383 966 1656 1052 Deinde,
1674 967 1750 1034 ad
1779 966 2137 1036 instantiam

550 1051 871 1118 dictorum
915 1052 1360 1137 Parochorum,
1402 1055 1704 1121 adversus
1747 1054 2135 1141 praedictam

551 1138 1011 1206 resolutionem
1057 1159 1239 1206 causa
1288 1141 1352 1207 in
1401 1142 1624 1209 eadem
1673 1146 1739 1210 S.
1776 1147 1847 1210 C.
1887 1141 2137 1209 ordina·

550 1227 640 1292 ria
688 1228 895 1295 habita
941 1246 1154 1294 coram
1201 1231 1395 1297 SSmo
1442 1231 1840 1317 reproposita
1887 1240 1982 1296 est
2016 1248 2137 1315 per

551 1317 782 1380 Emum
832 1325 898 1381 et
942 1319 1170 1381 Rmum
1216 1321 1285 1383 D.
1335 1318 1522 1385 card.
1557 1317 2134 1400 Accorambonum,

552 1402 694 1467 loco
741 1403 1007 1490 praefati
1055 1405 1197 1471 Emi
1244 1405 1541 1472 Ponentis
1587 1407 1663 1473 ab
1710 1407 1881 1473 Urbe
1921 1405 2139 1472 absen-

554 1489 655 1574 tis,
703 1508 901 1578 super
949 1490 1361 1578 infrascriptis
1407 1493 1637 1572 dubiis,
1689 1511 1971 1581 nempe:

689 1582 747 1644 1.
809 1583 903 1656 An
971 1580 1229 1645 Pan-ochi
1297 1581 1726 1648 Bononienses
1796 1592 2137 1649 teneantur

550 1667 889 1734 admittere
936 1663 1055 1732 sub
1101 1685 1327 1734 eorum
1359 1672 1561 1735 cruce
1592 1669 2037 1737 nansionarios
2072 1683 2137 1737 et

552 1753 973 1823 Consortiales
997 1754 1318 1822 Ecclesiae
1343 1756 1866 1844 metropolitanae
1896 1768 1961 1824 et
1994 1760 2136 1825 col-

553 1843 819 1929 legiatae
879 1843 1195 1910 Bononiae
1251 1864 1284 1909 a
1329 1842 1784 1912 defunctorum
1843 1847 2138 1914 haeredi·

555 1930 670 1996 bus
714 1941 969 1998 vocatos
1011 1931 1089 1997 ad
1153 1932 1415 2018 funera;
1479 1933 1616 1999 sive
1669 1932 1880 2020 potius
1935 1935 2134 2002 iidem

553 2017 941 2084 Mansionarii
991 2029 1056 2085 et
1101 2019 1526 2086 consortiales
1575 2030 1915 2089 teneantur
1945 2023 2008 2088 in
2041 2044 2135 2088 as·

550 2105 895 2172 sociatione
927 2106 1307 2173 cadaverum
1386 2108 1662 2192 ropriam
1698 2113 1971 2176 Crucem
2004 2112 2137 2188 ele„-

550 2190 756 2262 vare’?
799 2204 870 2276 et
910 2205 1225 2280 quatenus
1285 2125 1657 2262 affirmative
1717 2197 1797 2264 ad
1867 2199 2134 2286 primam

550 2291 828 2369 partem,

682 2375 747 2437 2.
797 2371 895 2436 An
939 2369 1092 2437 dicti
1140 2371 1565 2438 consortiales
1603 2382 1678 2438 et
1737 2374 2131 2441 Mansionarii

549 2458 946 2545 praecedere
993 2457 1272 2525 debeant
1317 2460 1504 2526 clero
1549 2460 1806 2527 Parochi
1840 2461 1905 2528 in
1938 2476 2082 2528 casu
2108 2460 2141 2528 ⁴?

551 2557 615 2612 et
659 2556 973 2631 quatenus
1019 2545 1339 2633 negative,

682 2637 748 2701 3.
798 2636 893 2698 An
940 2632 1091 2698 dicti
1138 2634 1528 2700 Mansionarii
1575 2635 1678 2701 vel
1712 2638 2133 2705 consortiales

551 2739 700 2873 gum
727 2737 950 2874 εἷρξαι
978 2723 1180 2788 cruce
1213 2722 1607 2808 praecedere
1640 2723 1918 2792 debeant
1949 2723 2134 2794 cruci

596 2827 740 2875 aroc
791 2828 809 2872 1

682 2900 763 2962 Et
810 2900 873 2965 S.
924 2899 1000 2962 R.
1051 2901 1153 2982 c.,
1205 2908 1473 3000 utraque
1521 2910 1701 2991 parte
1747 2902 1998 3003 scriptis
2069 2912 2147 2967 et-

549 3006 709 3053 voce
780 2985 1160 3053 informante
1229 2987 1477 3072 audita,
1551 2989 1826 3075 visisque
1889 2989 2133 3057 iuribus

550 3074 695 3140 hinc
744 3072 893 3139 inde
941 3073 1262 3158 deductis,
1315 3075 1794 3145 rescribendum
1842 3078 2132 3145 censuit:

681 3161 777 3228 Ad
830 3165 892 3227 1.
940 3182 980 3225 c
1011 3161 1428 3247 Affirmative,
1454 3164 1531 3231 ad
1558 3163 1826 3252 primam
1851 3176 2128 3253 partem;

547 3251 877 3337 Negative,
928 3249 1005 3314 ad
1052 3251 1403 3318 secundam
1436 3273 1498 3318 ι.

679 3337 776 3404 Ad
822 3342 886 3403 2.
942 3359 979 3402 ‹
1011 3337 1401 3405 Affirmative
1433 3361 1501 3405 ».

682 3425 776 3490 Ad
826 3430 888 3492 3.
940 3446 977 3489 ‹
1012 3425 1337 3492 Provisum
1385 3426 1448 3493 in
1495 3428 1705 3515 primo
1737 3450 1803 3495 ».

682 3517 762 3579 Et
808 3512 888 3577 ita
945 3512 1293 3579 declaravit
1352 3534 1421 3580 ac
1480 3515 1716 3581 servari
1787 3518 2130 3584 mandavit.

549 3603 662 3671 Die
709 3603 793 3667 22
840 3600 1076 3687 Aprilis
1125 3604 1315 3667 1741.

551 3742 818 3811 2360.
1177 3746 1514 3811 winNEN.
1905 3746 2130 3834 (auo)

682 3872 778 3933 Ex
838 3878 1019 3956 parte
1080 3867 1310 3934 Fratris
1363 3869 1542 3954 Xysti
1606 3891 1640 3935 a
1710 3874 1770 3938 S.
1819 3870 2132 3958 cypriano

551 3954 912 4023 Sacerdotis
947 3955 1209 4044 professi
1240 3956 1487 4023 Ordinis
1512 3958 1996 4024 carmelitarum
2030 3978 2136 4025 ex-

555 4042 982 4110 calceatorum
1028 4047 1393 4111 Conventus
1439 4044 1720 4112 civitatis
1750 4044 2035 4113 Wilnen.
2070 4045 2133 4113 in

549 4131 878 4200 Litbuania
923 4150 1042 4219 pro
1089 4130 1515 4199 declaratione
1548 4132 1923 4218 infrascripti
1955 4134 2135 4201 dubii

549 4220 719 4307 apud
767 4224 832 4289 S.
869 4222 1052 4395 ihc.
1105 4219 1465 4287 humillime
1510 4220 1939 4307 supplicatum
1984 4222 2129 4306 fuit,

550 4328 703 4377 nem
752 4329 833 4376 e:
921 4312 951 4374 1

682 4328 842 4465 gum
893 4397 958 4462 in
1001 4406 1220 4462 nostro
1263 4395 1499 4464 Ordine
1555 4405 1773 4463 octava
1834 4397 2131 4485 corporis

550 4485 782 4553 Christi
829 4484 913 4551 sit
960 4482 1358 4571 privilegiata
1406 4504 1481 4550 ex
1532 4484 1784 4551 indulto
1833 4488 1898 4553 S.
1943 4490 2019 4552 R.
2054 4490 2130 4553 C.

551 4577 633 4640 21
668 4572 902 4660 Aprilis
939 4574 1130 4656 1738,
1167 4571 1248 4637 ita
1294 4581 1366 4637 ut
1412 4573 1494 4638 de
1540 4573 1720 4639 nullo
1751 4576 1936 4640 Festo
1970 4574 2130 4640 infra

551 4663 844 4730 eamdem
892 4670 1174 4729 octavam
1208 4658 1346 4727 fieri
1378 4661 1601 4746 possit,
1635 4660 1755 4727 nisi
1785 4661 1980 4727 fuerit
2010 4661 2130 4729 du·

548 4749 703 4835 plex
753 4750 993 4837 primae
1040 4747 1277 4831 classis,
1314 4764 1396 4813 ex
1430 4766 1557 4833 quo
1586 4748 2036 4835 aequiparatur
2066 4750 2131 4816 in

549 4836 784 4902 Ordine
829 4848 1049 4903 nostro
1096 4848 1352 4903 octavae
1407 4836 1798 4924 Epiphaniae
1853 4836 2130 4922 Domini,

548 4924 727 5077 gnam
775 4922 964 4989 etiam
1012 4924 1172 4990 infra
1222 4923 1384 4990 banc
1428 4935 1713 4993 octavam
1760 4944 1887 4992 non
1920 4937 2136 5012 potest

597 5009 732 5094 eri,
779 5008 896 5075 nisi
945 5010 1029 5077 de
1076 5014 1262 5078 Festo
1311 5011 1552 5099 primae
1599 5013 1837 5098 classis)
1884 5014 2136 5099 quaeri-

552 5109 694 5164 tur:
745 5100 974 5164 Utrum
1020 5107 1277 5165 octavae
1323 5100 1653 5168 inchoatae
1698 5114 1843 5168 ante
1875 5105 2134 5171 Festum

552 5185 850 5272 Corporis
896 5184 1153 5271 Christi,
1201 5186 1582 5256 adveniente
1628 5189 1860 5257 eodem
1920 5193 2132 5276 Festo,

693 5364 778 5440 (l)
815 5366 880 5424 s.
913 5363 1056 5423 nub.
1095 5364 1142 5430 ι,
1177 5361 1230 5430 2,
1265 5362 1316 5430 a,
1351 5364 1404 5429 ι,
1438 5364 1490 5432 a,
1526 5363 1562 5421 o
1593 5369 1648 5421 οι
1684 5364 1733 5420 7.

2238 438 2517 507 debeant
2563 459 2809 507 cessare
2856 440 3021 506 sicut
3065 439 3223 506 aliae
3271 431 3530 507 oc‘tavae
3576 450 3829 507 cessant

2236 546 2269 591 a
2316 527 2423 594 die
2477 531 2553 596 17
2600 527 2967 595 Decembris
3010 547 3217 614 usque
3260 527 3338 594 ad
3405 527 3830 615 Epiphaniam

2237 613 2321 679 ob
2368 616 2702 703 paritatem
2764 615 3059 694 rationis;
3121 635 3189 680 ac
3239 615 3395 683 item
3451 615 3502 680 si
3566 620 3831 682 Festum

2236 703 2557 769 secundae
2604 703 2815 772 classis
2861 721 3008 771 cum
3054 714 3270 770 octava
3318 702 3637 771 incideret
3668 702 3832 769 infra

2239 789 2399 856 hanc
2458 801 2739 858 octavam
2803 802 2957 858 tunc
3004 801 3068 857 et
3111 789 3197 858 de
3254 793 3443 857 Festo
3508 790 3649 858 lieri
3696 808 3833 856 non

2321 889 2478 962 sset,
2530 890 2596 945 et
2642 889 2857 946 octava
2903 879 3187 966 periret;
3236 897 3315 945 an
3362 897 3516 944 vero
3553 897 3684 945 non
3721 878 3833 945 de-

2284 978 2428 1031 eant
2477 968 2733 1033 omnino
2781 986 3026 1034 cessare
3071 975 3355 1049 octavae,
3394 967 3507 1033 sed
3541 984 3830 1032 comme-

2238 1054 2624 1122 morationes
2668 1055 2793 1122 sint
2841 1053 3165 1122 faciendae
3214 1053 3299 1119 de
3345 1051 3520 1120 iuis?

2373 1145 2451 1208 Et
2496 1145 2561 1208 S.
2598 1146 2672 1209 R.
2700 1146 2806 1227 c.,
2854 1142 3070 1209 audito
3118 1140 3296 1229 prius
3339 1151 3491 1206 voto
3523 1139 3717 1207 unius
3750 1161 3830 1207 ex

2242 1231 2751 1316 Apostolicarum
2782 1229 3344 1299 caeremoniarum
3379 1229 3718 1316 magistris,
3758 1228 3833 1295 ad

2241 1317 2619 1386 relationem
2668 1321 2808 1387 Emi
2855 1329 2922 1386 et
2967 1318 3104 1384 ami
3150 1321 3227 1384 D.
3260 1316 3469 1384 Gard:
3485 1317 3686 1400 Gotti,
3738 1338 3836 1384 re·

2238 1404 2651 1474 scribendum
2697 1407 2992 1474 censuit:

2372 1516 2409 1559 ‹
2438 1494 2501 1562 Si
2533 1507 2752 1562 octava
2783 1495 3073 1563 inchoata
3100 1494 3181 1560 sit
3212 1504 3360 1560 ante
3393 1497 3654 1560 Festum
3678 1495 3833 1560 cor·

2241 1582 2416 1671 poris
2461 1582 2718 1668 christi,
2772 1604 2849 1650 eo
2894 1580 3305 1665 adveniente,
3340 1590 3554 1647 octava
3589 1591 3689 1646 est
3722 1581 3837 1647 de·

2240 1670 2535 1737 serenda.
2596 1671 2776 1748 Quod
2828 1671 2880 1738 si
2951 1669 3107 1736 infra
3177 1680 3463 1736 octavam
3533 1671 3835 1734 occurrat

2239 1762 2498 1826 Festum
2544 1759 2662 1825 sub
2713 1759 2837 1826 ritu
2878 1757 3121 1845 duplici
3155 1757 3402 1846 primae
3433 1755 3650 1823 classis
3681 1774 3833 1822 cum

2242 1857 2484 1931 octava,
2517 1846 2603 1913 de
2647 1865 2724 1912 eo
2755 1847 3122 1913 celebretur
3150 1844 3440 1912 Officium
3470 1862 3621 1910 cnm
3657 1862 3834 1909 com-

2242 1935 2700 2001 memoratione
2748 1946 3002 2001 octavae
3042 1932 3339 2021 Corporis
3370 1931 3633 2015 Christi,
3668 1931 3836 1998 infra

2242 2022 2420 2090 cuius
2465 2023 2631 2089 Festi
2680 2032 2964 2090 octavam
3012 2021 3124 2088 fiet
3154 2024 3235 2089 de
3268 2020 3401 2107 ipsa
3431 2023 3838 2094 octavacor-

2243 2111 2414 2199 poris
2451 2110 2685 2180 christi
2734 2129 2878 2176 cum
2926 2106 3533 2176 commemoratione
3565 2107 3838 2174 alterius

2240 2210 2500 2265 octavae
2544 2198 2962 2265 occurrentis.
3023 2197 3087 2265 Si
3133 2215 3287 2263 vero
3336 2193 3495 2262 infra
3539 2205 3835 2261 octavam

2240 2286 2536 2374 Corporis
2582 2285 2817 2352 Christi
2871 2295 3162 2352 occurrat
3205 2287 3463 2350 Festum
3504 2283 3837 2350 secundae

2239 2375 2480 2459 classis,
2514 2372 2673 2440 nihil
2706 2373 2789 2440 de
2824 2392 2904 2439 eo
2950 2372 3047 2457 fit,
3095 2371 3209 2437 sed
3259 2369 3643 2437 transfertur
3687 2382 3839 2459 post

2241 2472 2524 2528 octavam
2570 2460 2868 2549 corporis
2914 2459 3182 2542 Christi,
3244 2467 3563 2545 pereunte
3610 2468 3835 2524 octava

2242 2551 2408 2617 Festi
2455 2550 2765 2632 translati,
2812 2548 2864 2614 si
2911 2556 3053 2636 post
3098 2557 3241 2613 octo
3290 2545 3426 2613 dies
3457 2544 3629 2611 a'die
3664 2544 3837 2611 eius-

2240 2638 2389 2705 dem
2450 2638 2616 2704 Festi
2679 2636 3047 2703 celebretur
3080 2658 3146 2701 ».
3193 2637 3275 2701 Et
3320 2633 3404 2699 ita
3450 2633 3838 2701 declaravit.

2237 2726 2352 2792 Die
2399 2729 2483 2791 22
2530 2724 2761 2814 Aprilis
2815 2727 3009 2791 1741.

2241 2903 2492 2974 2361.
2851 2904 3222 2969 MELITEN.
3595 2900 3709 2987 (u
3725 2900 3837 2989 12)

2374 3078 2695 3166 Proposita
2753 3077 2819 3144 iu
2875 3080 2943 3145 S.
3000 3083 3081 3145 R.
3137 3080 3211 3144 C.
3276 3076 3404 3144 diei
3463 3080 3542 3142 21
3606 3080 3833 3145 Ianua-

2241 3168 2318 3236 rii
2377 3167 2672 3254 proxime
2744 3166 3072 3254 praeteriti
3144 3184 3323 3232 causa
3382 3164 3669 3231 Meliten.
3738 3164 3836 3231 in-

2176 3302 2187 3313 -
2243 3267 2342 3323 ter
2400 3259 2631 3321 Rmum
2696 3253 3085 3342 Episcopum
3135 3272 3215 3319 ex
3273 3271 3433 3335 una,
3498 3262 3564 3317 et
3630 3255 3837 3319 Cano-

2239 3345 2415 3411 nicos
2460 3341 2847 3428 collegiatae
2877 3341 3200 3408 Ecclesiae
3233 3344 3300 3409 S.
3335 3338 3508 3405 Pauli
3541 3338 3837 3427 partibus

2241 3452 2324 3498 ex
2368 3432 2591 3513 altera,
2625 3448 2822 3517 super
2865 3427 3264 3516 infrascripto
3299 3427 3539 3494 dubio:
3589 3429 3686 3495 An
3730 3428 3837 3494 Di-

2241 3520 2516 3607 gnitates
2550 3529 2613 3582 et
2645 3516 2941 3584 canonici
2991 3514 3254 3604 insignis
3284 3514 3679 3602 collegiatae
3710 3519 3835 3582 Ec-

2243 3607 2471 3674 clesiae
2521 3604 2656 3671 Divi
2705 3605 2874 3670 Pauli
2924 3603 3205 3671 civitatis
3235 3603 3547 3670 Vallettae
3588 3602 3835 3669 insulae

2239 3692 2613 3777 Melitensis,
2645 3693 2893 3779 quoties
2941 3692 3004 3757 in
3051 3690 3486 3758 functionibus
3530 3691 3837 3756 ecclesia-

2238 3780 2411 3848 sticis
2451 3791 2781 3847 transeunt
2825 3790 2973 3847 ante
3008 3779 3398 3866 Episcopum
3430 3776 3709 3845 debeant
3744 3778 3836 3845 ei-

2237 3871 2388 3936 dem
2456 3866 2771 3956 Episcopo
2833 3867 3276 3954 genussectere
3311 3881 3330 3947 ;
3400 3866 3505 3931 vel
3579 3876 3836 3933 tantum

2240 3968 2429 4045 caput
2459 3966 2524 4024 et
2558 3956 2864 4022 humeros
2892 3956 3215 4043 profunde
3240 3949 3598 4021 inclinare?
3628 3957 3693 4020 S.
3727 3972 3832 4021 ea-

2239 4046 2391 4113 dem
2423 4047 2494 4110 C.
2532 4042 2894 4129 rescripsit:
2939 4065 2976 4107 ι
3003 4042 3417 4124 Affirmative,
3453 4042 3661 4127 quoad
3695 4043 3834 4128 pri·

2240 4152 2407 4200 mam
2440 4140 2728 4219 partem;
2762 4132 3094 4219 Negative‚
3129 4129 3336 4217 quoad
3370 4128 3716 4196 secundam
3762 4152 3828 4195 ι.

2369 4225 2528 4289 cnm
2562 4228 2774 4286 autem
2804 4238 3003 4305 super
3034 4218 3396 4286 huiusmodi
3431 4216 3833 4284 resolutione

2236 4312 2314 4378 ad
2364 4307 2716 4375 instantiam
2767 4307 3233 4375 canonicorum
3279 4304 3641 4391 praedictae
3676 4305 3830 4372 col-

2240 4398 2508 4486 legiatae
2569 4394 2646 4459 ab
2710 4398 2869 4461 Ef'no
2934 4397 3120 4463 card.
3185 4394 3478 4460 Lercario
3540 4394 3831 4459 Ponente

2239 4505 2400 4553 nova
2447 4502 2743 4549 concessa
2792 4482 2985 4549 fuerit
3012 4480 3385 4568 ¹audientia3
3436 4499 3632 4564 nunc,
3668 4481 3830 4547 alte-

2240 4592 2383 4640 rum
2453 4569 2721 4637 dubium
2793 4570 2960 4636 inter
3035 4581 3247 4657 partes
3324 4568 3781 4635 concordatum
3806 4617 3825 4652 ,

2239 4661 2414 4729 idem
2461 4663 2656 4725 Emus
2702 4661 2943 4725 Ponens
2983 4656 3418 4725 decidendum
3449 4656 3824 4744 proposuit;

2234 4747 2540 4818 videlicet
3550 4795 3555 4801 .

2367 4839 2463 4991 A?n
2507 4833 2588 4901 sit
2633 4835 2955 4919 standum,
3004 4834 3107 4901 vel
3156 4833 3601 4900 recedendum
3645 4855 3680 4899 a
3711 4832 3827 4900 de·

2235 4947 2379 4994 cisis

2369 5016 2448 5079 Et
2511 5015 2579 5080 S.
2639 5013 2864 5080 eadem
2915 5016 2993 5079 R.
3050 5015 3159 5097 c.,
3223 5010 3506 5099 partibus
3568 5010 3826 5098 scriptis

2239 5113 2303 5170 et
2348 5121 2508 5168 voce
2553 5101 2767 5168 denuo
2816 5099 3301 5169 informantibus
3347 5096 3602 5182 auditis,
3645 5096 3825 5163 visis·

2242 5209 2372 5275 que
2417 5188 2659 5255 iuribus
2706 5188 2851 5256 hinc
2900 5188 3048 5255 inde
3097 5185 3419 5269 deductis,
3468 5184 3826 5252 rescriben-
