4042 5950
1532 254 1847 339 —275
1900 302 2004 319 —

140 414 499 484 nantissimo
543 425 609 484 et
651 416 1210 487 Reverendissimo
1253 417 1517 486 Domino
1559 420 1707 487 car·

135 504 317 573 dinali
349 507 582 573 loanne
611 505 938 573 Francisco
971 508 1357 596 Falzacappa
1388 505 1704 594 Episcopo

137 592 432 660 Albanen.
506 597 821 679 Ponente,
870 613 991 662 nec
1053 613 1182 661 non
1228 594 1352 662 rite
1409 593 1704 681 expensis

138 692 506 768 matureque
551 681 965 749 consideratis
995 682 1070 749 iis
1100 702 1262 769 quae
1311 701 1390 748 ex
1433 693 1701 767 utraque

137 778 302 924 Εηο
361 780 515 837 sunt
571 770 793 856 allata,
840 774 1219 859 praesertim
1333 789 1441 837 rae
1501 768 1703 836 oculis

207 857 359 924 bens
428 857 778 947 expetitam
844 859 1036 929 clavis
1096 869 1276 927 custo
1326 859 1423 925 iae
1477 860 1700 926 Sacrae

137 944 455 1031 Reliquiae
503 946 1074 1034 consignationem,
1107 967 1237 1015 non
1278 956 1405 1013 tam
1440 945 1702 1014 honoris

137 1050 311 1120 quam
357 1031 515 1100 iuris
556 1036 1064 1124 praerogativam
1108 1035 1506 1126 praeseferre
1530 1082 1548 1118 ,
1598 1052 1701 1098 re-

135 1119 534 1189 scribendum
563 1121 859 1191 censuit:
909 1146 948 1189 (
980 1122 1284 1212 Negative
1323 1122 1529 1210 quoad
1578 1121 1701 1188 cla·

136 1206 221 1275 vis
247 1210 762 1278 concessionem:
811 1212 873 1279 in
906 1212 1171 1300 reliquis
1201 1220 1509 1279 statuatur
1542 1207 1698 1299 lapis

137 1296 462 1386 inscriptus
511 1297 573 1367 in
620 1299 901 1366 Ecclesia
948 1299 1427 1389 metropolitana
1468 1299 1530 1366 in
1563 1317 1697 1366 me-

135 1384 383 1451 moriam
445 1387 776 1455 custodiae
830 1389 1291 1456 sacratissimae
1343 1386 1695 1473 Reliquiae,

133 1491 251 1624 nfn
290 1476 606 1544 retardata
653 1475 912 1543 interim
948 1476 1410 1566 reportatione3
1461 1487 1525 1542 et
1567 1493 1695 1541 am·

134 1580 172 1649 p
195 1580 286 1628 ius
318 1584 381 1629 ιν.

247 1652 457 1738 Atque
515 1651 600 1719 ita
654 1651 980 1739 rescripsit
1033 1673 1105 1719 ac
1146 1652 1384 1719 servari
1441 1652 1695 1719 manda·

133 1739 233 1803 rit.
281 1741 392 1807 Die
440 1743 527 1807 23
574 1740 967 1829 Septembris
1020 1744 1211 1808 1837.

133 1881 369 1950 2⁷69.
731 1883 1103 1950 normes.
1468 1880 1693 1969 (isis)

246 2005 448 2082 Ouum
507 2003 884 2091 quamplura
938 2023 1057 2092 pro
1120 2012 1301 2103 parte
1360 2006 1693 2073 caeremo-

134 2091 359 2158 niarum
431 2091 705 2178 Uagistri
794 2091 1327 2160 Reverendissimi
1395 2092 1691 2182 Episcopi

135 2178 423 2246 Mutinen.
466 2182 687 2248 Sacrae
732 2178 992 2248 Ritunm
1026 2180 1513 2269 congregationi
1546 2200 1695 2269 pro-

132 2267 314 2354 posita
359 2280 575 2335 essent
607 2266 823 2346 dubia,
872 2286 1145 2356 quornm
1189 2270 1577 2336 solutionem
1626 2289 1690 2336 e-

133 2356 280 2422 nixis
323 2355 628 2445 precibus
672 2354 1074 2444 efflagitabat,
1109 2366 1179 2424 nt
1223 2355 1438 2424 debita
1480 2367 1693 2424 ancto-

134 2445 297 2511 ritate
339 2444 731 2528 accedente,
779 2444 1038 2529 quaevis
1084 2445 1324 2534 privata
1376 2445 1693 2534 interpre-

135 2532 268 2598 tatio
302 2533 387 2601 de
415 2531 637 2601 medio
667 2532 1032 2617 tolleretur,
1067 2543 1259 2620 atque
1290 2552 1456 2601 unus
1486 2532 1690 2601 idem-

135 2637 245 2704 que
288 2621 441 2689 ordo
488 2619 569 2687 ab
599 2618 892 2688 omnibus
923 2619 988 2687 in
1017 2632 1346 2707 posterum
1388 2621 1457 2688 in
1501 2621 1691 2689 sacris

137 2706 543 2778 functionibus
601 2720 1006 2795 servaretur,
1058 2707 1207 2776 licet
1252 2709 1563 2797 pleraque
1607 2728 1689 2776 ex

139 2795 216 2861 eis
257 2796 567 2864 eiusmodi
610 2799 738 2865 sint
785 2815 947 2884 quae
978 2795 1055 2862 ab
1101 2796 1252 2897 ipsis
1286 2798 1693 2866 declarentur

135 2884 434 2970 Rubricis,
485 2886 590 2953 vel
654 2908 687 2954 a
731 2884 1014 2952 Decretis
1081 2887 1228 2953 alias
1289 2886 1474 2955 editis
1580 2905 1689 2953 en·

137 2971 344 3062 deant;
400 2975 489 3043 de
545 2993 724 3041 more
793 2984 1007 3041 tamen
1068 2973 1145 3041 ab
1212 2975 1438 3043 eadem
1586 2994 1688 3042 cra

136 3062 620 3149 Congregatione
668 3061 979 3130 indictum
1024 3062 1171 3148 fuit,
1204 3073 1274 3130 nt
1321 3063 1689 3149 exquirere-

136 3159 226 3214 tur
249 3151 561 3218 sententia
590 3150 849 3218 alterius
882 3168 961 3216 ex
993 3150 1499 3240 Apostolicarum
1538 3154 1688 3219 Cae-

137 3239 538 3307 remoniarum
569 3237 877 3327 Magistris
921 3238 1174 3326 scriptis
1211 3240 1460 3307 reddita
1506 3259 1688 3328 prae-

137 3323 327 3426 loque·
347 3346 519 3394 cusa.
570 3325 894 3416 Proposita
923 3336 1137 3396 autem
1182 3327 1375 3396 dubia
1418 3337 1568 3397 sunt
1595 3347 1690 3395 se-

136 3424 366 3496 quentia
388 3463 406 3497 ,
456 3416 794 3484 nimirum:

247 3505 291 3568 l.
337 3506 547 3584 Quum
594 3524 678 3571 ex
721 3503 991 3573 Rubrica
1038 3504 1256 3571 Feriae
1287 3508 1340 3572 V
1372 3504 1437 3570 in
1477 3509 1684 3575 coena

137 3590 354 3657 Domini
423 3601 634 3680 pateat
702 3611 926 3660 omnes
977 3593 1062 3661 de
1111 3594 1299 3660 clero
1366 3591 1532 3661 dicta
1579 3592 1685 3660 die

135 3679 640 3748 communionem
669 3699 929 3749 sumere
961 3680 1202 3749 debere
1232 3681 1316 3747 de
1348 3698 1538 3749 manu
1568 3683 1685 3749 ce-

137 3764 411 3835 lebrantis
432 3818 449 3853 ,
499 3767 909 3838 nihilominus
954 3769 1245 3837 nonnulli
1310 3771 1685 3840 Sacerdotes

137 3870 248 3921 non
287 3856 570 3925 dubitant
633 3873 916 3925 asserere
982 3857 1138 3925 haec
1183 3857 1352 3924 dicta
1406 3877 1544 3925 esse
1602 3857 1686 3925 ob

137 3959 360 4011 merum
405 3945 784 4031 consilinm,
833 3964 959 4013 non
1007 3965 1162 4013 vero
1194 3946 1278 4013 de
1309 3964 1540 4033 praece
1593 3957 1680 4014 to.

137 4029 271 4128 ilinc
313 4033 672 4119 quaeritare
720 4036 818 4101 An
863 4052 1089 4100 revera
1128 4053 1352 4101 omnes
1381 4033 1465 4100 de
1497 4037 1542 4102 C
1573 4054 1683 4102 ero

141 4120 528 4190 inservientes
556 4123 773 4190 Missae
803 4120 1176 4206 Pontificali,
1210 4132 1275 4189 et
1305 4122 1684 4210 praesertim

140 4207 507 4294 Sacerdotes,
541 4210 792 4278 Diaconi
841 4221 907 4277 et
938 4209 1318 4278 subdiaconi
1359 4228 1683 4277 sacrorum

140 4291 406 4364 oleorum
466 4299 920 4366 consecrationi
976 4297 1374 4383 assistentes,
1426 4310 1686 4366 tenean-

141 4389 232 4446 tur
254 4385 491 4452 Sacram
519 4386 1049 4454 communionem
1091 4404 1346 4453 sumere
1379 4386 1460 4454 de
1493 4405 1682 4454 manu

140 4468 547 4541 celebrantis?
593 4476 687 4562 (1)

251 4561 318 4626 u.
364 4563 704 4649 Colligitur
737 4582 816 4630 ex
848 4562 1131 4630 Decretis
1161 4565 1385 4630 Sacrae
1424 4561 1682 4630 Rituum

141 4646 626 4737 congregationis
671 4671 798 4722 non
853 4669 1038 4739 posse
1096 4649 1238 4717 fieri
1284 4650 1680 4736 concionem,

142 4735 320 4820 eapite
361 4741 559 4825 tecto,
608 4750 754 4807 ante
801 4738 1275 4808 sanctissimum
1321 4742 1685 4808 Sacramen-

144 4829 258 4889 tum
300 4827 493 4913 palam
549 4829 911 4917 expositum
933 4876 951 4912 ,
998 4845 1126 4893 non
1177 4826 1472 4894 obstante
1531 4846 1682 4914 qua-

143 4926 386 5008 ssttmque
419 4916 729 4983 contraria
761 4916 1253 4983 consuetudine.
1301 4917 1460 4983 Hinc
1495 4934 1687 5003 quae-

143 5005 319 5094 ritur:
363 5007 458 5071 An
502 5005 566 5073 id
614 5004 841 5072 saltem
890 5005 1073 5071 liceat
1118 5003 1372 5090 quando
1416 5003 1687 5071 Sanctis-

145 5100 342 5155 simum
366 5094 839 5161 Sacramentum
871 5102 969 5159 est
994 5092 1259 5177 quidem
1295 5092 1683 5178 expositum,

145 5173 238 5242 sed
278 5179 415 5246 velo
457 5181 665 5248 serico
712 5177 1112 5249 obductum?

260 5370 333 5442 (1)
365 5375 422 5431 n
459 5375 602 5433 nun
638 5375 708 5441 11,
745 5376 838 5441 111,
877 5375 951 5432 vt
988 5381 1046 5433 οι
1080 5373 1176 5431 xx

1940 420 2045 484 111.
2092 420 2252 484 Dum
2293 415 2644 505 Episcopus
2690 416 2756 484 in
2800 415 3084 484 Ecclesia
3131 418 3394 487 benedi-

1809 504 2086 571 ctionem
2151 504 2438 594 impertit
2506 523 2653 571 cum
2719 506 3120 573 sanctissimo
3180 509 3393 574 Sacra·

1810 603 2056 677 mento,
2089 592 2387 661 canonici
2419 591 2782 660 assistentes
2811 592 2978 681 apud
3013 612 3127 663 nos
3158 596 3393 661 sistunt

1810 680 2136 767 genuflexi
2183 681 2245 748 in
2294 682 2506 770 plano.
2555 681 2924 759 Quaeritur:

1947 773 2009 835 1.
2056 773 2155 837 An
2216 767 2381 836 bene
2450 770 2534 834 ita
2598 768 2926 857 genuflexi
2993 768 3215 837 sistere
3279 770 3389 836 de-

1808 857 2032 943 beant,
2083 857 2186 924 vel
2248 858 2460 945 potius
2526 876 2725 944 super
2767 856 3057 925 infimum
3114 858 3387 946 gradum

1808 945 2039 1013 Altaris
2085 964 2286 1032 aeque
2332 965 2401 1012 ac
2451 943 2842 1034 Episcopus?

1937 1037 2002 1099 2.
2052 1034 2186 1112 Quo
2234 1035 2408 1119 loco,
2462 1042 2525 1100 et
2578 1034 2898 1119 quomodo
2941 1035 3220 1103 debeant
3266 1051 3380 1122 ge·

1805 1121 2162 1188 nussectere
2230 1122 2488 1189 Ministri
2509 1170 2526 1205 ,
2582 1120 2717 1188 sive
2786 1121 2986 1209 parati
3051 1122 3187 1189 sive
3256 1141 3383 1190 non

1804 1208 2046 1295 parati,
2094 1209 2158 1276 in
2206 1209 2655 1278 benedictione
2724 1210 3043 1298 praedicta
3096 1210 3299 1279 danda
3348 1229 3382 1275 a

1805 1299 2155 1367 Sacerdote
2199 1293 2654 1399 quocumque?

1935 1391 1998 1454 3.
2050 1388 2185 1471 An,
2234 1405 2301 1453 111
2347 1384 2792 1453 benedictione
2859 1386 3101 1474 populo
3148 1385 3230 1453 im
3285 1404 3383 1452 er·

1801 1473 2017 1542 tienda
2066 1493 2211 1541 cum
2258 1477 2439 1542 Sacra
2485 1472 2746 1561 Pyxide,
2797 1474 3101 1542 Sacerdos
3148 1474 3233 1542 de
3281 1483 3382 1541 eat

1804 1563 2009 1716 iuml·
2043 1563 2332 1717 ygnerari
2400 1560 2851 1651 genuflexione
2918 1562 3196 1651 duplici;
3271 1562 3373 1628 vel

1800 1669 1919 1718 snm
1993 1671 2073 1717 ici

1923 1669 2042 1806 liv.
2090 1743 2293 1819 Quum
2342 1738 2584 1806 licitum
2615 1738 2694 1805 sit
2724 1738 3038 1829 Episcopo
3072 1738 3379 1807 incedere

1803 1846 1949 1896 cum
2000 1827 2209 1911 mitra,
2257 1827 2509 1915 quando
2543 1828 2753 1895 defert
2798 1826 3149 1914 Reliquiam
3195 1824 3377 1912 Ligni

1800 1914 2240 1985 Sanctissimae
2271 1916 2489 1985 crucis
2520 1915 2585 1983 in
2614 1914 3150 2000 Processionibus‚
3185 1932 3376 2001 quae·

1800 2006 1996 2073 ritur:

1938 2097 1996 2159 1.
2048 2093 2145 2159 An
2207 2092 2404 2181 possit
2459 2090 2806 2180 Episcopus
2860 2088 3376 2158 benedictionem

1794 2181 2159 2249 solemnem
2193 2180 2433 2270 populo
2480 2181 2566 2246 im
2616 2179 2814 2246 ertire
2861 2197 3007 2247 cum
3046 2177 3209 2245 dicta
3255 2181 3376 2246 Re-

1800 2268 2019 2356 liquia,
2070 2278 2319 2336 retenta
2364 2270 2548 2335 mitra

1930 2361 1998 2424 2.
2048 2358 2143 2424 An
2188 2356 2409 2422 saltem
2456 2375 2602 2425 cum
2649 2353 2930 2445 pileolo?

1931 2450 1997 2513 3.
2057 2448 2154 2513 An
2213 2444 2412 2531 possit
2474 2444 2751 2511 retinere
2811 2444 3066 2510 mitram
3116 2444 3220 2510 vel
3278 2442 3374 2531 pi-

1794 2535 2062 2620 leolum,
2112 2550 2258 2600 cum
2305 2532 2629 2599 benedicit
2670 2533 2915 2621 populo
2967 2548 3111 2597 cum
3165 2530 3370 2618 aliqua

1794 2622 2023 2710 insigni
2070 2619 2352 2708 Reliquia
2399 2619 2664 2687 alicuius
2709 2617 2960 2688 Sancti?

1923 2715 2000 2779 V.
2050 2711 2257 2789 Quum
2316 2708 2384 2776 in
2430 2708 2633 2776 Sacris
2701 2706 3083 2797 peragendis
3141 2716 3371 2774 statua·

1794 2810 1901 2866 tur
1946 2797 2022 2863 ab
2052 2795 2333 2866 Ecclesia
2358 2797 2641 2864 colorem
2674 2806 3186 2885 paramentorum
3232 2813 3371 2861 esse

1792 2888 1897 2954 vel
1945 2885 2159 2953 album
2191 2884 2295 2952 vel
2343 2885 2617 2952 rubeum
2660 2893 2785 2952 etc.
2835 2903 2957 2974 pro
3002 2881 3370 2951 diversitate

1794 2975 2231 3059 festivitatum,
2281 2973 2642 3060 quaeritur:

1932 3068 1990 3130 1.
2044 3064 2140 3130 An
2184 3072 2546 3150 paramenta
2591 3060 2823 3128 coloris
2870 3059 3011 3138 ssavi
3079 3057 3368 3127 adhiberi

1792 3151 2035 3304 possin?t
2079 3170 2199 3240 pro
2260 3166 2667 3235 quocumque
2723 3148 2970 3230 colore,
3019 3146 3204 3236 nigro
3258 3165 3367 3212 ex·

1794 3260 1870 3307 ce
1919 3249 1982 3306 to

1873 3260 1991 3394 ΡΞ.
2041 3329 2205 3394 Νιι111
2250 3334 2612 3415 paramenta
2672 3324 2958 3392 confecta
3004 3341 3088 3388 ex
3132 3322 3363 3406 serico,

1790 3415 1977 3484 variis
2039 3415 2359 3482 coloribus
2404 3423 2469 3480 et
2514 3410 2776 3480 floribus
2840 3411 3118 3494 intexta,
3165 3410 3249 3475 ita
3294 3416 3368 3474 ut

1789 3505 1896 3572 vix
1933 3503 2343 3592 dignoscatur
2374 3502 2554 3568 color
2593 3500 2927 3589 primarius
2987 3508 3055 3565 et
3100 3498 3365 3588 praedo-

1791 3593 2058 3678 minans,
2083 3588 2370 3678 usurpari
2402 3590 2653 3657 valeant
2683 3587 2957 3670 mixtim,
2990 3583 3213 3652 saltem
3248 3605 3363 3676 pro

1786 3681 1954 3765 albo,
2001 3680 2198 3747 rubro
2247 3689 2312 3746 et
2357 3674 2595 3745 viridi?

1923 3773 1986 3837 3.
2037 3771 2198 3836 Num
2267 3767 2606 3850 Planetae,
2657 3765 2867 3834 Stolae
2932 3772 2996 3830 et
3054 3762 3362 3852 Manipula

1788 3858 2034 3946 possint
2079 3854 2303 3923 confici
2354 3872 2435 3919 ex
2480 3855 2609 3920 tela
2651 3853 2818 3921 linea
2872 3851 2978 3918 vel
3039 3851 3361 3939 gossypic,

1787 3948 1983 4034 vulgo
2014 3942 2331 4098 Psi-cugio,
2369 3941 2687 4009 coloribus
2723 3938 3128 4030 praescriptis
3173 3937 3365 4006 tincta

1791 4047 1899 4102 aut
1945 4034 2031 4101 de
2080 4033 2200 4100 icta

1919 4053 2401 4207 Vhpcolligitur
2446 4137 2524 4184 ex
2556 4116 2824 4187 Robrica
2871 4116 3042 4202 qnod
3076 4113 3358 4198 Parocbi,

1790 4210 2167 4280 Sacerdotes
2219 4209 2455 4308 aliique
2520 4203 2980 4288 Ecclesiastici,
3029 4203 3138 4290 qui
3180 4213 3361 4268 cotta

1785 4298 1992 4366 induti
2041 4297 2477 4364 interveniunt
2521 4290 3053 4376 processionibus,
3086 4290 3361 4358 debeant

1787 4385 2046 4468 deferre
2113 4384 2390 4452 biretum
2460 4381 2876 4449 sacerdotale.
2950 4377 3104 4448 Hinc
3169 4395 3361 4465 quae-

1787 4474 1989 4542 fitur:

1922 4567 1983 4629 1.
2035 4563 2133 4628 An
2177 4560 2464 4630 Clericus
2530 4559 2821 4627 assistens
2890 4553 3249 4630 celebranti
3292 4563 3361 4620 et

1788 4651 1891 4720 alii
1939 4648 2172 4719 clerici
2231 4649 2339 4736 qui
2384 4646 2673 4734 dirigunt
2730 4642 3201 4714 Processionem
3246 4645 3361 4710 Ro-

1788 4738 2112 4828 gationum
2164 4749 2291 4804 etc.
2389 4734 2584 4803 ossint
2632 4734 2751 4802 boc
2798 4730 3055 4801 iacere?
3342 4816 3355 4830 ·

1920 4830 1984 4894 2.
2037 4828 2134 4891 An
2165 4827 2353 4891 Paroc
2404 4823 2448 4907 i,
2482 4823 2592 4910 qui
2622 4823 2937 4889 intersunt
2970 4818 3357 4888 Processioni

1790 4912 2173 4984 Sanctissimi
2243 4911 2622 4980 Sacramenti
2693 4909 2755 4976 in
2824 4914 3006 4976 Festo
3064 4907 3362 4993 corporis

1788 5001 2017 5071 christi
2067 5012 2132 5066 et
2176 5000 2243 5068 in
2274 4999 2409 5067 aliis
2440 4996 2869 5066 functionibus
2909 4994 3209 5085 propriae
3254 5000 3362 5062 Pa-

1789 5091 2064 5173 roeciae,
2099 5089 2344 5178 possint
2388 5086 2648 5154 deferre
2692 5087 2928 5153 Stolam
2966 5101 3155 5172 supra
3186 5101 3360 5150 moz-

1795 5188 2063 5257 zettam3
2113 5181 2218 5245 vel
2251 5177 2476 5244 saltem
2522 5174 2803 5242 retinere
2847 5168 3203 5260 pileolum?
