4042 5950
1548 264 2021 345 —457—

151 433 458 508 strarant,
511 423 701 491 etiam
747 423 812 491 in
865 423 1315 512 prosecutione
1367 433 1742 491 remaneant

150 511 567 579 ministraturi
592 561 609 596 ,
657 511 1112 581 mandentibus
1178 512 1288 598 qui
1352 511 1431 580 ad
1498 513 1733 580 Sedem

149 598 486 667 servitium
529 601 1000 688 praestiterant.

274 687 498 756 Tribus
545 697 792 756 tantum
837 687 1064 755 abhinc
1111 686 1287 755 annis
1332 687 1737 755 Archidiaco·

148 795 295 861 nus,
343 776 445 843 cui
497 795 579 843 ex
635 776 1123 844 caeremonialis
1186 776 1531 863 localisque
1590 794 1737 843 con-

148 863 507 932 suetudinis
553 863 964 953 dispositione
1010 864 1214 952 prima
1256 865 1565 954 competit
1594 862 1739 930 assi-

147 953 377 1020 stentia
424 952 766 1020 diaconalis
808 955 885 1022 ad
934 954 1172 1022 Sedem
1199 1003 1216 1038 ,
1263 953 1380 1022 sibi
1477 950 1743 1020 ersuasit

151 1039 377 1108 deberi
408 1041 598 1106 etiam
630 1040 751 1127 ipsi
783 1041 1324 1109 continuationem
1355 1061 1392 1107 o
1463 1040 1540 1108 cii
1576 1042 1740 1108 eius-

150 1129 306 1195 dem
350 1129 430 1197 ad
476 1129 691 1195 Altare
739 1128 802 1196 in
842 1129 1307 1198 ministratione
1338 1129 1559 1197 calicis
1590 1147 1739 1196 cum

151 1218 346 1286 ssmo
391 1221 796 1285 Sacramento
845 1229 909 1286 et
955 1218 1020 1284 iu
1063 1217 1501 1286 processione.

288 1306 494 1385 Quum
563 1314 779 1374 autem
847 1326 930 1375 ex
988 1307 1109 1375 hoc
1173 1306 1336 1373 facto
1393 1324 1521 1372 non
1580 1304 1740 1372 levis

151 1405 376 1461 exorta
436 1404 604 1460 esset
666 1394 1096 1465 controversia
1159 1394 1221 1461 in
1282 1394 1609 1481 Capitulo,
1658 1412 1737 1461 eo

150 1483 260 1550 vel
310 1483 507 1569 magis
553 1484 724 1569 quod
771 1483 1272 1553 Archidiaconus
1317 1482 1455 1584 ipse
1510 1482 1574 1549 in
1633 1501 1739 1548 eo-

148 1571 304 1639 dem
374 1570 580 1639 officio
653 1574 1017 1640 exercendo
1084 1570 1418 1638 arbitrarie
1484 1569 1741 1637 omnino

152 1659 360 1746 quoad
407 1678 613 1725 sacras
658 1670 867 1727 vestes
914 1659 1269 1729 induendas
1316 1658 1583 1746 singulis
1639 1679 1743 1727 an-

152 1749 251 1814 uis
298 1745 591 1834 gesserit,
624 1765 957 1835 quumque
1004 1748 1500 1816 controversiam
1542 1766 1743 1815 enun-

153 1835 376 1902 ciatam
411 1834 599 1902 facile
632 1834 799 1903 haud
832 1848 968 1903 erat
1002 1857 1079 1904 ex
1111 1834 1570 1903 Caeremoniali
1602 1835 1748 1923 Epi-

133 1941 498 2010 ‚scoporum
560 1921 898 2004 dirimere;
964 1925 1321 2013 praefatum
1379 1923 1743 2013 capitulum

154 2011 231 2078 ad
281 2013 533 2078 Sacram
577 2011 836 2079 Rituum
896 2011 1473 2102 congregationem
1528 2012 1745 2079 statuit

158 2098 398 2166 babere
461 2119 833 2185 recursum,
897 2123 967 2170 ac
1028 2121 1174 2169 cum
1239 2119 1538 2188 expressa
1603 2101 1745 2169 Rmi

155 2186 638 2277 Arcbiepiscopi
697 2196 881 2257 venia
948 2200 1012 2257 et
1073 2191 1155 2258 de
1211 2189 1407 2279 ipsius
1471 2189 1746 2278 Capituli

151 2275 477 2358 mandato,
505 2273 1041 2367 archipresbyter
1062 2285 1324 2348 Ioannes
1349 2276 1616 2365 Baptista
1640 2282 1747 2345 Da·

157 2362 300 2429 ueri
343 2365 661 2430 massarii
706 2383 975 2433 munere
1024 2368 1296 2454 fungens
1352 2364 1748 2452 insequentia

160 2461 306 2518 octo
337 2450 528 2519 dubia
563 2454 786 2519 Sacrae
819 2454 1078 2523 Rituum
1103 2454 1595 2557 congregationi
1628 2473 1746 2541 pro

157 2549 520 2627 opportuna
588 2541 903 2609 solutione
969 2555 1341 2631 proposu1t3
1391 2542 1743 2610 nimirum:

291 2626 563 2694 Dubium
611 2632 661 2695 1.
709 2631 877 2697 Num
921 2633 1308 2701 sustineatur
1355 2631 1747 2699 observantia

157 2715 510 2799 lauuensis,
546 2735 665 2802 qua
699 2718 874 2784 Feria
905 2723 957 2788 V
986 2721 1050 2787 in
1088 2725 1298 2788 coena
1330 2719 1604 2804 Domini,
1638 2719 1744 2805 qui

157 2803 415 2872 Diacoui
475 2814 539 2869 et
600 2805 982 2875 Subdiaconi
1041 2808 1107 2876 in
1168 2810 1340 2877 mssa
1401 2806 1752 2876 pontificali

157 2910 435 2959 munere
482 2892 681 2960 functi
726 2906 897 2981 sunt,
948 2896 1394 2966 recedentibus
1425 2896 1747 2984 quierant

156 2981 526 3051 assistentes
571 2982 647 3048 ad
695 2985 958 3071 Sedem,
1011 2997 1374 3053 remaneant
1416 2982 1751 3072 Archiepi-

155 3087 358 3156 scopo
405 3069 469 3135 in
513 3071 918 3139 processione
966 3074 1226 3141 Ministri
1263 3086 1328 3141 et
1359 3075 1745 3155 assistentes,

159 3175 247 3223 ex
279 3157 503 3224 saltem
530 3157 839 3246 probabili
870 3164 1240 3248 perantiqua
1262 3161 1749 3230 eaeremonialis

161 3243 624 3333 Episcoporum
674 3247 1199 3350 interpretatione
1246 3260 1353 3318 aut
1396 3271 1475 3318 ex
1525 3250 1748 3316 imme·

158 3333 454 3400 morabili
501 3335 1018 3409 consuetudine?

297 3422 569 3489 Dubium
618 3426 690 3490 ΙΙ.
742 3424 850 3493 Sin
896 3438 1112 3494 autem
1158 3428 1320 3496 dicta
1357 3424 1752 3495 observantia

161 3508 429 3577 minime
459 3512 870 3598 sustineatur,
897 3514 1120 3583 soline
1154 3534 1487 3583 remanere
1509 3513 1753 3581 debent

162 3598 244 3665 ad
281 3599 474 3666 latera
505 3600 814 3668 praesulis
845 3603 1096 3670 Diaconi
1142 3604 1503 3672 assistentes
1532 3602 1609 3669 ad
1641 3603 1749 3669 Se·

164 3687 355 3770 dem,
405 3687 677 3755 Diacono
736 3698 800 3755 et
861 3692 1258 3760 subdiacono
1306 3693 1523 3761 Missae
1569 3708 1751 3756 rece·

163 3772 523 3842 dentibus?

298 3864 574 3933 Dubium
620 3869 720 3932 111.
770 3866 832 3934 Si
879 3867 997 3935 soli
1042 3880 1339 3937 maneant
1392 3867 1753 3936 assistentes

162 3951 247 4021 ad
293 3952 527 4021 Sedem
550 4001 568 4037 ,
619 3972 700 4020 ex
761 3955 852 4022 eis
913 3957 1167 4047 dignior
1226 3957 1455 4025 satisne
1501 3968 1752 4043 paratus

166 4050 269 4105 est
298 4040 427 4107 sola
460 4041 797 4109 Dalmatica
830 4065 1018 4133 supra
1065 4046 1357 4113 rochetto
1401 4044 1539 4112 sine
1579 4044 1752 4112 Stola

164 4127 459 4213 indutus,
492 4140 564 4196 ut
596 4132 707 4198 SS.
742 4132 1213 4201 Sacramentum
1256 4132 1753 4220 Arcbiepiscopo

164 4216 454 4303 porrigat
500 4217 577 4284 ab
622 4236 828 4304 eoque
877 4218 1193 4309 recipiat?

303 4304 573 4371 Dubium
621 4308 723 4373 IV.
774 4308 882 4375 Sin
932 4310 1165 4394 minus,
1214 4310 1530 4379 sufficitne
1582 4310 1751 4377 Stola

168 4410 369 4479 super
411 4393 644 4462 amictu
693 4405 756 4461 et
804 4398 1094 4465 rochetto
1141 4401 1259 4466 sub
1291 4393 1669 4465 Dalmatica?

303 4482 576 4549 Dubium
611 4486 685 4551 V.
734 4485 867 4562 Quo
900 4505 1070 4570 casu,
1107 4488 1508 4572 quandonam
1537 4487 1613 4554 ab
1645 4485 1754 4553 illo

167 4571 347 4636 Stola
388 4571 700 4639 sumenda
747 4572 888 4642 est?
929 4594 1090 4642 anne
1149 4593 1294 4642 cum
1360 4576 1641 4661 primum
1685 4593 1754 4640 se

169 4667 351 4744 parat
407 4678 526 4747 pro
586 4661 762 4726 Missa
788 4711 806 4746 ,
853 4682 933 4730 an
977 4681 1132 4729 vero
1181 4663 1550 4730 immediate
1609 4675 1754 4730 ante

171 4745 702 4815 processionem?
745 4750 837 4837 (1)

305 4834 577 4903 Dubium
627 4839 732 4905 Vl.
784 4839 847 4906 Si
895 4858 1056 4928 opus
1102 4851 1198 4906 est
1259 4839 1466 4929 primo
1527 4858 1606 4906 ex
1664 4838 1757 4904 eis

171 4920 458 4991 Diaconis
504 4925 761 5014 integer
790 4927 1037 4994 babitus
1067 4928 1438 5012 Diacoualis,
1471 4927 1755 4995 debetne

171 5011 334 5077 alter
373 5013 745 5168 {zoassistens
790 5016 1021 5083 eodem
1071 5026 1360 5104 tempore
1403 5014 1622 5082 Albam
1654 5034 1758 5082 su·

171 5115 355 5166 mere

307 5188 583 5258 Dubium
629 5194 760 5260 vn.
805 5191 986 5271 Quod
1043 5194 1094 5259 si
1152 5211 1374 5260 omnes
1430 5190 1753 5277 canonici,

311 5376 397 5450 (ι)
431 5380 498 5437 n.
537 5381 682 5440 nub.
723 5382 819 5439 vi.

1846 434 2120 512 excepto
2188 422 2565 524 Presbytero
2630 422 2999 507 assistente,
3064 421 3140 488 ad
3209 421 3421 489 Altare

1841 511 2206 597 sedemque
2230 523 2584 579 servientes
2611 528 2817 599 prope
2847 510 3298 596 celebrantem
3315 510 3426 577 de-

1839 599 2029 666 beant
2074 617 2444 685 remanere,
2508 600 2783 666 utrinam
2839 598 3111 666 Diacouo
3157 599 3422 666 SSmum

1841 689 2317 755 Sacramentum
2363 686 2697 776 porrigere
2729 698 2794 754 et
2831 685 3122 775 recipere
3168 704 3423 773 compe-

1843 772 1970 842 tit?
2020 777 2291 843 Diacono
2339 795 2419 843 ne
2470 774 2823 863 Evangelii,
2872 793 2950 841 an
2996 774 3266 842 Diacouo
3312 774 3423 861 qui

1845 861 1964 930 fuit
2007 863 2301 931 assistens
2347 885 2376 929 a
2423 864 2671 931 dextris
2714 862 2790 931 ad
2841 860 3135 932 sedem?

1974 954 2055 1017 Et
2103 954 2327 1021 eadem
2375 956 2558 1020 Sacra
2605 949 3028 1040 congregatio
3074 950 3151 1018 ad
3184 949 3426 1017 Vatica-

1844 1057 1999 1107 num
2044 1040 2163 1107 sub
2210 1040 2607 1125 infrascripto
2641 1040 2746 1107 die
2780 1040 2844 1107 in
2877 1038 3195 1107 ordinario
3224 1040 3424 1105 coetu

1846 1129 2226 1215 coadunata,
2275 1132 2352 1199 ad
2416 1126 2792 1195 relationem
2852 1126 2990 1195 Emi
3037 1137 3103 1194 et
3149 1126 3287 1195 Rmi
3347 1130 3423 1193 D.

1843 1214 2189 1284 Gardiualis
2231 1216 2466 1285 Nicolai
2513 1215 2769 1284 Clarelli
2804 1215 3145 1283 Paracciani
3186 1219 3428 1282 ponen-

1847 1304 1949 1387 tis,
2001 1305 2308 1391 exquisita
2357 1306 2535 1406 prius
2581 1306 2840 1372 alterius
2900 1323 2981 1370 ex
3039 1302 3425 1393 Apostolica-

1847 1410 1987 1459 rum
2013 1396 2564 1461 caeremoniarum
2595 1391 2902 1482 magistris
2931 1393 3243 1460 sententia
3275 1390 3424 1458 scri-

1847 1479 1971 1570 ptis
2007 1482 2253 1549 reddita
2286 1484 2636 1569 praeloque
2677 1500 2823 1548 cusa
2868 1492 2934 1548 et
2978 1480 3270 1548 omnibus
3300 1497 3427 1545 ma·

1846 1580 1988 1637 ture
2022 1568 2262 1638 libratis
2292 1591 2360 1637 ac
2395 1571 2518 1638 rite
2548 1568 2908 1659 perpensis,
2943 1567 3427 1636 rescribendum

1846 1660 2141 1725 censuit:

1980 1747 2079 1813 Ad
2123 1752 2170 1815 1.
2225 1768 2262 1811 ‹
2293 1751 2361 1814 ln
2394 1766 2540 1815 casu
2570 1747 2654 1815 de
2688 1765 2816 1833 quo
2846 1745 3054 1833 agitur
3099 1744 3253 1813 nibil
3289 1763 3427 1811 esse

1851 1833 2281 1902 innovandum
2311 1857 2375 1901 ».

1981 1921 2076 1989 Ad
2107 1921 2352 2010 reliqua
2375 1925 2599 1994 dubia:
2626 1943 2665 1989 α
2692 1923 3016 1990 Provisum
3041 1923 3103 1989 in
3128 1921 3334 2010 primo
3362 1945 3424 1989 ».

1981 2013 2190 2097 Atque
2236 2011 2318 2078 ita
2366 2011 2689 2099 rescripsit
2737 2021 2801 2079 et
2845 2011 2911 2078 iu
2958 2011 3431 2099 metropolitana

1849 2100 2135 2167 Ecclesia
2179 2102 2464 2167 lauuensi
2512 2100 2745 2167 servari
2792 2100 3132 2167 mandavit.

1982 2189 2095 2257 Die
2141 2191 2227 2258 29
2271 2189 2593 2257 Februarii
2645 2191 2837 2257 1868.

1850 2332 2102 2403 3164.
2527 2334 2756 2399 onan.
3201 2329 3429 2417 (assa)

1981 2459 2186 2535 Quum
2220 2458 2403 2523 Sacra
2440 2455 2862 2541 congregatio
2905 2453 2991 2520 de
3029 2452 3431 2542 propaganda

1847 2545 2002 2613 ride
2035 2541 2596 2611 communicaverit
2626 2544 2960 2610 Sacrorum
2989 2540 3245 2608 Rituum
3277 2544 3433 2609 con-

1852 2643 2216 2809 ξιῗθῖἑὶῗὲἑ
2255 2630 3431 2808 {22⁸3320‘3533201.3..3{¹.¹3323

1851 2810 2085 2891 situm,
2149 2808 2487 2875 nimirum:
2547 2811 2981 2875 Concurrente
3042 2809 3299 2874 Secreta
3366 2815 3433 2871 et

1851 2897 2446 2965 postcommunione
2507 2898 2574 2963 S.
2624 2895 2863 2964 irenaei
2926 2893 3222 2985 Episcopi
3284 2897 3436 2960 Mar-

1853 2986 2008 3076 tyris
2079 3004 2226 3053 cum
2293 2988 2552 3053 Secreta
2619 2997 2686 3053 et
2744 2983 3336 3053 postcommunione
3398 3001 3435 3048 e

1853 3076 2029 3142 Missa
2074 3075 2150 3141 ad
2197 3072 2539 3160 petendam
2591 3090 2812 3162 pacem
2842 3074 3218 3158 desumpta;
3266 3072 3316 3136 si
3351 3090 3433 3136 ex

1854 3171 2199 3252 praecepto
2229 3161 2539 3229 ordinarii
2573 3161 2864 3229 addenda
2892 3160 2975 3226 sit
3004 3161 3283 3227 collecta
3315 3176 3433 3261 pro

1853 3256 2053 3332 pace,
2114 3268 2264 3317 cum
2334 3249 2599 3316 eaedem
2659 3251 2783 3317 sint
2840 3259 3117 3337 excepto
3176 3264 3434 3313 nomine

1853 3340 2092 3423 Sancti,
2139 3338 2295 3424 quid
2344 3335 2762 3407 faciendum?

1986 3430 2168 3496 Sacra
2216 3427 2444 3495 eadem
2487 3426 2934 3515 congregatio,
2966 3424 3293 3492 referente
3326 3427 3435 3492 Se-

1855 3516 2123 3583 cretario
2171 3524 2236 3582 et
2279 3515 2476 3582 dubio
2520 3525 2768 3582 mature
2814 3523 3234 3600 accurateque
3288 3530 3436 3599 per-

1853 3622 2093 3691 penso,
2159 3602 2642 3671 rescribendum
2711 3602 2994 3669 censuit:
3064 3621 3103 3667 α
3154 3606 3222 3669 ln
3289 3617 3434 3666 casu

1857 3691 2280 3759 omittendam
2326 3709 2466 3757 esse
2513 3691 2863 3759 collectam
2907 3709 3024 3779 pro
3070 3694 3228 3757 pace
3259 3711 3322 3756 ».

1988 3780 2102 3846 Die
2149 3782 2233 3848 29
2282 3777 2604 3847 Februarii
2658 3782 2851 3847 1868.

1857 3921 2110 3993 3165.
2335 3922 2963 3991 sauromatis.
3151 3962 3159 3973 ·
3211 3919 3435 4008 (asso)

1985 4043 2343 4113 Hodiernus
2385 4045 2945 4112 caeremoniarum
2991 4044 3284 4133 Magister
3325 4047 3436 4112 ca-

1858 4132 2164 4201 tbedralis
2206 4133 2528 4200 Ecclesiae
2582 4133 3059 4221 callipolitanae
3121 4143 3186 4200 et
3241 4135 3437 4201 Cano·

1858 4221 2039 4289 uicus
2096 4221 2387 4289 eiusdem
2445 4221 2768 4290 Ecclesiae
2827 4242 2859 4287 a
2928 4224 3110 4290 Sacra
3178 4222 3436 4289 Rituum

1858 4309 2368 4398 congregatione
2407 4309 2767 4378 humillime
2816 4308 3290 4395 insequentium
3321 4309 3436 4376 du-

1858 4398 2108 4464 biorum
2155 4398 2538 4465 solutionem
2586 4398 3051 4486 expostulavit3
3084 4400 3433 4465 nimirum:

1990 4485 2264 4554 Dubium
2312 4491 2363 4554 Ι.
2424 4487 2630 4565 Quum
2690 4504 2773 4552 ex
2830 4488 3082 4552 statutis
3150 4485 3434 4555 eiusdem

1857 4575 2205 4658 Ecclesiae,
2239 4576 2790 4642 Caeremoniarum
2824 4574 3121 4663 Magister
3150 4593 3288 4641 esse
3326 4573 3439 4640 de-

1859 4664 2003 4730 beat
2048 4664 2421 4748 Canonicus,
2470 4672 2796 4751 potestne
2828 4662 2964 4752 ipse
3011 4664 3076 4730 in
3122 4662 3441 4752 pontifica-

1860 4748 2029 4818 libus
2096 4750 2524 4819 functionibus
2586 4769 2895 4818 exercere
2953 4770 3184 4819 munus
3249 4767 3437 4817 suum

1859 4857 2006 4906 cum
2053 4839 2405 4928 insignibus
2450 4838 2926 4907 canonicalibus
2969 4859 3166 4929 super
3196 4851 3439 4906 vestem

1858 4926 2228 4994 inferiorem
2278 4928 2542 4995 violacei
2593 4925 2911 4995 coloris?-

1988 5015 2262 5082 Dubium
2315 5019 2384 5083 ll.
2442 5020 2512 5083 ln
2557 5016 2741 5084 dictis
2802 5015 3234 5084 functionibus
3293 5014 3439 5102 Epi·

1860 5121 2090 5190 scopus
2116 5115 2500 5172 memoratae
2529 5104 2854 5172 Ecclesiae
2882 5104 3276 5173 cathedralis
3297 5105 3439 5172 Gal·

1864 5190 2228 5281 lipolitanae
2271 5193 2507 5282 poterit
2540 5211 2625 5260 ne
2666 5193 3046 5280 permittere
3088 5194 3217 5261 suis
3246 5197 3441 5262 cano·
