4042 5950
2036 255 2506 343 -286-

775 416 1267 493 Eminentissimi
1313 432 1379 488 et
1424 420 1961 491 Reverendissimi
2003 424 2217 488 Patres
2317 420 2768 511 persolvenda)
2816 430 2882 487 et
2926 416 3167 489 adeunt
3209 419 3578 521 cappellam
3606 420 3874 489 eiusdem

643 508 844 577 Sacris
891 509 1436 601 tuendisssltitibus
1493 509 1877 599 praepositi,
1926 509 1991 577 in
2035 509 2215 578 Ordi-

644 595 832 663 nariis
875 598 1160 666 comitiis
1209 600 1286 667 ad
1316 600 1686 668 Vaticanum
1721 598 2079 687 subsignata
2112 597 2218 665 die

647 686 1004 772 coadunati,
1051 688 1128 754 ad
1167 687 1537 758 relationem
1582 685 1960 772 infrascripti
1991 688 2217 754 Secre-

647 774 783 840 tarii
830 776 1221 862 respondere
1267 774 1383 842 rati
1430 785 1613 843 sunt:

773 864 868 931 Ad
922 868 982 931 1.
1038 885 1077 930 ‹
1109 863 1522 949 Affirmative,
1558 865 1623 932 in
1653 862 1970 951 Sabbatis;
2021 862 2086 929 in
2117 882 2216 930 re·

649 950 835 1036 liquis
905 953 1211 1039 Negative
1244 974 1307 1020 ιν.

774 1001 867 1107 Aci
903 1041 966 1107 2.
1002 1061 1041 1106 ‹
1075 1041 1408 1128 Negative,
1443 1041 1505 1108 in
1537 1040 1863 1122 omnibns;
1918 1050 1986 1107 et
2031 1057 2219 1106 usum

644 1127 920 1196 caerulei
967 1127 1237 1214 coloris,
1284 1129 1486 1198 veluti
1532 1129 1840 1216 abusum,
1888 1127 2219 1197 eliminan-

640 1214 797 1283 dum
828 1238 892 1282 r.
942 1217 1055 1284 Die
1101 1221 1183 1285 23
1228 1218 1550 1286 Februarii
1602 1220 1790 1287 1839.

642 1358 895 1428 2⁷89.
1258 1360 1595 1426 sanum.
1983 1360 2211 1447 (assa)

768 1483 1065 1551 Precibus
1107 1480 1655 1551 Reverendissimi
1698 1479 2027 1549 Benedicti
2082 1482 2217 1549 Pla·

639 1579 752 1658 get
798 1570 1093 1661 Episcopi
1139 1571 1411 1640 Barden.
1461 1569 1881 1659 requirentis:

779 1663 837 1726 1.
887 1664 969 1728 Ut
1014 1660 1077 1727 in
1123 1658 1360 1728 Divinis
1403 1659 1846 1749 persolvendis
1899 1657 2216 1726 Laudibus

640 1745 948 1835 deinceps
1010 1749 1404 1815 conformare
1448 1766 1517 1814 se
1564 1748 1762 1836 possit
1806 1747 1871 1813 in
1926 1745 2219 1815 omnibus

639 1835 1013 1904 calendario
1057 1835 1226 1904 Cleri
1272 1835 1587 1905 Secularis
1633 1836 1844 1904 Urbis.

773 1927 837 1991 2.
890 1926 969 1991 Ut
1015 1922 1079 1990 in
1124 1924 1377 2013 propria
1420 1944 1530 1991 sua
1576 1925 1777 2009 Missa,
1811 1924 2042 1993 diebus
2088 1943 2217 1992 non

640 2011 877 2096 vetitis,
911 2012 989 2079 ad
1022 2011 1272 2079 libitum
1312 2012 1578 2080 recitare
1623 2023 1814 2100 queat
1844 2031 2215 2098 quamcum-

639 2120 768 2188 que
812 2100 1184 2168 collectam.

771 2192 954 2257 Sacra
999 2189 1261 2257 Rituum
1326 2189 1788 2278 congregatio,
1836 2191 1913 2257 ad
1972 2189 2214 2257 Vatica-

638 2296 795 2347 num
838 2278 1196 2365 subsignata
1240 2277 1347 2345 die
1395 2277 1738 2347 coadunata
1781 2277 1847 2343 in
1892 2276 2217 2346 ordinario

640 2369 868 2451 coetu,
904 2366 1228 2434 referente
1262 2365 1665 2453 infrascripto
1697 2366 2081 2450 secretario,
2116 2386 2217 2432 re·

640 2454 1091 2544 spondendum
1139 2454 1424 2521 censuit:

770 2541 868 2610 Ad
935 2547 994 2610 1.
1057 2562 1096 2607 ‹
1127 2540 1384 2609 obstant
1449 2540 1756 2609 Rubricae
1817 2552 1883 2608 et
1952 2545 2214 2610 Decreta

642 2629 829 2698 huius
874 2633 1096 2697 Sacrae
1140 2629 1663 2719 congregationis
1694 2651 1757 2695 ».

772 2718 868 2786 Ad
903 2723 970 2786 2.
1004 2737 1043 2782 ‹
1075 2718 1506 2799 Affirmativ03
1539 2718 1654 2786 sed
1693 2736 1775 2785 ex
1806 2717 1880 2785 iis
1909 2738 2073 2806 quae
2104 2736 2216 2784 ex·

640 2816 773 2873 tant
820 2807 883 2874 in
929 2807 1153 2874 Missali
1185 2828 1255 2874 ιν.
1304 2809 1414 2874 Die
1456 2810 1540 2875 23
1572 2806 1893 2874 Februarii
1933 2810 2121 2876 1839.

640 2948 897 3020 2⁷90.
1244 2940 1615 3018 isumus.
1844 3011 1848 3015 .
1984 2946 2213 3037 (assa)

768 3073 1122 3164 Episcopus
1167 3073 1505 3160 Andriam,
1540 3073 1626 3141 de
1657 3083 1874 3142 exacta
1918 3075 2216 3143 Rubrica-

639 3182 784 3233 rum
810 3176 874 3230 et
896 3166 1311 3232 Decretorum
1337 3162 1731 3229 observantia
1763 3161 1828 3232 in
1857 3183 1966 3230 sna
1987 3164 2213 3231 cathe-

640 3251 800 3320 drali
833 3251 1110 3320 Ecclesia
1142 3251 1330 3319 valde
1367 3251 1701 3336 sollicitus,
1749 3251 1916 3340 apud
1963 3254 2213 3320 Sacram

636 3340 895 3410 Rituum
940 3341 1512 3428 congregationem
1569 3340 1901 3426 sequentia
1957 3339 2217 3408 humili·

638 3438 738 3497 ter
784 3429 1084 3514 exponitt

777 3521 835 3584 1.
887 3519 1285 3604 Unoquoque
1332 3536 1493 3584 anno
1537 3517 1605 3586 in
1652 3516 1930 3584 Ecclesia
1984 3517 2249 3585 cathe·'

638 3604 794 3672 drali
845 3605 1163 3673 canendae
1208 3615 1356 3672 sunt
1402 3605 1629 3693 viginti
1655 3605 1818 3672 duae
1866 3604 2084 3673 Missae
2130 3606 2216 3673 de

636 3691 985 3779 Requiem,
1035 3692 1154 3760 cui.
1185 3693 1362 3760 oneri
1421 3693 1644 3761 satisfit
1701 3692 1928 3760 diebus
1986 3694 2217 3781 quibus

636 3800 756 3870 per
799 3781 1099 3849 Rubricas
1144 3780 1319 3848 licet.

769 3874 838 3937 2.
886 3873 954 3935 ln
988 3871 1210 3937 eadem
1243 3868 1534 3937 Ecclesia
1552 3869 1912 3938 cathedrali
1942 3869 2212 3959 singulis

640 3957 889 4042 diebus,
923 3957 1154 4045 quihus
1184 3956 1495 4026 Rubricae
1534 3959 1597 4029 id
1639 3959 2044 4048 permittunt,
2076 3955 2213 4025 cani

639 4046 832 4116 debet
862 4046 1040 4114 Missa
1118 4066 1188 4114 ro
1218 4045 1566 4133 defunctis,
1601 4066 1762 4135 quae
1794 4046 2029 4115 dicitur
2056 4066 2214 4135 quo-

638 4135 899 4221 tidiana,
947 4156 1052 4204 mo
1101 4156 1138 4201 o
1186 4135 1250 4203 in
1295 4135 1515 4202 Missali
1563 4135 1982 4225 praescripto.

771 4231 835 4292 3.
899 4223 1190 4302 Qualibet
1249 4223 1404 4290 feria
1451 4228 1526 4310 11,
1577 4221 1862 4312 quamvis
1926 4223 2215 4292 Officium

636 4312 745 4380 fiat
791 4312 917 4379 ritu
965 4312 1248 4401 duplici,
1299 4331 1457 4380 onus
1517 4314 1694 4382 adest
1756 4312 2059 4381 recitandi
2107 4314 2214 4381 vel

640 4402 830 4468 etiam
880 4402 1146 4468 canendi
1192 4401 1505 4488 quaedam
1550 4400 1967 4503 Responsoria
2014 4400 2211 4469 officii

637 4490 1094 4559 defunctorum
1140 4489 1206 4557 in
1246 4489 1617 4576 suffragium
1659 4508 1796 4556 sive
1842 4490 1947 4578 pie
1992 4489 2078 4556 ita
2123 4489 2216 4556 di-

637 4579 1072 4668 sponentinm,
1119 4580 1253 4646 sive
1302 4580 1590 4647 omnium
1641 4576 1929 4645 fidelium
1985 4578 2218 4647 defun·

639 4680 887 4735 ctorum
981 4668 1318 4735 eneratim.

766 4760 917 4823 Prae
970 4757 1090 4824 icta
1133 4775 1289 4823 vero
1337 4775 1531 4824 onera
1574 4756 1651 4823 ab
1696 4754 2212 4840 immemorabili,

636 4846 818 4913 nullo
864 4848 914 4911 E
962 4845 1090 4913 isco
1139 4864 1178 4912 o
1224 4863 1340 4932 pro
1387 4855 1680 4934 tempore
1712 4844 2214 4930 contradicente,

638 4933 760 5001 hoc
804 4953 911 5001 mo
962 4953 999 5000 o
1044 4955 1074 5000 a
1127 4933 1515 5021 implentur:

767 5025 928 5092 cnm
978 5023 1226 5091 Laudes
1273 5022 1609 5111 incipiunt,
1659 5044 1734 5091 ex
1793 5022 2120 5090 Canonicis
2152 5032 2219 5088 et

640 5109 1084 5178 Sacerdotibus
1146 5110 1370 5179 saltem
1441 5123 1713 5199 quatuor
1758 5133 1790 5178 a
1848 5113 2057 5180 Choro
2126 5110 2221 5179 di·

638 5199 909 5266 scedunt
985 5199 1249 5286 (ceteris
1325 5200 1725 5268 manentibus
1797 5201 1873 5268 ad
1942 5200 2218 5285 reliquas

637 5290 837 5356 Horas
882 5286 1207 5357 canonicas
1229 5337 1247 5373 ‚
1305 5285 1546 5356 Missam
1592 5287 2095 5355 conventualem
2154 5296 2222 5353 et

640 5375 1078 5464 Anniversaria
1124 5387 1231 5442 aut
1276 5378 1376 5462 pia
1447 5376 1693 5464 legata,
1740 5375 1790 5441 si
1835 5395 1998 5460 quae
2062 5375 2213 5458 sint,

2321 508 2644 577 Ecclesiae
2686 509 2821 576 sive
2864 508 3246 594 oratorium,
3271 519 3343 576 ut
3374 509 3568 577 missis
3614 508 3875 576 assistant

2319 596 2406 666 de
2474 597 2702 683 quibus
2768 617 2882 665 nn.
2935 600 2968 663 1
3016 606 3083 664 et
3136 601 3178 664 2
3230 607 3423 684 atque
3478 598 3876 685 Responsoria

2321 686 2598 753 recitent
2627 696 2733 753 aut
2779 695 3034 753 cantent
3064 686 3149 754 de
3192 686 3422 772 quibus
3468 704 3532 752 n.
3572 690 3613 754 3
3653 684 3876 753 dictam

2322 784 2454 855 est;
2500 774 2658 860 quin
2702 772 2991 841 confusio
3037 774 3244 860 aliqua
3290 774 3530 842 oriatur
3558 785 3670 841 aut
3708 774 3877 841 chori

2370 860 2749 929 erturbatio:
2798 861 2947 928 satis
2993 862 3165 930 enim
3206 862 3563 930 oratorium
3610 883 3645 928 a
3690 861 3874 929 choro

2365 949 2537 1016 istat.
3438 984 3443 995 ·

2448 1038 2687 1117 Quibus
2732 1038 2955 1127 positis
2992 1059 3027 1107 a
3058 1040 3122 1107 S.
3157 1042 3238 1107 R.
3268 1041 3341 1107 c.
3387 1038 3722 1106 humiliter
3762 1056 3877 1106 ora·

2322 1136 2424 1193 tor
2467 1127 2755 1212 quaerit:

2452 1219 2679 1283 Utrum
2724 1212 2827 1284 hic
2863 1236 3011 1284 usus
3054 1216 3133 1285 ad
3180 1215 3501 1305 praedicta
3550 1234 3747 1282 onera
3788 1214 3877 1282 ad-

2319 1302 2641 1390 implenda
2688 1304 2947 1371 tolerari
2977 1305 3210 1393 possit3
3261 1313 3368 1371 aut
3400 1303 3614 1393 potins
3646 1316 3720 1370 nt
3747 1301 3877 1368 abn-

2320 1412 2428 1459 sus
2494 1391 2575 1458 sit
2644 1392 3064 1461 eliminandus
3093 1440 3111 1476 ‚
3163 1404 3226 1459 et
3274 1411 3493 1459 omnes
3564 1393 3635 1458 in
3688 1391 3879 1458 Choro

2318 1479 2599 1567 praefata
2644 1499 2835 1548 onera
2881 1482 3239 1570 adimplere
3287 1477 3679 1548 teneantur?

2453 1571 2632 1635 Sacra
2679 1568 2903 1636 eadem
2946 1569 3400 1671 congregatio,
3436 1567 3732 1635 omnibus
3772 1584 3882 1634 ma·

2320 1665 2467 1811 ῑιιιίὌ
2499 1657 2793 1724 examine
2824 1676 3182 1746 perpensis,
3217 1657 3708 1725 rescribendum
3754 1674 3880 1723 cen·

2322 1764 2397 1811 su
2424 1754 2484 1810 t:

2447 1854 2486 1899 ‹
2519 1836 2588 1899 ln
2632 1834 2841 1903 choro
2887 1846 3031 1922 post
3076 1833 3346 1901 Primam
3382 1832 3882 1901 satisfaciendum

2319 1940 2459 1987 esse
2484 1921 2785 1989 oneribus
2810 1921 3084 2009 capituli
3105 1944 3174 1990 ι.
3197 1923 3312 1991 Die
3337 1926 3376 1991 3
3397 1920 3675 2011 Augusti
3707 1922 3877 1988 183⁹.

2320 2096 2560 2166 2⁷91.
2949 2100 3255 2166 noman.
3672 2095 3881 2184 (485⁷)

2445 2279 2651 2358 Quum
2697 2276 3292 2346 Reverendissimus
3336 2276 3601 2344 Bohien.
3639 2276 3881 2364 Episco-

2319 2388 2439 2456 pus
2514 2365 2916 2434 constituerit
2989 2364 3462 2453 quamprimum
3535 2365 3883 2432 coadunare

2319 2456 2648 2544 Synodum
2692 2454 3162 2540 Dioecesanam,
3204 2463 3275 2520 ut
3319 2454 3500 2540 leges
3533 2453 3601 2520 in
3635 2471 3708 2521 ea
3752 2468 3883 2520 con·

2319 2543 2572 2612 dendae
2630 2552 2808 2609 certo
2873 2541 3223 2610 innitantur
3286 2541 3750 2627 fundamento,
3796 2543 3886 2608 Sa·

2319 2651 2489 2700 cram
2534 2632 2795 2699 Rituum
2840 2629 3415 2719 congregationem
3461 2632 3742 2718 supplex
3771 2629 3886 2697 adi·

2317 2720 2408 2788 vit
2455 2738 2805 2807 exposcens
2850 2718 3236 2786 solutionem
3285 2718 3749 2786 nonnullorum
3786 2718 3887 2785 du·

2317 2809 2595 2893 biorum,
2644 2826 2806 2894 quae
2852 2806 3025 2876 hisce
3074 2818 3379 2894 concepta
3423 2806 3717 2873 terminis
3766 2806 3887 2893 ipse

2319 2896 2688 2986 proposuit3
2739 2895 3074 2965 nimirum:

2457 2990 2515 3052 1.
2576 2987 2670 3052 An
2730 2984 2794 3053 in
2852 2982 3332 3052 cathedralibus
3403 2995 3468 3051 et
3534 2981 3889 3073 collegiatis

2317 3074 2619 3142 Ecclesiis
2664 3074 2880 3140 Missae
2935 3071 3424 3158 Conventuales,
3474 3071 3887 3140 celebrandae

2320 3181 2467 3230 cum
2514 3170 2729 3245 cantu,
2776 3161 2906 3248 legi
2954 3169 3191 3262 queant
3235 3158 3474 3248 absque
3506 3170 3698 3227 cantu
3745 3160 3888 3228 dum

2318 3250 2381 3319 in
2428 3251 2636 3320 choro
2669 3252 2869 3319 Horae
2901 3267 3182 3316 minores
3215 3245 3609 3317 recitantur?
3654 3259 3721 3315 et
3750 3267 3888 3334 qna·

2322 3351 2508 3407 tenus
2554 3337 2965 3405 affirmative:
3017 3343 3114 3406 An
3161 3338 3225 3405 in
3256 3337 3635 3406 calendario
3664 3357 3698 3402 a
3748 3333 3884 3424 poni

2319 3427 2556 3517 possit:
2605 3426 2802 3494 Hodie
2846 3437 3213 3494 cantantur
3255 3427 3422 3494 duae
3449 3427 3688 3496 Missae

2451 3520 2519 3584 2.
2567 3519 2665 3582 An
2728 3514 2797 3583 in
2851 3514 3302 3583 benedictione
3368 3515 3612 3601 populo
3658 3514 3888 3602 imper-

2320 3605 2532 3673 tienda
2595 3623 2742 3672 cum
2788 3603 3248 3704 Angustissimo
3307 3601 3743 3672 Eucharistiae
3799 3603 3889 3669 Sa·

2319 3703 2645 3761 eramento
2712 3690 3004 3779 permitti
3074 3692 3271 3779 possit
3346 3701 3567 3759 cantus
3632 3689 3889 3757 alicuius

2319 3781 2615 3850 versiculi
2691 3781 3030 3849 vernacula
3100 3781 3312 3867 lingua
3382 3779 3720 3867 concepti3
3790 3775 3885 3843 vel

2316 3881 2463 3937 ante
2509 3870 2612 3937 vel
2659 3881 2802 3959 post
2848 3869 3047 3972 ipsam
3092 3864 3657 3938 benedictionem?
3805 3951 3818 3965 ⁶

2450 3964 2513 4027 3.
2565 3961 2661 4027 An
2706 3958 2958 4026 Litamis
3002 3956 3366 4027 Lauretanis
3410 3960 3634 4023 Beatae
3670 3958 3886 4022 Mariae

2318 4046 2592 4134 Virginis
2657 4056 2803 4132 post
2848 4050 3092 4133 Reqina
3153 4048 3545 4113 Sanctorum
3607 4045 3887 4110 omnium

2317 4136 2464 4205 addi
2497 4133 2694 4224 possit
2725 4133 2883 4200 alius
2913 4155 3137 4202 versus
3182 4134 3465 4202 scilicet:
3513 4134 3735 4202 Maria
3788 4130 3886 4197 ad-

2316 4235 2548 4292 vocata
2594 4232 2865 4304 nosti-tu
2909 4223 3014 4289 vel
3064 4219 3274 4289 alius?

2451 4315 2514 4380 4.
2587 4316 2683 4379 An
2758 4310 3087 4377 Seminarii
3166 4308 3559 4411 Episcopalis
3633 4306 3882 4405 Alumni

2319 4402 2530 4554 chopo
2574 4398 2938 4467 assistentes
2998 4408 3166 4465 cotta
3225 4396 3436 4464 induti
3491 4394 3884 4465 thurificandi

2317 4490 2442 4557 sint

2456 4582 2522 4645 5.
2572 4579 2668 4645 An
2711 4576 2845 4645 duo
2891 4574 3181 4646 canonici
3231 4574 3547 4665 Episcopo
3608 4573 3883 4640 assisten-

2323 4679 2443 4752 tes,
2478 4667 2636 4735 dum
2667 4665 3036 4754 impertitur
3064 4664 3307 4753 populo
3340 4661 3702 4730 benedictio
3749 4675 3883 4727 cnm

2323 4755 2724 4825 Sanctissimo
2783 4753 3213 4822 Eucharistiae
3275 4756 3683 4820 Sacramento
3709 4801 3726 4836 ,
3784 4764 3883 4835 ge·

2318 4844 2672 4998 nussecgere
2741 4842 3020 4910 debeant
3086 4841 3152 4909 in
3219 4852 3363 4908 actu
3437 4835 3885 4907 benedictionis

2318 4955 2340 5000 ι
2387 4953 2514 5000 sius

2343 4953 2384 5021 p
2452 5025 2532 5087 Et
2579 5016 3077 5089 Eminentissimi
3108 5038 3178 5084 ac
3209 5016 3751 5087 Reverendissimi
3786 5017 3881 5081 Pa-

2324 5121 2451 5178 tres
2485 5108 2690 5178 Sacris
2723 5108 2977 5177 tuendis
3012 5107 3259 5176 Ritibus
3291 5104 3659 5195 praepositi,
3692 5103 3881 5192 probe

2319 5199 2671 5266 sentientes
2716 5195 3257 5265 Reverendissimi
3306 5192 3603 5284 Episcopi
3638 5191 3884 5288 oratoris

2319 5306 2397 5353 eo
2444 5288 2713 5354 tendere
2759 5296 2929 5370 vota,
2978 5297 3053 5353 ut
3096 5283 3307 5352 omnia
3352 5284 3414 5349 in
3459 5302 3571 5349 sua
3615 5281 3883 5349 Dioecest

2323 5386 2493 5441 recta
2543 5373 2893 5461 procedant
2936 5372 3272 5457 methodo,
3306 5370 3370 5438 in
3399 5368 3739 5438 ordinariis
3778 5370 3882 5435 co-
