4042 5950
2061 287 2531 368 —260-

660 453 897 523 2731.
1114 452 1397 518 nouus
1441 451 1770 519 arcanis
2009 445 2235 535 (4760)

858 559 1325 626 rnovmcms
1366 554 2034 623 PEDEMONTANAE.

785 718 1070 804 Septimo
1117 718 1267 783 Idus
1298 715 1458 782 Iunii
1487 714 1824 801 quotannis
1855 715 1921 782 in
1951 713 2237 781 Ecclesia

653 805 1014 877 cathedrali
1064 804 1289 871 Montis
1333 803 1585 890 Regalis
1626 803 1991 872 Provinciae
2036 803 2238 873 Pede·
2275 841 2284 850 -

2342 465 2485 519 crae
2531 444 2790 519 Rituum
2850 442 3340 532 congregationi
3400 443 3532 511 duo
3588 442 3913 531 sequentia

2342 533 2532 601 dubia
2578 533 2905 602 enodanda
2950 533 3311 620 proposuit3
3363 533 3713 601 nimirum:

2479 625 2538 688 1.
2596 626 2694 690 An
2760 621 3089 709 praedicta
3146 621 3359 693 Officia
3424 621 3749 709 generalia
3822 621 3914 687 ha·

2340 711 2550 778 benda
2593 711 2721 779 sint
2765 721 2838 777 ut
2881 708 3346 792 Anniversaria,
3394 729 3464 775 ac
3509 710 3792 796 proinde
3826 729 3911 775 ce·

2340 798 2641 866 lebranda
2686 799 2767 865 sit
2813 799 2994 864 Missa
3038 798 3120 865 de
3165 797 3477 883 Requiem
3521 817 3673 865 cum
3703 809 3908 882 cantu,

655 903 990 963 montanae
1022 893 1402 963 celebranda
1435 892 1635 977 venit,
1670 910 1750 958 ex
1790 890 2026 977 legato,
2062 891 2243 957 Missa
2342 887 2533 954 etiam
2579 897 2959 955 occurrente
3003 886 3219 954 Officio
3264 887 3424 953 ritus
3470 886 3778 973 duplicis,
3818 906 3910 952 ex-

653 982 976 1051 Solemnis
1023 982 1106 1049 de
1169 981 1277 1048 die
1336 1000 1483 1049 cum
1540 988 1731 1048 cantu
1779 990 1843 1045 et
1887 978 2238 1045 assistentia

650 1071 1157 1149 canonicorum;
1209 1088 1372 1155 quae
1417 1066 1745 1154 anticipari
1790 1068 2021 1132 assolet
2052 1082 2237 1156 prae-

654 1159 914 1229 cedenti
982 1158 1132 1243 die,
1185 1165 1564 1226 occurrente
1635 1154 1981 1222 Dominica.
2053 1155 2239 1222 Hisce

654 1246 878 1337 positis
922 1246 1272 1317 hodiernus
1318 1244 1811 1312 Archidiaconus
1855 1246 2079 1310 Sacrae
2134 1241 2239 1308 Ri-

656 1349 838 1402 tuum
884 1332 1377 1422 congregationi
1422 1351 1699 1417 sequens
1768 1330 2038 1398 dubium
2090 1348 2239 1398 eno-

650 1424 935 1491 dandum
958 1424 1329 1511 proposuit3
1362 1420 1697 1487 nimirum:
1733 1424 1830 1489 An
1855 1430 2239 1487 occurrente

650 1511 881 1598 Vigilia
923 1514 1359 1594 Pentecostes,
1391 1508 1626 1575 cantari
1670 1509 1869 1596 possit
1899 1508 2063 1574 dicta
2097 1507 2238 1575 llis-

650 1619 742 1685 sa,
794 1600 966 1665 iuxta
1013 1597 1208 1665 ritum
1257 1617 1373 1687 pro
1420 1597 1615 1664 Missis
1643 1596 1905 1685 privatis
1936 1596 2243 1685 praescri·

651 1698 876 1776 ptum,
950 1704 1099 1753 cum
1165 1686 1433 1753 Introitu
1504 1687 1717 1762 Quum
1781 1687 2237 1773 sanctificatus

648 1778 878 1860 suem,-
922 1784 1028 1841 aut
1073 1773 1427 1841 differenda
1473 1775 1578 1840 vel
1626 1772 2025 1860 anticipanda
2069 1771 2194 1839 sit?

782 1867 862 1930 Et
908 1866 1091 1931 Sacra
1135 1861 1396 1930 Rituum
1462 1863 1913 1948 congregatio,
1962 1863 2039 1929 ad
2087 1859 2235 1939 Qui-

650 1953 850 2018 rinale
911 1952 1030 2018 sub
1095 1951 1489 2038 infrascripta
1543 1952 1649 2022 die
1704 1949 2081 2033 coadunata,
2129 1970 2238 2016 au-

649 2040 782 2107 dita
825 2040 1136 2107 relatione
1183 2041 1260 2107 ab
1305 2039 1710 2126 infrascripto
1758 2041 2117 2107 Secretario
2150 2039 2237 2105 la-

650 2141 775 2214 cta,
825 2129 1314 2195 rescribendum
1358 2124 1650 2195 censuit:
1701 2149 1739 2193 (
1772 2128 2107 2214 Negative,
2155 2128 2233 2194 ad

649 2216 922 2371 primam
990 2224 1285 2305 partem;
1354 2216 1794 2300 Affirmative,
1857 2216 1933 2281 ad
2003 2234 2233 2282 secun-

697 2324 797 2371 am
834 2328 896 2372 a.
945 2305 1059 2372 Die
1107 2309 1147 2371 8
1195 2306 1464 2391 Augusti
1518 2306 1711 2373 1835.

651 2445 896 2514 2732.
1210 2446 1649 2512 τΑιινιειΝΑ.
1997 2447 2223 2536 (4763)

778 2567 1371 2637 Reverendissimus
1395 2569 1697 2637 Tarvisin.
1724 2569 2100 2658 Episcopus,
2123 2575 2227 2639 Sa-

647 2676 820 2726 cram
884 2659 1144 2724 Rituum
1215 2658 1791 2742 congregationem
1853 2658 2230 2729 humillimis

647 2746 868 2815 adiens
934 2744 1272 2834 precibus,
1321 2746 1568 2832 rogavit
1626 2746 2014 2814 solutionem
2064 2750 2230 2820 inse-

648 2834 901 2920 quentis
933 2832 1153 2913 dubii;
1186 2833 1529 2901 nimirum:
1580 2837 1676 2902 An
1707 2836 1935 2925 Episco
1985 2857 2083 2921 us,
2119 2838 2228 2924 qui

647 2942 729 2990 ex
759 2921 1126 3026 Apostolico
1173 2921 1423 2990 indulto
1458 2924 1552 2990 bis
1582 2923 1646 2990 in
1677 2943 1839 2992 anno
1867 2945 1937 2991 so
1969 2944 2226 2995 emnem

644 3012 1035 3080 Pontificiam
1078 3010 1595 3079 benedictionem
1640 3014 1882 3102 populo
1929 3015 2083 3081 dare
2112 3035 2225 3103 po-

644 3109 799 3186 test,
855 3100 1109 3189 quoties
1163 3100 1518 3169 rationabili
1581 3122 1663 3168 ex
1723 3122 1934 3169 caussa
1981 3103 2225 3172 Missam

644 3189 977 3258 celebrare
1031 3189 1362 3276 nequivit,
1424 3189 1622 3280 possit
1681 3211 1796 3279 pro
1855 3191 1962 3257 illa
2008 3192 2113 3261 die
2162 3204 2226 3260 et

641 3279 784 3347 vice
828 3278 1079 3347 censeri
1123 3278 1449 3366 praeditus
1503 3280 1728 3350 eadem
1776 3280 2075 3368 delegata
2119 3301 2225 3348 au-

644 3368 936 3435 ctoritate
980 3368 1228 3454 populo.
1271 3366 1746 3436 benedicendi?

775 3460 855 3522 Et
899 3458 1081 3523 Sacra
1126 3455 1386 3523 Rituum
1432 3457 1881 3544 congregatio,
1933 3456 1996 3524 in
2043 3458 2225 3525 Ordi-

643 3543 821 3610 nario
865 3548 1068 3613 coetu
1113 3543 1192 3610 ad
1236 3544 1556 3622 Quirinale
1592 3546 1900 3613 hodierna
1931 3546 2036 3613 die
2084 3566 2224 3613 coa-

644 3631 916 3715 dunata,
992 3632 1070 3697 ad
1140 3633 1517 3702 relationem
1586 3633 1926 3702 secretarii
1995 3637 2224 3702 rescri-

643 3717 809 3806 psit:
857 3740 895 3784 ‹
928 3719 1236 3806 Negative
1267 3739 1330 3783 ».
1383 3720 1496 3787 Die
1541 3725 1582 3789 8
1613 3722 1884 3810 Augusti
1937 3726 2129 3790 1835.

591 3873 597 3881 ’
645 3889 893 3959 2733.
1215 3893 1635 3962 Euenum.
1989 3896 2218 3984 (4766)

773 4071 853 4138 Ut
921 4067 1281 4153 animabus,
1331 4088 1495 4155 quae
1558 4069 1985 4168 piacularibus
2043 4075 2220 4143 addi-

643 4170 780 4225 ctae
826 4156 1092 4225 flammis
1137 4157 1201 4225 in
1248 4161 1615 4245 Purgatorio
1674 4171 2080 4247 cremantur,
2125 4163 2218 4229 le·

642 4264 868 4314 vamen
928 4245 1263 4332 obveniat,
1310 4265 1446 4313 mos
1513 4247 1779 4314 invaluit
1823 4248 1890 4315 in
1939 4250 2221 4318 Ecclesia

640 4334 983 4422 parochiali
1028 4334 1258 4424 Oppidi
1304 4336 1501 4422 vulgo
1554 4337 1993 4423 Gestat-ciam,
2044 4349 2109 4406 et
2156 4342 2220 4409 in

640 4425 759 4491 alia
803 4422 1087 4490 Ecclesia
1132 4423 1329 4512 ipsius
1356 4425 1448 4509 Op
1501 4424 1585 4491 idi
1615 4425 1863 4504 Ordinis
1899 4428 2217 4497 Minorum

638 4512 1199 4596 conventualium,
1232 4512 1396 4581 intra
1486 4531 1602 4579 nes
1645 4511 1960 4583 Dioecesis
2001 4522 2218 4605 Engu-

638 4600 867 4683 binae,
925 4609 1197 4686 quatuor
1266 4600 1635 4669 instituendi
1702 4619 1821 4687 pro
1889 4607 2218 4675 Defunctis

637 4688 848 4757 Officia
911 4688 1231 4775 generalia
1298 4707 1420 4776 per
1483 4701 1756 4776 quatuor
1822 4692 2217 4764 immediatas

636 4777 844 4844 Ferias
874 4776 1285 4863 insequentes
1318 4776 1705 4846 Dominicam
1736 4791 2021 4865 quartam
2056 4785 2213 4862 Qua-

636 4867 1071 4951 dragesimae;
1119 4866 1197 4938 ad
1256 4867 1422 4934 bunc
1473 4867 1643 4936 enim
1704 4868 1901 4937 finem
1949 4887 2214 4957 erogan-

638 4965 742 5020 tur
810 4953 1254 5043 eleemosynae
1313 4976 1346 5022 a
1399 4954 1699 5024 fidelibus
1766 4957 2012 5030 oblatae
2081 4962 2213 5047 ipsa

635 5041 956 5112 Dominica
1001 5054 1247 5129 quarta.
1294 5045 1498 5121 Quum
1544 5055 1756 5114 autem
1801 5045 1868 5113 in
1910 5066 2213 5135 praesen·

632 5127 865 5197 tiarum
908 5130 1243 5202 dubitetur
1284 5151 1364 5198 an
1409 5134 1720 5202 celebrari
1766 5135 1974 5204 valeat
2032 5137 2210 5203 Missa

635 5218 950 5287 Solemnis
996 5216 1083 5286 de
1139 5222 1450 5306 Requiem
1496 5229 1569 5288 ut
1627 5221 1689 5287 in
1733 5223 2205 5308 Anniversario,

632 5303 847 5375 Officio
878 5306 1088 5391 aliquo
1120 5307 1282 5374 ritus
1313 5307 1587 5393 duplicis
1619 5321 2039 5388 occurrente;
2091 5312 2204 5379 bo-

2335 975 2538 1063 ceptis
2585 974 2951 1062 duplicibus
3004 975 3250 1063 primae
3298 986 3364 1043 et
3394 974 3715 1042 secundae
3768 976 3910 1041 clas·

2336 1061 2466 1130 sis‘?
2523 1074 2586 1130 et
2647 1072 2959 1150 quatenus
3013 1064 3350 1150 negative:
3398 1064 3497 1129 An
3554 1064 3738 1130 liceat
3790 1083 3910 1130 ser·

2339 1170 2492 1217 vare
2534 1152 2851 1219 invectam
2897 1149 3476 1219 consuetudinem?

2466 1245 2535 1311 2.
2580 1239 2787 1307 Posito
2834 1250 3049 1307 autem
3095 1242 3267 1326 quod
3317 1241 3649 1307 enunciata
3703 1239 3909 1309 Officia
4004 1294 4006 1297 .

2340 1329 2776 1396 transferenda
2806 1328 2933 1395 sint
2963 1327 3040 1393 ad
3076 1330 3218 1396 dies
3246 1327 3405 1395 ritus
3445 1328 3906 1417 semiduplicis,

2339 1417 2669 1501 quaeritur
2715 1435 2880 1502 quae
2925 1417 3101 1482 Missa
3149 1428 3300 1483 tunc
3338 1417 3717 1488 celebranda
3755 1416 3911 1483 erit?
4004 1424 4006 1427 ’

2468 1504 2964 1572 Eminentissimi
3011 1525 3081 1571 ac
3126 1504 3673 1573 Reverendisaimi
3701 1509 3908 1571 Patres

2335 1593 2537 1661 Sacris
2583 1594 2836 1661 tuendis
2882 1592 3128 1661 Ritibus
3190 1593 3574 1681 praepositi,
3627 1594 3690 1660 in
3733 1594 3907 1661 Ordi-

2336 1682 2511 1747 nario
2553 1685 2758 1750 coetu
2790 1681 2866 1749 ad
2900 1681 3220 1758 Quirinale
3248 1682 3610 1767 subsignata
3641 1682 3747 1750 die
3781 1702 3909 1748 coa·

2336 1770 2581 1853 dunati,
2630 1770 2843 1837 andita
2887 1771 3196 1837 relatione
3244 1769 3321 1835 ab
3364 1770 3767 1856 infrascripto
3815 1774 3911 1837 Se-

2335 1859 2606 1925 cretario
2653 1859 2840 1941 lacta,
2878 1857 3367 1927 rescribendum
3398 1871 3826 1927 censuerunt:

2462 1949 2561 2013 Ad
2617 1951 2676 2014 1.
2731 1970 2768 2011 «
2799 1948 3135 2032 Negative,
3183 1947 3261 2014 ad
3310 1947 3580 2033 primam
3626 1960 3907 2035 partem;

2332 2035 2410 2101 ad
2457 2034 2831 2118 secundam,
2879 2037 3018 2103 sine
3060 2036 3314 2103 indulto
3360 2055 3489 2102 non
3534 2036 3732 2104 licere
3760 2060 3827 2105 ι.

2465 2126 2560 2192 Ad
2593 2130 2659 2190 2.
2708 2146 2746 2190 ι
2772 2127 3080 2192 Servetur
3111 2123 3506 2212 particularis
3535 2125 3815 2192 Rubrica
3846 2151 3906 2189 ῳ.
4004 2160 4006 2185 1

2464 2214 2675 2299 Atque
2743 2212 2825 2279 ita
2893 2212 3361 2299 rescripserunt
3411 2234 3481 2283 ac
3525 2214 3907 2283 servandum

2333 2300 2735 2368 mandarunt.
2786 2300 2898 2367 Die
2946 2305 2988 2367 8
3033 2299 3301 2388 Augusti
3355 2305 3545 2369 1835.

2334 2441 2584 2510 2734.
2977 2444 3258 2509 ALBEN.
3680 2445 3905 2531 (4766)

2457 2568 2664 2645 Quum
2731 2568 2795 2634 in
2842 2567 3108 2634 civitate
3156 2568 3388 2634 Alben.
3438 2567 3775 2656 dispositio
3821 2591 3909 2635 sa·
4004 2614 4006 2639 ς

2331 2674 2579 2721 crarum
2645 2655 3047 2724 functionum
3094 2655 3414 2723 Ecclesiae
3460 2658 3907 2724 Sanctimonia-

2332 2743 2488 2809 lium
2532 2744 2781 2812 Ordinis
2843 2746 3355 2813 praedicatorum
3407 2745 3789 2813 demandata
3832 2748 3907 2812 sit
4004 2798 4006 2811 ,

2329 2831 2653 2900 Sacerdoti
2712 2836 2972 2901 cosmae
3018 2833 3314 2900 Damiano
3359 2836 3744 2920 Montanaro,
3803 2838 3909 2901 ca-

2328 2918 2553 2988 nonico
2600 2921 2990 2990 Cathedralis
3035 2942 3105 2989 ac
3150 2922 3217 2992 in
3262 2923 3641 2991 earumdem
3671 2924 3907 2991 Sancti-

2326 3009 2695 3076 monialium
2740 3012 3069 3078 Asceterio
3113 3013 3505 3080 Confessario
3542 3011 3905 3090 ordinatim

2327 3096 2467 3185 ipse
2508 3099 2606 3165 sui
2653 3099 2941 3182 muneris
2984 3119 3121 3168 esse
3152 3101 3340 3168 duxit
3368 3104 3590 3168 Sacrae
3626 3100 3779 3167 huic
3808 3102 3907 3167 Ri-

2326 3195 2508 3251 tuum
2533 3187 3022 3275 congregationi
3052 3189 3179 3256 duo
3210 3189 3543 3275 sequentia
3574 3189 3773 3256 dubia
3791 3207 3906 3275 pro

2327 3285 2684 3363 opportuna
2728 3275 3049 3342 solutione
3095 3296 3488 3366 proponere,
3521 3277 3858 3348 nimirum:

2462 3367 2526 3428 1.
2560 3366 2655 3430 An
2704 3364 2888 3430 liceat
2947 3366 3125 3431 Feria
3172 3370 3225 3433 V
3268 3367 3337 3433 in
3388 3371 3598 3436 coena
3660 3368 3903 3435 Domini
4004 3399 4006 3404 ·

2326 3451 2391 3516 in
2438 3452 2634 3518 Altari
2682 3451 2851 3521 Sacri
2904 3454 3243 3538 Sepulchri
3309 3473 3638 3542 apponere
3685 3456 3901 3523 velum

2323 3539 2574 3625 album,
2635 3540 2806 3626 quod
2858 3560 2894 3607 e
2940 3559 3164 3629 magna
3233 3547 3439 3613 cruce
3506 3544 3903 3612 descendens

2325 3628 2651 3717 cooperiat
2702 3628 3206 3698 Eucharistiam?

2456 3721 2522 3783 2.
2570 3719 2669 3784 An
2714 3721 3059 3784 Decretum
3129 3722 3354 3787 Sacrae
3413 3719 3679 3789 Rituum
3743 3727 3898 3791 con·
4004 3731 4006 3740 '

2321 3805 2734 3893 gregationis,
2772 3805 2836 3872 in
2883 3825 3007 3873 una
3037 3807 3392 3877 Dubiorum
3424 3809 3503 3878 ad
3540 3816 3606 3895 6,
3642 3811 3763 3879 sub
3794 3811 3896 3878 die

2331 3899 2407 3960 17
2455 3894 2851 3980 Septembris
2904 3899 3110 3979 1822,
3157 3899 3511 3983 prohibens
3564 3919 3685 3988 pro
3729 3900 3897 3970 cele·

2324 3985 2545 4051 brante
2572 3983 2830 4066 „sedem
2879 3985 3261 4053 cameralem
3299 3989 3439 4055 loco
3482 3988 3725 4056 scamni
3757 4008 3894 4055 coo-
4004 4017 4006 4030 ·

2329 4071 2491 4157 perti
2559 4078 2775 4158 tapete
2798 4118 2816 4155 ,
2883 4074 3386 4162 comprehendat
3454 4078 3648 4146 etiam
3702 4079 3892 4144 ritum

2321 4156 2849 4230 Dominicanum‘?

2450 4248 2948 4322 Eminentissimi
2995 4261 3060 4316 et
3104 4254 3643 4322 Reverendissimi
3688 4259 3888 4323 Patras

2321 4335 2525 4404 Sacris
2572 4337 2829 4404 tuendis
2874 4338 3120 4408 Ritibus
3179 4343 3561 4430 praepositi,
3610 4343 3680 4412 in
3722 4343 3889 4411 Ordi-

2317 4425 2505 4491 uariis
2551 4425 2833 4496 comitiis
2877 4427 2954 4494 ad
2999 4429 3318 4508 Quirinale
3349 4432 3467 4500 sub
3500 4432 3889 4520 infrascripta

2316 4514 2421 4586 die
2470 4514 2829 4598 coadunati,
2862 4515 2941 4582 ad
2988 4517 3366 4588 relationem
3405 4520 3759 4608 subsignati
3787 4523 3885 4588 Se·

2315 4602 2593 4686 cretarii,
2644 4604 3171 4691 respondendum
3219 4620 3650 4678 censuerunt:

2443 4692 2539 4759 Ad
2594 4696 2655 4758 1.
2704 4713 2742 4757 ‹
2775 4694 2910 4758 Non
2957 4693 3157 4762 licere
3189 4717 3254 4762 ι.
3456 4769 3460 4774 .

2442 4781 2541 4848 Ad
2573 4784 2636 4854 2.
2667 4779 3114 4849 ‹Affirmative
3131 4806 3194 4852 ».
3218 4784 3330 4852 Die
3350 4786 3675 4872 8Augusti
3700 4789 3873 4855 1835.
4004 4797 4006 4806 '

2313 4943 2562 5018 2735.
2953 4947 3257 5013 onnmts
3665 4943 3875 5035 (4767)

2602 5050 2956 5117 armenum
3001 5052 3600 5120 caruccmnnuu

2520 5155 3101 5222 Pnovmciass
3163 5159 3677 5226 mauman.

2435 5318 2596 5382 Rev.
2644 5318 2712 5384 P.
2762 5315 3074 5383 Antonius
3118 5316 3195 5383 ab
3238 5322 3416 5403 Aqua
3475 5317 3727 5386 Ordinis
3774 5315 3869 5384 ni·

636 5393 895 5467 diernus
925 5391 1453 5477 Archipresbyter
1480 5393 1771 5460 Nicolaus
1809 5395 2053 5462 Alberti
2100 5403 2205 5465 Sa·
2308 5420 2535 5468 norum
2595 5402 3101 5488 capuccinorum
3162 5406 3527 5473 Provinciae
3596 5404 3869 5473 Etruriae
