4042 5950
1961 229 2378 306 ...10—

665 391 731 449 2.
784 388 879 451 An
927 385 1151 451 saltem
1217 396 1509 451 teneatur
1567 386 1637 450 ad
1702 385 2115 451 celebrandas

536 475 844 558 vesperas
880 485 1012 538 tum
1049 471 1281 559 primas
1316 484 1449 540 tum
1492 473 1825 556 secundas,
1859 472 2112 557 quoties

533 559 687 625 velit
734 580 965 626 canere
1012 560 1243 627 dictam
1296 560 1565 644 Missam,
1600 572 1664 627 et
1698 584 1733 625 e
1768 557 2027 626 contra‘?

664 647 903 714 Eadem
952 653 1014 713 S.
1052 652 1123 714 R.
1162 655 1263 732 (3.,
1315 659 1437 714 tam
1489 668 1645 715 voce
1704 666 1895 733 quam
1958 648 2110 714 scri·

530 733 655 818 ptis
701 748 966 823 utraque
1015 750 1194 823 parte
1241 737 1477 820 audita,
1523 735 1887 823 respondit:
2025 761 2106 822 ᾖ,

663 824 755 889 Ad
812 829 868 891 1.
922 846 958 886 α
995 828 1132 890 Non
1184 824 1415 901 teneri,
1464 826 1575 891 sed
1628 825 1865 891 decere
1899 844 1960 888 ν.

662 913 755 977 Ad
807 917 870 978 2.
923 932 961 974 ι
994 911 1428 995 Affirmative,
1478 911 1594 977 nisi
1667 911 1748 976 sit
1806 911 2111 997 *legitime

533 997 876 1084 impeditus
912 1022 974 1063 ».

663 1090 739 1151 Et
787 1089 866 1153 ita
899 1088 1287 1154 decrevit‘ac
1320 1087 1555 1152 servari
1607 1086 1947 1155 mandavit.
1997 1086 2112 1152 Die

531 1176 572 1238 8
620 1175 774 1241 lunii
830 1179 1019 1243 1709.

532 1352 770 1422 2197.
1116 1351 1543 1416 MIRANDEN.
1884 1349 2107 1434 ς3813)

662 1533 756 1595 Ex
807 1538 982 1614 parte
1030 1526 1197 1591 Petri
1245 1525 1487 1592 Nolasci
1544 1526 1892 1593 Miranden.
1929 1529 2111 1593 Dioe·

532 1616 690 1683 cesis
734 1638 769 1681 a
816 1620 881 1680 S.
930 1618 1003 1680 R.
1048 1619 1118 1680 C.
1174 1615 1452 1680 demisse
1498 1614 1928 1701 supplicatum
1993 1615 2112 1681 luit

532 1701 924 1788 infrascripta
970 1701 1161 1767 dubia
1207 1701 1558 1769 declarari:

666 1796 724 1858 1.
774 1796 871 1855 Au
920 1789 1107 1856 liceat
1153 1790 1387 1857 cantari
1451 1789 1697 1856 Missam
1752 1792 2110 1857 solemnem

530 1881 610 1946 de
644 1877 951 1963 Requiem
988 1877 1046 1942 in
1083 1877 1307 1945 diebus
1340 1880 1711 1945 Sanctorum
1753 1876 2111 1965 duplicium

531 1965 850 2033 minorum
896 1979 963 2030 et
1011 1965 1363 2049 maiorum,
1414 1985 1538 2031 non
1588 1966 1671 2032 de
1739 1978 2106 2054 praecepto,

530 2066 707 2119 extra
755 2054 927 2119 diem
973 2052 1211 2136 obitus,
1260 2052 1705 2137 anniversarii,
1759 2054 1963 2135 tertii,
2012 2074 2112 2119 se·

530 2141 710 2230 ptimi
744 2153 807 2206 et
843 2141 1178 2228 trigesimi,
1219 2140 1793 2226 quandossantatur
1822 2140 2110 2208 Officium

528 2230 981 2296 defunctorum
1026 2229 1401 2295 solemniter
1450 2229 1512 2294 in
1559 2229 1861 2298 Ecclesiis
1926 2248 2110 2315 paro-

530 2316 835 2383 chialibus
883 2316 1150 2401 aliisque
1195 2317 1533 2400 similibus,
1581 2317 1807 2384 saltem
1854 2318 2109 2401 quando

531 2404 592 2470 in
625 2406 832 2472 Choro
863 2405 1147 2472 Officium
1182 2406 1264 2470 de
1298 2408 1523 2471 Sancto
1564 2424 1690 2470 non
1748 2405 2110 2471 celebratur
2142 2478 2153 2490 ,

530 2512 648 2558 nec
695 2492 871 2559 Missa
918 2490 1256 2559 cantatur?

661 2585 731 2646 2.
779 2582 1003 2646 Utrum
1066 2581 1128 2646 in
1186 2580 1414 2647 diebus
1480 2579 1856 2666 supradictis
1924 2579 2111 2647 liceat

531 2679 779 2733 cantare
826 2669 1062 2733 Missam
1096 2670 1179 2734 de
1211 2669 1547 2754 Requiem,
1582 2669 1837 2753 quando
1867 2667 2112 2734 scilicet

529 2755 869 2823 defunctus
895 2755 1130 2843 legavit
1167 2778 1279 2845 pro
1312 2756 1515 2822 anima
1539 2776 1647 2822 sua
1673 2776 1787 2822 seu
1824 2776 1941 2844 pro
1978 2754 2110 2822 ani-

411 2862 421 2871 ·
530 2841 748 2908 mabus
776 2863 1034 2911 suorum
1060 2856 1419 2930 parentum,
1449 2844 1927 2912 benefactorum
1953 2856 2109 2927 etc.‚

532 2949 725 3000 unum
762 2942 868 2998 aut
894 2932 1020 2999 duo
1050 2934 1149 3000 vel
1188 2933 1367 3020 plura
1390 2932 1599 3000 Officia
1626 2932 2108 3015 detunctorum,

529 3039 692 3105 quae
741 3023 1041 3089 cantanda
1089 3033 1237 3088 sunt
1284 3041 1400 3110 per
1445 3021 1727 3089 Clericos
1774 3032 1840 3088 et
1893 3025 2111 3089 Sacer-

530 3112 736 3193 dotcS,
774 3109 852 3173 ita
888 3121 958 3175 ut
1004 3111 1066 3177 in
1113 3111 1403 3196 quolibet
1448 3108 1663 3175 Officio
1712 3110 1917 3176 adsint
1962 3128 2112 3194 qua·

534 3208 675 3263 tuor
736 3197 838 3261 vel
897 3199 1154 3285 plures,
1202 3199 1557 3265 secundum
1627 3195 2112 3284 dispositionem

529 3284 951 3353 testatorum?

664 3377 731 3439 3.
783 3380 875 3441 An
924 3378 1107 3442 liceat
1140 3375 1372 3442 cantari
1410 3375 1646 3440 Missam
1683 3374 1767 3441 de
1799 3374 2112 3459 Requiem

531 3462 594 3527 in
620 3461 847 3528 diebus
871 3461 1179 3552 expositis
1202 3482 1416 3550 supra,
1451 3461 1703 3548 quando
1728 3461 1935 3547 aliqua
1956 3465 2116 3527 Con·

532 3549 913 3634 fraternitas,
964 3552 1206 3618 ratione
1252 3569 1513 3616 suorum
1560 3559 1967 3629 statutorum,
1995 3567 2112 3634 pro

530 3636 819 3721 quolibet
864 3638 1177 3705 confratre
1226 3638 1526 3704 defuncto
1562 3635 1748 3701 habet
1783 3635 2111 3722 obligatio·

528 3744 678 3793 nem
728 3728 1014 3793 cantandi
1067 3744 1267 3793 unum
1311 3725 1598 3793 Officium
1655 3723 2110 3791 defunctorum

533 3832 678 3882 cum
727 3814 900 3880 Missa
953 3815 1014 3882 in
1063 3812 1238 3882 finc‘?

662 3907 747 3980 Et,
771 3905 837 3971 S.
873 3907 947 3969 R.
984 3907 1055 3970 C.
1088 3905 1165 3970 ad
1198 3905 1403 3969 omnia
1437 3899 1685 3970 censuit
1719 3901 2113 3988 responden·

529 3991 725 4056 dum:
778 4014 814 4054 α
844 3991 1148 4077 Negative
1179 4016 1240 4057 ›.

664 4084 736 4162 Et
790 4079 871 4144 ita
927 4080 1272 4145 declaravit
1335 4092 1399 4146 et
1459 4080 1697 4146 servari
1763 4080 2107 4145 mandavit.

529 4167 639 4234 Die
694 4170 770 4232 13
820 4168 958 4232 tulii
1016 4172 1204 4236 1709.

530 4346 779 4416 2198.
1107 4345 1548 4410 BERGOMEN.
1885 4342 2113 4429 (3814)

660 4523 970 4589 Parochus
1020 4522 1342 4588 Ecclesiae
1392 4523 1679 4589 Almenni
1731 4523 1793 4586 in
1824 4521 2114 4589 Dioecesi

527 4615 941 4694 Bet-gomen.,
978 4613 1052 4677 ad
1097 4610 1409 4694 tollendas
1456 4612 1871 4697 quamplures
1912 4612 2114 4677 ‹lisce-

528 4701 844 4782 ptationes
902 4710 1151 4764 exortas
1212 4699 1272 4764 in
1335 4698 1521 4765 Claro
1582 4699 1875 4765 eiusdem
1929 4698 2110 4764 Dioe·

527 4785 690 4851 cesis
734 4795 929 4873 su'per
979 4808 1097 4852 una
1147 4797 1211 4852 et
1257 4789 1455 4853 altera
1506 4807 1585 4852 ex
1632 4787 1924 4853 Rubricis
1964 4791 2116 4853 Bre-

529 4873 702 4938 viarii
754 4885 818 4939 et
866 4874 1121 4940 Missalis
1168 4876 1454 4961 Romani,
1507 4895 1622 4962 pro
1669 4874 1987 4941 solutione
2025 4876 2116 4940 in-

531 4962 1005 5046 frascriptorum
1054 4965 1395 5029 dubiorum
1444 4965 1611 5050 apud
1658 4966 1722 5030 S.
1759 4967 1831 5030 R.
1878 4967 1949 5030 C.
2001 4963 2111 5029 de·

530 5049 713 5115 misse
760 5048 1164 5135 supplicavit,
1217 5051 1554 5119 videlicet:

665 5140 721 5201 1.
786 5142 993 5224 Super
1058 5139 1322 5204 Rubi-ica
1384 5140 1640 5206 missalis
1708 5141 1971 5206 Romani
2032 5140 2117 5205 de

671 5333 750 5405 (ι)
789 5335 848 5392 s.
900 5335 1041 5392 nui».
1079 5334 1130 5390 2.

2220 385 2654 452 Translatione
2714 391 3064 452 Festorum-
3090 386 3213 455 Tit.
3264 390 3369 464 Vl,
3417 387 3525 455 ubi
3570 386 3658 453 sic
3705 387 3802 452 le-

2219 473 2430 560 giturz
2483 476 2555 538 In
2601 474 2904 542 [ccelesiis
2964 485 3178 541 autem
3238 476 3346 540 ubi
3402 476 3660 540 Titulus
3705 488 3801 541 est

2217 562 2562 638 Ecclesiae,
2599 563 2692 627 vel
2736 582 3089 628 concursus
3115 562 3338 646 populi
3371 563 3453 627 ad
3484 563 3803 631 celebrau-

2215 650 2369 714 dum
2417 652 2676 716 Festum
2718 651 2882 733 quod
2931 653 3284 735 transferri
3312 650 3503 731 debet,
3531 661 3801 734 possunt

2217 740 2483 803 canturi
2527 738 2695 804 duae
2740 739 2992 818 Missae,
3045 758 3182 803 una
3242 739 3315 805 de
3364 738 3488 816 die,
3541 738 3677 804 alia
3725 739 3804 802 do

2220 826 2441 904 stato,-
2486 826 2855 910 quaeritur:
2906 828 3000 892 An
3032 824 3224 910 possit
3258 824 3463 893 omitti
3496 825 3670 892 Missa
3701 847 3803 890 so-

2219 911 2449 978 lemnis
2494 916 2579 978 de
2625 913 2734 979 die
2780 925 2845 978 et
2890 912 3124 979 cantari
3155 914 3334 979 Missa
3365 913 3450 980 de
3483 917 3667 979 Festo
3700 913 3805 979 Ti·

2219 999 2405 1065 tulari
2461 1001 2563 1067 vel
2628 1000 2775 1086 alio,
2845 1000 2907 1067 in
2966 1000 3039 1067 iis
3085 999 3385 1067 Ecclesiis
3448 1003 3510 1067 in
3570 1001 3807 1086 quibus

2218 1106 2343 1153 non
2407 1100 2504 1154 est
2562 1087 2866 1176 obligatio
2934 1088 3227 1155 cantandi
3285 1087 3528 1156 Missam
3590 1088 3804 1173 quoti-

2217 1172 2377 1240 die‘?
2419 1187 2527 1242 aut
2573 1177 2798 1241 saltem
2831 1175 2968 1242 fieri
3006 1178 3524 1247 commemoratio
3556 1178 3635 1245 de
3686 1180 3808 1241 Fe·

2216 1276 2341 1414 sltlt),
2388 1265 2437 1329 si
2479 1264 2563 1416 d?
2612 1284 2688 1330 eo
2736 1283 2863 1331 non
2912 1263 3106 1332 debet
3145 1265 3460 1330 ,celebrari
3507 1263 3805 1331 Officium

2219 1350 2234 1413 i
2293 1371 2323 1413 a
2373 1351 2478 1418 die
2612 1356 2670 1435 1)

2325 1443 2413 1525 ,2.
2464 1352 2683 1505 An(iis
2731 1441 3131 1527 temporibus
3180 1438 3410 1526 quibus
3446 1441 3627 1506 tertia
3658 1442 3812 1506 Ora-

2219 1525 2305 1591 tio
2338 1526 2403 1592 in
2447 1526 2643 1593 Missis
2692 1540 2790 1593 est
2834 1530 2911 1597 ad
2957 1528 3238 1612 libitum,
3270 1548 3339 1593 ac
3375 1548 3455 1594 ex
3491 1529 3660 1597 iussu
3695 1529 3806 1594 vel

2195 1615 2462 1680 ‘Summi
2497 1615 2814 1682 Pontificis
2861 1616 2965 1681 vel
3015 1615 3308 1703 Episcopi
3360 1616 3424 1682 in
3471 1615 3665 1682 Missis
3695 1615 3813 1681 de·

2217 1701 2327 1766 bet
2371 1704 2604 1789 apponi
2660 1705 2868 1788 aliqua
2921 1703 3212 1791 specialis
3265 1704 3472 1769 Oratio
3522 1722 3637 1789 pro
3689 1724 3810 1790 pu·

2219 1789 2380 1855 blica
2427 1791 2826 1873 necessitate,
2876 1792 3180 1859 videlicet
3226 1803 3446 1859 contra
3500 1790 3810 1875 TurchaS,

2217 1895 2332 1942 seu
2408 1879 2485 1945 ad
2562 1879 2905 1964 petendam
2981 1879 3395 1946 serenitatem
3477 1892 3585 1946 aut
3660 1880 3813 1965 plu-

2217 1963 2381 2035 viam
2418 1977 2576 2048 etc„
2615 1969 2769 2034 haec
2802 1969 3009 2033 Oratio
3042 1966 3435 2055 praescripta
3466 1990 3498 2032 a
3533 1970 3811 2035 Summo

2219 2053 2520 2121 Pontifice
2575 2055 2676 2121 vel
2730 2056 2806 2120 ab
2860 2055 3171 2141 Episcopo
3236 2056 3530 2141 ponenda
3582 2074 3814 2120 neces-

2216 2141 2378 2207 sario
2421 2141 2502 2224 sit
2546 2142 2613 2211 in
2660 2142 2854 2209 Missis
2895 2146 3085 2209 tertio
3135 2144 3300 2224 loco,
3363 2146 3813 2229 praetermissa

2185 2247 2378 2321 'quae
2427 2229 2503 2295 ad
2547 2232 2829 2315 libitum;
2885 2233 2986 2296 vel
3038 2230 3250 2319 potius
3279 2230 3611 2298 celebrans
3660 2249 3815 2315 pos-

2217 2319 2297 2381 sit
2359 2317 2624 2385 recitare
2690 2322 2939 2385 tertiam
2991 2320 3353 2386 Orationem
3408 2319 3486 2384 ad
3551 2318 3816 2384 libitum

2216 2424 2364 2471 suae
2421 2406 2810 2490 devotionis,
2874 2419 2942 2472 et
3001 2417 3227 2492 quarto
3289 2407 3428 2473 loco
3489 2424 3652 2490 quae
3708 2415 3816 2470 est

2214 2494 2603 2647 praeszripta
2649 2496 2730 2563 de
2780 2496 3076 2562 mandato
3137 2493 3455 2561 Pontificis
3497 2492 3604 2559 vel
3657 2492 3815 2578 Epi-

2216 2600 2322 2646 sco
2375 2600 2392 2644 ι
2941 2598 2944 2601 ·

2327 2599 2426 2734 1'Et
2473 2671 2542 2737 S.
2576 2674 2652 2737 R.
2688 2673 2759 2738 C.
2798 2670 3047 2738 censuit
3092 2667 3677 2769 respondendum?

2347 2759 2442 2825 Ad
2489 2763 2546 2824 1.
2597 2780 2635 2822 ‹
2661 2757 3166 2825 Rescribe-ndum
3200 2777 3261 2823 tn
3295 2776 3441 2823 casu
3476 2756 3817 2843 proposito

2217 2861 2334 2930 pro
2380 2846 2577 2931 gratia
2625 2848 2914 2915 cantandi
2961 2845 3207 2913 Missam
3251 2847 3613 2913 solemnem
3645 2844 3818 2909 voti-

2219 2950 2360 2999 vam
2407 2936 2488 3003 de
2537 2937 2719 3002 Festo
2749 2946 3150 3003 occurrente
3200 2947 3445 3002 tantum
3479 2956 3543 2998 ».

2347 3023 2446 3090 Ad
2493 3029 2560 3092 2.
2619 3045 2657 3087 ι
2694 3028 2762 3090 ln
2809 3044 2956 3090 casu
3003 3022 3334 3109 proposito
3394 3022 3471 3088 ad
3534 3021 3818 3107 primam

2220 3121 2493 3200 partem,
2543 3114 2900 3199 Negative;
2961 3113 3039 3179 ad
3093 3111 3468 3192 secundam,
3520 3106 3818 3173 Affirma-

2223 3201 2398 3283 tive,
2462 3219 2581 3287 per
2638 3202 2905 3266 modum
2966 3199 3294 3286 praecepti
3363 3208 3426 3263 et
3475 3194 3818 3281 obligatio-

2219 3289 2314 3354 nis
2350 3311 2411 3352 ».
2465 3287 2576 3355 Die
2630 3291 2706 3355 17
2755 3288 3024 3372 Augusti
3083 3288 3276 3353 1709.

2224 3463 2475 3532 2199.
2781 3463 3253 3530 FERRARIEN.
3581 3462 3816 3547 (3818)

2351 3643 2444 3706 Ex
2504 3650 2684 3726 parte
2739 3638 2969 3705 Natalis
3029 3639 3267 3706 Falloni
3332 3640 3814 3727 infrascriptum

2219 3729 2487 3883 gubium
2526 3749 2558 3791 a
2592 3732 2657 3793 S.
2694 3732 2770 3794 R.
2805 3731 2877 3793 C.
2915 3729 3191 3794 demisse
3226 3730 3654 3817 supplicatum
3693 3728 3816 3794 fuit
3877 3765 3886 3774 -

2268 3815 2572 3884 eclarari:

2353 3905 2560 3991 Super
2606 3904 2872 3972 Rubrica
2916 3904 3214 3971 Breviarii
3264 3926 3388 3992 qua
3434 3906 3816 3994 praescribi·

2219 4005 2322 4059 tur
2358 3996 2419 4059 in
2452 3997 2639 4060 Festo
2672 3996 3047 4061 Sanctorum
3078 3995 3364 4062 Cornelii
3397 4006 3462 4060 et
3485 3994 3815 4080 Cypriani,

2219 4082 2322 4149 die
2387 4085 2465 4147 16
2522 4082 2950 4167 Septembris,
3021 4101 3136 4169 pro
3197 4083 3820 4150 commemoratione

2220 4172 2596 4236 Sanctorum
2636 4170 3033 4256 Euphemiae
3081 4182 3144 4234 et
3190 4170 3526 4238 Sociorum
3572 4168 3635 4236 in
3686 4172 3816 4256 pri-

2223 4258 2340 4322 mis
2409 4259 2710 4342 vesperis
2780 4259 3121 4325 dicendam
3190 4278 3331 4324 esse
3399 4256 3814 4344 antiphonam

2223 4347 2512 4412 Gaudent
2564 4349 2637 4412 t‘n
2688 4347 2915 4426 Caelis,
2969 4357 3034 4410 et
3073 4346 3134 4411 in
3163 4347 3485 4414 Laudibus
3522 4346 3815 4432 antipho·

2221 4451 2363 4499 nam
2397 4437 2703 4498 Istorum.-
2731 4434 3061 4499 dubitatur
3085 4445 3151 4499 et
3183 4435 3547 4518 quaeritur:
3582 4437 3812 4500 Utrum

2222 4521 2585 4606 praedictae
2654 4522 3038 4608 antiphonae
3093 4524 3403 4590 dicendae
3449 4523 3576 4587 sint
3623 4521 3814 4588 etiam

2219 4610 2476 4694 quando
2521 4608 2810 4675 officium
2848 4611 3221 4676 Sanctorum
3255 4605 3533 4676 Cornelii
3582 4619 3649 4675 et
3694 4615 3817 4695 Cy-

2223 4696 2420 4795 priani
2474 4697 2532 4761 in
2586 4707 2978 4782 perpetuum
3030 4698 3452 4782 transfertui-3
3523 4717 3601 4764 an
3662 4708 3816 4764 tunc

2222 4803 2282 4850 in
2355 4783 2573 4873 primis
2637 4787 2935 4871 vesperis
2997 4786 3269 4851 dicenda
3331 4785 3411 4852 sit
3473 4785 3818 4872 antiphona

2223 4875 2524 4954 Istorum,
2599 4886 2663 4940 et
2713 4877 2776 4939 in
2822 4875 3139 4941 Laudibus
3197 4875 3539 4961 antiphona
3613 4875 3818 4940 Vestri

2221 4961 2448 5045 capilli
2494 4960 2653 5027 θεολ

2355 5053 2432 5114 Et
2502 5050 2565 5115 S.
2631 5054 2706 5116 R.
2773 5055 2843 5116 C.
2912 5052 3163 5118 censuit
3236 5049 3814 5135 respondendum:

2217 5160 2255 5202 ι
2290 5137 2633 5226 Negative,
2683 5140 2893 5225 quoad
2954 5139 3218 5225 primam
3272 5151 3572 5225 partem3
3630 5136 3817 5202 Affir-
