4042 5950
2063 211 2478 288 -92-

641 368 919 454 Pyxid03
971 379 1036 435 et
1072 377 1173 451 an',
1208 369 1620 455 permittente
1649 367 1942 451 Rubrica,
1976 367 2218 454 possint

643 455 705 520 in
757 457 1032 522 Ecclesia
1083 458 1180 522 vel
1224 456 1357 522 aliis
1390 456 1705 542 cappellis
1738 455 2046 522 celebrari
2079 455 2221 521 Mis-

641 563 744 608 sae
809 545 893 610 de
953 542 1316 631 Requiem‘?
1382 544 1536 611 item
1607 543 1990 612 transeundo
2055 542 2216 609 circa

642 633 907 697 SSmum
971 631 1331 720 expositum
1381 634 1444 700 in
1492 632 1753 718 Pyxide,
1803 651 1879 697 an
1939 651 2067 698 uno
2112 630 2215 695 vel

639 729 912 805 utroque
945 738 1117 807 genu
1148 731 1294 787 ante
1318 719 1479 788 illud
1553 720 2070 787 enuflectendum
2098 715 2219 783 sit?
2248 735 2253 740 ·

769 812 836 872 5.
885 812 1043 875 Cum
1095 806 1158 873 in
1204 807 1456 873 Polonia
1529 815 1879 893 requenter
1923 807 2075 872 fiant
2109 825 2217 871 ex-

642 892 982 981 positiones
1029 894 1200 961 SSmi
1251 894 1504 982 publice
1536 895 1603 960 in
1633 894 1854 961 maiori
1894 894 2117 978 Altari,
2156 904 2218 959 et

638 991 893 1067 praeter
960 983 1203 1049 Missam
1247 983 1602 1049 solemnem
1672 982 1965 1049 dicantur
2030 982 2217 1048 etiam

637 1070 855 1135 Missae
903 1071 1182 1158 privatae
1229 1073 1304 1138 ad
1355 1070 1528 1139 idem
1560 1070 1775 1136 Altare
1805 1071 2008 1136 maius
2041 1081 2106 1135 et
2137 1068 2214 1134 ad

636 1158 752 1222 alia
782 1159 1016 1225 Altaria
1048 1158 1329 1244 minora;
1380 1180 1481 1241 an,
1517 1160 1786 1225 durante
1818 1156 2217 1243 expositione

638 1245 838 1329 88ιῒιί,
871 1247 1101 1313 debeat
1134 1246 1272 1312 fieri
1321 1245 1840 1328 commemoratio
1873 1245 1955 1311 de
1985 1245 2216 1311 eodem

638 1334 1039 1400 Sanctissimo
1087 1332 1544 1400 Sacramento‘?

767 1426 830 1487 6.
884 1424 1063 1487 Anne
1110 1421 1399 1507 exposito
1456 1424 1647 1487 SSmo
1694 1423 2099 1487 Sacramento
2146 1419 2209 1486 in

635 1509 831 1574 Altari
877 1508 1126 1593 maiori,
1160 1511 1317 1577 dum
1362 1508 1427 1575 in
1460 1508 1759 1595 Vesperis
1802 1510 1879 1576 ad
1920 1509 2213 1594 Magnifi-

501 1609 516 1626 ·
636 1606 742 1662 cat
790 1598 962 1664 idem
1007 1597 1223 1663 Altare
1268 1596 1467 1666 maius
1517 1597 1901 1680 incensatur,
1935 1595 2215 1663 debeant

636 1683 827 1749 etiam
896 1685 1204 1750 incensari
1272 1685 1389 1750 alia
1451 1682 1730 1750 Altaria?
1792 1685 2213 1771 incongruum

636 1772 806 1837 enim
868 1772 1129 1838 videtur
1179 1771 1550 1857 relinquere
1602 1773 1664 1838 in
1710 1772 1906 1837 Altari
1963 1770 2213 1856 exposi-

637 1869 771 1924 tum
818 1862 1124 1943 SSmum5
1175 1863 1326 1925 item
1374 1858 1965 1943 anne,1tburificato
2012 1857 2214 1925 Altari

633 1949 872 2013 maiore
919 1947 1026 2014 ubi
1076 1959 1171 2014 est
1217 1948 1982 2031 sanctissimum,.debeat
2021 1946 2212 2014 etiam

634 2032 774 2098 fieri
823 2034 1199 2101 thurificatio
1244 2035 1416 2102 illius
1452 2035 1679 2103 Altaris
1724 2036 1789 2102 in
1821 2054 1949 2121 quo
1982 2046 2080 2102 est
2109 2054 2214 2100 re-

633 2119 964 2188 conditum
1009 2126 1274 2190 SSruum
1318 2123 1382 2189 in
1420 2121 1732 2190 ciborio?

764 2212 828 2275 7.
862 2213 1089 2276 Utrum
1113 2220 1516 2277 transeuntes
1546 2221 1690 2277 ante
1718 2211 2072 2298 expositam
2099 2215 2214 2277 Re-

633 2295 891 2382 liquiam
937 2301 1164 2365 SSffiae
1212 2299 1453 2382 Crucis,
1488 2299 1761 2365 debeant
1802 2317 1971 2386 genu
2005 2317 2208 2384 usque

630 2385 706 2450 ad
758 2396 990 2451 terram
1037 2385 1325 2471 flectere,
1373 2387 1478 2453 vel
1523 2385 1790 2453 sufficiat
1841 2386 2208 2471 semigenu·

631 2471 855 2556 flexi0,
907 2474 1000 2540 uti
1045 2475 1212 2540 solet
1258 2473 1398 2540 fieri
1459 2491 1670 2540 coram
1726 2472 2098 2559 Episcopo?
2143 2484 2209 2540 et

625 2577 778 2625 num
848 2563 1073 2628 eadem
1142 2561 1511 2647 genuflexio
1581 2559 1866 2627 facienda
1923 2561 2002 2626 sit
2061 2572 2206 2627 ante

564 2677 568 2681 ·
625 2646 1016 2731 praedictam
1058 2648 1414 2735 Reliquiam
1462 2652 1690 2716 SSmae
1734 2647 1979 2733 crucis,
2014 2667 2204 2733 quae,

626 2732 779 2799 licet
810 2753 937 2800 non
968 2736 1050 2801 sit
1098 2734 1407 2824 exposita,
1454 2745 1815 2802 asservatur
1862 2746 2072 2802 tamen
2105 2754 2207 2801 oc-

626 2820 799 2886 clusa
861 2822 924 2887 in
984 2823 1196 2910 aliquo
1252 2823 1489 2903 Altari3
1538 2835 1643 2889 aut
1704 2824 1895 2890 etiam
1953 2825 2205 2909 quando

626 2908 914 2995 exposita
977 2923 1073 2977 est
1128 2911 1244 2979 sed
1305 2931 1434 2979 non
1493 2932 1576 3000 ap
1660 2922 1781 2996 ret,
1843 2911 1983 2999 quia
2032 2930 2201 2998 pars,

625 3016 787 3083 quae
834 3017 936 3064 res
984 2998 1091 3065 icit
1131 3001 1472 3088 populum,
1508 2931 1698 3067 bazaet
1729 3000 1998 3088 figuram
2028 3001 2209 3066 Chri-

624 3084 703 3149 sti
753 3086 939 3152 Cruci
1035 3085 1106 3154 i?

756 3178 834 3238 Et
882 3178 947 3241 S.
982 3180 1062 3242 R.
1093 3180 1195 3261 c.,
1245 3177 1461 3245 audito
1509 3175 1684 3264 prius
1725 3185 1873 3242 voto
1905 3176 2095 3243 unius
2120 3194 2205 3241 ex

623 3262 1127 3348 Apostolicarum
1157 3267 1717 3333 caeremoniarum
1749 3263 2081 3352 Magistris,
2108 3282 2209 3329 re-

623 3349 1038 3417 scribendum
1084 3354 1377 3421 censuit:

754 3438 848 3504 Ad
902 3443 964 3506 1.
1012 3463 1049 3504 a
1081 3443 1294 3519 Quoad
1343 3442 1612 3530 primam
1657 3452 1951 3528 partem,
2003 3442 2204 3524 Nega-

625 3524 820 3609 tive;‚
852 3530 1058 3609 quoad
1116 3531 1465 3597 secundam
1523 3549 1721 3613 vere,
1784 3526 2202 3607 Affirmative,

624 3613 975 3682 dummodo
1025 3616 1529 3683 immemorabile
1592 3614 1885 3705 respiciat
1946 3620 2203 3681 Festum

624 3701 688 3764 in
751 3704 1027 3770 Romano
1096 3705 1542 3791 Martyrologio
1612 3704 2045 3790 descriptum3
2108 3703 2204 3767 sin

624 3791 856 3874 minus,
907 3792 1211 3880 Negative
1245 3813 1308 3856 ».

753 3879 848 3945 Ad
894 3884 961 3946 2.
1008 3902 1048 3946 ι
1079 3879 1367 3948 Officium
1396 3880 1857 3966 Reliquiarum,
1894 3879 2066 3963 quod
2101 3898 2204 3945 ce-

623 3966 906 4033 lebratur
931 3969 1129 4056 prima
1156 3969 1476 4034 Dominica
1503 3980 1648 4054 post
1669 3975 1923 4036 Festum
1956 3970 2022 4034 S.
2051 3972 2201 4034 Mat·

623 4055 817 4138 thaei,
849 4057 900 4121 si
945 4057 1083 4122 talis
1126 4057 1447 4123 Dominica
1495 4056 1690 4123 suerit
1737 4061 1918 4122 Festo
1963 4054 2207 4120 altioris

621 4143 779 4210 ritus
827 4144 1155 4232 impedita,
1189 4145 1428 4232 poterit
1458 4145 1523 4211 in
1556 4146 1821 4232 primam
1868 4144 2039 4210 diem
2073 4161 2200 4208 non

622 4233 995 4318 impeditam
1043 4233 1214 4299 iuxta
1260 4233 1560 4300 Rubricas
1603 4232 1929 4300 transferri
1964 4253 2028 4295 ι.

553 4400 562 4405 ,
754 4322 848 4387 Ad
897 4326 961 4388 3.
1012 4344 1049 4385 a
1084 4321 1431 4410 Negative,
1480 4322 1689 4407 quoad
1737 4330 2198 4408 praeceptum;

622 4409 859 4499 poterit
907 4420 1143 4494 tamen,
1191 4410 1239 4475 si
1289 4409 1470 4492 velit,
1507 4428 1588 4474 ex
1636 4405 2048 4495 congruentia
2081 4429 2143 4471 ».

751 4500 845 4565 Ad
897 4501 956 4563 4.
1009 4519 1047 4582 ς
1079 4496 1610 4565 commemoratio
1651 4496 1734 4562 de
1767 4498 1962 4563 SSmo
1989 4498 2201 4562 Sacra·

623 4598 838 4652 mento
873 4587 934 4654 in
960 4588 1155 4671 Missis
1189 4586 1446 4674 privatis
1476 4583 1713 4670 poterit
1742 4583 1909 4666 fieri,
1945 4583 2198 4668 quando

623 4676 758 4741 eius
808 4674 1119 4762 expositio
1153 4676 1259 4742 fiat
1292 4694 1372 4740 ex
1421 4672 1672 4761 publica
1721 4691 1933 4739 causa:
1985 4669 2202 4736 Missae

619 4764 702 4829 de
748 4763 1058 4849 Requiem
1090 4776 1266 4830 extra
1298 4765 1539 4845 Altare,
1572 4761 1678 4827 ubi
1713 4772 1807 4826 est
1840 4758 2201 4846 expositum

621 4853 884 4918 SSmum
932 4854 1445 4933 Sacramentum,
1495 4860 1799 4936 poterunt
1861 4849 2196 4933 celebrari,

621 4939 968 5005 dummodo
1017 4952 1227 5005 tamen
1274 4940 1472 5004 oratio
1520 4957 1727 5003 coram
1799 4939 2200 5003 Sacramento

621 5044 748 5092 non
778 5024 858 5089 sit
892 5046 971 5090 ex
997 5027 1253 5112 publica
1285 5046 1503 5091 causa:
1541 5026 2019 5111 genuflexiones
2046 5045 2198 5091 vero

622 5121 898 5198 utroque
943 5132 1114 5202 genu
1160 5123 1306 5179 sunt
1372 5112 1694 5179 faciendae
1742 5134 1774 5177 a
1824 5115 2200 5181 transeunti-

618 5201 737 5267 bus
783 5212 926 5267 ante
992 5201 1192 5282 illud,
1261 5199 1448 5265 etiam
1511 5202 1762 5283 quando
1825 5199 1887 5265 in
1933 5202 2195 5286 pyxide,

622 5300 940 5380 patenter,
992 5289 1073 5355 sit
1121 5286 1481 5374 expositum
1516 5307 1579 5350 ».

2446 369 2543 435 Ad
2589 371 2652 434 δ.
2705 392 2742 433 a
2777 369 3015 435 Poterit
3053 370 3192 436 lieri
3238 369 3762 436 commemoratio
3816 371 3891 437 de

2322 458 2512 522 SSmo
2539 459 2943 522 Sacramento
2970 458 3243 525 durante
3265 459 3891 543 expositione,dum-

2319 546 2510 611 modo
2557 544 2639 610 sit
2684 563 2801 629 pro
2846 564 3027 610 causa
3073 545 3323 632 publica
3357 568 3425 611 ».

2449 631 2542 697 Ad
2593 636 2654 699 6.
2707 655 2744 696 a
2778 635 2913 699 Non
2961 652 3101 699 esse
3172 633 3363 700 thure
3427 633 3745 701 adolenda
3790 633 3893 700 alia

2318 718 2574 802 Altaria,
2626 719 2779 787 licet
2823 719 2970 787 alibi
3016 720 3495 789 sanctissimum
3532 724 3893 790 Sacramen-

2319 818 2455 872 tum
2501 817 2864 874 asservetur
2895 830 2957 870 ».
3998 861 3999 866 ,

2448 895 2543 961 Ad
2580 899 2643 962 7.
2694 918 2731 959 a
2763 896 2827 962 Si
2862 895 3003 963 loco
3036 896 3329 983 principe
3348 897 3645 982 Reliquis
3678 900 3895 964 SSiitae
3998 963 3999 972 ,

2317 983 2537 1048 Crucis
2593 1002 2787 1070 super
2841 983 3053 1050 Altare
3115 984 3307 1051 fuerit
3368 986 3700 1069 exposita,
3758 998 3893 1051 tunc

2318 1080 2718 1137 transeuntes
2774 1079 2919 1137 ante
2976 1071 3151 1138 illam
3214 1073 3399 1139 unico
3458 1090 3636 1159 genu
3700 1093 3894 1157 usque

2316 1156 2394 1225 ad
2444 1167 2674 1225 terram
2706 1159 2874 1226 flexo
2912 1178 3223 1226 venerare
3254 1159 3531 1243 debeam
3581 1161 3721 1227 sola
3754 1179 3896 1225 vero
3998 1241 3999 1248 ἵ

2316 1245 2537 1331 capitis
2585 1246 3015 1329 inclinatione,
3047 1248 3099 1312 si
3144 1249 3417 1334 praefata
3462 1248 3762 1333 Reliquia
3808 1269 3897 1313 re·

2321 1333 2569 1399 condita
2617 1332 2740 1399 erit
2784 1336 2849 1402 in
2894 1335 3177 1402 custodia
3211 1356 3275 1401 ν.

2450 1425 2528 1487 Et
2574 1421 2655 1487 ita
2703 1423 3013 1532 decrevit.
3064 1424 3177 1489 Die
3222 1428 3259 1490 7
3308 1424 3446 1490 Maii
3496 1427 3700 1490 1746.

2320 1557 2570 1630 2391.
2910 1537 3310 1630 Amanum.
3678 1565 3898 1654 (4182)
3998 1527 3999 1564 ³

2444 1686 2606 1750 cum
2652 1693 2788 1751 orla
2834 1686 3029 1752 fuerit
3074 1685 3505 1752 controversia
3553 1686 3732 1753 inter
3796 1691 3899 1753 ca-

2314 1769 2591 1855 pitulum
2636 1774 3022 1860 collegiatae
3068 1774 3390 1840 Ecclesiae
3436 1775 3615 1841 Sani
3667 1773 3898 1840 Rosarii
3998 1773 3999 1862 ᾖ

2314 1861 2544 1924 Terrae
2600 1864 2664 1926 S.
2715 1863 3096 1946 Archangeli
3154 1860 3468 1927 Dioecesis
3538 1862 3895 1928 Ariminen.
3998 1917 3999 1926 ,

2313 1964 2393 2010 ex
2425 1965 2573 2028 una,
2607 1957 2799 2035 atque
2842 1950 3261 2037 Cappellanos
3290 1949 3895 2016 confraternitatum
3998 1963 3999 1976 ¹

2314 2034 2488 2100 88ῶί
2546 2035 2839 2122 Suffragii
2902 2046 2966 2102 et
3028 2039 3255 2106 SSmae
3314 2037 3535 2103 crucis
3608 2036 3897 2103 eiusdem

2310 2125 2542 2188 Terrae
2671 2126 2874 2192 rtibus
2921 2144 3002 2190 ex
3047 2124 3283 2205 altera,
3331 2143 3529 2211 super
3576 2124 3898 2191 delatione

2313 2211 2526 2276 Stolae
2572 2230 2605 2274 a
2693 2211 2922 2279 iisdem
2982 2212 3381 2312 cappellanis
3443 2221 3785 2298 praetensa
3839 2211 3897 2275 in

2310 2297 2716 2382 generalibus
2761 2299 3273 2367 Processionibus
3303 2299 3570 2385 aliisque
3602 2298 3897 2365 omnibus
3998 2287 3999 2310 ³

2309 2384 2765 2469 functionibus,
2813 2406 2974 2473 quae
3018 2387 3096 2452 ab
3142 2387 3368 2454 eadem
3400 2385 3757 2473 collegiata
3789 2388 3895 2451 Ec·

2311 2472 2525 2556 clesia,
2562 2481 2695 2539 toto
2736 2475 3075 2542 incedente
3106 2475 3421 2563 capitulo,
3454 2475 3599 2542 fieri
3630 2492 3895 2541 consue-

2310 2572 2568 2641 verant;
2619 2562 2724 2628 illa
2769 2581 2940 2629 nunc
2984 2562 3061 2628 ad
3111 2565 3176 2629 S.
3212 2566 3287 2629 R.
3322 2565 3395 2630 c.
3430 2564 3674 2646 delata,
3712 2566 3895 2627 mus
3998 2547 3999 2636 ξ

2310 2657 2376 2712 et
2404 2651 2597 2717 limus
2632 2655 2811 2717 Dom.
2846 2649 3192 2718 cardinalis
3236 2651 3531 2717 Tanarius
3577 2647 3894 2718 infrascri-
3998 2653 3999 2706 ὲ

2308 2745 2493 2822 ptum
2539 2738 2805 2805 dubium
2836 2740 3001 2805 inter
3032 2749 3245 2825 partes
3289 2739 3757 2814 concordatum
3789 2737 3893 2802 de·
3998 2789 3999 2800 ,

2307 2822 2655 2892 cidendum
2702 2823 3063 2925 proposuit,
3111 2843 3387 2924 nempe?

2438 2916 2558 2998 An,
2594 2923 2660 2980 et
2706 2932 2772 2980 in
2804 2914 3035 2999 quibus
3074 2911 3505 2980 functionibus
3535 2933 3604 2981 ac
3636 2917 3891 2981 Proces-

2306 3000 2612 3086 sionibus,
2654 3003 3020 3089 Cappellani
3065 3002 3671 3069 confraternitatum
3723 2998 3887 3065 SSffli
3998 2998 3999 3015 ³

2306 3090 2542 3157 Rosarii
2572 3100 2675 3242 ⁸Pet
2743 3092 2974 3157 SSmae
3040 3088 3259 3157 crucis
3326 3089 3568 3175 possint
3627 3087 3887 3158 deferre

2312 3177 2549 3244 Stolam
3998 3186 3999 3197 ¹

2428 3268 2517 3329 Et
2562 3268 2626 3332 S.
2676 3269 2752 3333 c.
2798 3270 2906 3348 R.,
2955 3264 3166 3332 audita
3212 3264 3388 3350 prius
3443 3262 3886 3331 informatione

2308 3350 2603 3438 Episcopi
2650 3373 2720 3420 ac
2750 3352 2898 3419 visis
2932 3352 3173 3419 iuribus
3203 3352 3351 3419 hinc
3384 3352 3533 3418 inde
3562 3349 3883 3427 deductis,

2305 3441 2383 3505 ad
2431 3439 2810 3507 relationem
2857 3440 3147 3509 eiusdem
3205 3443 3340 3506 mi
3401 3440 3744 3521 Ponentis,
3792 3456 3884 3500 re·

2305 3525 2714 3595 scribendum
2760 3528 3046 3595 censuit:
3092 3549 3132 3593 a
3165 3531 3302 3595 Non
3358 3528 3588 3610 licere,
3637 3526 3763 3593 nisi
3823 3523 3883 3588 in

2306 3614 2560 3714 propria
2606 3615 2887 3682 Ecclesia
2920 3637 2983 3681 r.
3031 3619 3110 3681 Et
3159 3617 3237 3681 ita
3284 3615 3571 3682 decrevit
3623 3635 3701 3682 ac
3760 3632 3881 3679 ser-

2308 3722 2438 3768 vari
2485 3703 2826 3771 mandavit.
2881 3705 2991 3770 Die
3040 3708 3076 3770 3
3124 3703 3523 3789 Septembris
3574 3707 3770 3771 1746.

2308 3844 2564 3912 2392.
2618 3846 2926 3911 MASSAE
2962 3847 3059 3909 ΕΤ
3090 3846 3585 3911 POPULONIAE.
3656 3842 3877 3932 (4183)

2370 3958 2374 3967 ’
2432 3966 2727 4051 Magister
2756 3966 3307 4034 caeremoniarum
3341 3968 3735 4036 cathedralis
3770 3970 3873 4033 Ec·

2307 4052 2533 4119 clesiae
2582 4057 2812 4120 Massae
2858 4066 2922 4121 et
2969 4055 3351 4141 Populoniae
3384 4056 3681 4142 exposuit
3715 4054 3875 4143 apud

2304 4144 2371 4208 S.
2406 4145 2482 4207 R.
2516 4144 2617 4225 c.,
2667 4143 2839 4229 qnod
2869 4142 2949 4231 ⁸iu
2994 4143 3267 4230 praefata
3300 4144 3561 4211 Civitate
3594 4152 3659 4208 et
3700 4145 3875 4209 Dioc-

2303 4230 2467 4313 cesi,
2520 4230 2689 4295 iuxta
2748 4233 3087 4297 Decretum
3151 4252 3203 4295 s.
3256 4249 3342 4296 m.
3393 4230 3726 4296 Benedicti
3778 4235 3876 4296 Pa-

2300 4335 2421 4401 pae
2467 4320 2601 4405 Xlll
2649 4317 2768 4383 sub
2812 4317 2919 4383 die
2967 4321 3053 4384 24
3098 4319 3492 4406 Septembris
3546 4322 3712 4385 1726
3739 4368 3757 4402 ,
3804 4317 3872 4382 ab

2305 4404 2595 4471 omnibus
2642 4406 2749 4490 qui
2800 4414 3102 4472 tenentur
3154 4407 3233 4473 ad
3288 4410 3481 4472 Horas
3540 4408 3875 4473 canonicas

2303 4492 2604 4559 recitatur
2649 4493 2753 4559 die
2805 4497 2884 4559 16
2929 4493 3069 4559 ΙιιΙίἰ
3115 4494 3401 4561 Officium
3447 4502 3512 4559 et
3559 4494 3733 4560 Missa
3780 4511 3874 4558 re·

2299 4582 2588 4668 spective
2637 4581 2996 4647 celebratur
3040 4586 3112 4647 B.
3150 4586 3227 4648 M.
3265 4586 3341 4650 V.
3377 4583 3463 4649 de
3494 4585 3701 4648 Monte
3734 4585 3871 4649 car-

2302 4669 2505 4733 melo:
2557 4668 2619 4733 in
2670 4667 2943 4735 Ecclesia
2988 4688 3142 4734 vero
3177 4669 3470 4738 eiusdem
3502 4669 3718 4754 Tituli,
3752 4686 3873 4736 non

2303 4767 2509 4822 tamen
2554 4756 2967 4841 Regularium
3015 4776 3229 4843 neque
3276 4762 3524 4840 curata,
3558 4759 3747 4825 clero
3778 4778 3869 4823 ca-

2302 4852 2512 4927 rente,
2563 4842 2897 4911 visitationi
2945 4845 3240 4932 Episcopi
3286 4846 3595 4925 subiecta‚
3634 4846 3780 4912 licet
3810 4844 3869 4907 in

2304 4932 2754 5018 temporalibus
2799 4931 2877 4997 ad
2927 4931 3119 4999 instar
3166 4933 3492 4999 laicarum·
3519 4933 3865 4999 confrater·

2303 5020 2569 5086 nitatum
2640 5020 3099 5099 administrata,
3146 5021 3597 5088 solemnizatur
3662 5022 3869 5088 huius-

2302 5109 2474 5174 modi
2534 5112 2790 5174 Festum
2851 5108 3174 5177 Dominica
3229 5108 3385 5179 infra
3441 5117 3761 5190 octavam,
3807 5115 3864 5171 et

2301 5198 2519 5281 plures
2546 5195 2916 5261 Sacerdotes
2948 5196 3292 5263 invitantur
3321 5197 3397 5263 ad
3423 5198 3864 5264 celebrandum

2302 5283 2385 5351 ibi
2431 5285 2714 5360 Missam3
2763 5300 2957 5367 quare
3004 5294 3213 5351 orator
3250 5284 3608 5374 praedictus
3644 5284 3862 5352 bumil-
