4042 5950
1560 274 1868 357 —271
1927 320 2033 337 -

162 458 381 529 scopus
427 434 808 505 Franciscus'
828 435 1014 503 Maria
1045 434 1271 524 Zoppi,
1304 432 1743 504 Cleri-unifor-

163 527 350 595 mitati
397 535 464 593 et
510 543 624 613 gre
675 524 725 590 is
770 523 1085 612 spirituali
1116 523 1284 590 bono
1314 521 1739 613 prospiciens»,

161 614 510 686 Calendarii
556 632 625 679 re
699 611 1076 679 rmationem
1129 613 1596 698 Festorumque
1639 631 1742 678 re·

161 703 523 774 ductionem
571 700 848 768 obtinuit
900 705 1176 767 Decreto
1229 704 1303 767 11
1354 700 1492 766 lulii
1546 703 1736 786 1827,

162 805 224 862 et
267 810 464 878 quum
512 788 788 857 maxime
836 798 1228 878 percuperet
1271 808 1421 855 suae
1453 786 1741 855 Dioecesi

159 887 485 949 Patronum
520 877 863 965 assignare,
899 877 1219 963 exquisito
1251 876 1614 967 Principum
1647 896 1743 942 as-

158 989 363 1052 sensu,
414 968 501 1035 de
545 970 820 1055 Sanctae
858 964 1041 1035 Sedis
1099 968 1151 1033 A
1227 965 1502 1032 'stolicae
1563 965 1742 1032 beni-

199 1056 386 1124 nitate
435 1058 703 1123 Sanctus
747 1053 1114 1121 Franciscus
1203 1052 1509 1121 ssisiensis
1553 1054 1739 1121 datus

181 1146 269 1213 uit
309 1148 586 1210 Decreto
639 1138 770 1209 diei
824 1145 903 1210 to
949 1140 1349 1232 Septembris
1400 1146 1614 1223 18²8;
1665 1162 1737 1209 ea

160 1248 355 1300 tamen
433 1233 620 1319 lege,
691 1231 865 1297 iuxta
944 1230 1250 1320 placitum
1319 1235 1737 1299 Decretorum

157 1343 206 1388 s.
229 1341 316 1388 m.
349 1319 587 1388 Urbani
631 1324 831 1408 Papae
863 1322 1022 1403 Vlll,
1071 1328 1144 1388 ut
1191 1319 1537 1387 celebratio
1569 1319 1739 1386 Festi

159 1409 352 1479 Sancti
399 1409 697 1476 Andreae
761 1407 1110 1494 supradicti
1175 1418 1476 1475 cessaret.
1525 1406 1738 1475 Rebus

156 1499 234 1565 ita
274 1496 623 1585 dispositis,
673 1496 944 1583 quisque
992 1514 1110 1586 per
1140 1516 1211 1562 se
1244 1495 1429 1562 l'acile
1459 1495 1737 1563 animad-

158 1599 402 1653 vertere
455 1594 734 1673 poterat,
784 1585 1164 1673 praesertim
1210 1584 1262 1650 si
1302 1583 1465 1671 quid
1514 1584 1739 1653 Rubri-

159 1692 362 1741 earnm
475 1673 975 1760 raegustaverit,
1038 1693 1167 1761 quo
1233 1673 1460 1741 ordine
1522 1683 1738 1740 essent

157 1764 302 1831 baec
345 1764 394 1829 Ο
469 1762 563 1829 cia
621 1758 944 1829 recitanda
991 1771 1057 1828 et
1102 1766 1362 1828 Festum
1422 1763 1509 1829 de
1553 1780 1738 1850 prae-

158 1863 333 1939 cepto
385 1849 802 1918 servandum.
865 1855 1006 1918 Non
1065 1848 1361 1918 omuibus
1417 1869 1573 1917 vero
1635 1868 1758 1917 res·

157 1939 385 2029 pariter
429 1938 673 2023 arrisit;
727 1949 793 2006 et
821 1957 941 2027 pro
987 1948 1171 2027 parte
1199 1938 1491 2026 -Capituli
1530 1950 1596 2005 et
1627 1942 1736 2006 Ca-

157 2030 536 2095 nonicorum-
558 2029 949 2116 collegiatae
978 2026 1302 2095 Ecclesiae
1326 2026 1739 2095 Carrariensis

157 2116 462 2185 Dioecesis
505 2120 772 2185 nasson,
811 2119 1035 2183 Sacrae
1067 2115 1330 2184 Rituum
1374 2119 1736 2204 congrega·

160 2204 298 2271 tioni
353 2206 681 2294 proposita
725 2205 923 2273 :fuere
973 2203 1306 2290 sequentia
1366 2204 1593 2284 dubia3
1641 2203 1736 2271 ni·

154 2312 422 2361 mirum:
579 2318 584 2331 ·
837 2360 842 2365 .
941 2318 946 2329 ·
1239 2338 1246 2347 -
1397 2342 1404 2351 =

275 2387 333 2449 1.
383 2382 501 2462 Qui
568 2383 730 2451 ritus
793 2381 1029 2451 debeat
1092 2382 1333 2448 servari
1394 2381 1460 2448 in
1517 2382 1733 2449 Officio

158 2471 384 2558 proprii
435 2468 790 2538 Titularis-‘i‘
885 2490 890 2495 ·
1019 2500 1022 2509 „
1187 2532 1196 2551 ι

274 2563 338 2626 2.
384 2561 718 2638 Quodnam
761 2563 1030 2627 Festum=
1068 2578 1216 2626 cum
1266 2557 1521 2645 integro
1552 2578 1735 2647 prae-

159 2656 330 2735 cepto
360 2642 604 2715 servari
637 2648 868 2717 debeat
898 2647 965 2713 in
993 2647 1277 2714 Ecclesia
1295 2645 1739 2715 Carrariensi?

159 2754 225 2801 an
251 2736 456 2803 Sancti
487 2737 786 2804 Andreae
817 2735 1105 2826 Apostoli
1151 2736 1394 2824 antiqui
1440 2734 1732 2803 Titularis

161 2834 218 2889 et
258 2826 463 2892 Sancti
517 2824 828 2893 cechardi
876 2823 1577 2913 Patroni·principalis;
1630 2824 1731 2890 vel

160 2913 353 2980 Sancti
410 2914 727 2982 Francisci
784 2913 934 2998 novi
979 2913 1275 2981 Titularis
1322 2924 1387 2981 et
1433 2911 1736 2981 Patroni?

273 3004 454 3069 Sacra
501 3004 764 3070 Rituum
805 3002 1261 3090 congregatio,
1296 3004 1373 3070 ad
1407 3003 1730 3071 Vaticanas

162 3089 348 3156 Aedes
392 3110 565 3158 nono
595 3093 920 3160 ¹calendas
967 3092 1126 3160 lunii
1171 3092 1355 3158 Anno
1409 3095 1574 3159 1835
1619 3093 1728 3158 Or-

160 3177 396 3246 dinariis
444 3180 512 3247 in
554 3179 841 3248 comitiis
888 3179 1370 3264 coacta,=audita
1417 3180 1729 3246 relatione

158 3265 226 3331 ab
265 3266 663 3358 infrascripto
711 3268 1068 3337 Secretario
1115 3267 1298 3352 iacta,
1333 3269 1729 3356 responden-

160 3354 297 3422 dum
329 3357 620 3424 censuit:
670 3379 709 3422 ι
742 3361 1017 3425 Ponatur
1063 3358 1127 3424 in
1172 3356 1374 3442 Folio,
1410 3356 1727 3445 exquisito

159 3453 292 3509 voto
334 3446 612 3534 Magistri
657 3446 1214 3515 caeremoniarum
1248 3468 1314 3512 iv.

275 3533 648 3602 Huiusmodi
691 3546 845 3603 voto
890 3534 1103 3601 audito
1149 3534 1512 3634 praeliaque
1545 3553 1722 3618 cuso,

160 3630 323 3687 sexto
366 3622 677 3690 calendas
721 3622 1119 3709 Septembris
1164 3632 1544 3709 insequente
1597 3626 1723 3689 An-

160 3726 233 3773 no
279 3713 467 3796 1836,
523 3714 754 3779 iterum
798 3710 1139 3801 propositis
1183 3709 1559 3802 supradictis
1605 3711 1726 3777 du·

161 3794 265 3861 biis
318 3801 393 3867 ab
460 3800 996 3868 Eminentissimo«
1042 3812 1106 3866 et
1169 3799 1722 3866 Reverendissimo

160 3884 405 3954 Domino
464 3889 1095 3956 Cardinaless'l'homa
1151 3887 1339 3955 Weld
1399 3890 1720 3971 Relatore,

161 3970 219 4037 in
256 3974 589 4044 ordinariis
647 3976 932 4044 comitiis
989 3977 1066 4043 ad
1129 3975 1447 4056 Quirinale
1494 3976 1722 4043 coadu-

160 4061 305 4128 natis
388 4064 886 4143 Eminentissimi
931 4076 998 4132 et
1042 4062 1574 4132 Reverendissimi
1621 4068 1723 4130 Pa·

162 4154 278 4216 tres
322 4113 810 4220 Sacristuen'dis
839 4149 1083 4221 Ritibus
1113 4151 1483 4240 praepositi,
1521 4153 1722 4219 omni-

162 4233 265 4303 bus
306 4253 551 4309 mature
599 4241 931 4331 perpensis
984 4253 1408 4325 accurateque
1453 4239 1718 4326 libratis,

163 4327 625 4398 rescribendum
653 4343 1097 4398 censuerunt:
1147 4350 1186 4396 «ι
1221 4329 1440 4412 Dilata,
1475 4339 1540 4394 et
1569 4327 1724 4395 scri·

162 4408 326 4482 batur
385 4417 1202 4507 Episcopo·ad³mentem.
1265 4421 1440 4486 Mens
1486 4416 1606 4484 fuit
1649 4426 1724 4482 ut

161 4501 490 4594 Episcopus
537 4509 811 4596 Sacram·
838 4505 1411 4593 congregationem
1459 4504 1720 4571 doceat:

162 4587 269 4673 An,
302 4602 364 4658 et
393 4613 522 4682 quo
555 4595 710 4662 iure·
739 4599 995 4674 Festum
1041 4593 1249 4663 Sancti
1296 4593 1587 4660 Andreae
1620 4612 1721 4660 ce-

162 4673 428 4749 lebretur
482 4684 563 4751 de
624 4691 993 4773 praecepto,
1044 4693 1108 4749 et
1153 4681 1380 4769 quibus
1440 4680 1507 4748 in
1565 4681 1719 4748 locis

164 4764 400 4836 llassen.
451 4771 770 4839 Dioecesis
818 4770 1187 4838 celebretur
1219 4773 1475 4837 Festum
1513 4768 1722 4838 Sancti

164 4852 495 4940 Cecliardi;
547 4869 750 4946 atque·
781 4857 1043 4948 insuper
1086 4858 1467 4926 exhibeatur
1495 4863 1722 4926 Decre-

166 4945 285 5007 tiim
328 4946 451 5014 diei
502 4952 578 5015 ss
628 4948 1094 5022 tulissem-et,
1137 4950 1476 5016 Decretum
1508 4945 1720 5014 ultimi

165 5028 436 5122 Episcopi
496 5056 691 5125 super
750 5036 1183 5103 uniformitate
1238 5034 1588 5103 calendarii
1656 5049 1721 5101 et

165 5115 518 5192 reductione
563 5123 896 5192 Festorum
925 5147 992 5192 iv.
1275 5177 1278 5184 .

280 5210 489 5280 Habita
532 5213 799 5281 demum
828 5211 1362 5281 Reverendissimi
1401 5209 1721 5278 massensis

167 5293 441 5391 Episcopi
484 5320 796 5391 super-re
843 5302 1033 5389 plena
1081 5312 1145 5367 et
1177 5299 1389 5380 -fideli'
1417 5298 1718 5366 informa-

173 5388 348 5471 tione,
382 5388 652 5477 visisque
698 5388 1074 5478 siipradictis
1114 5387 1424 5475 Decretis,
1456 5387 1717 5456 iterum-

1840 453 1970 521 que
2031 434 2345 521 exquisita
2412 433 2726 502 sententia
2790 432 3085 502 eiusdem
3150 434 3422 521 Magistri

1842 524 2396 591 caeremoniarum
2417 539 2436 603 ;

1976 614 2160 679 Sacra
2198 611 2458 679 Rituum
2493 611 2918 698 congregatio
2949 611 3026 679 ad
3057 610 3425 680 Vaticanum

1841 698 2236 799 infrascripta
2262 700 2369 767 die
2390 699 2456 766 in
2478 699 2802 768 ordinario
2826 701 3158 767 Conventa
3185 710 3419 785 coacta,

1841 789 1918 855 ad
1968 785 2343 855 relationem
2406 787 2752 877 supradicti
2812 787 3309 855 Eminentissimi
3356 797 3424 856 et

1841 876 2377 945 Reverendissimi
2438 876 2684 944 Domini
2747 875 3089 944 cardinalis
3145 876 3424 943 Thomae

1840 965 2023 1033 Weld
2080 965 2408 1047 Ponentis‚
2467 963 2758 1032 omnibus
2823 975 3071 1031 mature
3132 964 3424 1032 discussis

1838 1063 2211 1138 attenteque
2261 1053 2695 1137 consideratis,
2745 1051 3228 1120 rescribendum
3273 1070 3422 1119 cen-

1839 1142 2013 1209 suit:
2083 1163 2120 1206 «
2154 1145 2334 1209 luxta
2387 1151 2608 1208 votum
2654 1140 2927 1229 Magistri
2983 1141 3422 1209 caeremonia-

1839 1249 1983 1297 rum
2017 1252 2082 1316 »,
2131 1228 2436 1297 nimirum
2482 1230 2707 1298 Clerus
2770 1228 3051 1297 Civitatis
3108 1230 3423 1297 Carrariae

1838 1330 2146 1386 tenetur:

1976 1412 2036 1474 1.
2086 1429 2125 1475 ‹
2159 1405 2502 1476 celebrare
2545 1406 3086 1474 Officium‘Sancti
3129 1407 3422 1474 Andreae

1838 1497 2127 1584 Apostoli
2185 1496 2306 1563 sub
2368 1496 2495 1561 ritu
2538 1494 2836 1585 ⁴duplicis
2909 1494 3148 1582 primae
3208 1494 3421 1569 classis

1841 1603 1988 1651 cum
2038 1598 2289 1669 octava,
2339 1583 2524 1650 sicuti
2569 1582 2950 1654 Titularibus
2990 1582 3421 1651 Ecclesiarum

1838 1675 2162 1758 convenit,
2196 1674 2311 1740 sed
2358 1671 2497 1739 sine
2542 1676 2727 1740 Festo
2774 1672 2857 1740 de
2887 1682 3229 1761 praecepto
3257 1694 3320 1738 ιν.

1970 1766 2036 1827 2.
2100 1783 2137 1826 «
2171 1763 2439 1829 Servare
2508 1764 2764 1827 Festum
2836 1762 3041 1827 Sancti
3109 1759 3420 1829 Francisci

1838 1848 2198 1916 Assisiensis
2228 1849 2475 1915 Patroni
2520 1848 2838 1916 Dioecesis
2883 1848 3218 1916 universae
3244 1848 3420 1935 prin-

1837 1938 2082 2025 cipalis,
2132 1949 2198 2004 et
2243 1937 2450 2006 Sancti
2497 1936 2808 2005 Cechardi
2854 1937 3101 2004 Patroni
3140 1937 3421 2005 Civitatis

1835 2027 1955 2094 sub
2000 2039 2279 2113 utroque
2325 2034 2672 2114 praecepto
2705 2047 2767 2090 s.
3295 2078 3299 2086 .

1968 2119 2178 2201 Atque
2228 2114 2310 2181 ita
2344 2114 2670 2203 rescripsit
2698 2133 2769 2180 ac
2799 2113 3038 2180 servari
3069 2113 3415 2182 mandavit.

1836 2203 1950 2270 Die
2003 2207 2080 2270 11
2129 2201 2333 2271 Martii
2382 2206 2577 2271 1837.
3298 2242 3309 2251 ‚

1838 2382 1944 2452 2¹7
1947 2383 2092 2451 59.
2416 2381 2844 2450 ANAGNINA.
3180 2382 3416 2470 (4800)

1965 2560 2174 2638 Quum
2219 2557 2296 2623 ad
2345 2556 2507 2625 hanc
2556 2558 2808 2625 Sacram
2842 2558 3104 2625 Rittium
3135 2561 3417 2647 Congre-

1833 2648 2158 2734 gationem
2212 2645 2419 2714 delata
2488 2645 2685 2713 fuerit
2744 2647 3177 2714 controversia
3235 2666 3417 2737 prae.-

1834 2736 2170 2804 cedentiae
2213 2735 2438 2821 vigens
2482 2734 2549 2801 in
2593 2733 2941 2822 collegiata
2991 2736 3275 2803 Ecclesia
3323 2735 3418 2803 Fi-

1835 2826 2072 2909 lettini,
2106 2822 2278 2910 quod
2315 2832 2413 2888 est
2441 2823 2765 2912 Oppidum
2790 2822 3116 2891 Dioecesis
3145 2825 3419 2913 Anagni-

1831 2932 1975 2993 nae,
2019 2911 2193 2979 inter
2238 2912 2615 2980 Sacerdotes
2659 2912 3076 2981 Beneficiatos
3123 2917 3418 2982 loannem

1831 3006 1922 3069 De
1967 3001 2204 3069 Rubeis
2249 3001 2443 3087 atqu'e
2480 3001 2825 3067 Antonium
2870 3001 3221 3083 Octaviani3
3271 3003 3418 3090 quia

1831 3090 1932 3159 hic
1958 3088 2247 3178 quamvis
2276 3088 2546 3156 fateatur
2574 3108 2644 3156 se
2674 3090 3176 3176 praecedentem
3206 3102 3417 3158 actum

1828 3176 2246 3266 possessionis
2292 3177 2518 3245 fecisse
2551 3177 2829 3263 nullum,
2862 3180 3155 3265 adeoque
3193 3179 3272 3246 ad
3304 3197 3418 3246 no-

1830 3287 1973 3334 vam
2028 3267 2499 3354 possessionem
2534 3319 2537 3326 .
2567 3265 2939 3352 capiendam
3008 3266 3223 3333 fuisse.
3271 3268 3415 3335 ada-

1830 3368 2033 3442 ctum,
2058 3355 2488 3422 antianitatem
2521 3363 2733 3421 tamen
2760 3354 3000 3443 repetit
3022 3374 3213 3443 supra
3236 3375 3414 3424 eum-

1826 3446 1976 3514 dem
2010 3448 2099 3511 De
2131 3444 2394 3528 Rubeis,
2429 3444 2538 3530 qui
2572 3444 2828 3510 interim
2876 3443 3237 3530 legitimum
3268 3463 3415 3534 pro·

1829 3533 2069 3600 meruit
2112 3551 2468 3599 ascensum.
3400 3579 3405 3588 -

1962 3619 2460 3688 Eminentissimi
2508 3630 2573 3687 et
2618 3617 3176 3689 Reverendissimi'
3202 3626 3415 3690 Patres

1827 3708 2342 3779 Sacris-tuendis
2403 3708 2648 3776 Ritibus
2695 3710 3077 3800 praepositi,
3128 3708 3193 3777 in
3236 3710 3415 3778 Ordi-

1826 3799 2017 3867 nariis
2066 3799 2352 3866 Comitiis
2396 3798 2473 3864 ad
2509 3798 2878 3866 Vaticanum
2926 3797 3287 3887 subsignata
3308 3799 3417 3868 die

1826 3887 2202 3971 coadunati,
2250 3887 2589 3956 universae
2638 3888 2731 3955 rei
2787 3897 3010 3954 natura
3071 3906 3411 3977 perpensa,

1826 3976 2310 4065 diligenterque
2342 3974 2714 4043 examinatis
2744 3975 2933 4043 etiam
2966 3975 3415 4044 informatione

1828 4076 1892 4132 et
1917 4076 2067 4131 voto
2098 4063 2641 4148 Reverendissimi
2660 4063 2972 4152 aEpiscopi
3001 4063 3413 4132 Administra-

1827 4153 1980 4222 toris
2033 4154 2386 4241 Anagnini,
2434 4151 2766 4219 referente
2835 4152 3236 4242 infrascripto
3301 4155 3413 4221 Se·

1824 4241 2123 4326 cretario,
2176 4240 2700 4330 respondendum
2746 4252 3170 4309 censueruntz
3233 4261 3272 4307 a
3305 4244 3411 4309 Sa·

1825 4331 2070 4398 cerdoti
2096 4334 2189 4399 De
2209 4330 2451 4398 Rubeis
2480 4338 2853 4418 competere
2883 4329 3409 4398 antianitatem».

1823 4420 1938 4487 Die
1991 4424 2068 4486 11
2118 4418 2320 4486 Martii
2356 4422 2564 4486 4837.

1826 4594 2085 4664 2760.
2435 4597 2804 4663 FIRMANA.
3182 4597 3407 4687 (480¹)

1953 4767 2300 4835 Novissima
2348 4767 2415 4835 in
2463 4788 2678 4837 retum
2728 4769 3014 4837 omnium
3071 4774 3404 4860 perturbas

1824 4857 2023 4939 tione,
2060 4875 2223 4942 quae
2272 4874 2440 4945 pene
2487 4876 2721 4925 omnes.
2755 4857 3123 4946 exagitavit,
3157 4880 3227 4928 ac
3258 4860 3409 4929 ‘diu-

1826 4944 1949 5012 tius
1995 4943 2210 5011 Piceni
2263 4944 2621 5013 Provincias
2651 4993 2669 5029 ,
2721 4947 3016 5014 extinctis
3060 4949 3406 5038 Religioso-

1825 5049 1969 5099 rum
2013 5032 2350 5099 Ordinibus
2396 5043 2464 5099 et
2510 5033 2661 5123 ipsis
2706 5036 3103 5119 Secularium
3134 5091 3135 5094 ,
3162 5038 3405 5108 Sodali-

1825 5121 2058 5196 tatibus
2079 5169 2097 5205 ,
2153 5120 2440 5206 Reliquis
2509 5125 2733 5190 Sacrae
2795 5122 3064 5213 Spineae
3125 5129 3405 5196 Coronae

1822 5207 2074 5278 Domini
2118 5211 2324 5278 Nostri
2357 5213 2495 5278 lesu
2528 5211 2788 5299 Christi,
2822 5232 2985 5300 quae
3028 5234 3145 5282 sex
3176 5217 3404 5285 abhinc

1823 5298 2030 5366 ferme
2075 5299 2344 5366 saeculis
2387 5315 2634 5368 summo
2675 5299 2923 5388 honore
2966 5303 3294 5391 colebatur
3339 5305 3404 5371 in

1826 5386 2107 5455 Ecclesia
2154 5386 2578 5455 Eremitarum
2624 5390 2874 5460 Ordinis
2918 5393 3129 5461 Sancti
3168 5395 3403 5479 :Augu-
