4042 5950
1605 252 2074 331 —311—

197 410 346 477 drea
407 410 714 497 Apostolo
735 458 754 494 ,
815 407 981 477 facto
1044 411 1243 477 verbo
1302 426 1450 477 cuin
1513 407 1780 477 Sanctis·

193 517 354 565 811110
388 520 460 563 ».

319 587 438 654 Die
491 588 574 652 18
618 583 943 652 Februarii
997 589 1189 654 1843.

318 675 541 762 Super
567 671 799 758 quihus
828 672 1145 758 omnibus,
1176 673 1333 741 facta
1365 675 1778 762 postmodum

191 762 292 853 die
343 766 423 829 11
477 761 675 828 Martii
734 760 1026 829 eiusdem
1085 761 1227 828 anni
1282 766 1448 831 1813
1509 782 1626 851 per
1673 765 1782 830 Se-

193 851 538 917 cretarium
584 850 988 916 Sanctissimo
1035 851 1305 918 Domino
1349 853 1575 918 Nostro
1629 853 1780 917 Gre-

192 938 369 1023 gorio
415 941 621 1027 Papae
667 940 804 1005 XVI
850 938 1031 1005 fideli
1079 939 1425 1022 relatione,
1473 939 1780 1006 Sanctitas

190 1029 307 1092 Sua
352 1027 764 1114 Rescriptum
832 1028 1054 1094 Sacrae
1122 1028 1645 1113 congregationis
1716 1028 1778 1094 in

190 1114 487 1181 omnibus
526 1113 900 1203 approbavit
947 1125 1014 1181 et
1061 1115 1478 1182 confirmavit.

188 1255 447 1326 2854.
730 1258 1237 1325 CENOMANEN.

311 1382 482 1446 Dum
528 1380 1124 1448 Reverendissimus
1156 1383 1586 1449 Cenomanen.
1622 1380 1772 1466 Epi-

182 1486 414 1553 scopus
462 1467 530 1535 in
579 1468 640 1534 id
689 1466 1085 1556 potissimum
1131 1469 1407 1536 intendit
1452 1479 1524 1535 ut
1569 1479 1775 1557 pasto·

185 1556 327 1623 ralis
387 1555 513 1622 sibi
573 1556 889 1624 commissi
945 1557 1232 1623 muneris
1291 1568 1500 1645 partes
1551 1576 1772 1624 omnes

184 1643 470 1731 expleat,
521 1663 594 1711 ea
639 1663 764 1731 qua
810 1664 923 1732 par
969 1658 1065 1711 est
1108 1646 1450 1712 sedulitate
1496 1664 1564 1711 ac
1614 1644 1774 1732 vigi·

183 1730 395 1816 lautia,
434 1731 683 1833 reperit
714 1732 778 1799 in
813 1733 1105 1799 universa
1135 1753 1245 1800 sua
1295 1734 1578 1802 Dioecesi
1625 1750 1773 1820 per-

1547 1258 1774 1344 (taso)

57 1880 58 1885 ,
183 1820 412 1886 multas
462 1819 750 1887 vivificae
796 1821 1018 1889 Crucis
1080 1822 1323 1890 Domini
1371 1822 1575 1889 Nostri
1633 1825 1772 1887 lesu

182 1906 412 1976 Christi
460 1908 817 1994 Reliquias,
867 1928 1029 1995 quae
1090 1910 1375 1997 quamvis
1423 1908 1528 1975 vix
1572 1909 1766 1976 sensi-

184 1994 339 2063 biles
386 1997 543 2080 sint,
594 2007 872 2063 attamen
918 1996 984 2065 in
1029 1998 1338 2066 Crucibus
1381 1994 1484 2064 vel
1540 2017 1609 2062 ar
1659 2015 1768 2063 en·

183 2085 296 2150 teis
364 2084 475 2151 vel
548 2085 860 2153 deauratis
927 2086 1399 2171 occluduntur,
1468 2105 1538 2152 ac
1654 2085 1768 2151 de-

53 2180 56 2187 “
183 2171 335 2239 lium
369 2173 770 2241 venerationi
801 2173 1061 2261 publice
1096 2186 1531 2262 exponuntur,
1561 2172 1766 2241 ferme

181 2259 254 2326 ad
307 2260 510 2328 instar
569 2262 950 2328 Sanctissimi
1010 2264 1423 2347 sacramenti,
1474 2282 1592 2329 nec
1639 2280 1767 2329 non

181 2365 321 2416 cum
345 2348 581 2417 iisdem
603 2348 982 2416 solemniter
1006 2349 1372 2419 benedictio
1398 2351 1767 2438 impertitur

182 2453 358 2504 more
389 2457 512 2526 pro
548 2437 995 2505 benedictione
1042 2439 1426 2507 sanctissimi
1463 2438 1763 2507 Euchari-

181 2523 326 2591 stiae
349 2526 742 2593 Sacramenti
766 2525 1032 2608 usitato;
1068 2527 1426 2615 praecipuis
1458 2539 1672 2594 tamen
1700 2528 1762 2592 in

181 2612 490 2680 honorem
525 2613 964 2682 Sanctissimae
1003 2616 1225 2684 Crucis
1257 2617 1553 2704 precibus
1585 2614 1761 2682 adhi-

184 2699 342 2768 bitis.
370 2702 543 2781 Quae
575 2703 824 2790 singula
849 2702 1006 2771 dum
1037 2705 1206 2771 serio
1241 2703 1589 2793 perpendit
1617 2702 1760 2791 Epi-

180 2806 404 2875 scopus
451 2801 665 2857 orator
692 2810 765 2858 ac
807 2791 977 2859 iuxta
1024 2794 1256 2860 sancita
1289 2814 1322 2859 a
1354 2795 1760 2860 Sacrosancto

180 2877 458 2946 Concilio
501 2876 890 2947 ‘Tridentino
950 2881 1242 2949 Sessione
1295 2882 1465 2949 XXV
1530 2881 1631 2947 tit.
1687 2880 1760 2946 dc

183 2968 613 3049 invocatione,
675 2975 1083 3037 veneratione
1127 2982 1187 3037 et
1234 2970 1553 3056 Reliquias
1603 2973 1764 3035 Sait-

180 3063 448 3137 ciorum,
508 3056 572 3124 in
618 3059 991 3125 earumdem
1050 3059 1490 3147 recognitione
1544 3068 1608 3123 et
1654 3076 1760 3144 ap-

183 3142 548 3229 probatione
595 3144 886 3230 invigilat
933 3166 1048 3234 pro
1095 3166 1205 3213 sua
1251 3147 1533 3214 Dioecesi
1597 3145 1759 3212 circa

181 3245 667 3301 memoratarum
729 3233 1159 3320 Reliquiarum
1223 3238 1509 3317 cultum,
1560 3244 1761 3301 certas

183 3318 595 3408 indubiasque
644 3320 823 3410 leges
874 3323 1211 3409 praefinire
1260 3334 1523 3410 exoptat
1570 3320 1646 3387 ab
1692 3341 1756 3388 o·

181 3408 426 3476 mnibus
474 3409 539 3476 in
589 3429 658 3476 re
703 3428 833 3476 non
861 3409 1073 3498 exigui
1111 3422 1289 3478 certe
1322 3410 1634 3478 momenti
1666 3429 1761 3476 re·

180 3493 394 3580 ligiose
423 3499 803 3566 servandus.
839 3499 994 3565 Hinc
1028 3503 1277 3568 Sacram
1311 3499 1568 3566 Rituum
1595 3502 1755 3565 Con·-

180 3583 613 3673 gregationem
683 3586 1060 3654 humillimis
1127 3589 1427 3672 precibus
1494 3587 1752 3669 adiens,

183 3671 360 3741 enixe
409 3673 656 3760 rogavit
716 3685 789 3743 ut
843 3675 1155 3761 quidquid
1221 3675 1331 3742 bac
1394 3678 1524 3764 ipsa
1573 3675 1638 3742 in
1686 3694 1756 3741 re

181 3756 318 3825 alias
370 3760 713 3830 definitum
763 3763 880 3830 suit
940 3763 1217 3832 indicare
1265 3764 1664 3851 dignaretur.

304 3850 524 3918 ssnixis
581 3850 944 3919 huiusmodi
991 3852 1318 3941 precibus,
1391 3872 1509 3941 per
1568 3851 1757 3918 infra·

181 3936 482 4026 scriptum
543 3937 967 4006 secretarium
1026 3941 1238 4008 relatis
1295 3941 1359 4006 in
1412 3940 1756 4008 ordinariis

182 4026 455 4094 Comitiis
486 4028 565 4094 ad
595 4028 963 4095 Vaticanum
1016 4028 1324 4096 hodierna
1369 4029 1476 4096 die
1523 4029 1756 4095 coadu-

182 4114 355 4200 natis,
402 4115 905 4183 Eminentissimi
954 4127 1020 4183 et
1066 4116 1600 4185 Revereudissimi
1648 4121 1756 4183 Pa-

182 4209 304 4267 tres
356 4205 560 4272 Sacris
619 4203 874 4271 tuendis
929 4206 1174 4273 Ritibus
1236 4204 1605 4296 praepositi,
1655 4224 1754 4271 re-

182 4290 583 4360 scribendum
631 4302 1068 4360 censuerunt:
1118 4316 1156 4359 ‹
1193 4298 1434 4361 Dentur
1490 4299 1754 4360 Decreta

182 4395 367 4465 super
429 4399 497 4448 re
567 4381 736 4448 edita
784 4397 848 4462 »3
911 4402 981 4449 ac
1052 4382 1324 4470 proinde
1353 4382 1756 4450 declararunt

185 4482 318 4532 cum
372 4469 659 4557 Reliquia
723 4469 1156 4537 Sanctissimae
1214 4471 1433 4537 Crucis
1487 4468 1754 4537 henedi-

183 4556 446 4624 cendum
493 4576 633 4625 esse
679 4558 995 4658 populum
1041 4559 1197 4626 dum
1246 4578 1316 4624 ea
1363 4559 1592 4657 reponi
1641 4559 1752 4626 de·

185 4639 284 4707 bet
339 4645 404 4712 in
463 4647 744 4714 custodia
803 4657 1141 4733 postquam
1198 4646 1755 4736 processionaliter

183 4728 376 4800 delata
409 4733 530 4802 fuit
559 4745 666 4802 aut
697 4733 992 4823 publicae
1018 4734 1409 4803 venerationi
1437 4737 1751 4822 exposita,

183 4818 353 4917 sicuti
418 4823 751 4891 decretum
815 4823 937 4890 fuit
998 4824 1060 4891 in
1127 4845 1246 4891 una
1302 4822 1588 4890 Brixien.
1634 4822 1756 4890 sub

184 4903 278 4972 die
305 4914 382 4979 itt
406 4912 801 5000 Septembris
828 4916 994 4981 1736
1024 4913 1101 4980 ad
1137 4911 1404 4980 dubium
1437 4914 1495 4991 1;
1533 4923 1594 4980 et
1618 4932 1754 4978 suc·

185 4997 407 5065 cessive
432 5001 495 5066 in
520 5018 644 5067 una
669 5001 1011 5069 dubiorum
1035 5001 1155 5068 sub
1179 4999 1284 5067 die
1305 5003 1388 5066 31
1415 5000 1548 5066 Maii
1585 5003 1748 5067 1817

185 5081 253 5149 ad
289 5086 549 5156 dubium
603 5092 706 5173 11,
757 5088 917 5157 illud
966 5089 1156 5156 etiam
1218 5087 1520 5158 definitur
1578 5091 1750 5176 quod

186 5166 531 5245 benedictio
579 5177 815 5245 isthaec
860 5197 1125 5264 semper
1167 5177 1249 5244 sit
1296 5176 1747 5265 impertienda,

188 5261 360 5331 etiam
416 5264 468 5331 si
528 5267 839 5333 Sacerdos
893 5267 1001 5354 qui
1072 5265 1465 5334 functionem
1531 5264 1752 5353 explet

184 5364 300 5418 non
340 5356 418 5421 sit
460 5352 857 5435 Canonicus;
928 5374 1074 5422 nam
1141 5355 1297 5423 haec
1368 5353 1498 5445 ipsa
1556 5352 1748 5423 dubia

1884 410 2408 498 proponebantur
2466 414 2724 483 nomine
2780 414 3050 503 Capituli
3111 414 3296 484 unius
3358 420 3469 486 Ca-

1887 497 2192 568 thedralis
2236 501 2605 569 Ecclesiae:
2657 503 2721 570 in
2765 523 2888 571 una
2927 523 3084 571 vero
3114 505 3466 575 Lucionen.

1884 584 2004 652 sub
2050 588 2157 655 die
2204 592 2288 656 23
2330 589 2466 655 itaii
2518 593 2686 661 1836
2715 593 2791 661 ad
2825 591 3091 659 dubium
3125 597 3190 677 3,
3227 594 3291 660 in
3322 604 3466 662 actu

1888 674 2025 741 talis
2072 676 2558 761 benedictionis,
2596 681 2852 747 omnino
2886 678 3295 749 interdicitur
3323 700 3465 749 can-

1886 771 1985 862 tus
2034 765 2489 851 cuiuscumque
2537 785 2759 834 versus
2788 769 2891 835 vel
2927 767 3160 870 precis,
3187 769 3281 837 uti
3316 770 3466 836 iam·

1883 851 1996 917 diu
2042 863 2260 919 cantus
2306 852 2424 918 iste
2473 853 2679 920 iuerat
2726 855 3105 924 interdictus
3156 857 3349 924 etiam
3399 858 3463 925 in

1883 938 2331 1006 benedictione
2385 960 2533 1007 cum
2595 944 2997 1011 Sanctissimo
3059 948 3464 1014 Sacramento

1879 1027 1946 1093 in
1971 1047 2093 1093 una
2115 1030 2555 1116 Caputaquen.
2576 1030 2693 1097 sub
2717 1031 2824 1098 die
2844 1036 2886 1101 9
2910 1032 3235 1103 Februarii
3267 1037 3459 1102 1762.

1877 1115 2093 1194 Quoad
2119 1125 2332 1182 autem
2373 1117 2531 1184 hanc
2554 1120 3023 1188 processionem
3068 1140 3216 1188 cum
3258 1120 3463 1188 vivifi·

1880 1222 1990 1269 cae
2012 1203 2230 1270 Crucis
2260 1205 2494 1291 Ligno,
2530 1209 2711 1273 Sacra
2741 1208 3001 1275 Rituum
3031 1207 3460 1296 congregatio

1878 1289 2221 1357 declaravit
2247 1291 2492 1359 licitum
2518 1313 2656 1360 esse
2683 1295 2841 1362 hanc
2856 1298 3324 1364 sacrosanctam
3339 1300 3460 1363 Re·

1881 1377 2138 1464 liquiam
2163 1382 2369 1466 capite
2401 1383 2656 1448 detecto
2682 1381 2939 1450 deferre
2973 1385 3159 1452 etiam
3184 1385 3304 1451 sub
3330 1383 3460 1450 bal-

1877 1465 2170 1550 dachino,
2209 1467 2670 1536 incensantibus
2711 1470 2962 1538 duobus
2997 1470 3453 1556 thuriferariis3

1876 1572 2105 1622 verum
2154 1556 2248 1623 his
2294 1567 2539 1623 tantum
2572 1556 2634 1624 in
2671 1559 2846 1644 locis,
2881 1561 2989 1627 ubi
3023 1559 3201 1628 adest
3234 1559 3458 1626 imme-

1872 1642 2194 1710 morabilis
2232 1646 2651 1712 consuetudo.
2703 1647 2880 1726 Quod
2910 1658 3157 1750 spectat
3188 1665 3341 1714 vero
3374 1647 3452 1714 ad

1871 1731 2366 1798 incensationem
2392 1734 2721 1820 Reliquiae
2743 1736 3184 1803 Sanctissimae
3206 1735 3451 1819 Crucis,

1871 1819 2179 1885 sancitum
2226 1818 2347 1886 fuit
2405 1824 2468 1887 in
2526 1823 2834 1890 Brixiensi
2894 1823 3190 1912 superius
3250 1841 3447 1892 enun-

1871 1906 2026 1973 ciata
2073 1908 2149 1974 ad
2194 1908 2461 1976 dubium
2510 1911 2865 1979 secundum
2915 1923 2981 1977 et
3026 1910 3093 1978 in
3131 1911 3444 1980 Mutinen.

1871 1994 1989 2061 sub
2020 1993 2148 2062 diei
2174 1999 2256 2063 23
2283 1997 2679 2083 Septembris
2708 2003 2870 2068 1837
2898 1998 2974 2067 ad
3008 1999 3277 2068 dubium
3313 2001 3453 2067 XIV

1871 2094 2114 2168 quaest.
2153 2090 2213 2169 1,
2251 2085 2408 2152 hanc
2443 2085 2580 2153 fieri
2614 2086 2854 2154 debere
2886 2108 2918 2152 a
2950 2088 3297 2155 Sacerdote
3323 2104 3453 2154 non

1872 2172 2244 2258 genuflexo,
2290 2174 2405 2240 sed
2438 2185 2671 2254 stante,
2706 2174 2895 2242 etiam
2926 2176 3103 2242 Feria
3138 2178 3215 2243 Vl
3244 2173 3311 2242 in
3343 2178 3450 2241 Pa·

1873 2279 2164 2347 rasceve;
2203 2274 2268 2329 et
2298 2262 2362 2328 in
2392 2262 2523 2350 ipsa
2567 2262 2849 2330 Brixien.
2890 2263 2967 2330 ad
3015 2261 3285 2331 dubium
3322 2273 3448 2328 ter-

1873 2347 2032 2414 tium
2078 2349 2239 2417 illud
2291 2351 2403 2417 fuit
2457 2350 2647 2419 etiam
2694 2352 3030 2418 decretum
3060 2351 3234 2438 quod
3269 2349 3449 2439 Capi-

1869 2434 2080 2503 tulum
2114 2448 2179 2505 et
2210 2438 2429 2506 Clerus
2464 2439 2851 2507 transeundo
2889 2438 3451 2541 processionaliter

1867 2537 2011 2590 ante
2044 2526 2284 2611 Altare,
2336 2528 2398 2592 in
2443 2547 2571 2614 quo
2612 2527 3048 2596 Sanctissimae
3078 2526 3296 2595 Crucis
3324 2530 3448 2594 Re·

1867 2612 2064 2698 liquia
2090 2614 2485 2700 reconditur,
2512 2616 2677 2683 haud
2712 2615 3153 2701 genuflectere
3185 2615 3444 2683 debeat.

1866 2704 2104 2769 Verum
2153 2702 2205 2769 si
2253 2703 2394 2771 loco
2439 2703 2730 2791 principe
2778 2703 3069 2789 Reliquia
3125 2700 3450 2771 Sanctissi-

1866 2808 2005 2856 mae
2068 2792 2286 2858 Crucis
2351 2810 2547 2878 super
2605 2793 2818 2859 Altare
2887 2791 3083 2859 fuerit
3139 2789 3447 2881 exposita,

1868 2890 2018 2944 tunc
2069 2889 2463 2946 transeuntes
2514 2892 2659 2947 ante
2719 2880 2916 2962 illam,
2970 2880 3061 2947 uti
3108 2881 3447 2948 decretum

1866 2966 1983 3033 fuit
2034 2966 2097 3033 in
2144 2989 2263 3036 una
2313 2967 2675 3036 Varsavien.
2724 2968 2845 3035 sub
2890 2968 2996 3038 die
3035 2973 3072 3037 7
3106 2968 3239 3037 Maii
3279 2970 3447 3036 1746

1864 3055 1942 3121 ad
1974 3054 2241 3122 dubium
2273 3058 2643 3145 septimum,
2677 3057 2867 3125 unico
2913 3075 3086 3145 genu
3131 3075 3341 3143 usque
3370 3055 3448 3122 ad

1862 3155 2101 3210 terram
2132 3144 2300 3211 flexo
2326 3163 2637 3212 venerare
2682 3145 2970 3226 debent;
3017 3142 3447 3212 diversimode

1862 3251 2018 3297 vero
2051 3233 2183 3301 sola
2214 3233 2434 3321 capitis
2464 3232 2899 3318 inclinatione,
2935 3235 2986 3300 si
3020 3232 3295 3318 praefata
3326 3234 3446 3297 Re-

1864 3318 2052 3406 liquis
2102 3320 2431 3388 recondita
2474 3320 2556 3388 sit
2604 3322 2668 3387 in
2712 3323 3024 3389 custodia.
3072 3324 3340 3407 Insuper
3381 3318 3447 3385 in

1864 3408 2039 3473 Missa
2071 3427 2285 3475 coram
2323 3409 2783 3477 sacratissimae
2829 3411 3051 3477 Crucis
3095 3407 3294 3495 Ligno
3383 3426 3445 3472 a·

1863 3496 1984 3561 lam
2021 3498 2313 3584 exposito
2359 3499 2426 3565 in
2471 3499 2700 3566 eadem
2756 3497 3106 3565 Lucionen.
3173 3495 3292 3564 suh
3386 3494 3444 3560 ie

1862 3587 1945 3651 23
1977 3585 2113 3651 Maii
2168 3589 2333 3654 1835
2380 3587 2456 3653 ad
2504 3585 2773 3654 dubium
2822 3587 3128 3674 primum,
3165 3583 3443 3654 edicitur

1859 3674 2303 3740 Caeremonias
2348 3675 2605 3742 omnino
2651 3676 2911 3744 differre
2957 3675 3199 3743 debere
3246 3670 3323 3740 ab
3370 3672 3443 3737 iis

1858 3782 2022 3849 quae
2069 3761 2360 3831 adhiberi
2405 3763 2615 3830 solent
2653 3782 2863 3830 coram
2899 3760 3303 3830 Sanctissimo
3337 3763 3441 3828 Sa·

1858 3861 2185 3918 eramento
2232 3851 2526 3941 publicae
2572 3851 2859 3919 fidelium
2910 3848 3301 3918 venerationi
3335 3868 3445 3942 exj-

1862 3938 2113 4029 posit03
2178 3959 2319 4006 nain
2384 3941 2445 4009 in
2506 3960 2651 4007 casu
2699 3957 2908 4007 coram
2955 3938 3239 4025 Reliquis
3289 3940 3444 4006 San-

1859 4029 2171 4096 ctissimae
2220 4030 2438 4096 Crucis
2466 4025 3037 4115 genuflectendum
3069 4038 3166 4092 est
3198 4036 3442 4093 tantum

1861 4119 1922 4183 in
1969 4135 2225 4183 accessu
2275 4128 2339 4183 et
2385 4135 2640 4186 recessu
2688 4118 2764 4184 ab
2815 4116 3055 4198 Altare,
3095 4124 3161 4180 et
3192 4114 3443 4200 quoties

1858 4205 2165 4273 Sacerdos
2201 4205 2417 4272 transit
2463 4224 2582 4292 per
2627 4205 2915 4273 medium
2949 4202 3178 4269 Altaris
3208 4221 3325 4269 seu
3357 4203 3441 4271 de

1861 4294 2059 4361 latere
2107 4295 2185 4361 ad
2243 4294 2405 4360 latus
2456 4304 2529 4359 ut
2581 4292 2648 4359 in
2710 4291 3186 4360 incensatione:
3251 4300 3441 4379 atque

1860 4382 2098 4448 ibidem
2133 4373 2221 4449 ‘ad
2273 4381 2539 4449 dubium
2585 4381 2941 4448 secundum
2988 4377 3298 4446 definitur
3329 4396 3442 4446 ne-

1857 4488 2036 4537 cesse
2088 4488 2219 4537 non
2276 4490 2412 4537 esse
2474 4469 2541 4537 in
2605 4470 2718 4537 hac
2765 4466 3162 4556 expositione
3216 4475 3287 4531 ut
3333 4467 3441 4554 qui

1859 4559 1921 4626 in
1976 4559 2185 4626 Choro
2250 4569 2417 4625 stant
2479 4558 2746 4627 habeant
2816 4566 3007 4643 caput
3070 4557 3441 4634 detectum3

1856 4647 2030 4736 quod
2080 4648 2335 4714 omnino
2382 4646 2737 4733 requiritur
2782 4662 2994 4712 coram
3040 4642 3445 4713 Sanctissimo

1857 4739 2260 4805 Sacramento
2320 4737 2525 4823 palam
2579 4734 2907 4820 exposito,
2970 4751 3183 4818 neque
3247 4741 3316 4797 ut
3380 4732 3445 4797 in

1858 4823 2191 4890 transitum
2237 4823 2671 4912 genuflectant
2715 4832 2994 4907 utroque
3037 4821 3151 4887 sed
3195 4830 3440 4887 tantum

1855 4912 2044 4978 unico
2090 4928 2290 4998 genu.
2338 4912 2517 4991 Quod
2561 4912 2614 4977 si
2662 4921 2881 4999 agatur
2924 4910 3009 4977 de
3044 4908 3444 5009 expositione

1855 4999 2184 5085 Reliquiae
2247 4998 2687 5068 Sanctissimae
2741 4997 2959 5066 Crucis
3018 5001 3198 5065 Feria
3245 5000 3324 5065 vl
3380 4996 3443 5061 in

1853 5091 2223 5171 Parasceve,
2257 5092 2439 5155 Sacra
2470 5091 2721 5174 Congre
2771 5084 2896 5151 atio
2942 5085 3006 5152 in
3054 5086 3279 5154 eadem
3311 5086 3442 5151 flu·

1855 5176 2061 5243 tinen.
2129 5175 2256 5244 diei
2326 5180 2409 5244 23
2478 5179 2744 5265 Septem
2791 5174 2877 5240 ris
2945 5177 3108 5243 1837
3180 5173 3259 5241 ad
3320 5173 3438 5241 du·

1854 5266 2028 5335 bium
2077 5268 2216 5335 XIV
2260 5277 2508 5353 quaest.
2557 5269 2625 5351 2,
2677 5268 2744 5347 3,
2793 5266 2859 5346 4,
2912 5267 2951 5330 ὅ
2996 5274 3062 5330 et
3109 5267 3174 5348 6,
3224 5260 3442 5361 decla·

1855 5352 2015 5421 ravit
2044 5355 2420 5424 servandam
2465 5374 2605 5423 esse
2651 5352 2980 5441 vigentem
3026 5350 3439 5432 consuetudi-
