4042 5950
1559 251 2028 327 —lll—

187 420 308 468 nem
354 402 640 502 eiusdem
689 404 827 469 Emi
878 404 1199 489 Ponentis,
1249 403 1734 474 rescribendum

185 502 435 555 censuit:

293 579 378 643 Ad
435 582 495 643 1.
547 598 585 641 α
620 578 1008 646 Affirmative
1043 603 1106 644 ι».

292 665 376 731 Ad
426 669 491 732 2.
545 687 582 729 ι
615 665 1032 749 Affirmative,
1061 669 1136 734 ad
1165 668 1430 754 primam
1458 668 1741 758 partem;‘

183 752 455 837 Negative
484 802 504 837 ,
554 755 630 821 ad
679 756 1059 832 secundam;
1110 766 1174 823 et
1220 759 1295 824 ad
1347 762 1571 826 Emum
1623 762 1734 823 Po-

184 851 412 908 nentem
459 842 631 906 iuxta
678 852 968 908 mentem
1001 864 1066 908 ι.

291 929 376 995 Ad
411 933 473 1008 3,
528 949 566 992 ι
599 930 1016 1016 Affirmative,
1044 931 1118 1000 ad
1157 934 1424 1019 primam
1459 946 1730 1022 partem:

61 1073 62 1078 ,
183 1016 481 1102 Negative,
532 1017 611 1085 ad
658 1019 1046 1105 secundam;
1096 1029 1163 1084 et
1209 1023 1286 1088 ad
1347 1026 1572 1088 Emum
1623 1028 1733 1090 Po-

182 1113 412 1169 neutem
459 1109 636 1171 iuxta
682 1118 967 1173 mentem
999 1129 1063 1172 ».

289 1196 357 1258 Et
421 1193 500 1259 ita
561 1193 910 1260 declaravit
968 1214 1037 1260 ac
1083 1196 1322 1264 servari
1385 1200 1728 1266 mandavit.

183 1280 272 1345 Die
314 1283 394 1347 22
439 1280 816 1348 Decembris
867 1287 1060 1350 1753.

285 1371 546 1454 Verum,
583 1387 731 1434 cum
778 1389 899 1456 per
929 1371 1342 1439 Beneficiatos
1379 1376 1733 1441 Hebdoma-

57 1461 58 1480 ¹
180 1456 814 1555 dariosnnncupatos
870 1478 1065 1545 super
1113 1459 1336 1526 iisdem
1397 1462 1733 1550 propositis

180 1557 334 1630 atque
378 1547 684 1612 resolutis
731 1545 942 1611 dubiis
986 1565 1198 1616 coram
1251 1554 1404 1614 Emo
1451 1553 1731 1617 Ponente

57 1623 58 1638 ¹
180 1653 308 1697 nova
337 1632 659 1699 audientia
686 1634 965 1720 expetita
992 1634 1212 1717 fuerit,
1241 1655 1440 1723 eaque
1477 1638 1728 1705 obtenta

57 1763 58 1778 ,
181 1738 298 1785 cum
329 1721 642 1787 clausula:
707 1745 741 1785 «
775 1723 910 1787 Non
961 1721 1271 1788 retardata
1301 1736 1529 1806 ‚nmen
1580 1746 1730 1793 exe·

180 1806 396 1873 cutione
438 1811 865 1876 Decretorum
912 1808 1138 1876 Curiae
1183 1811 1731 1900 archiepiscopalis

55 1883 56 1890 '
179 1896 458 1981 Neapolis,
509 1898 687 1964 iuxta
735 1911 1017 1964 mentem
1083 1899 1147 1964 S.
1198 1903 1273 1966 C.
1318 1917 1394 1975 »;
1446 1902 1729 1989 proposi-

179 1995 286 2049 tum
332 1984 444 2050 fuit
493 1984 556 2051 in
608 1989 674 2053 S.
726 1991 822 2058 R..
849 1988 921 2052 C.
970 2005 1246 2068 sequens
1293 1987 1594 2055 dubium:

279 2076 366 2139 An
394 2073 476 2137 sit
529 2075 828 2141 standum
891 2075 993 2141 vel
1053 2075 1490 2143 recedendum
1537 2098 1570 2143 a
1617 2080 1730 2146 de-

55 2155 56 2182 *
178 2160 291 2225 cisis
332 2161 391 2226 in
437 2160 636 2229 casu?

283 2255 351 2315 Et
392 2253 457 2316 S.
512 2252 741 2318 eadem
788 2255 860 2317 R.
912 2254 1014 2332 C„
1074 2255 1484 2318 procuratore
1531 2256 1726 2324 Cano-

176 2338 425 2403 nicomm
476 2349 728 2405 tantum
758 2358 917 2406 voce
964 2349 1031 2405 et
1076 2341 1312 2427 scripto
1348 2339 1724 2416 informante

53 2499 54 2504 ¹
172 2424 399 2509 audito,
449 2446 597 2492 cum
650 2427 915 2493 adversa
961 2447 1106 2515 pars
1150 2426 1384 2494 iterum
1437 2449 1549 2516 pro
1596 2431 1726 2497 sola

171 2512 435 2579 dilatione
486 2514 820 2598 institerit,
869 2516 942 2581 ad
1012 2514 1385 2583 relationem
1437 2517 1722 2602 eiusdem

177 2601 286 2665 Emi
328 2611 391 2666 et
437 2600 582 2669 Emi
630 2607 707 2669 D.
740 2602 927 2670 Card.
980 2602 1358 2689 Sacripantis
1405 2606 1725 2689 Ponentis,

51 2719 52 2732 2
173 2689 383 2754 censuit
428 2690 958 2758 rescribendum:
1023 2713 1060 2754 α
1096 2694 1162 2755 ln
1209 2691 1471 2778 decisis3
1536 2705 1601 2758 et
1646 2695 1720 2760 ad

177 2779 368 2842 fimum
414 2777 1018 2865 Archiepiscopum,
1055 2778 1161 2863 qui
1212 2777 1534 2846 incumbat
1575 2800 1728 2848 exe-

173 2865 373 2930 cutioni
419 2869 846 2932 Decretorum
893 2868 963 2932 S.
1011 2870 1113 2948 C.,
1166 2865 1406 2932 utendo
1462 2868 1613 2935 iuris
1661 2879 1726 2934 et

173 2948 289 3018 lacti
331 2953 640 3021 remediis
672 2974 734 3021 ι.

278 3045 348 3107 Et
383 3042 462 3107 ita
498 3041 799 3108 decrevit
830 3064 898 3108 ac
930 3043 1168 3109 servari
1214 3044 1562 3111 mandavit.
1612 3047 1725 3112 Die

173 3129 200 3191 7
240 3128 627 3216 Septembris
676 3133 872 3197 1754.

172 3268 397 3340 2434.
730 3272 1135 3338 Ariminen.
1495 3273 1720 3359 (asso)

277 3392 363 3458 Ad
411 3390 814 3461 definiendas
870 3394 1209 3460 nonnullas
1267 3396 1725 3461 controversias

171 3491 388 3545 exortas
450 3484 626 3548 inter
683 3480 1040 3568 Capitulum
1093 3494 1155 3549 et
1201 3484 1549 3549 canonicos
1607 3486 1724 3548 Ec-

169 3567 366 3633 clesiae
424 3570 819 3654 collegiatae
885 3573 949 3637 S.
1001 3572 1227 3636 Luciae
1275 3570 1504 3657 Oppidi
1553 3570 1724 3637 Sabi·

169 3651 304 3719 niani
335 3654 652 3724 Dioecesis
695 3658 1048 3723 Ariminen.
1088 3677 1169 3724 ex
1201 3678 1349 3742 una,
1384 3669 1577 3743 atque
1613 3664 1725 3722 Ma-

170 3742 466 3824 gistratum
526 3745 683 3811 dicti
732 3745 960 3832 Oppidi
1018 3765 1098 3811 ex
1159 3748 1357 3813 altera
1415 3745 1722 3833 partibus,

170 3845 335 3913 super
363 3831 504 3898 iure
542 3833 862 3900 retinendi
891 3853 1216 3900 scamnum
1251 3846 1430 3900 extra
1460 3832 1725 3921 Presby-

49 3928 52 4015 ζ
173 3915 400 4002 terium,
426 3917 758 3987 occasione
789 3920 1093 3988 audiendi
1126 3923 1465 3988 conciones
1491 3932 1555 3986 et
1580 3921 1724 3988 alia·

171 4021 286 4069 rum
330 4008 731 4075 functionum
780 4009 842 4076 in
891 4009 1059 4075 dicta
1091 4010 1366 4077 Ecclesia
1414 4027 1726 4096 peragen-

173 4089 386 4173 darum,
435 4095 695 4180 illisque
748 4097 825 4163 ad
880 4100 945 4164 S.
988 4102 1063 4165 lt.
1106 4101 1176 4163 C.
1226 4098 1477 4180 delatis,
1533 4103 1726 4164 Emus

174 4188 224 4242 et
260 4184 444 4250 limus
493 4186 669 4249 Onus
725 4185 910 4252 Card.
960 4184 1380 4253 Tamburinus
1432 4187 1722 4252 eiusdem

174 4266 227 4332 S.
266 4271 332 4336 C.
389 4272 749 4338 Praefectus
808 4282 872 4338 et
932 4277 1163 4339 Causae
1227 4276 1472 4339 Ponens
1533 4272 1722 4339 infra·
1817 4322 1822 4327 .

172 4357 366 4456 scripta
397 4359 591 4426 dubia
624 4380 656 4423 a
686 4380 756 4425 se
788 4360 1160 4426 concordata
1196 4361 1550 4428 decidenda
1584 4379 1725 4447 pro-

173 4459 373 4532 posuit,
421 4465 709 4535 nempe:

286 4538 339 4600 1.
407 4538 502 4603 An
574 4537 872 4603 canonici
942 4539 1262 4604 Ecclesiae
1338 4537 1722 4622 collegiatae

175 4618 226 4683 S.
265 4623 481 4691 Luciae
545 4624 825 4692 retinere
898 4626 1135 4713 possint
1200 4624 1532 4713 proprium
1594 4646 1724 4689 sca-

175 4722 358 4775 mnum
403 4723 581 4778 extra
627 4712 910 4780 chorum
950 4733 1064 4780 seu
1095 4712 1594 4799 presbyterium,
1631 4712 1720 4778 in-

177 4799 544 4889 terveniente
609 4801 971 4886 magistratu
1042 4800 1355 4867 Sabiniani
1430 4821 1546 4887 pro
1616 4821 1721 4866 au-

177 4877 389 4952 diendis
426 4886 834 4954 concionibus
881 4888 1145 4975 aliisque
1196 4887 1625 4955 functionibus
1658 4887 1722 4953 in

176 4970 366 5039 eadem
396 4974 730 5041 Ecclesia?
774 4987 839 5043 et
886 4990 1199 5062 quatenus
1230 4976 1629 5058 affirmative,

279 5063 338 5124 2.
384 5065 475 5127 An
535 5064 933 5148 Magistratus
995 5068 1275 5131 retinere
1332 5062 1532 5149 possit
1590 5086 1718 5130 sca·

178 5161 361 5212 mnum
409 5150 471 5215 in
522 5149 839 5239 principio
896 5151 1068 5217 navis
1126 5149 1334 5217 dictae
1395 5152 1718 5218 Ecclesiae

174 5230 567 5321 collegiataez
619 5240 723 5305 vel
771 5242 980 5326 potius
1031 5240 1093 5305 in
1140 5240 1372 5307 eodem
1419 5239 1558 5305 loco
1589 5242 1720 5305 col·

179 5316 470 5390 locandum
515 5326 598 5393 sit
642 5346 968 5394 scamnum
1014 5323 1535 5395 canonicorum?

1973 412 2053 473 Et
2103 410 2170 476 S.
2216 412 2288 475 R.
2334 397 2436 490 C.,
2489 419 2757 494 utraque
2821 419 2999 495 parte
3061 410 3297 497 scripto
3354 424 3420 478 et

1843 515 2000 561 voce
2034 495 2414 561 informante
2447 495 2655 559 audita
2689 496 2966 581 visisque
3002 497 3240 563 iuribus
3273 499 3416 566 hinc

1727 580 1739 591 ‘
1844 582 1988 648 inde
2040 582 2355 665 deductis,
2406 584 2479 647 ad
2534 583 2906 649 relationem
2955 586 3243 660 eiusdem
3280 587 3418 653 Emi

1844 672 2158 753 Ponentis,
2212 670 2685 736 rescribendum
2737 671 3030 739 censuit:

1970 760 2064 825 Ad
2123 762 2179 823 1.
2232 781 2269 822 ‹
2304 756 2735 842 Affirmative;
2791 769 2856 823 et
2902 762 3109 844 quoad
3157 764 3420 828 colloca-

1845 845 2086 911 tionem
2131 864 2569 929 scamnorum,
2619 846 2876 912 arbitrio
2925 859 2989 912 et
3035 850 3417 935 prudentiae

1840 933 2135 1021 Episcopi
2172 956 2233 997 ιν.
2828 953 2834 958 ’

1970 1022 2065 1087 Ad
2114 1027 2177 1088 2.
2233 1046 2269 1085 ‹
2303 1022 2621 1088 Provisum
2678 1024 2736 1088 in
2787 1024 2990 1110 primo
3022 1047 3083 1090 ν.

1975 1113 2049 1174 Ει
2103 1109 2184 1175 ita
2238 1107 2580 1177 declaravit
2641 1131 2709 1175 ac
2770 1114 3005 1178 servari
3074 1115 3413 1179 mandavit.

1841 1194 1949 1261 Die
2003 1201 2081 1263 12
2132 1196 2361 1285 Aprilis
2416 1201 2607 1264 1755.

1841 1337 2097 1405 24:35.
2424 1340 2822 1406 Lissossm.
3186 1345 3413 1428 (4254)

1969 1462 2127 1525 Cum
2178 1464 2243 1526 P.
2282 1459 2485 1525 Abbas
2530 1462 2851 1527 Generalis
2882 1463 3131 1530 Ordinis
3172 1468 3240 1531 S.
3273 1468 3418 1532 Hie-

1843 1546 2087 1633 ronymi
2119 1549 2637 1634 congregationis
2676 1552 2996 1615 Lusitanae
3034 1552 3417 1619 humillimas

1838 1653 2066 1720 preces
2108 1637 2299 1703 ssmo
2334 1637 2467 1699 Dfio
2499 1641 2723 1703 Nostro
2758 1637 3102 1704 Benedicto
3137 1645 3242 1706 ΙΨ.
3280 1645 3416 1708 XlV

1808 1774 1822 1790 .
1839 1723 2127 1808 porrexit

1975 1815 2032 1877 1.
2069 1814 2150 1879 Ut
2181 1810 2383 1877 Abbas
2415 1813 2735 1879 Generalis
2768 1832 2882 1899 pro
2927 1826 3217 1902 tempore
3254 1818 3417 1883 eius-

1837 1900 1986 1965 dem
2019 1899 2541 1984 Congregationis
2593 1901 2879 1986 recipere
2921 1903 3125 1968 valeat
3160 1903 3415 1972 benedi-

1836 1988 2111 2053 ctionem
2164 2009 2194 2050 a
2244 1987 2533 2071 quolibet
2581 2008 2658 2052 ex
2713 1989 3033 2076 Episcopis
3066 1993 3413 2077 Lusitanis;

1968 2081 2036 2143 Ξ.
2085 2077 2165 2141 Ut
2214 2074 2528 2160 impertita
2578 2076 2765 2141 simul
2816 2078 3029 2143 eidem
3066 2078 3282 2144 Abbati
3332 2080 3416 2146 fa·
3498 2120 3506 2130 ·

1836 2166 2073 2231 cultate
2120 2161 2543 2229 benedicendi
2593 2164 2745 2229 alios
2793 2165 3063 2231 Abbates
3096 2167 3200 2251 qui
3236 2178 3413 2234 antea

1835 2251 2090 2318 Abbatis
2118 2251 2443 2316 Generalis
2484 2271 2711 2317 munus
2746 2252 3040 2337 obierint,
3077 2255 3318 2339 possint
3355 2258 3413 2321 in

1882 2353 2162 2406 osterum
2191 2339 2344 2405 dicti
2377 2340 2631 2406 Abbatis
2663 2342 2986 2406 Generalis
3017 2361 3415 2407 successores

1833 2358 2353 2494 Benedictionem
2411 2429 2485 2494 ab
2544 2446 2764 2493 eorum
2824 2428 3415 2515 praedecessoribus

1833 2535 1962 2581 recu
2016 2533 2152 2581 ere.

1963 2535 2045 2670 {t
2090 2605 2153 2670 S.
2191 2608 2265 2670 R.
2309 2607 2409 2687 C.,
2459 2606 2534 2669 ad
2585 2620 2772 2688 quam
2819 2604 3129 2689 praefatas
3187 2624 3415 2690 proces

1835 2690 2135 2757 Sanctitas
2181 2694 2302 2758 Sua
2353 2689 2703 2773 remiserat,
2740 2691 2815 2757 ad
2867 2690 3242 2757 relationem
3278 2696 3412 2758 Emi

1833 2788 2023 2865 atque
2069 2777 2207 2844 Rmi
2243 2777 2493 2844 Domini
2525 2778 2867 2846 cardinalis
2898 2779 3053 2844 Galli
3093 2782 3416 2864 Ponentis,

1837 2865 2214 2953 rescripsit:

1962 2954 2059 3020 Ad
2114 2958 2174 3020 1.
2224 2976 2260 3019 ‹
2295 2954 2767 3022 Consulendum
2836 2956 3029 3022 SSmo
3084 2974 3203 3042 pro
3268 2976 3415 3022 con-

1833 3042 2118 3108 cessione
2188 3041 2413 3110 indulti
2487 3043 2704 3109 Abbati
2768 3042 3057 3109 Generali
3120 3046 3412 3111 sumendi

1834 3128 2384 3212 benedictionem,
2450 3141 2690 3195 servata
2753 3130 2814 3196 in
2885 3132 3176 3197 omnibus
3237 3132 3413 3198 Bulla

1832 3215 2160 3282 Benedicti
2208 3219 2344 3284 Xlll
2378 3238 2438 3282 ν.

1961 3302 2057 3370 Ad
2107 3309 2174 3371 2.
2225 3327 2261 3366 ‹
2295 3306 2625 3392 Negative,
2667 3306 2713 3369 si
2750 3307 2943 3373 SSffio
2992 3307 3255 3371 Domino
3289 3309 3409 3374 No·

1830 3402 1962 3458 stro
2010 3391 2321 3478 placuerit
2360 3416 2419 3458 ιν.

1962 3482 2074 3546 Die
2129 3483 2205 3546 12
2253 3481 2486 3566 Aprilis
2541 3485 2729 3549 1755.

1962 3571 2040 3632 Et
2090 3568 2238 3633 facta
2290 3568 2525 3634 deinde
2575 3587 2691 3655 per
2735 3586 2837 3633 me
2868 3570 3291 3637 Secretarium
3328 3576 3408 3638 cle

1832 3656 2174 3739 praedictis
2242 3655 2453 3721 eidem
2519 3658 2709 3723 Ssmo
2775 3659 2905 3723 Orio
2964 3661 3190 3724 Nostro
3252 3662 3409 3725 rela-

1829 3744 2031 3824 tione,
2083 3765 2120 3806 ι
2156 3746 2459 3810 Sanctitas
2499 3746 2620 3811 Sua
2670 3756 2887 3810 votum
2922 3748 2986 3812 S.
3022 3751 3097 3812 C.
3136 3747 3408 3835 benigne

1831 3831 2201 3917 approbavit
2247 3844 2311 3896 et
2374 3832 2685 3897 mandavit
2747 3834 3034 3919 expediri
3086 3840 3283 3900 Breve
3332 3838 3405 3902 ad

1832 3917 2095 3983 formam
2143 3917 2294 3984 dicti
2336 3921 2462 3983 voti
2494 3941 2553 3982 ».
2593 3919 2702 3985 Die
2737 3925 2818 3987 23
2856 3921 3141 3987 eiusdem
3175 3924 3410 3989 mensis

1834 4016 1897 4071 et
1944 4006 2118 4072 anni.

1833 4149 2090 4218 2436.
2451 4152 2781 4217 LUCANA.
3182 4152 3406 4237 (ωε)

1959 4276 2120 4341 Cum
2152 4277 2310 4340 Rmo
2342 4276 2658 4363 Episcopo
2691 4276 2937 4340 Lucano
2971 4273 3271 4340 nonnulla
3307 4294 3407 4340 oc-

1829 4361 2150 4429 currerint
2198 4360 2383 4429 dubia
2440 4364 2598 4427 circa
2661 4381 2867 4427 sacros
2914 4361 3126 4443 Ritus,
3177 4362 3408 4428 humil-

1833 4450 1981 4516 lime
2016 4449 2184 4535 apud
2228 4453 2292 4518 S.
2329 4454 2401 4516 R.
2439 4453 2509 4517 C.
2545 4449 2949 4538 supplicavit,
2984 4462 3296 4535 quatenus
3339 4470 3409 4514 ea

1834 4537 2108 4624 benigne
2156 4536 2507 4605 decernere
2555 4536 2966 4623 dignaretur:

1965 4630 2023 4692 1.
2046 4627 2141 4691 An
2167 4626 2428 4692 ferenda
2454 4626 2533 4690 sit
2559 4623 3076 4691 immemorabilis
3100 4627 3202 4691 vel
3232 4639 3407 4697 certe

1826 4715 2076 4799 antiqua
2128 4714 2520 4779 consuetudo
2569 4713 2987 4779 Parochorum
3026 4713 3408 4780 benedicen-

1831 4803 1986 4867 tium
2034 4820 2277 4867 sacrum
2331 4805 2589 4867 Fontem
2637 4803 2719 4866 de
2772 4818 2977 4881 mane,
3027 4812 3134 4866 aut
3182 4801 3242 4866 in
3286 4805 3408 4868 Ve-

1825 4890 2030 4975 speris
2087 4887 2338 4954 dierum
2399 4892 2723 4954 Festorum
2790 4886 3092 4952 Paschatis
3142 4900 3204 4954 et
3253 4893 3407 4955 Pen-

1828 4986 2098 5042 tecostes
2143 4976 2541 5061 aliorumque
2589 4978 2958 5055 Festorum,
3010 4977 3180 5042 iuxta
3227 4996 3407 5063 prae-

1825 5064 2133 5148 scriptum
2208 5063 2469 5128 Ritualis
2524 5062 2821 5146 Romani;
2891 5063 2992 5127 ubi
3056 5064 3264 5149 agitur
3326 5067 3405 5131 de

1827 5150 2275 5217 benedictione
2323 5150 2536 5217 Fontis
2582 5149 2877 5236 Baptismi
2946 5162 3123 5216 extra
3181 5154 3407 5219 Sabba-

1829 5249 1963 5303 tum
1997 5237 2265 5305 Paschae
2314 5249 2379 5304 et
2427 5242 2858 5321 pentecostes,
2895 5257 3043 5304 cum
3074 5259 3227 5324 aqua
3261 5259 3405 5306 con·

1822 5337 2062 5392 secrata
2114 5347 2237 5393 non
2290 5323 2610 5392 babetur?
