4042 5950
1540 180 2010 257 —199—

132 339 359 404 tionem
408 336 560 404 Emi
592 346 657 403 et
687 335 825 403 Rmi
874 340 945 402 D.
984 335 1173 403 Card.
1209 337 1571 405 Cavalcbini
1605 343 1716 404 Po-

132 425 355 577 neptis‚
410 423 945 512 respondendum
990 425 1238 492 censuit
1284 434 1356 492 ut
1388 425 1585 505 infra;
1625 428 1715 494 vi-

131 515 207 581 de
235 513 362 579 icet
391 536 412 579 ι

254 600 347 668 Ad
401 605 464 667 1.
522 611 588 666 et
636 603 699 667 2.
755 622 793 665 ‹
824 601 1153 667 Provisum
1203 600 1267 668 in
1311 601 1502 669 tertio
1537 626 1601 668 ».

254 690 348 755 Ad
397 693 464 755 3.
524 711 562 754 ι
592 688 985 755 Affirmative
1020 710 1084 754 ιν.

253 777 345 843 Ad
395 780 461 842 4.
524 799 563 841 (ι
594 775 983 842 Affirmative
1029 776 1092 841 in
1145 776 1436 844 omnibus
1470 800 1532 844 ι.

251 865 345 930 Ad
394 868 460 931 5.
515 886 555 928 α
589 864 893 950 Negative
958 866 1165 948 quoad
1227 875 1510 932 octavam
1572 866 1719 953 Epi-

140 951 415 1043 phaniae,
469 952 768 1039 vigiliam
820 956 1239 1018 Pentecosten
1300 963 1364 1018 et
1426 963 1713 1021 octavam

140 1041 594 1130 privilegiatam
631 1040 805 1107 ssffii
836 1040 1136 1126 Corporis
1181 1041 1442 1125 Christi,
1494 1052 1713 1126 quate-

137 1150 242 1194 nus
306 1127 726 1214 privilegium
796 1146 1169 1194 concessum
1239 1128 1321 1194 sit
1378 1128 1455 1195 ad
1520 1131 1715 1195 instar

140 1227 377 1281 octavae
423 1215 824 1304 Epiphaniae
863 1237 934 1282 ».

249 1304 342 1370 Ad
392 1308 456 1369 6.
514 1325 553 1367 (ι
584 1303 917 1390 Negative,
967 1305 1045 1371 ad
1095 1303 1364 1393 primam
1417 1315 1708 1391 partem;

142 1391 537 1476 Affirmative,
587 1391 664 1458 ad
710 1391 1057 1458 secundam
1091 1416 1151 1457 ›.

253 1479 345 1545 Ad
396 1483 459 1545 7.
518 1501 557 1543 ‹
589 1480 669 1544 Ut
716 1478 781 1545 in
828 1481 1332 1547 antecedenti».

253 1567 343 1632 Ad
377 1570 441 1632 8.
481 1587 520 1629 (ι
549 1566 924 1633 Faciendam
962 1566 1171 1653 primo
1202 1568 1346 1634 loco
1379 1580 1522 1656 post
1562 1570 1711 1635 alias

142 1656 213 1720 de
250 1665 603 1754 praecepto
635 1676 698 1720 ιν.

254 1744 458 1827 Atque
491 1752 581 1808 tta
613 1744 968 1830 respondit.
1006 1744 1115 1811 Die
1141 1749 1226 1813 20
1249 1745 1484 1831 Aprilis
1512 1749 1704 1812 1822.

144 1885 379 1953 2620.
701 1890 1126 1954 numerium.
1477 1887 1706 1973 (aces)

252 2007 405 2072 Usus
450 2004 692 2073 sensim
742 2007 1031 2094 invaluit,
1070 2019 1139 2074 ut
1185 2009 1437 2094 quoties
1470 2007 1711 2076 Calices

144 2092 360 2178 aliaque
390 2114 563 2178 vasa,
590 2114 759 2161 sacra
794 2096 1108 2163 Unctione
1138 2108 1501 2164 consecrata
1537 2097 1708 2162 iuxta

146 2181 311 2246 ritum
356 2181 739 2248 Pontificalis
778 2185 1066 2268 Romani,
1103 2184 1356 2251 artificis
1389 2204 1580 2272 opera
1618 2185 1708 2251 in-

147 2267 397 2355 digeant,
432 2270 682 2355 quippe
713 2269 1062 2339 reficienda
1093 2273 1197 2338 vel
1232 2272 1559 2339 fundenda
1589 2274 1707 2338 ite-

147 2374 264 2421 rum
293 2356 441 2441 sint,
489 2376 622 2423 non
652 2368 837 2424 antea
870 2359 1086 2425 eidem
1122 2361 1478 2443 tradantur,
1515 2379 1706 2445 quam

148 2463 245 2528 per
284 2445 697 2513 Sacerdotem
757 2447 863 2512 vel
915 2446 1163 2513 directe
1214 2459 1279 2514 et
1332 2467 1547 2532 manu,
1600 2450 1704 2514 vel

150 2530 327 2616 aliquo
371 2533 699 2602 mediante
766 2534 1189 2602 instrumento
1252 2536 1491 2602 suerint
1552 2555 1702 2602 exe—

150 2629 307 2685 crata.
355 2624 511 2688 Cum
563 2640 722 2687 vero
766 2633 981 2689 utrum
1026 2624 1349 2689 execratio
1383 2623 1537 2689 haec
1572 2643 1704 2690 mo-

151 2706 365 2791 ducque
423 2708 599 2775 illam
658 2711 1010 2796 peragendi
1071 2711 1298 2777 rationi
1356 2711 1704 2777 Ecclesiae-

151 2812 253 2890 que
295 2795 515 2863 ritibus
559 2796 643 2862 sit
689 2808 1133 2882 consentanea,
1169 2800 1273 2865 vel
1310 2799 1523 2885 potius
1555 2800 1704 2867 abu-

149 2899 255 2944 siva
294 2883 584 2969 nullique
646 2883 861 2951 innixa
904 2886 1253 2974 principio,
1319 2885 1705 2954 dubitaverit

152 2969 210 3033 R.
235 2973 298 3035 D.
322 2973 861 3060 Archipresbyter
889 2974 1329 3041 Ferdinandus
1362 2975 1701 3057 Valeriani,

151 3056 307 3154 dubia
350 3076 513 3158 quae
560 3073 928 3147 sequuntur
980 3062 1343 3129 humillime
1406 3063 1703 3148 exposuit

151 3147 574 3228 sapientissimo
626 3152 751 3215 EE.
806 3153 917 3217 PP.
971 3150 1175 3217 Sacris
1223 3149 1467 3218 Ritibus
1520 3171 1700 3237 prae-

152 3233 467 3313 positorum
516 3236 783 3319 indicio,
832 3238 1023 3304 enixe
1065 3240 1393 3324 postulans
1444 3238 1699 3305 illorum

153 3320 573 3391 resolutionem
595 3338 613 3403 ;
664 3324 1007 3392 videlicet:

177 3492 187 3503 ·
262 3413 317 3475 1.
361 3412 586 3477 Utrum
620 3411 779 3491 rite;
815 3414 918 3479 vel
953 3413 1164 3502 potius
1196 3433 1278 3480 ex
1312 3430 1534 3480 errore
1569 3433 1704 3501 pas-

152 3511 248 3557 sim
284 3495 384 3562 fiat
426 3498 790 3566 huiusmodi
842 3499 1219 3568 execratio?

260 3586 319 3649 2.
366 3586 423 3651 Si
472 3587 644 3665 rite;
708 3600 928 3654 utrum
987 3588 1065 3655 ab
1120 3589 1464 3678 Episcopo,
1514 3589 1618 3657 vel
1667 3610 1699 3654 a

155 3686 516 3763 quocumque
563 3676 909 3742 Sacerdote
955 3677 1036 3743 sit
1082 3675 1506 3763 peragenda?

184 3841 194 3851 .
261 3762 332 3825 Et
375 3763 436 3828 S.
468 3765 544 3829 R.
587 3765 691 3845 C.,
724 3763 937 3841 audita
984 3764 1160 3851 prius
1190 3765 1507 3832 sententia
1540 3764 1698 3830 alte-

158 3861 262 3939 ruis
304 3866 375 3912 ex
417 3851 920 3937 Apostolicarum
972 3853 1530 3921 Caeremoniarum
1579 3855 1699 3918 Ma-

161 3932 333 4014 gistris
388 3938 623 4027 scripto
689 3949 943 4005 exarata
1011 3939 1309 4038 typisque
1380 3944 1694 4027 evulgata,

162 4018 287 4084 Εῶο
328 4033 388 4089 et
431 4029 589 4093 Rmo
632 4031 707 4093 D.
754 4026 944 4093 Card.
999 4030 1157 4094 Iullo
1221 4027 1407 4094 Maria
1454 4029 1540 4095 de
1587 4032 1698 4094 So-

162 4107 310 4174 malia
352 4114 567 4181 Sacrae
601 4115 817 4182 eidem
845 4115 1340 4202 congregationi
1373 4116 1699 4183 Praefecto

164 4192 463 4285 referente,
511 4202 888 4290 respondit=

266 4285 349 4351 Ad
396 4291 451 4353 1.
498 4311 536 4355 ι
572 4292 904 4378 Negative,
942 4291 1019 4358 ad
1075 4291 1345 4381 primam
1403 4303 1694 4379 partem;

165 4366 528 4462 Affirmative,
579 4378 658 4445 ad
701 4379 1052 4445 secundam
1086 4402 1149 4446 ιν.

268 4459 349 4525 Ad
392 4467 453 4529 2.
505 4487 543 4530 ‹
574 4466 905 4533 Provisum
951 4468 1016 4536 in
1059 4468 1318 4555 primo;
1383 4478 1449 4534 et
1508 4468 1697 4535 detur

170 4539 458 4644 Decretum
503 4553 806 4641 generale
841 4578 905 4620 ».

269 4633 364 4698 Die
405 4642 487 4706 20
528 4641 764 4727 Aprilis
817 4646 1011 4710 1822.

270 4720 553 4812 Factaque
608 4729 688 4797 de
750 4730 1116 4816 praemissis
1174 4732 1366 4797 SSmo
1430 4730 1695 4797 Domino

170 4798 351 4907 Nostro
390 4815 488 4879 Pio
535 4820 637 4883 vn
684 4820 865 4883 Pont.
902 4820 1066 4884 Max.
1100 4819 1409 4885 relatione
1452 4838 1571 4906 per
1604 4817 1695 4882 in-

174 4884 517 4984 frascriptum
568 4905 1020 4989 secretarium,
1072 4907 1376 4973 Sanctitas
1420 4910 1543 4974 Sua
1591 4909 1693 4974 Sa-

172 4991 283 5042 crae
306 4986 805 5078 congregationis
852 5012 1153 5081 responsa
1200 4993 1596 5080 approbavit,
1633 5002 1698 5059 et

174 5074 422 5141 tenente
478 5082 821 5148 Decretum
888 5080 1170 5168 desuper
1234 5082 1336 5148 edi
1399 5101 1468 5147 ac
1529 5079 1696 5168 typis

282 5258 349 5335 (¹)
378 5268 434 5328 E.
468 5274 604 5333 ouh.
639 5274 673 5331 2
710 5285 766 5332 et
804 5275 890 5332 15.

1815 338 2263 495 Ριιὺέἰὲἑῖἰητίε
2331 339 2470 407 fleri
2532 341 2878 408 mandavit.
2941 341 3053 409 Die
3102 348 3185 410 23
3231 341 3413 432 Apri-

1845 448 1892 493 is
2125 478 2142 496 .

1821 566 2071 634 2621.
2402 572 2824 637 oumoaou.
3180 569 3408 657 (4590)

1947 689 2130 754 Plura
2149 689 2408 775 ubique
2454 692 2558 756 vel
2608 712 2688 757 ex
2735 692 3154 760 Rubricarum
3194 703 3258 760 et
3292 699 3424 761 De·'

1816 788 2141 841 cretorum
2186 777 2566 863 ignorantia,
2600 781 2708 846 vel
2743 799 2823 845 ex
2863 779 3055 847 nimia
3087 779 3151 847 in
3182 780 3257 847 iis
3288 801 3411 868 pro

1815 863 2123 929 arbitratu
2170 865 2671 952 interpretandis
2718 867 2997 953 licentia,
3034 870 3411 968 percrebre-

1815 971 2000 1017 scere
2050 964 2456 1039 compertum
2507 964 2626 1038 est,
2663 975 2824 1041 quae
2857 976 2890 1020 a
2923 955 3231 1043 legitimis
3261 976 3413 1043 pro-

1818 1040 2107 1124 batisque
2131 1040 2379 1107 Ritibus
2414 1041 2604 1129 plane
2634 1042 3041 1110 abhorreant.
3080 1042 3237 1111 Hinc
3269 1063 3409 1111 cre-

1816 1127 1966 1192 brae
2015 1127 2403 1195 deIeruntur
2463 1133 2768 1214 querelae
2824 1131 2902 1198 ad
2949 1134 3014 1199 S.
3066 1133 3140 1198 R.
3186 1135 3289 1216 C.,
3337 1142 3410 1199 ut

1814 1213 1990 1283 bisce
2061 1216 2242 1283 malis
2310 1228 2666 1306 opportuna
2725 1219 3023 1286 adhibeat
3093 1219 3404 1303 remedia,

1816 1321 1962 1368 cum
2012 1302 2076 1368 id
2125 1303 2402 1371 maxime
2437 1304 2493 1370 ei
2543 1307 2899 1373 curandum
2933 1306 3013 1370 sit
3045 1317 3116 1372 ut
3146 1318 3406 1373 veteres

1814 1390 1991 1457 Ritus
2036 1393 2197 1458 sacri
2246 1393 2454 1458 ubivis
2504 1394 2818 1476 locorum,
2856 1394 2918 1459 in
2958 1394 3256 1462 omnibus
3290 1398 3406 1461 Ur-

1815 1477 1908 1544 bis
1952 1480 2263 1565 Orbisque
2315 1481 2613 1547 Ecclesiis
2645 1482 2708 1548 in
2739 1481 2961 1566 Missis,
2997 1480 3230 1548 divinis
3259 1481 3405 1550 offi-

1814 1566 1948 1651 ciis,
1977 1570 2534 1635 Sacramentorum
2567 1568 3112 1636 administratione
3145 1571 3405 1636 ceteris-

1813 1673 1940 1739 que
1973 1655 2051 1721 ad
2083 1655 2375 1722 divinum
2422 1659 2670 1724 cultum
2700 1655 3176 1745 pertinentibus
3208 1678 3240 1722 a
3272 1658 3407 1744 qni-

1814 1741 2029 1808 busvis
2061 1744 2347 1831 personis
2381 1745 2831 1828 observentur,
2859 1755 3051 1830 atque
3082 1764 3404 1811 caeremo-

1811 1831 1978 1913 niae,
2012 1830 2066 1897 si
2114 1832 2541 1915 exoleverint,
2580 1833 3027 1899 restituantur:
3077 1833 3128 1899 si
3178 1834 3404 1933 depra-

1814 1929 1992 1984 vatae
2023 1918 2288 2002 fuerint,
2318 1921 2750 1987 reformentur
2786 1921 2892 2004 (ex
2918 1920 3097 1986 Bulla
3122 1921 3282 1989 Sixti
3309 1923 3400 1987 V:

1816 2009 2121 2073 immensa
2156 2009 2418 2074 Aeterni
2449 2007 2622 2093 Dei).
2670 2008 2779 2075 Sui
2827 2007 3068 2074 idcirco
3116 2007 3405 2074 muneris

1810 2105 2023 2179 partes
2071 2095 2407 2162 arbitratus
2454 2107 2551 2162 est
2597 2095 2885 2163 eiusdem
2937 2097 3000 2161 S.
3033 2099 3403 2180 ,Congrega-

1814 2181 2000 2247 tionis
2048 2183 2440 2249 secretarius
2477 2182 2666 2251 dubia
2714 2183 3026 2268 quaedam
3060 2202 3141 2248 ex
3173 2182 3401 2250 delatis

1809 2270 2344 2354 postulationibus
2400 2271 2760 2354 conficere,
2823 2290 3026 2356 eaque
3073 2270 3248 2336 Emis
3294 2273 3398 2334 Pa-

1815 2357 2013 2424 tribus
2074 2358 2440 2426 definienda
2511 2377 2905 2446 proponere,
2971 2357 3201 2444 quibus
3259 2375 3400 2446 gra-

1809 2444 2021 2510 viores
2097 2446 2321 2511 saltem
2397 2446 2627 2512 abusus
2696 2445 3163 2513 convellantur.
3235 2447 3398 2513 Sunt

1807 2552 2002 2618 porro
2052 2553 2148 2615 ea,
2198 2552 2363 2619 quae
2407 2544 2817 2620 sequuntur:

1947 2624 2006 2687 1.
2049 2622 2376 2698 Quomodo
2423 2642 2492 2689 se
2540 2639 2773 2708 gerere
2811 2621 3091 2687 debeant
3121 2619 3400 2708 Magistri

1808 2709 2370 2775 Caeremoniarum
2418 2710 2694 2810 aliique,
2743 2709 2853 2794 qui
2900 2709 3125 2776 vident
3171 2708 3238 2774 in
3283 2711 3400 2773 Ec-

1809 2795 2018 2863 clesiis
2065 2814 2193 2862 non
2241 2797 2458 2885 peragi
2493 2797 2854 2863 functiones
2893 2798 3066 2864 iuxta
3095 2795 3398 2863 Rubricas

1808 2903 1927 2949 nec
1986 2884 2307 2952 observari
2363 2889 2628 2950 Decreta
2684 2894 2748 2949 et
2802 2884 3249 2951 Resolutiones
3295 2886 3399 2951 Sa-

1807 2992 1951 3038 crae
1999 2974 2262 3039 Rituum
2307 2971 2889 3058 congregationis?
2933 2971 3027 3058 (1)

1939 3065 2001 3127 2.
2063 3062 2160 3125 An
2213 3061 2551 3146 Presbyter
2610 3060 2903 3126 assistens
2951 3059 3270 3147 Episcopo
3333 3060 3397 3125 in

1807 3148 2002 3232 Solio,
2055 3148 2195 3213 vice
2239 3146 2530 3225 scabelli,
2582 3146 2672 3214 uti
2723 3147 2922 3233 possit
2970 3147 3140 3214 Sede
3186 3166 3394 3213 came·

1806 3234 1920 3299 rali
1959 3235 2062 3301 vel
2096 3234 2470 3323 simpliciter
2504 3235 2711 3322 lignea
2744 3253 2827 3300 ex
2858 3234 3035 3300 corio
3064 3244 3424 3320 cooperta,x

1807 3323 2169 3389 renovanda
2232 3322 2420 3389 toties
2480 3320 2733 3409 quoties
2790 3322 3005 3406 inepta
3073 3320 3270 3387 evasit
3314 3322 3392 3388 ad

1804 3408 2049 3477 usum?
2094 3422 2158 3477 et
2204 3421 2519 3497 quatenus
2563 3410 2890 3496 negative,

1938 3504 1999 3566 3.
2052 3500 2148 3565 An
2195 3499 2422 3565 saltem
2471 3496 2800 3564 toleranda
2854 3497 2934 3563 sit
2990 3495 3396 3564 immemora-

1806 3586 1946 3652 bilis
1994 3586 2395 3654 consuetudo
2445 3586 2739 3652 eamdem
2785 3581 3177 3653 adhibendi?

1933 3678 1996 3741 4.
2048 3680 2143 3742 An
2193 3674 2365 3742 idem
2429 3685 2723 3757 ornatus,
2773 3673 2880 3773 qui
2930 3673 3107 3739 iuxta
3162 3675 3389 3740 Caere-

1801 3762 2077 3829 moniale
2125 3760 2426 3828 convenit
2473 3761 2745 3829 Amboni
2793 3780 2859 3827 m
2904 3779 3033 3846 quo
3079 3779 3293 3827 sermo
3326 3769 3393 3826 et

1804 3851 2022 3917 concio
2057 3850 2275 3916 haberi
2321 3850 2512 3933 solet,
2564 3850 2848 3937 permitti
2896 3848 3094 3936 possit
3149 3849 3215 3915 in
3261 3868 3391 3915 sca-

1802 3957 1979 4021 mno,
2028 3938 2095 4004 in
2142 3957 2271 4024 quo
2316 3939 2550 4005 sedent
2580 3936 2943 4027 ,Dignitates
2990 3947 3056 4002 et
3095 3936 3391 4003 canonici

1803 4024 2183 4092 solemniter
2230 4022 2671 4093 celebrantes?
3118 4094 3127 4103 ,

1938 4119 2003 4179 5.
2053 4117 2151 4180 An
2200 4114 2261 4179 in
2309 4114 2543 4180 eodem
2586 4130 2843 4178 scamno
2889 4111 3188 4179 Canonici
3219 4111 3390 4177 cele-

1805 4202 2066 4269 brantis.
2111 4199 2345 4288 apponi
2397 4200 2598 4288 possit
2666 4200 3004 4286 pulvinum
3071 4197 3397 4265 sericum?

1935 4292 2002 4354 6.
2052 4291 2150 4354 An
2222 4288 2591 4354 tolerandus
2659 4288 2740 4352 sit
2806 4286 3089 4370 abusus,
3138 4286 3247 4373 qui
3297 4288 3394 4353 ni-

1804 4376 2004 4442 mium
2067 4375 2373 4458 invaluit,
2424 4375 2772 4444 adhibendi
2834 4374 2898 4440 in
2961 4373 3159 4441 Missis
3227 4374 3391 4441 sole·

1802 4464 2057 4530 mnibus
2102 4482 2222 4551 pro
2269 4462 2694 4546 celebrante,
2760 4463 2899 4529 loco
2953 4462 3187 4529 scamni
3249 4482 3391 4528 coo-

1800 4551 1969 4638 perti
2020 4562 2264 4639 tapete,
2316 4550 2552 4618 Sedem
2601 4552 2982 4617 cameralem
3031 4551 3239 4617 serico
3285 4552 3393 4617 da-

1800 4658 2098 4707 masceno
2147 4650 2474 4723 ornatam,
2525 4647 2590 4704 et
2636 4659 2753 4727 pro
2800 4637 3100 4704 Ministris
3159 4636 3391 4704 similia

1799 4726 2112 4813 scabella;
2163 4728 2266 4793 vel
2318 4726 2528 4813 potius
2573 4726 3014 4811 reprobandus
3044 4737 3238 4811 atque
3286 4725 3391 4792 da-

1800 4813 2163 4882 mnandus‘?

1937 4907 1999 4969 7.
2052 4904 2175 4986 An,
2227 4911 2290 4966 et
2337 4901 2569 4987 quibus
2615 4902 2922 4969 remediis
2956 4900 3392 4967 removendus

1798 4990 1880 5056 sit
1925 4992 2156 5057 abusus
2203 4988 2558 5057 collocandi
2618 5010 2872 5077 parvam
2946 4993 3220 5057 Crucem
3282 4989 3390 5054 vix

1800 5078 2146 5163 visibilem,
2197 5077 2300 5142 vel
2348 5096 2537 5164 supra
2584 5077 3086 5145 Tabernaculum
3131 5078 3238 5143 vel
3286 5095 3392 5142 su·
