4042 5950
2104 237 2519 315 ..22-

690 394 852 460 rales
899 393 1128 481 apponi
1177 403 1244 458 et
1291 391 1569 478 imprimi
1630 410 1815 478 posse
1877 391 2163 475 censuit,
2212 391 2263 455 si
2369 390 2655 481 partibus
2715 409 2795 457 ex
2857 391 3093 475 altera,
3141 409 3338 478 snper
3392 390 3708 488 nonnullis
3749 409 3900 478 prae-

690 484 883 547 SSmo
931 485 1109 546 Dom.
1159 483 1383 546 Nostro
1430 480 1637 546 visum
1684 477 1878 544 fuerit
1907 478 2134 545 ».·Die
2187 482 2265 546 ill
2371 478 2732 546 eminentiis
2756 479 2831 546 ab
2857 488 3122 563 utraque
3149 488 3324 567 parte
3345 489 3711 565 praetensis,
3737 482 3901 543 Eritus

688 568 1087 655 Septembris
1140 571 1335 635 1714.
2370 570 2688 637 eramus
2743 570 2924 632 Dom.
2980 568 3165 634 card.
3228 567 3484 632 Casinus
3544 564 3904 652 infrascripta

817 659 1124 741 Factaque
1171 654 1408 723 deinde
1557 676 1588 721 r
1649 674 1750 721 me
1816 657 2264 720 Pro-Secreta·
2367 653 2553 722 dubia
2602 654 2667 720 in
2712 657 2781 722 S.
2814 658 2888 722 R.
2923 658 2999 722 C.
3046 654 3418 721 declaranda
3480 652 3829 739 proposuit:

684 741 865 827 rium.
900 743 981 811 de
1030 742 1374 830 praedictis
1504 747 1607 809 mo
1653 747 1832 808 Dom.
1883 744 2109 807 Nostro
2164 761 2261 808 re·
2503 746 2563 808 1.
2598 744 2693 808 An
2723 741 2914 807 Priori
2947 742 3330 829 collegiatae
3365 738 3680 809 Ecclesiae
3708 741 3769 806 S.
3801 742 3903 805 Ve-

688 828 944 914 latione,
992 830 1299 896 Sanctitas
1345 831 1508 897 Sua:
1557 850 1594 893 ‹
1627 834 1897 896 Sensum
1949 831 2015 894 S.
2045 832 2117 895 C.
2152 848 2259 915 ap·
2360 826 2593 912 nautii,
2645 828 2973 896 occasione
3017 847 3305 895 accessus
3366 827 3789 914 capitulariter
3839 829 3902 895 ad

681 916 998 1003 probavit,
1048 914 1407 1016 eademque
1457 921 1718 984 Decreta
1766 915 1829 982 in
1879 914 2103 981 Missali
2151 936 2261 1003 ap·
2372 915 2713 982 Ecclesiam
2761 916 3228 997 cathedralem,
3281 914 3592 982 debeatur
3638 916 3802 981 locus
3855 914 3905 981 in

681 1004 831 1090 poni
901 1016 962 1070 et
1026 1003 1303 1093 imprimi
1367 1004 1687 1070 mandavit
1734 1025 1799 1070 ν.
1860 1002 1974 1069 Die
2021 1005 2107 1070 2⁹
2150 1006 2260 1070 Se·
2363 1002 2762 1091 Presbyterio
2827 1004 3108 1071 eiusdem
3171 998 3622 1070 cathedralis?
3666 1012 3728 1067 et
3781 1024 3905 1091 qua-

684 1090 994 1179 ptembris
1041 1091 1330 1159 eiusdem
1380 1091 1526 1158 anni
1579 1094 1772 1158 1714.
2367 1102 2550 1157 tenus
2594 1090 2993 1176 affirmative,

2493 1182 2558 1244 2.
2609 1180 2704 1243 An
2764 1178 2976 1245 eidem
3043 1177 3234 1243 Priori
3297 1178 3613 1246 debeatur
3680 1198 3907 1266 praece-

2361 1264 2573 1331 dentia
2619 1276 2765 1333 ante
2809 1265 3239 1351 Praepositum
3269 1266 3549 1353 aliosque
3590 1267 3910 1332 Canonicos

2360 1351 2653 1420 eiusdem
2699 1351 3130 1437 cathedralis,
3181 1363 3305 1419 tam
3354 1365 3691 1440 praesente
3745 1373 3911 1440 quam

2357 1438 2618 1508 absente
2665 1439 3118 1508 Archidiacono
3165 1439 3368 1527 prima
3419 1441 3734 1531 Dignitate
3794 1442 3912 1507 eius

2358 1527 2801 1596 Cathedralis‘?

2488 1620 2549 1681 3.
2604 1619 2699 1683 An
2747 1616 2923 1683 idem
2970 1616 3150 1683 locus
3194 1615 3256 1681 in
3301 1615 3475 1684 dicto
3529 1616 3912 1704 Presbyterio

2356 1700 2669 1770 debeatur
2727 1702 2916 1770 etiam
2977 1702 3302 1770 canonicis
3361 1705 3652 1773 eiusdem
3723 1705 3911 1774 Colle·

2399 1787 2558 1856 iatae
2603 1792 2762 1857 infra
2811 1790 3021 1857 locum
3068 1791 3529 1858 canonicorum
3590 1795 3912 1861 cathedra·

2384 1877 2434 1940 is
2482 1888 2548 1943 et
2593 1881 2656 1945 in
2687 1879 2870 1945 linea
2914 1875 3206 1965 aequali?

2489 1969 2549 2032 4.
2584 1971 2681 2033 An
2713 1978 2778 2031 et
2810 1966 2919 2051 qui
2952 1967 3127 2032 locus
3159 1964 3472 2032 debeatur
3501 1968 3704 2036 Priori
3728 1973 3790 2036 S.
3813 1971 3914 2035 Ve-

2352 2052 2575 2136 nantii,
2608 2054 2870 2120 absente
2916 2052 3373 2120 Archidiacono
3404 2055 3822 2138 Cathedralis,
3855 2056 3910 2123 in

2352 2138 2856 2207 Processionibus
2913 2140 3180 2226 aliisque
3244 2139 3525 2225 actibus,
3578 2143 3668 2209 in·
3701 2143 3911 2231 quibus

2351 2224 2656 2293 incedere
2685 2228 2849 2293 solet
2879 2239 3224 2313 utrumque
3247 2227 3642 2314 Capitulum,
3666 2243 3732 2297 et
3753 2232 3911 2297 Prior

683 1267 940 1338 2229.
1336 1265 1627 1333 COHEN.

807 1443 1153 1512 Referente
1202 1446 1356 1507 Eme
1406 1451 1471 1507 et
1515 1444 1674 1507 Rmo
1718 1444 1903 1509 Dom.
1945 1440 2134 1508 Card.
2171 1441 2255 1507 de

677 1531 896 1599 Abdua
929 1530 992 1596 in
1025 1550 1205 1596 causa
1235 1532 1502 1595 Comen.
1528 1528 1761 1597 iurium
1797 1527 2253 1616 parochialium

676 1639 793 1685 seu
840 1616 1488 1704 praeeminentiamm
1550 1634 1747 1703 super
1808 1614 2257 1682 controversiis

678 1703 919 1771 exortis
965 1704 1134 1770 inter
1177 1703 1551 1787 Parochum,
1598 1702 1962 1790 Capitulum
2030 1713 2096 1767 et
2142 1706 2254 1769 Ca·

676 1791 935 1859 nonicos
978 1792 1299 1857 Ecclesiae
1339 1789 1726 1878 collegiatae
1758 1793 1823 1856 S.
1861 1790 2252 1878 Euphemiae

674 1881 920 1945 Insulae
966 1898 1046 1945 ex
1092 1897 1241 1961 una,
1291 1888 1483 1963 atque
1536 1882 1884 1965 Deputatos
1932 1877 2253 1944 Ecclesiae

674 1971 747 2033 B.
780 1968 861 2031 Μ.
898 1971 974 2035 V.
1012 1968 1093 2033 de
1125 1968 1444 2032 succursu
1491 1968 1759 2048 insulae,
1796 1965 2065 2050 eiusque
2096 1967 2250 2051 Cap-

677 2054 1000 2142 pellanum
1046 2051 1363 2119 Dioecesis
1407 2055 1673 2121 comen.
1708 2051 1991 2138 partibus
2037 2071 2118 2117 ex
2164 2052 2251 2117 al-

677 2155 830 2226 tera,
881 2150 947 2207 et
995 2140 1333 2228 propositis
1379 2137 1793 2229 infrascriptis
1836 2137 2084 2207 dubiis:

810 2233 866 2295 1.
920 2231 1015 2294 An
1062 2226 1343 2294 Ecclesia
1390 2231 1457 2293 B.
1496 2229 1576 2292 M.
1626 2228 1710 2294 de
1757 2229 2100 2309 succursu,
2131 2227 2246 2293 sita

2031 1264 2257 1353 (3874)

673 2316 833 2383 intra
866 2314 1101 2382 limites
1146 2312 1484 2381 Parochiae
1530 2315 1806 2397 insulae,
1839 2313 2125 2381 seiuncta
2157 2325 2247 2380 ta·

670 2422 819 2469 men
853 2423 885 2467 a
917 2401 1283 2486 parochiali,
1320 2400 1542 2468 habeat
1572 2402 1843 2488 aliquam
1876 2401 2250 2488 dependen-

673 2490 821 2555 tiam
850 2491 915 2557 in
948 2508 1027 2554 ex
1078 2488 1288 2555 lendis
1335 2488 1766 2556 functionibus
1810 2487 2248 2555 ecclesiasticis

664 2596 1055 2730 33333120.
1080 2575 1934 2731 ⁵2¹³¹³12³11¹232333⁰31113¹s³0
1955 2575 2246 2750 οἷξέζᾝὲῗ

667 2761 805 2817 ctae
825 2682 889 2817 Ῥε
903 2762 968 2817 et
1014 2759 1327 2837 qnatenus
1340 2683 1700 2835 pnegative,

798 2843 862 2904 2.
916 2839 1011 2904 An
1055 2836 1402 2903 celebratio
1449 2838 1670 2904 Missae
1702 2848 1982 2905 cantatae
2014 2838 2077 2905 in
2105 2839 2242 2905 die-

667 2926 784 2991 bus
829 2924 1105 3010 Sabbati,
1156 2923 1399 2993 festivis
1443 2925 1713 3012 aliisque
1776 2926 1931 2994 infra
1978 2946 2213 2995 annum

663 3025 913 3099 spectet
958 3016 1035 3081 ad
1081 3015 1537 3101 Cappellanum
1604 3015 1811 3082 dictae
1870 2977 2246 3083 Ecclesiae‘}

795 3106 857 3169 3.
912 3103 1008 3169 An
1040 3102 1268 3203 Episco
1317 3122 1357 3169 o
1385 3102 1718 3170 accedenti
1749 3103 1824 3169 ad
1858 3102 2094 3170 dictam
2124 3109 2241 3172 Ec·

663 3189 918 3257 clesiam
953 3206 1260 3278 porrigen
1309 3209 1418 3259 um
1450 3192 1531 3258 sit
1561 3191 1982 3279 aspersorium
2014 3212 2048 3256 a
2087 3197 2242 3282 cap-

665 3277 918 3368 pellano
965 3280 1069 3345 vel
1115 3279 1330 3365 potius
1376 3300 1408 3345 a
1454 3277 1815 3348 Parocho‘?·

794 3368 861 3432 4.
910 3368 1003 3431 An
1053 3365 1249 3453 possit
1309 3367 1844 3456 Archipresbyter
1895 3369 2237 3453 Parochus,

658 3453 765 3518 vel
798 3453 957 3518 alius
987 3452 1072 3519 de
1104 3452 1277 3519 dicto
1310 3454 1625 3542 Capitulo,
1668 3453 1946 3521 retinere
1994 3455 2235 3521 clavem

660 3540 951 3626 capsulae
975 3539 1304 3628 expositae
1333 3540 1395 3607 in
1429 3541 1596 3608 dicta
1643 3540 1922 3609 Ecclesia
1962 3543 2047 3608 de
2092 3546 2241 3611 Suc·

660 3644 847 3692 cursu
896 3646 1011 3713 pro
1061 3626 1444 3726 recipiendis
1490 3626 1967 3715 eleemosynis?

791 3715 856 3779 S.
895 3716 970 3778 R.
1004 3717 1106 3798 c.,
1154 3715 1303 3779 visis
1351 3714 1593 3782 iuribus
1642 3715 1786 3782 hinc
1832 3716 1981 3785 iude
2029 3718 2234 3786 dedu-

659 3801 774 3866 ctis
840 3811 904 3866 et
975 3810 1098 3866 tam
1167 3821 1326 3868 voce
1389 3821 1577 3888 quam
1636 3803 1886 3891 scriptis
1952 3807 2236 3892 partibus

660 3886 1136 3955 informantibus
1214 3889 1483 3974 auditis,
1541 3889 2022 3959 rescribendum
2082 3913 2232 3961 cen·

657 3976 783 4041 suit
816 3997 833 4040 z

788 4063 880 4130 Ad
936 4067 994 4129 1.
1045 4087 1085 4128 αι
1117 4065 1449 4152 Negative,
1486 4065 1771 4154 exceptis
1803 4066 2231 4136 functionibus

658 4150 974 4236 expressis
1024 4152 1085 4217 in
1132 4155 1175 4220 S
1217 4154 1386 4221 nodo
1433 4153 1818 4222 Turriani».

785 4239 881 4304 Ad
928 4242 996 4304 2.
1048 4261 1085 4303 «
1117 4243 1171 4307 A
1242 4242 1507 4310 rmative
1540 4263 1602 4305 ».

784 4325 879 4391 Ad
930 4329 992 4392 3.
1043 4350 1083 4393 ε
1118 4328 1579 4416 Porrigendum
1638 4351 1672 4393 a
1737 4331 2124 4419 cappellano
2159 4355 2223 4399 ».

785 4413 880 4480 Ad
929 4416 990 4478 4.
1040 4435 1080 4478 a
1114 4414 1501 4484 Affirmative
1534 4439 1601 4483 ι».

786 4504 864 4567 Et
895 4499 978 4567 ita
1009 4502 1319 4569 decrevit.
1370 4505 1483 4571 Die
1512 4508 1597 4572 24
1630 4506 2002 4573 Novembris
2033 4511 2225 4577 1714.

654 4675 911 4744 2230.
1210 4682 1688 4747 cassatam.

1021 4822 1847 4891 PRAEEMNENTIARUM.
1884 4809 1897 4822 ”

1995 4688 2223 4775 (3877)

2351 2314 2415 2380 S.
2455 2315 2746 2381 Venantii
2792 2314 3029 2383 incedit
3074 2335 3106 2379 a
3153 2312 3420 2380 sinistris
3454 2317 3907 2402 Archidiaconi,

2352 2399 2488 2489 ipso
2535 2414 2869 2488 praesente
2918 2414 2983 2469 et
3029 2401 3508 2469 interessente'?
3835 2406 3839 2419 ’

2481 2493 2548 2556 δ.
2597 2491 2692 2555 An
2736 2491 3227 2557 Archidiaconus
3257 2487 3564 2557 habeatur
3593 2512 3711 2580 pro
3742 2513 3906 2581 prae-

2346 2585 2528 2641 sente
2575 2578 2828 2662 quando
2887 2575 3116 2643 assistit
3177 2576 3493 2665 Episcopo
3540 2579 3902 2665 celebranti,

2351 2661 2452 2726 vel
2499 2663 2912 2731 assistentiam
2958 2672 3226 2753 praestat
3273 2664 3488 2731 eidem
3537 2667 3601 2734 in
3666 2673 3904 2735 Proces-

2345 2748 2623 2817 siouibus
2669 2751 2860 2818 etiam
2907 2753 3082 2820 ssmi
3113 2751 3409 2838 corporis
3439 2754 3699 2839 Christi,
3735 2757 3813 2822 ita
3845 2767 3905 2819 ut

2346 2835 2519 2902 Prior
2565 2839 2632 2904 S.
2682 2840 2971 2907 venantii
3019 2840 3249 2906 debeat
3295 2842 3690 2926 praecedere
3742 2848 3906 2909 Prae·

2347 2924 2624 3011 positum
2669 2924 3114 2996 cathedralis?

2478 3018 2547 3080 6.
2603 3017 2699 3081 An
2763 3016 3117 3083 ministrare
3182 3016 3534 3084 naviculam
3609 3022 3903 3109 Episcopo

2347 3103 2606 3188 ponenti
2658 3104 2804 3170 thus
2851 3105 2913 3170 in
2963 3104 3287 3171 thuribulo
3329 3104 3389 3170 in
3419 3107 3766 3195 collegiata
3801 3111 3904 3172 Ec-

2344 3189 2561 3274 clesia,
2592 3191 2655 3257 in
2679 3190 3182 3257 Processionibus
3215 3192 3278 3259 in
3310 3192 3538 3278 quibus
3569 3196 3907 3264 intervenit

2341 3277 2703 3362 Capitulum
2749 3278 3138 3346 cathedralis
3187 3291 3251 3347 et
3285 3280 3634 3371 Episcopus
3665 3305 3793 3351 non
3822 3305 3905 3348 as-

2344 3364 2509 3430 sistit
2561 3365 2624 3430 in
2677 3365 3166 3452 Pontificalibus,
3220 3380 3468 3454 spectet
3521 3372 3599 3439 ad
3666 3372 3904 3459 Dignio-

2345 3469 2481 3516 rem
2531 3470 2609 3516 ex
2663 3453 2952 3540 capitulo
2984 3454 3409 3534 Cathedralis3
3469 3459 3570 3524 vel
3618 3461 3700 3527 ad
3747 3458 3904 3525 Prio-

2340 3556 2476 3604 rem
2524 3537 2800 3691 ιὲἰιιωνο
2843 3540 3198 3627 digniorem
3249 3562 3329 3608 ex
3373 3547 3663 3632 capitulo
3708 3548 3904 3613 colle·

2341 3625 2540 3711 giatae

2471 3715 2537 3778 7.
2586 3718 2679 3781 An
2728 3715 3035 3782 Parochus
3082 3717 3468 3804 collegiatae
3532 3720 3595 3787 iu
3655 3727 3903 3789 Proces-

2338 3801 2643 3885 sionibus,
2677 3802 2744 3868 in
2772 3802 3001 3888 quibus
3049 3805 3392 3873 intervenit
3425 3819 3773 3895 utrumque
3801 3814 3902 3877 Ca·

2341 3888 2641 3976 pitulum,
2678 3890 2977 3957 incedere
3019 3891 3251 3958 debeat
3281 3916 3313 3958 a
3345 3892 3610 3963 sinistris
3651 3900 3900 3967 Parochi

2335 3963 2748 4061 Cathedralis,
2798 3978 2986 4045 etiam
3032 3999 3175 4045 cum
3222 3981 3447 4049 Stola?

2468 4066 2543 4130 Et
2610 4067 2676 4132 S.
2731 4068 2811 4132 R.
2867 4069 2967 4152 c.,
3032 4066 3177 4133 visis
3245 4068 3486 4137 iuribus
3555 4072 3699 4140 hinc
3761 4074 3902 4142 inde

2333 4149 2631 4218 deductis
2665 4162 2755 4218 ·et
2820 4164 2944 4219 tam
2990 4154 3240 4242 scriptis
3282 4177 3473 4244 quam
3527 4179 3684 4226 voce
3743 4174 3901 4230 utra-

2335 4256 2460 4323 que
2505 4250 2686 4391 parte
2733 4241 3108 4309 informante
3152 4245 3391 4330 audita,
3428 4246 3900 4317 rescribendum

2336 4345 2556 4392 censui
2614 4351 2632 4394 ε

2462 4416 2557 4482 Ad
2611 4420 2670 4481 1.
2724 4437 2761 4480 ‹
2794 4418 2886 4482 Ne
2932 4418 3101 4485 ative
3141 4442 3203 4483 ι».

2462 4502 2559 4569 Ad
2607 4506 2671 4569 2.
2723 4525 2760 4568 α
2794 4507 2845 4570 Α
2919 4508 3224 4591 rmative,
3282 4524 3622 4593 praesente
3682 4515 3898 4581 Archi-

2329 4588 2631 4669 diacono;
2679 4591 2983 4679 Negative
3027 4613 3207 4679 vero,
3255 4597 3517 4665 absente
3548 4624 3612 4665 ».

2463 4677 2555 4743 Ad
2608 4682 2669 4745 3.
2721 4701 2760 4744 a
2795 4681 3098 4766 Negative
3133 4705 3196 4749 ι».

2460 4764 2553 4831 Ad
2606 4769 2670 4832 4.
2723 4768 2949 4833 <Satis
3006 4773 3327 4856 provisum
3394 4735 3798 4847 insecundo
3835 4801 3893 4844 ».

2460 4852 2554 4918 Ad
2605 4857 2668 4920 ὕ.
2719 4877 2756 4920 a
2791 4856 3097 4943 Negative
3131 4881 3194 4924 ».

2459 4938 2552 5006 Ad
2601 4944 2665 5007 6.
2715 4964 2755 5007 c
2790 4943 3135 5043 Negative,
3187 4949 3392 5033 quoad
3443 4950 3708 5038 primam
3756 4973 3896 5041 par·

781 5008 876 5073 Ad
922 5011 1227 5077 sedandas
1272 5016 1728 5084 controversias
1776 5016 2006 5086 iamdiu
2055 5021 2222 5086 exci·
2330 5037 2495 5112 tem;
2546 5026 2957 5114 Affirrnattve,
3008 5035 3210 5118 quoad
3256 5037 3603 5104 secundam
3635 5061 3692 5106 ι».

653 5104 802 5160 tatas
848 5094 1015 5162 iuter
1043 5098 1402 5185 Capitulum
1436 5115 1499 5168 et
1528 5106 1872 5172 Canonicos
1906 5107 2221 5173 Ecclesiae

646 5183 1040 5250 Cathedralis
1086 5204 1167 5251 ex
1200 5205 1347 5272 una,
1382 5200 1572 5275 atque
1619 5192 1978 5279 capitulum
2015 5205 2079 5260 et
2107 5198 2220 5261 Ca-

648 5269 910 5337 nonicos
968 5273 1289 5339 Ecclesiae
1356 5277 1741 5364 collegiatae
1800 5286 1868 5351 S.
1932 5282 2219 5349 Venantii

2458 5115 2552 5181 Ad
2604 5118 2666 5182 7.
2719 5138 2756 5181 ‹
2787 5117 3214 5199 Affirmative;
3266 5135 3332 5188 et
3375 5126 3644 5214 amplius
3677 5151 3739 5194 ν.

2455 5207 2535 5268 Ει
2568 5204 2648 5270 ita
2681 5205 2965 5272 decrevit
2995 5227 3067 5273 ac
3113 5211 3348 5276 servari
3397 5215 3736 5282 mandavit.
3784 5215 3890 5282 Die

2329 5292 2403 5354 11
2457 5291 2592 5357 Maii
2645 5294 2838 5360 17¹5.
