4042 5950
1560 272 1873 362 -253
1926 323 2030 342 —

187 435 300 506 vari
325 460 356 504 a
393 435 623 506 celebri
656 436 835 507 istius
864 435 1384 528 Metropolitanae
1413 438 1731 526 Capitulo,
1835 458 1998 506 anno
2032 439 2276 506 scilicet
2309 439 2503 525 1810,
2537 460 2571 505 a
2599 460 2652 507 S.
2686 460 2773 508 m.
2807 432 2916 506 Pio
2947 440 3103 527 Papa
3136 438 3241 510 Vll
3274 439 3415 510 Col·

187 528 344 595 cuius
429 539 714 615 erspecta
762 526 953 595 hahet
998 545 1150 615 erga
1183 528 1422 597 Sedem
1468 529 1736 615 Aposto-

187 615 348 682 licam
383 548 738 684 devotionis
771 627 834 683 et
866 615 1154 703 obsequii
1198 626 1595 705 argumenta.
1644 619 1734 683 Ac

181 714 522 791 pergratum
567 705 862 791 accipiet,
911 706 1262 773 conciliatis
1304 705 1549 789 animis,
1589 706 1739 794 Epi-

182 810 419 879 scopum
461 792 810 861 Titularem
863 794 1253 861 canonicum
1312 794 1509 896 Zoppi
1553 812 1736 881 prae-

184 880 449 948 cedentia
494 880 688 948 fuisse
717 883 1064 969 donatum;
1101 885 1274 969 quod
1307 885 1575 970 quidem
1606 893 1738 950 tur-

183 967 313 1035 bare
336 970 555 1055 nequit
584 970 980 1058 peculiarem
1014 971 1193 1039 istius
1217 970 1739 1059 metropolitanae

182 1056 395 1137 Ritum,
429 1078 497 1124 ac
529 1058 722 1126 decet
753 1059 1198 1147 Episcopalem
1230 1060 1638 1146 Dignitatem,
1674 1067 1740 1125 et

183 1164 311 1211 cum
332 1147 773 1233 praecedentia
796 1148 1008 1215 eidem
1035 1149 1394 1217 restitutam
1419 1150 1740 1215 conscien-

185 1233 292 1298 tiae
334 1234 639 1320 quietem,
673 1256 795 1303 nec
839 1255 967 1304 non
1013 1237 1232 1304 amissa
1265 1239 1735 1315 emolumenta3

181 1340 358 1405 quum
386 1323 520 1412 ipse
551 1324 929 1392 abstinuerit
952 1345 984 1390 a
1007 1325 1216 1392 choro
1247 1326 1490 1393 veritus
1512 1328 1737 1393 Sacrae

182 1412 677 1499 Congu-egationis
744 1412 1151 1501 perfringere
1221 1419 1484 1481 Decreta
1549 1433 1738 1500 quae,

180 1499 543 1587 ubicumque
589 1500 779 1568 floret
824 1502 1145 1572 catholica
1174 1502 1450 1590 Religio,
1483 1522 1740 1570 servan-

183 1599 273 1653 tur
312 1608 376 1654 ac
423 1592 826 1657 recoluntur.

293 1681 449 1744 Haec
494 1678 705 1744 omnia
750 1678 1151 1746 Eminentiae
1199 1683 1464 1749 Vestrae
1509 1678 1743 1768 signifi-

182 1784 308 1831 care
350 1785 450 1833 me
496 1767 803 1855 oportuit,
856 1778 926 1832 ut
971 1768 1382 1835 Sacratissimi
1437 1768 1742 1856 Principis

179 1855 443 1922 mandata
467 1854 854 1943 perficerem
880 1866 944 1922 et
968 1860 1194 1925 Sacrae
1223 1857 1743 1943 congregationis

179 1953 442 2009 mentem
478 1944 1045 2030 communicarem
1082 1945 1253 2032 quod
1285 1945 1516 2013 sedulo
1546 1945 1743 2012 adim-

178 2031 346 2185 plens
384 2032 788 2187 Eminentiae
820 2035 1083 2101 Vestrae
1114 2051 1336 2101 manus
1381 2033 1740 2101 humillime

221 2138 393 2188 eoscu
424 2141 520 2190 or.

186 2260 396 2334 2⁷11.
663 2264 1210 2332 remcasrnEN.
1511 2264 1737 2354 (4719)

293 2386 528 2455 Blasius
576 2388 826 2455 Lentini
876 2389 1409 2477 Archipresbyter
1453 2400 1519 2455 et
1562 2394 1743 2455 Paro·

182 2472 321 2540 chus
363 2476 699 2562 primariae
762 2478 1083 2544 Ecclesiae
1143 2482 1274 2545 Deo
1320 2477 1382 2545 in
1431 2479 1740 2545 bonorem

184 2563 371 2630 Sancti
421 2566 661 2634 Nicolai
721 2566 1022 2654 Episcopi
1075 2566 1321 2633 dicatae
1378 2567 1609 2654 Oppidi
1655 2570 1742 2633 De

183 2655 397 2719 Laurea
467 2654 789 2723 Dioecesis
864 2655 1268 2722 Policastren.
1342 2655 1744 2722 considerans

183 2743 364 2828 caput
407 2743 494 2810 de
538 2744 845 2829 Exequiis
893 2748 932 2824 ἓ
972 2747 1012 2810 ὅ
1056 2743 1321 2811 Ritualis
1364 2743 1628 2811 Romani
1672 2763 1740 2810 ac

184 2830 644 2917 dispositionem
703 2831 995 2916 MissaliS,
1058 2832 1232 2917 quod
1289 2851 1406 2899 suo
1465 2834 1606 2899 loco
1651 2852 1744 2897 as-

181 2918 367 3006 signat
418 2921 665 2989 Missam
717 2921 781 2988 in
834 2920 941 2989 die
988 2919 1198 2989 obitus
1242 2941 1357 2989 seu
1403 2920 1746 3009 depositio-

181 3007 265 3073 nis
306 3010 617 3093 defuncti,
665 3020 857 3096 atque
904 3010 1339 3100 internoscens
1368 3009 1748 3079 Rubricista-

182 3113 311 3161 rum
352 3099 640 3165 omnium
686 3098 1068 3165 sententiam
1123 3098 1539 3166 asserentium
1586 3099 1746 3165 hanc

179 3183 405 3253 Missam
469 3186 821 3254 canendam
882 3205 1058 3272 esse,
1119 3199 1193 3254 ut
1252 3189 1426 3254 locus
1484 3187 1582 3255 illi
1640 3187 1746 3254 fiat

181 3271 237 3337 in
287 3273 508 3344 diebus
571 3277 746 3342 festis
804 3276 909 3342 vel
969 3278 1130 3342 ritus
1189 3275 1504 3379 duplicis;
1574 3286 1744 3344 ratus

182 3373 267 3427 est
320 3383 635 3454 pauperes
701 3364 1076 3448 defunctos,
1147 3384 1327 3451 queis
1389 3364 1557 3433 vires
1619 3385 1747 3433 non

178 3466 510 3540 suppetunt
558 3472 678 3541 pro
724 3453 1069 3522 obtinenda
1113 3455 1290 3520 Missa
1336 3454 1620 3522 Solemni
1664 3456 1747 3522 de

179 3542 471 3627 Requiem
522 3544 590 3609 in
635 3542 741 3609 die
786 3541 1226 3630 depositionis,
1262 3542 1578 3611 inferioris
1610 3562 1748 3610 esse

179 3631 545 3698 conditionis
593 3641 893 3718 respectu
940 3631 1245 3710 divitum;
1293 3644 1633 3719 propterea
1663 3650 1747 3698 ne

181 3714 288 3784 hoc
329 3719 643 3806 peculiari
705 3721 832 3787 ritu
879 3722 955 3787 ab
1002 3720 1281 3786 Ecclesia
1339 3728 1573 3786 statuto
1618 3720 1748 3807 pri-

179 3817 432 3888 ventnr;
480 3808 753 3876 concedi
798 3817 871 3874 nt
913 3827 1036 3895 pro
1088 3807 1408 3876 defunctis
1452 3808 1749 3896 pauperi-

181 3892 286 3958 bus
329 3897 504 3964 Missa
552 3917 585 3962 a
620 3896 850 3964 Rituali
881 3898 1191 3964 recensita
1222 3898 1329 3963 die
1360 3897 1748 3984 praescripta

180 3980 297 4070 legi
339 3985 531 4052 etiam
578 3986 786 4051 valeat
829 3985 895 4051 in
941 3985 1170 4053 diebus
1216 3986 1390 4051 festis
1435 3984 1537 4050 vel
1589 3985 1746 4052 ritus

179 4070 461 4159 dupliciS,
517 4085 712 4160 atque
766 4074 843 4141 ad
896 4076 1015 4142 hoc
1078 4074 1399 4140 indultum
1456 4073 1747 4161 expediri

181 4161 386 4312 sla-crae·
408 4163 672 4230 Rituum
694 4162 1188 4251 congregationi
1212 4162 1572 4230 humillime
1603 4181 1749 4251 sup—

243 4263 449 4318 mavit.

178 4264 215 4331 p
295 4342 371 4405 Et
417 4343 604 4407 Sacra
635 4340 894 4407 Rituum
926 4339 1374 4442 CongregatiO,
1421 4339 1498 4406 ad
1545 4338 1745 4418 Quiri-

179 4425 310 4493 uale
344 4427 462 4495 sub
505 4427 897 4516 infrascripta
935 4428 1044 4495 die
1078 4448 1142 4494 m
1171 4426 1499 4496 ordinario
1542 4431 1746 4495 coetu

180 4514 548 4601 coadunata,
597 4515 808 4583 audita
869 4517 1178 4583 relatione
1224 4515 1302 4581 ab
1348 4515 1745 4603 infrascripto

179 4602 523 4671 Secretario
557 4603 714 4670 facta
739 4615 804 4672 et
837 4604 1132 4672 omnibus
1164 4604 1288 4671 rite
1313 4603 1748 4688 consideratis,

178 4693 544 4774 praesertim
612 4695 896 4760 Decretis
961 4714 1017 4759 s.
1074 4711 1164 4759 m.
1228 4692 1573 4759 Alexandri
1638 4695 1746 4757 Pa·

178 4795 285 4861 pae
314 4783 446 4865 Vll,
479 4781 966 4849 rescribendum
998 4782 1286 4849 censuitt
1337 4802 1375 4844 α
1400 4781 1742 4869 Negative;

179 4876 239 4930 et
276 4879 616 4937 serventur
659 4869 969 4939 Rubricae
1000 4891 1066 4936 ».
1116 4871 1322 4955 Atque
1383 4869 1465 4937 ita
1520 4868 1744 4936 rescri-

178 4954 317 5039 psit.
367 4957 483 5024 Die
538 4961 612 5024 17
659 4959 930 5045 Augusti
984 4962 1172 5027 1833.

180 5128 407 5206 2712.
763 5137 1143 5205 BOSANEN.
1517 5132 1744 5221 (4720)

299 5313 678 5381 Parochiatis
725 5315 1004 5383 Ecclesia
1068 5314 1297 5403 Oppidi
1345 5314 1450 5383 cui
1511 5333 1747 5384 nomen

177 5401 363 5487 vulgo
413 5403 706 5488 Guylieri
757 5403 1078 5472 Dioecesis
1135 5408 1448 5472 Bosanen.
1493 5424 1743 5490 recens,

1838 527 2110 614 legiatae
2143 527 2331 595 titulo
2364 528 2659 616 insignita
2690 528 2839 596 fuit.-
2882 533 3021 615 lpse
3054 541 3265 597 antem
3296 530 3423 598 Lit-

1841 626 2123 683 terarum
2173 616 2680 706 Apostolicarum
2736 616 3240 703 exequutionem
3301 623 3422 688 Re-

1838 704 2299 771 verendissimo
2324 710 2628 773 Bosanen.
2667 705 2981 794 Episcopo
3014 724 3133 773 ceu
3156 711 3420 794 Aposto-

1839 791 1964 859 lico
1996 794 2074 860 ad
2106 794 2225 860 hoc
2257 798 2558 880 Delegato
2590 793 2942 874 commisit;
2982 795 3091 880 qui
3126 797 3244 863 hoc
3276 815 3419 884 spe-

1842 880 1977 946 ciali
2002 900 2274 949 munere
2299 883 2664 949 honestatus
2688 882 2887 971 ipsam
2907 883 3334 951 Parochialem
3356 884 3421 951 in

1839 969 2252 1057 collegiatam
2285 972 2516 1037 erexit.
2565 975 2729 1039 Dum
2769 971 2969 1039 Sacris
3003 970 3243 1039 ibidem
3271 972 3421 1061 Epi·

1840 1078 2072 1146 scopus
2118 1060 2296 1127 daret
2342 1077 2630 1145 operam,
2666 1060 2899 1126 factum
2934 1071 3053 1143 est,
3090 1069 3162 1128 ut
3192 1081 3225 1127 a
3255 1080 3418 1129 novo

1842 1147 2133 1235 Capitulo
2181 1147 2379 1214 Sedes
2428 1146 2517 1217 illi
2551 1147 2932 1215 pontificalis
2962 1158 3027 1216 et
3060 1147 3306 1218 Solium
3339 1150 3420 1217 de

1843 1256 2025 1305 more
2057 1236 2484 1303 attolleretur.
2520 1236 2764 1304 Deinde
2795 1238 2988 1304 rebus
3016 1238 3311 1305 omnibus
3340 1240 3418 1306 ad

1843 1326 2089 1393 exitum
2140 1324 2438 1391 deductis
2488 1329 2709 1392 Bosam
2754 1324 3089 1409 remeavit,
3139 1326 3296 1413 quin
3340 1326 3423 1393 ob

1844 1414 1979 1481 eius
2025 1412 2374 1481 discessum
2419 1412 2795 1481 cathedram
2853 1412 3292 1503 Episcopalem
3347 1415 3423 1483 ab

1842 1501 2120 1571 Ecclesia
2165 1499 2513 1589 collegiata
2555 1502 2920 1589 capitulum
2966 1512 3317 1571 amoveret.
3354 1508 3422 1571 ln

1844 1591 2022 1658 cuius
2078 1589 2173 1656 rei
2230 1591 2517 1657 notitiam
2576 1592 2683 1657 ubi
2741 1602 2884 1678 post
2938 1591 3177 1677 aliquot
3228 1611 3423 1660 annos

1843 1688 2111 1747 ventum
2172 1690 2304 1762 est,
2369 1698 2713 1765 numquam
2771 1679 3019 1745 destitit
3073 1681 3425 1783 Episcopus

1841 1768 2189 1837 canonicos
2248 1767 2427 1836 colle
2472 1767 2625 1834 iales
2681 1769 2944 1852 hortari,
2993 1768 3188 1835 immo
3234 1780 3424 1837 etiam

1846 1857 2017 1923 iussu
2050 1861 2283 1944 cogere
2313 1875 2394 1923 ne
2474 1855 2665 1923 iutius
2694 1854 2983 1924 sinerent
3012 1857 3248 1924 Sedem
3276 1858 3425 1945 Epi·

1841 1945 2165 2032 scopalem
2233 1955 2298 2010 et
2365 1945 2611 2012 Solium
2675 1945 2741 2011 in
2808 1944 3069 2012 illorum
3142 1946 3426 2015 Ecclesia

1844 2033 2155 2114 retineri3
2215 2034 2328 2100 sed
2376 2032 2653 2101 frustra:
2711 2033 3048 2121 imperanti
3108 2033 3425 2121 siquidem

1848 2123 2159 2222 Episcopo
2205 2122 2433 2188 acriter
2476 2123 2852 2189 restiterunt
2884 2122 3246 2192 dictitantes
3277 2143 3424 2191 con·

1805 2212 2280 2293 suetudinem,
2332 2211 2486 2279 licet
2528 2228 2879 2299 paucorum
2924 2229 3259 2298 annorum,
3308 2210 3426 2278 sihi

1848 2297 2091 2386 liquido
2152 2299 2499 2387 suffragari.
2559 2299 2763 2377 Quare
2822 2317 3023 2385 quum
3081 2299 3255 2366 nulla
3302 2300 3424 2366 iam

1844 2407 1991 2476 spes
2049 2386 2358 2476 Episcopo
2420 2399 2786 2474 superesset
2847 2388 3137 2455 futurum
3197 2398 3270 2454 ut
3314 2387 3427 2454 ali-

1846 2477 2100 2564 qnando
2148 2478 2535 2543 reluctantes
2592 2494 2743 2544 suae
2797 2486 3097 2564 parerent
3156 2477 3426 2545 auctori-

1851 2566 1986 2650 tati,
2037 2564 2359 2633 Sardiniae
2402 2565 2606 2652 Regni
2654 2565 3082 2654 Vice-Regem
3127 2567 3194 2633 in
3239 2584 3427 2653 opem

1850 2653 2245 2742 imploravit3
2295 2654 2403 2739 qui
2465 2654 2693 2720 invitos
2751 2654 3095 2723 canonicos
3153 2655 3228 2721 ad
3277 2656 3427 2722 obe-

1845 2742 2151 2810 dientiam
2192 2741 2430 2829 adegit.
2467 2744 2725 2809 Interim
2756 2762 2910 2810 vero
2943 2745 3292 2832 Episcopus
3325 2746 3428 2811 Sa-

1848 2850 1991 2898 crae
2037 2830 2299 2897 Rituum
2342 2831 2833 2919 congregationi
2875 2833 3206 2917 sequentia
3239 2832 3429 2900 dubia

1850 2918 2181 2988 enodanda
2227 2920 2584 3009 proposuit,
2633 2929 2704 2988 ut
2751 2939 2832 2987 ex
2880 2920 3066 2988 huius
3113 2930 3289 2988 certo
3337 2919 3429 2988 iu·

1847 3008 2015 3077 dicio
2071 3008 2225 3095 quid
2287 3009 2353 3075 in
2413 3020 2742 3097 postemm
2797 3010 2916 3077 sibi
2974 3010 3295 3096 agendum
3350 3011 3429 3077 sit

1848 3097 2240 3177 innotescat;
2287 3096 2639 3165 videlicet:

1987 3191 2047 3253 1.
2097 3190 2192 3253 An
2238 3185 2620 3253 Cathedram
2677 3205 2794 3254 seu
2855 3185 3100 3254 Solium
3155 3186 3237 3252 ob
3283 3181 3430 3273 Epi-

1848 3275 2026 3363 scopi
2073 3276 2419 3343 adventum
2468 3275 2532 3341 in
2578 3275 2925 3362 collegiata
2971 3273 3250 3342 Ecclesia
3279 3293 3430 3341 suae
3512 3355 3515 3358 Α

1849 3363 2169 3430 Dioecesis
2214 3373 2540 3447 erectum,
2590 3365 2701 3431 illo
2748 3381 3005 3451 quoque
3058 3364 3318 3431 absente
3365 3373 3429 3428 et

1851 3453 1916 3519 in
1960 3472 2136 3519 suam
2173 3452 2581 3521 residentiam
2615 3472 2899 3537 reverso,
2932 3451 2998 3518 in
3029 3452 3257 3520 eadem
3287 3451 3428 3519 col-

1855 3540 2083 3628 legiata
2129 3541 2409 3608 Ecclesia
2456 3542 2742 3610 retinere
2788 3539 3028 3609 liceat?

1987 3632 2054 3696 2.
2102 3630 2268 3697 Num
2316 3629 2379 3696 in
2425 3630 2713 3697 adductis
2759 3649 2976 3697 rerum
3024 3629 3431 3698 circumstan-

1851 3717 1953 3806 tiis
2001 3717 2085 3783 ob
2130 3718 2660 3786 consuetudinem
2721 3718 3038 3807 generalis
3091 3720 3199 3785 lex
3245 3716 3429 3785 alicui

1854 3806 2220 3894 exceptioni
2268 3804 2691 3875 subiiciatur?

1983 3899 2064 3961 Et
2130 3898 2315 3963 Sacra
2381 3895 2641 3962 Rituum
2708 3895 3129 3984 congregatio
3196 3894 3261 3964 in
3316 3897 3432 3974 ,Or-

1848 3982 2090 4051 dinario
2136 3988 2338 4052 coetu
2398 3984 2475 4051 ad
2522 3985 2891 4061 Vaticanum
2945 3984 3066 4051 sub
3119 3982 3433 4051 infrascri-

1852 4080 1960 4162 pta
2025 4071 2134 4139 die
2203 4073 2586 4158 coadunata,
2663 4071 2998 4174 perpensis
3065 4070 3434 4158 libratisque

1851 4160 2181 4245 omnibuS,
2243 4161 2621 4247 praesertim
2667 4162 2742 4227 iis
2801 4180 2964 4248 quae
3027 4160 3148 4226 iam
3207 4159 3437 4227 sancita

1852 4250 2035 4318 fuere
2083 4269 2203 4338 per
2245 4253 2508 4316 Decreta
2554 4250 2620 4318 in
2676 4249 2990 4339 Ugentina
3033 4246 3154 4314 sub
3200 4248 3304 4315 die
3349 4252 3435 4316 23

1852 4338 1992 4406 Iulii
2053 4341 2216 4405 1661
2278 4348 2344 4404 et
2404 4336 2469 4404 in
2527 4338 2792 4405 Naulen.
2858 4337 2978 4405 sub
3039 4336 3144 4404 die
3212 4340 3287 4403 11
3335 4342 3434 4404 lu—

1854 4428 1921 4495 lii
2001 4430 2163 4495 1711
2199 4474 2217 4511 ,
2298 4425 2614 4512 exquisito
2688 4427 2877 4493 etiam
2949 4435 3099 4494 voto
3172 4425 3434 4492 alterins

1850 4537 1931 4583 ex
1976 4514 2480 4617 Apostolicarum
2528 4515 3086 4583 caeremoniarum
3130 4513 3435 4602 Magistris

1849 4605 2104 4691 scriptis
2180 4604 2436 4672 reddito
2502 4604 2851 4706 praeloque
2921 4624 3117 4688 cusu,
3186 4605 3264 4670 ad
3334 4620 3434 4668 re-

1853 4693 2156 4759 lationem
2220 4690 2712 4759 Eminentissimi
2776 4702 2842 4758 et
2899 4688 3433 4760 Reverendissimi

1848 4785 2032 4847 Dom.
2097 4781 2441 4848 cardinalis
2504 4785 2581 4848 D.
2643 4778 2875 4847 Placidi
2944 4782 3127 4849 Zurla
3194 4784 3436 4847 Ponen-

1849 4869 1971 4953 tis,
2041 4868 2565 4957 respondendum
2633 4868 2928 4935 censuitz
2997 4889 3035 4934 «ι
3079 4873 3257 4936 quta
3323 4887 3436 4934 vo·

1853 4967 1990 5023 tum
2059 4957 2333 5045 Magistri
2403 4957 3009 5038 caeremoniarum3
3079 4956 3433 5039 nimirum:

1850 5046 1927 5113 ad
1973 5046 2296 5133 primum,
2345 5046 2700 5133 Negative3
2758 5047 2837 5114 ad
2879 5046 3275 5133 secundum,
3320 5047 3435 5112 Le-

1851 5153 2000 5235 gem
2037 5135 2419 5237 ,generalem
2463 5135 2529 5202 in
2573 5153 2721 5201 casn
2765 5134 2927 5202 nulli
2972 5134 3193 5204 subiici
3247 5151 3436 5204 exce·

1926 5242 2056 5291 tom
2088 5246 2155 5290 ».

1854 5234 1923 5315 μ
1980 5316 2063 5380 Et
2110 5316 2193 5382 ita
2238 5313 2532 5382 decrevit
2569 5320 2636 5379 et
2672 5312 2912 5381 servari
2942 5313 3292 5383 mandavit.
3324 5311 3438 5380 Die

1855 5408 1940 5473 26
1975 5402 2209 5490 Aprilis
2248 5406 2442 5472 1834.
