4042 5950
2084 244 2500 327 -50—

660 407 1121 480 Canonicorum
1141 407 1347 477 dictae
1376 406 1760 494 collegiatae
1792 428 1823 472 a
1857 427 2054 475 cornu
2085 408 2231 492 Epi-

661 500 886 578 stolae,
954 498 1165 584 ibique
1216 497 1664 564 honorationes
1712 495 2003 581 recipere
2057 514 2240 581 prae-

658 587 805 651 stari
851 586 1062 652 solitas
1108 586 1279 652 dicto
1325 584 1640 672 Capitulo,
1677 594 1739 648 et
1771 584 2234 669 praecedenter

661 692 857 761 super
900 672 1039 761 ipso
1082 672 1423 759 Capitulo‘?

787 764 869 826 Et
920 764 986 827 S.
1035 766 1109 827 R.
1156 764 1260 844 C.,
1310 772 1580 845 utraque
1624 770 1809 845 parte
1863 758 2114 845 scriptis
2166 769 2234 824 et

658 866 814 913 voce
873 847 1252 916 informante
1296 848 1533 929 audita,
1571 846 2052 912 rescribendum
2087 866 2236 913 cen-

662 933 831 1001 suit:

789 1023 884 1089 Ad
938 1028 996 1088 1.
1047 1044 1084 1086 ‹
1118 1023 1426 1109 Negative
1458 1043 1522 1086 ι».
1962 1062 1968 1068 -

789 1110 883 1177 Ad
931 1115 997 1177 2.
1051 1132 1089 1174 s
1119 1109 1529 1191 Affirmative,
1555 1109 1726 1175 iuxta
1756 1110 2020 1177 modum
2055 1130 2234 1198 prae-

658 1196 1069 1266 scribendum
1117 1200 1192 1265 ab
1240 1203 1399 1265 Emo
1444 1201 1751 1263 Ponente.
1830 1199 2051 1265 Modus
2101 1209 2233 1283 est,

660 1295 731 1350 ut
776 1288 990 1351 Patres
1034 1286 1506 1352 Conventuales
1552 1284 1787 1351 habere
1819 1284 2098 1352 debeant
2147 1287 2238 1352 lo·

657 1390 804 1438 cum
850 1373 913 1440 in
957 1374 1165 1440 Choro
1211 1385 1276 1439 et
1321 1374 1502 1440 stallo
1550 1373 1931 1458 Collegiatae
1961 1394 1993 1438 a
2035 1393 2231 1440 cornu

660 1460 984 1547 Epistolae
1042 1459 1256 1544 ibique
1316 1460 1530 1526 solitas
1586 1461 2032 1527 honoratioues
2075 1460 2233 1527 reci·

660 1565 841 1633 pere,
888 1547 1003 1614 sed
1043 1548 1193 1632 'post
1236 1549 1603 1631 canonicos,
1644 1548 1833 1614 etiam
1866 1568 1993 1615 non
2038 1547 2233 1614 inter-

661 1636 963 1701 veniente
1008 1634 1371 1719 Praeposito
1404 1658 1467 1699 ».

791 1726 870 1787 Et
917 1722 1000 1786 ita
1046 1722 1330 1788 decrevit
1363 1735 1428 1788 et
1458 1722 1695 1788 servari
1744 1723 2089 1790 mandavit.
2121 1724 2232 1789 Die

666 1812 746 1874 15
791 1808 992 1874 Martii
1043 1812 1234 1875 1732.

662 1946 922 2017 2302.
1278 1950 1650 2017 mamm.
2005 1952 2229 2038 (4⁰09)

792 2074 950 2138 Cum
994 2069 1061 2135 in
1112 2074 1303 2136 Terra
1352 2070 1577 2137 Montis
1604 2071 1861 2158 Georgii
1906 2073 2232 2139 Firmauae

659 2156 974 2223 Dioecesis
1019 2156 1178 2223 adsit
1224 2158 1507 2224 Ecclesia
1538 2159 1614 2224 ad
1648 2177 1946 2257 praesens
1992 2179 2236 2227 nuncu-

662 2255 803 2329 pata
847 2248 914 2311 S.
946 2243 1251 2310 Francisci
1283 2248 1574 2310 Fratrum
1604 2248 1917 2312 Mmorum
1948 2250 2234 2313 Conven-

664 2330 951 2414 tualium,
1000 2331 1073 2398 ad
1124 2350 1312 2417 quam
1364 2342 1487 2396 tam
1534 2332 1875 2420 Praepositi
1922 2351 2113 2418 quam
2138 2339 2238 2400 Pa-

663 2419 841 2486 rochi
890 2419 1152 2485 aliarum
1199 2419 1654 2504 Ecclesiarum,
1705 2420 2034 2487 occasione
2079 2440 2238 2487 non-

657 2507 976 2572 nullarum
1009 2505 1515 2587 Processionum,
1549 2508 1822 2593 simplici
1858 2518 2100 2574 tantum
2133 2528 2235 2585 su·

660 2593 1058 2681 perpelliceo
1104 2593 1310 2660 induti
1356 2594 1668 2661 accedere
1712 2607 2230 2663 consueverunt:

659 2698 975 2766 cumque,
1027 2680 1390 2747 huiusmodi
1440 2682 1902 2748 consuetudine
1971 2683 2235 2749 minime

660 2766 948 2835 obstante
993 2770 1142 2832 Prae
1193 2768 1388 2835 ositus
1433 2770 1755 2835 Ecclesiae
1786 2774 1854 2837 S.
1883 2770 2123 2838 Ioannis
2170 2784 2234 2838 et

659 2859 725 2924 S.
774 2854 1103 2921 Benedicti
1149 2789 1252 2922 gie
1300 2859 1383 2921 25
1416 2855 1650 2942 Aprilis
1685 2861 1851 2925 1729
1886 2858 1948 2924 in
1980 2863 2236 2925 Proces-

616 3001 623 3006 .
658 2944 841 3011 sione
889 2946 954 3011 S.
990 2942 1200 3027 Marci,
1237 2953 1301 3009 et
1346 2962 1507 3011 anno
1545 2946 1709 3012 1730
1743 2945 1806 3014 in
1834 2945 1950 3011 alia
1983 2950 2236 3015 Proces-

657 3032 833 3099 sione
864 3050 979 3119 pro
1004 3031 1365 3098 Festivitate
1391 3035 1456 3098 S.
1479 3033 1832 3117 Benedicti,
1851 3035 2091 3100 Stolam
2115 3033 2238 3120 pri-

658 3138 839 3186 mum
870 3128 936 3185 et
984 3119 1398 3206 postmodum
1433 3121 1622 3186 etiam
1655 3120 1936 3208 pluviale
1972 3122 2034 3187 in
2066 3123 2235 3188 dicta

656 3207 942 3274 Ecclesia
986 3211 1059 3276 S.
1087 3206 1396 3273 Francisci
1429 3208 1651 3294 vigore
1681 3208 1943 3276 Ritualis
1971 3210 2231 3276 Romani

655 3295 928 3362 induere
971 3294 1297 3382 coeperit3
1348 3308 1715 3381 propterea,
1762 3298 2007 3364 ratione
2052 3317 2233 3398 prae-

660 3382 819 3449 fatae
891 3383 1224 3453 delationis
1289 3382 1501 3449 Stolae
1573 3395 1638 3449 et
1680 3385 2000 3473 pluvialia,
2064 3395 2233 3453 inter

656 3473 903 3536 Fratres
935 3471 1205 3536 Minores
1239 3472 1705 3538 Conventuales
1744 3493 1824 3538 ex
1858 3493 2005 3557 una,
2040 3484 2230 3560 atque

656 3557 1052 3643 Praepositos
1096 3557 1521 3623 Ecclesiamm
1566 3563 1941 3628 Sanctorum
1988 3561 2232 3628 loannis

661 3651 726 3707 et
790 3643 1117 3709 Benedicti
1187 3664 1259 3710 ac
1329 3647 1395 3712 S.
1467 3646 1786 3713 Michaelis
1847 3649 2231 3735 Archangeli

658 3729 829 3795 illius
870 3734 1101 3796 Terrae
1140 3732 1456 3817 (Parochis
1485 3754 1518 3797 a
1552 3734 1664 3800 lite
1694 3737 2102 3823 postmodum
2136 3755 2236 3801 re-

659 3816 1061 3904 cedentibus)
1103 3818 1387 3904 partibus
1432 3839 1510 3885 ex
1545 3822 1766 3906 altera,
1794 3823 1948 3888 ortis
1978 3833 2230 3889 contro-

659 3905 879 3972 versiis
914 3904 1166 3990 illisque
1197 3908 1273 3974 ad
1309 3911 1374 3974 S·
1402 3911 1477 3974 R.
1513 3912 1584 3976 C.
1621 3909 1872 3993 delatis,
1921 3914 2120 3978 Emus
2166 3920 2232 3976 et

658 3995 851 4059 limus
883 3997 955 4059 D.
985 3994 1170 4059 Card.
1207 3996 1416 4061 Porzia
1466 3995 1855 4085 infrascripta
1903 3998 2092 4067 dubia
2136 3999 2231 4064 in-

658 4090 759 4144 ter
801 4091 1012 4167 partes
1044 4082 1418 4147 concordata
1465 4084 1839 4153 declaranda
1870 4087 2228 4175 proposuit:

792 4172 852 4232 1.
901 4170 996 4233 An
1044 4169 1383 4257 Praepositi
1442 4173 1814 4238 Sanctorum
1875 4173 2118 4240 loannis
2165 4186 2230 4239 et

658 4253 980 4323 Benedicti
1018 4273 1116 4320 ·ac
1185 4258 1250 4342 S,
1315 4257 1631 4324 Michaelis
1696 4258 2075 4346 Archangeli
2135 4270 2228 4326 te-

656 4354 928 4410 neantur
979 4344 1289 4410 accedere
1357 4346 1432 4412 ad
1505 4346 1849 4413 Ecclesiam
1914 4346 2225 4414 Minorum

652 4431 1184 4499 conventualium
1256 4434 1476 4499 Montis
1536 4434 1839 4519 Georgii,
1900 4436 2226 4502 occasione

650 4519 1001 4607 peragendi
1043 4521 1510 4604 ProcessioneS,
1560 4542 1724 4609 quae
1754 4522 1916 4588 fiunt
1956 4522 2019 4588 in
2062 4524 2229 4590 dicta

653 4606 897 4675 Terra?
942 4617 1006 4673 et
1051 4620 1365 4694 quatenus
1408 4609 1816 4693 affirmative,

651 4778 664 4792 ⁸
758 4701 847 4763 ,2.
897 4700 995 4763 An
1041 4697 1304 4784 praefati
1330 4698 1668 4785 Praepositi
1696 4698 1936 4787 possint
1968 4699 2228 4766 deferre

652 4799 716 4846 in
760 4783 929 4848 dicta
974 4785 1254 4852 Ecclesia
1301 4785 1536 4852 Stolam
1586 4795 1652 4851 et
1697 4785 2034 4872 pluviale?

652 4953 664 4966 ·
778 4872 857 4933 Et
906 4874 975 4935 S.
1022 4875 1098 4938 R.
1146 4877 1250 4956 C.,
1305 4874 1589 4960 partibus
1644 4873 1893 4961 scriptis
1949 4887 2013 4940 et
2066 4895 2223 4941 voce

653 4954 1134 5024 informantibus
1164 4961 1418 5043 auditis,
1445 4961 1904 5030 rescribendun
1950 4964 2219 5030 censuit:

778 5042 875 5109 Ad
930 5047 992 5109 1.
1040 5065 1077 5107 ‹
1113 5047 1530 5129 Affirmative,
1561 5049 1735 5115 iuxta
1781 5052 2042 5117 solitum
2069 5072 2131 5117 ».

782 5129 875 5196 Ad
926 5135 991 5197 2.
1042 5135 1318 5216 «Posse,
1371 5136 1543 5200 iuxta
1601 5138 2067 5224 praescriptum
2123 5139 2228 5204 Ri-

652 5218 836 5284 tualis
883 5218 1188 5300 Romani,
1239 5241 1439 5287 unum
1487 5241 1567 5286 ex
1634 5224 2048 5309 Praepositis,
2122 5225 2242 5297 vel,

649 5307 840 5380 alium
900 5308 1311 5376 Sacerdotem
1375 5308 1739 5375 Secularem
1795 5322 1903 5374 aut
1954 5311 2220 5394 Regula-

2332 424 2470 471 rem
2517 405 2853 503 actualiter
2899 403 3319 505 incipientem
3366 416 3428 471 et
3489 416 3917 492 peragentem

2333 493 2726 592 functionem
2777 493 3203 560 Processionis
3248 491 3509 560 deferre
3565 496 3816 561 Stolam
3862 504 3918 559 et

2336 583 3010 735 plussilita’decrevit
3043 679 3108 736 et
3132 668 3373 736 servari
3404 669 3770 736 mandavit.
3817 668 3921 734 Die

2340 760 2417 822 17
2465 755 2603 820 Maii
2655 760 2845 825 1732.

2341 897 2605 966 2303.

2464 1024 2623 1087 Cum
2662 1040 2742 1087 ex
2788 1031 2975 1107 parte
3019 1025 3093 1087 D.
3141 1021 3383 1086 loannis
3443 1019 3774 1106 Baptistae
3836 1019 3922 1085 Ci-

2336 1107 2549 1174 cinelli
2612 1108 2852 1176 Patritii
2911 1107 3304 1195 Neapolitani
3363 1106 3674 1194 Prmcipis
3748 1105 3920 1173 Cursi

2336 1197 2503 1282 apud
2550 1200 2617 1263 S.
2669 1200 2745 1265 R.
2801 1200 2874 1263 C.
2924 1195 3256 1262 humiliter
3299 1193 3742 1282 supplicatum
3791 1194 3918 1260 fue·

2338 1286 2445 1366 rit,
2495 1293 2812 1369 quatenus
2842 1284 2963 1369 ipsi
3010 1284 3073 1350 in
3121 1283 3421 1349 Ecclesiis
3467 1286 3707 1348 Terrae
3773 1284 3922 1366 Cry-

2332 1373 2685 1457 ptalearum
2729 1371 2890 1438 intra
2951 1370 3115 1436 fines
3156 1370 3472 1437 Dioecesis
3516 1369 3919 1450 Tarentinae,

2336 1478 2498 1545 quae
2545 1458 2608 1524 in
2674 1458 3134 1558 temporalibus
3200 1458 3412 1524 eidem
3470 1456 3739 1540 subest,
3794 1457 3921 1522 iura

2335 1545 2700 1630 honorifica,
2749 1546 2889 1611 aliis
2941 1545 3072 1612 suis
3116 1544 3733 1631 praedecessoribus
3779 1562 3924 1630 per-

2337 1634 2522 1701 missa
2569 1634 2929 1700 concedere
2973 1633 3387 1722 dignaretur3

2468 1725 2534 1788 S.
2584 1722 2807 1789 eadem
2866 1725 2941 1790 R.
2982 1723 3092 1805 C.,
3135 1720 3348 1787 audita
3402 1719 3724 1785 relatione
3783 1717 3921 1783 Rmi

2340 1808 2858 1897 Archiepiscopi:
2893 1831 2932 1872 «
2959 1814 3136 1876 quta
3168 1810 3431 1875 modum
3462 1809 3538 1874 ab
3571 1806 3715 1892 ipso
3742 1824 3920 1894 piae·

2338 1897 2650 1982 scriptum
2695 1897 3062 1982 supradicto
3103 1894 3347 1964 oratori
3393 1913 3581 1961 usum
3635 1893 3924 1980 genufle-

2337 1983 2499 2048 xorii
2546 2003 2754 2069 panno
2803 1986 2986 2051 laneo
3056 1981 3373 2071 cooperti,
3421 1982 3787 2049 dummodo
3831 1979 3922 2045 di-

2336 2080 2513 2137 ctum
2560 2090 2840 2156 pannum
2895 2071 3317 2158 genuflexorii
3369 2068 3528 2136 fines
3550 2088 3680 2136 non
3731 2086 3919 2135 exce-

2338 2159 2471 2242 dat,
2498 2179 2644 2225 cum
2690 2159 2942 2226 duobus
2987 2159 3179 2225 etiam
3223 2157 3437 2245 parvis
3483 2157 3920 2245 pulvinaribus

2333 2246 2523 2313 simili
2569 2266 2782 2332 panno
2826 2247 3157 2330 confectis,
3191 2257 3371 2312 extra
3404 2256 3614 2312 tamen
3664 2243 3921 2329 Presby-

2340 2334 2572 2400 terium
2607 2334 2700 2421 (in
2731 2335 3080 2420 Collegiata
3111 2334 3411 2420 tantum),
3446 2332 3672 2401 nonin
3705 2331 3921 2397 medio

2310 2421 2690 2505 Ecclesiae,
2717 2422 2830 2489 sed
2865 2422 2929 2488 in
2975 2442 3102 2488 uno
3150 2440 3230 2487 ex
3264 2420 3566 2487 lateribus
3598 2420 3661 2484 ei
3693 2418 3920 2485 melius

2341 2508 2518 2593 viso·,
2563 2508 2649 2574 ita
2696 2520 2906 2577 tamen
2951 2520 3023 2575 ut
3073 2510 3167 2575 illi
3213 2527 3560 2594 numquam
3611 2506 3804 2572 liceat
3835 2505 3920 2570 uti

2339 2596 2821 2681 genuflexerio,
2891 2598 3254 2684 praesente
3298 2594 3809 2682 Archiepiscopo
3863 2592 3921 2657 iu

2338 2687 2529 2749 Terra
2574 2686 3081 2771 Cryptalearum,
3108 2702 3321 2771 neque
3370 2692 3616 2749 maneat
3659 2698 3920 2767 semper

2342 2780 2635 2837 ornatum
2681 2772 2746 2838 in
2798 2771 3106 2856 Ecclesia,
3153 2772 3269 2838 sed
3318 2791 3396 2836 eo
3439 2771 3685 2837 feratur
3736 2768 3918 2834 toties

2340 2856 2589 2942 quoties
2636 2859 2881 2926 dictum
2929 2857 3289 2946 Principem
3334 2859 3510 2924 illam
3555 2856 3740 2923 adire
3779 2874 3919 2921 con-

2340 2943 2602 3032 tigerit3
2667 2946 2933 3015 concedi
2996 2966 3180 3036 posse
3225 2969 3263 3013 »
3328 2945 3598 3014 censuit.
3661 2944 3781 3011 Die
3849 2945 3916 3008 17

2340 3034 2479 3099 Maii
2519 3038 2707 3101 1732.

2339 3191 2602 3262 2304.

2903 898 3378 965 mumma.
3694 897 3918 983 (4010)

2973 3193 3300 3258 NULLIUS

2739 3299 3051 3363 TERRAE
3099 3298 3516 3364 MELDULAE

2591 3405 3050 3470 PROVINCIAE
3103 3403 3661 3469 RAVENNATEN.

3688 3187 3914 3274 (40⁴7)

2468 3559 2879 3625 Consuetudo
2939 3559 3116 3645 viget
3185 3559 3250 3625 in
3317 3563 3507 3625 Terra
3570 3558 3910 3636 Meldulae,

2337 3656 2407 3712 ut
2455 3644 2707 3732 quoties
2738 3645 2926 3712 ‘illius
2964 3649 3249 3731 Clerum,
3301 3645 3366 3712 in
3395 3646 3604 3731 aliqua
3633 3643 3910 3712 Ecclesia

2335 3735 2412 3801 ad
2460 3753 2665 3799 sacras
2710 3736 3108 3822 peragendas
3155 3733 3517 3800 functiones
3575 3732 3914 3800 convenire

2338 3821 2673 3908 contingit,
2722 3832 2866 3907 post
2908 3821 3552 3909 Archipresbyterum
3623 3824 3691 3887 S.
3741 3820 3914 3886 Nico·

2335 3909 2417 3974 lai
2463 3920 2841 3995 ceterosque
2895 3911 3246 3977 animarum
3291 3913 3631 3992 Rectores,
3680 3904 3910 3991 reliqui

2331 3995 2694 4083 Presbyteri
2753 4008 2816 4063 et
2877 3998 3110 4065 Clerici
3177 3997 3694 4085 praecedentiam
3757 3993 3912 4062 obti-

2330 4093 2564 4165 neant,
2634 4083 2808 4150 iuxta
2868 4086 3299 4151 antianitatem
3361 4082 3781 4172 promotionis
3847 4099 3910 4145 ac

2330 4180 2576 4237 servata
2610 4172 2904 4239 ordinum
2929 4172 3375 4251 distinctione;
3407 4188 3555 4238 cum
3580 4190 3737 4238 vero
3761 4187 3912 4236 non-

2330 4258 2492 4325 nulli
2556 4278 2631 4324 ex
2695 4261 3129 4348 cappellanis,
3179 4280 3211 4324 a
3272 4265 3537 4327 Caesare
3593 4260 3910 4353 Armannq

2333 4366 2554 4413 eorum
2586 4346 2951 4415 institutore
2980 4348 3316 4414 Armannis
3355 4345 3765 4434 nuncupatis,
3799 4344 3908 4408 sibi

2329 4434 2610 4501 debitam
2656 4445 2934 4500 asserant
2980 4435 3496 4520 praecedentiam
3540 4453 3732 4522 snpra
3763 4433 3912 4498 alies

2328 4524 2737 4609 presbyteros
2787 4533 2851 4587 et
2898 4521 3179 4589 Clericos
3239 4523 3524 4608 quamvis
3583 4522 3762 4607 prius
3816 4540 3908 4586 or·

2330 4609 2626 4692 dinatoS,
2676 4627 2796 4674 nec
2850 4629 2980 4676 non
3041 4629 3234 4696 supra
3289 4608 3445 4675 alios
3501 4609 3911 4698 Cappellanos

2329 4700 2677 4764 Amannos
2739 4706 3066 4783 postremo
3114 4698 3385 4779 electos,
3435 4697 3589 4763 licet
3632 4696 3910 4762 seniores

2325 4786 2391 4852 in
2440 4785 2709 4864 ordine;
2756 4795 3128 4873 propterea,
3173 4786 3417 4850 exortis
3455 4785 3627 4851 inter
3651 4783 3908 4849 Clerum

2328 4873 2730 4960 supradictae
2789 4879 3023 4940 Terrae
3081 4891 3162 4939 ex
3217 4890 3380 4955 una,
3443 4881 3509 4938 et
3570 4871 3908 4938 nonnullas

2330 4962 2746 5049 cappellanos
2778 4960 3200 5028 Adunationis
3227 4961 3579 5026 Armannae
3629 4958 3905 5045 partibus

2326 5068 2407 5115 ex
2452 5051 2675 5134 altera,
2723 5047 3180 5115 controversiis
3224 5064 3420 5134 super
3466 5049 3609 5113 iure
3652 5065 3903 5132 praece-

2325 5137 2518 5204 dendi
2567 5137 2631 5203 in
2673 5136 3194 5203 Processionibus
3222 5134 3581 5221 ceterisque
3618 5132 3902 5202 omnibus

2323 5229 2565 5295 actibus
2611 5233 2677 5290 et
2723 5223 3155 5291 functionibus
3219 5221 3710 5305 ecclesiasticis,
3763 5219 3902 5285 illis·
3993 5223 3994 5226 ’

2325 5334 2451 5400 que
2485 5313 2560 5378 ad
2596 5315 2659 5376 S.
2698 5315 2771 5377 R.
2810 5315 2880 5377 C.
2921 5311 3187 5392 delatis;
3235 5314 3433 5376 Emus
3471 5321 3536 5376 et
3568 5314 3760 5379 Rthus
3794 5311 3898 5371 Do-
