4042 5950
2020 267 2494 351 —162—

607 427 1158 501 concurrentibus,
1190 427 1461 498 Dubium
1494 449 1651 517 ergo
1676 441 1798 515 est,
1826 430 1991 497 circa
2018 430 2191 516 quod

606 521 762 589 varii
809 521 978 588 varia
1024 520 1388 608 opinantur,
1439 519 1519 587 de
1570 519 1785 586 colore
1828 518 2194 587 adhibendo

607 609 672 676 in
719 608 1100 696 paramentis
1151 607 1342 673 sacris
1402 627 1519 696 pro
1583 608 1687 673 tali
1751 607 2188 694 repositione:

604 716 750 764 nam
799 696 1057 783 quidam
1122 695 1348 761 volunt
1411 696 1697 762 colorem
1765 697 2020 780 album,
2085 695 2189 762 alii

605 786 1220 871 correspondentem
1273 783 1489 851 Officio
1536 783 1693 868 diei,
1742 785 1855 852 sed
1902 784 2007 849 alii
2059 781 2191 850 exi-

602 875 857 941 stimant
903 872 1220 940 utendum
1269 891 1408 938 esse
1454 873 1671 938 colore
1719 872 2031 939 conformi
2076 891 2191 938 seu

599 961 805 1051 petito
832 982 864 1028 a
889 964 1074 1027 Festo
1108 963 1543 1043 pentecostes,
1566 960 1638 1026 in
1667 962 1849 1027 cuius
1879 961 2192 1027 honorem

601 1052 893 1118 solemne
946 1047 1345 1117 decemdiale
1395 1049 1804 1116 celebratur:
1870 1059 1935 1113 et
1984 1049 2068 1113 ita
2114 1048 2190 1114 ab

600 1139 862 1225 antiquo
913 1149 1206 1222 tempore
1239 1147 1620 1204 consuetum
1654 1145 1752 1202 est
1782 1137 1846 1202 in
1879 1137 2050 1202 dicta
2081 1139 2196 1202 Ec·

602 1227 819 1294 clesia.
847 1226 944 1294 Ad
983 1225 1331 1292 tollendam
1364 1223 1427 1289 in
1462 1235 1792 1312 posterum
1817 1224 2192 1290 varietatem

602 1315 929 1403 opinandi,
984 1312 1170 1380 enixe
1220 1311 1621 1399 supplicatur
1652 1313 1819 1398 apud
1854 1316 1986 1379 EE.
2021 1315 2186 1396 VV„

601 1417 915 1489 quatenus
962 1401 1289 1468 declarare
1337 1402 1725 1486 dignentur:
1769 1420 2046 1486 quonam
2079 1400 2192 1468 de·

604 1491 938 1558 terminato
986 1490 1202 1556 colore
1257 1488 1349 1555 uti
1396 1488 1629 1555 debeat
1685 1487 1747 1555 in
1804 1488 2189 1576 paramentis

599 1579 790 1645 sacris
835 1597 955 1666 pro
1006 1577 1396 1664 repositione
1442 1575 1783 1643 facienda?
1830 1577 1922 1663 (l)

514 1678 518 1681 ⁴
733 1670 811 1732 Et
880 1668 1069 1732 Sacra
1133 1666 1393 1732 Rituum
1453 1666 1911 1751 congregatio,
1976 1665 2188 1731 audita

600 1755 778 1842 prius
822 1754 1139 1820 sententia
1173 1751 1359 1819 unius
1394 1773 1475 1819 ex
1506 1753 2013 1840 Apostolicarum
2049 1758 2196 1820 Cae-

603 1841 1033 1908 remoniarum
1059 1840 1366 1926 magistris
1393 1840 1632 1929 scripto
1669 1842 1890 1908 tradita
1926 1852 1992 1906 et
2027 1842 2190 1927 typis

601 1931 794 1997 etiam
843 1949 1015 2011 cusa,
1064 1929 1143 1995 ad
1188 1928 1570 1996 relationem
1617 1930 1757 1994 Emi
1792 1940 1857 1994 et
1888 1928 2029 1996 Rmi
2067 1934 2188 1996 Do-

598 2016 754 2084 mini
815 2016 1160 2085 cardinalis
1206 2017 1495 2099 Crivelli,
1545 2016 1691 2083 loco
1740 2018 1878 2084 Emi
1928 2030 1992 2084 et
2049 2018 2187 2083 nffii

596 2111 674 2172 1).
700 2104 1045 2173 Cardinalis
1070 2104 1314 2171 Galleffi
1340 2105 1636 2172 Ponentis
1661 2106 1738 2173 ab
1764 2105 1933 2173 Urbe
1966 2106 2189 2172 absen-

601 2194 712 2278 tis,
771 2192 1129 2279 respondit,
1180 2205 1251 2259 ut
1299 2193 1497 2279 infra;
1556 2192 1908 2260 videlicet:
1958 2214 1996 2258 ‹
2031 2195 2188 2271 Qua-

601 2294 786 2349 tenus
834 2281 1171 2364 SacerdoS,
1206 2280 1313 2366 qui
1363 2286 1676 2367 vesperas
1721 2295 1975 2368 paratus
2016 2284 2188 2349 cele-

597 2369 828 2455 bravit,
861 2388 993 2437 non
1024 2371 1283 2436 recedat
1316 2368 1392 2433 ab
1423 2371 1637 2435 Altare
1673 2382 1740 2435 et
1770 2369 2009 2435 assistat
2051 2382 2188 2436 tum

597 2457 889 2525 concioni
960 2469 1098 2524 tum
1167 2455 1498 2544 precibus,
1570 2456 2029 2542 repositionem
2101 2457 2186 2523 fa·

595 2545 893 2613 ciendam
949 2563 1090 2610 esse
1152 2563 1300 2610 cum
1357 2544 1742 2630 paramentis
1796 2545 2031 2612 coloris
2087 2565 2188 2612 re-

595 2633 972 2722 spondentis
1015 2631 1231 2698 Officio
1279 2632 1408 2699 diei
1442 2642 1507 2697 et
1537 2631 1684 2698 velo
1734 2632 2050 2699 humerali
2083 2654 2187 2701 co·

600 2719 752 2787 loris
800 2721 964 2805 albi;
1017 2729 1337 2804 quatenus
1378 2739 1532 2786 vero
1564 2721 1851 2804 recedat,
1887 2732 1952 2787 et
1976 2742 2186 2809 ·repo-

594 2807 737 2876 sitio
781 2807 1087 2874 habeatur
1130 2818 1447 2893 tamquam
1496 2807 1736 2875 functio
1785 2811 2043 2876 omnino
2089 2831 2186 2877 se-

593 2906 809 2986 parata
857 2907 921 2962 et
975 2896 1269 2962 distincta
1334 2897 1410 2964 ab
1465 2896 1679 2963 Officio
1732 2900 2182 2985 vesperarum,

594 2985 909 3053 utendum
960 3004 1099 3051 esse
1144 2985 1527 3071 paramentis
1575 2985 1804 3052 coloris
1850 2987 1973 3053 albi
2008 3008 2070 3052 ι.

725 3078 804 3140 Ει
851 3073 935 3139 ita
984 3073 1332 3140 declaravit
1401 3085 1467 3140 et
1534 3076 1773 3141 servari
1837 3074 2180 3142 mandavit.

593 3162 707 3229 Die
751 3164 836 3229 20
885 3160 1281 3248 Septembris
1333 3165 1529 3230 1806.

595 3304 857 3373 2563.
1107 3306 1670 3371 SENOGALLIEN.
1952 3306 2179 3394 (4504)

724 3430 939 3495 Delata
972 3427 1050 3494 ad
1086 3433 1150 3497 S.
1187 3434 1265 3496 R.
1292 3432 1367 3496 C.
1401 3448 1520 3515 per
1562 3432 1792 3495 Effium
1839 3441 1904 3496 et
1950 3434 2183 3497 Rmnm

592 3518 931 3582 Dominum
983 3517 1382 3583 cardinalem
1432 3518 1713 3602 Crivelli,
1753 3518 1892 3587 loco
1939 3519 2080 3585 Emi
2120 3529 2185 3585 et

591 3603 731 3670 Rmi
764 3603 1012 3669 Domini
1050 3603 1400 3671 cardinalis
1445 3605 1689 3671 Galleffi
1739 3606 2031 3673 Ponentis
2077 3608 2181 3673 ab·

589 3689 815 3774 sentis,
851 3693 1045 3758 Causa
1071 3692 1494 3776 Senogallien.
1531 3694 2181 3781 praeeminentiamm

594 3779 763 3847 inter
817 3777 1184 3864 Capitulum
1251 3784 1314 3849 S.
1364 3781 1594 3846 Mariae
1652 3802 1732 3848 ex
1781 3802 1937 3866 una,
1987 3793 2179 3868 atque

579 3866 1006 3934 *Sacerdotem
1081 3868 1430 3936 Antonium
1507 3868 1758 3954 Caprini
1829 3869 2178 3938 Plebanum

591 3958 659 4023 S.
729 3953 896 4020 Petri
964 3955 1287 4022 Bolvederi
1354 3958 1787 4042 senogallien.
1860 3958 2181 4024 Dioecesis

590 4062 671 4110 ex
718 4044 912 4109 altera
960 4044 1267 4129 partibus,
1320 4045 1713 4132 infrascripta
1762 4045 1953 4113 dubia
2015 4044 2183 4112 inter

591 4132 848 4198 easdem
894 4141 1106 4216 partes
1154 4135 1559 4217 concordata,
1592 4144 2186 4221 supramemoratus·

592 4224 783 4287 Emus
814 4220 1077 4288 Crivelli
1110 4221 1471 4288 decidenda
1503 4225 1863 4308 proposuit,
1889 4222 2176 4287 scilicet:

725 4312 784 4372 1.
852 4313 947 4376 An
1003 4309 1347 4396 Collegiata
1410 4307 1727 4377 Bolvederi
1788 4310 2179 4396 praecedere

588 4397 819 4464 debeat
864 4397 1190 4464 Ecclesiae
1252 4397 1596 4483 parochiali
1652 4399 1941 4466 eiusdem
2004 4396 2180 4464 loci‘?

721 4491 784 4552 2.
836 4489 933 4553 An
983 4495 1047 4549 et
1102 4506 1264 4573 quae
1326 4485 1688 4554 functiones
1746 4497 2043 4574 spectent
2098 4487 2175 4553 ad

588 4575 1029 4664 Collegiatam,
1080 4586 1145 4641 et
1191 4593 1354 4662 qnae
1401 4574 1475 4639 ad
1529 4573 1931 4641 Parochum‘?

722 4669 798 4729 Et
846 4666 916 4731 S.
963 4667 1037 4731 R.
1089 4667 1191 4746 C.,
1243 4673 1512 4747 utraque
1656 4674 1755 4728 rte
1814 4664 2052 4751 scripto
2115 4674 2179 4730 et

585 4769 745 4817 voce
810 4751 1191 4818 informante
1246 4751 1425 4838 prius
1484 4772 1562 4816 au
1614 4751 1696 4816 ita
1751 4751 2028 4837 visisque
2084 4752 2174 4818 iu-

513 4891 524 4901 .
587 4838 761 4905 ribus
795 4838 939 4906 hinc
974 4839 1124 4907 inde
1156 4838 1479 4924 deductis,
1512 4840 2000 4907 rescribendum
2033 4860 2177 4907 cen·

587 4927 754 4994 suit:

715 5015 814 5081 Ad
871 5019 929 5080 1.
982 5037 1018 5079 ι
1053 5017 1361 5101 Ne‘gative
1400 5038 1468 5080 ».

719 5103 815 5169 Ad
864 5108 931 5169 2.
980 5124 1019 5166 ι
1051 5103 1275 5169 Licere
1335 5105 1725 5191 collegiatae
1788 5107 2168 5174 exercitium

586 5188 984 5257 functionum
1009 5201 1482 5276 consuetarum,
1509 5193 1859 5260 dummodo
1885 5214 2009 5261 non
2037 5206 2167 5260 tur-

724 5382 806 5459 (1)
842 5387 901 5443 Ε.
942 5386 1093 5445 Duh:
1120 5386 1171 5444 2.
1208 5414 1275 5427 -—
1311 5384 1395 5456 (2)
1434 5387 1492 5444 E.
1532 5386 1671 5446 Dub.
1708 5386 1763 5443 Ιι.

2297 431 2486 496 betur
2511 427 2899 495 exercitium
2921 427 3325 495 functionum
3355 425 3740 515 propriaram
3759 427 3848 494 Pa·

2299 517 2549 583 roeciae
2598 517 2808 584 Sancti
2855 516 3023 583 Petri
3060 537 3122 580 av.

2429 609 2509 671 Et
2557 604 2640 670 ita
2699 604 3047 672 declaravit
3109 613 3175 668 et
3233 602 3470 669 servari
3535 601 3848 668 mandavit.

2294 693 2407 759 Die
2457 697 2541 761 20
2590 691 2991 781 Septembris
3045 695 3239 759 1806.

2297 827 2559 906 2564.
2869 837 3312 903 ToLE‘rANA.
3654 834 3852 924 (45⁰5)

2427 958 2728 1025 Exhibito
2785 977 2988 1045 penes
3050 960 3119 1025 S.
3166 962 3244 1024 R.
3287 960 3358 1025 C.
3413 977 3535 1044 per
3576 960 3677 1023 Fr.
3726 956 3851 1022 Vin·

2294 1046 2581 1114 centium
2627 1047 2856 1114 Blanca
2901 1048 3272 1132 Magistrum
3328 1045 3855 1114 caeremoniarum

2295 1134 2547 1223 Regalis
2595 1131 2956 1202 nonasterii
3005 1132 3478 1201 Excutialensis
3538 1146 3629 1217 et,
3673 1143 3740 1198 nt
3778 1152 3854 1196 as-

2290 1226 2473 1306 serit,
2538 1221 2906 1310 Magistrum
2971 1224 3162 1289 etiam
3224 1222 3600 1308 generalem
3657 1225 3855 1288 Caere·

2290 1313 2652 1379 moniarum
2710 1311 2909 1378 totius
2969 1311 3172 1399 Regni
3220 1310 3558 1397 Hispaniae
3609 1306 3856 1395 supplici

2289 1399 2511 1466 libello
2562 1420 2679 1489 pro
2728 1398 3122 1467 resolutione
3168 1397 3718 1487 infrascriptomm
3757 1396 3858 1462 du·

2295 1486 2568 1573 biorum,
2619 1507 2858 1575 nempe
2894 1511 2909 1553 :
3079 1493 3088 1498 “

2428 1582 2488 1643 1.
2538 1580 2634 1643 An
2684 1575 3006 1641 translatio
3071 1576 3190 1642 hoc
3250 1594 3415 1642 anno
3481 1574 3643 1640 facta
3684 1571 3858 1641 Officii

2286 1683 2609 1731 sacrarum
2679 1662 3154 1749 Reliquiarum,
3224 1664 3400 1748 quod
3460 1664 3530 1729 in
3589 1661 3860 1729 Toletaaa

2289 1753 2574 1819 Ecclesia
2620 1750 2987 1818 celebratur
3033 1751 3140 1819 die
3180 1756 3259 1818 19
3289 1751 3562 1818 Ianuarii
3607 1748 3724 1816 sub
3753 1749 3858 1813 ritu

2287 1840 2472 1927 dupl.
2524 1841 2843 1907 secundae
2907 1838 3118 1906 classis
3166 1857 3312 1905 cum
3359 1849 3609 1922 octava,
3656 1839 3719 1904 in
3760 1841 3862 1903 Do·

2288 1928 2588 1994 minicam
2633 1933 2708 1994 111
2759 1937 2903 2016 post
2949 1927 3395 2016 Epiphaniam,
3427 1926 3512 1994 sit
3559 1923 3863 2011 sequenda

2287 2017 2388 2082 vel
2452 2013 2835 2083 toleranda?
2893 2025 2958 2080 et
3017 2027 3333 2100 quatenus
3391 2012 3723 2100 negative:
3777 2017 3863 2079 An

2289 2103 2657 2192 obligationi
2706 2102 2913 2170 Divini
2962 2103 3164 2170 Officii
3222 2102 3620 2170 satisfactum
3662 2101 3738 2168 sit
3777 2120 3862 2166 re·

2291 2192 2545 2258 citando
2607 2203 2733 2257 tam
2794 2192 2855 2257 in
2921 2192 3248 2258 Dominica
3293 2195 3369 2259 111
3417 2189 3746 2280 praedicta
3792 2190 3862 2256 de

2292 2284 2478 2347 Festo
2547 2278 2984 2364 Reliquiarum
3056 2291 3120 2346 et
3190 2300 3317 2347 non
3386 2281 3470 2346 de
3533 2277 3862 2359 Dominica,

2288 2387 2478 2454 quam
2537 2368 2676 2434 aliis
2729 2368 2957 2435 diebus
3006 2368 3088 2436 de
3145 2368 3346 2435 Festis
3408 2376 3865 2454 consequenter

2298 2455 2663 2526 translatis?

2423 2549 2488 2610 2.
2525 2548 2592 2612 ln
2623 2544 2906 2611 Ecclesia
2938 2544 3190 2631 Regalis
3235 2543 3602 2612 monasterii
3635 2546 3699 2609 S.
3725 2544 3863 2608 Lau·

2292 2633 2482 2699 rentii
2528 2632 3000 2701 Excurialensis
3059 2633 3239 2699 adest
3283 2631 3349 2698 in
3394 2631 3598 2698 Altari
3644 2629 3863 2698 maiore

2287 2721 2793 2788 ‘tabernaculum
2848 2741 2928 2786 ex
2990 2719 3201 2807 lapide
3263 2721 3586 2807 pretioso,
3640 2720 3707 2787 in
3754 2735 3864 2803 quo

2288 2803 2657 2876 continetur
2702 2809 2821 2875 alia
2867 2813 3122 2897 capsula
3170 2809 3464 2894 eximior,
3515 2808 3586 2874 in
3632 2826 3753 2895 qua
3786 2824 3865 2870 as·

2286 2907 2579 2964 servatur
2626 2901 2894 2966 SSmum
2944 2902 3449 2983 Sacramentum,
3484 2898 3604 2964 sed
3643 2912 3784 2964 cum
3811 2891 3864 2956 in
3983 2919 3984 2924 ,

2288 2986 2532 3071 pariete
2581 2998 2722 3076 post
2768 2986 3272 3054 Tabernacutum
3301 2987 3385 3054 sit
3424 3005 3548 3053 una
3578 2986 3862 3064 fenestra,

2285 3093 2448 3157 quae
2497 3075 2814 3143 illuminat
2862 3078 2991 3143 duo
3040 3075 3470 3143 'tabernacula
3524 3071 3862 3161 praedicta,

2290 3172 2356 3226 et
2422 3161 2538 3228 ista
2606 3164 2880 3230 habeant
2938 3176 3086 3232 ante
3146 3175 3211 3231 et
3280 3174 3456 3230 retro
3510 3158 3866 3230 fenestellas

2291 3270 2439 3317 cum
2503 3251 2817 3336 cristallo,
2883 3254 3042 3320 adeo
3102 3262 3175 3319 ut
3223 3272 3303 3319 ex
3348 3253 3638 3339 qualibet
3699 3258 3864 3337 parte

2291 3339 2609 3407 Ecclesiae
2656 3340 3079 3427 perspiciatur
3124 3340 3296 3407 clare
3327 3355 3394 3408 et
3425 3340 3734 3409 distincte
3763 3341 3868 3405 Vas

2292 3429 2355 3495 in
2400 3446 2528 3512 quo
2574 3439 2670 3493 est
2713 3427 3032 3495 inclusum
3077 3433 3347 3498 Ssmum
3372 3433 3864 3497 Sacramentum·

2287 3519 2398 3582 Ast
2445 3535 2591 3581 cum
2623 3516 2745 3582 hoc
2787 3516 3080 3583 videatur
3113 3517 3594 3603 inconveniens,
3632 3515 3868 3604 quaeri·

2288 3616 2432 3671 tur:
2468 3605 2697 3670 Utrum
2744 3604 3147 3691 praedictum
3194 3609 3314 3673 Vas
3360 3607 3597 3674 debeat
3630 3623 3866 3696 perma-

2287 3711 2469 3775 nere,
2505 3701 2575 3756 ut
2608 3692 2854 3758 dictum
2904 3703 3001 3759 est
3045 3709 3286 3780 supra;
3338 3695 3441 3761 vel
3473 3693 3710 3762 debeat
3740 3710 3865 3759 coo-

2287 3780 2481 3868 periri
2527 3780 2737 3865 aliquo
2783 3781 2929 3846 velo
2975 3793 3047 3848 ut
3093 3800 3224 3849 non
3269 3780 3750 3869 perspiciatur?

2414 3873 2475 3936 3.
2517 3872 2584 3936 ln
2616 3869 2944 3953 praedicta
2973 3871 3256 3937 Ecclesia
3290 3873 3355 3938 S.
3381 3870 3703 3937 Laurentii
3736 3889 3868 3936 con·

2280 3967 2584 4023 suescunt
2631 3976 2854 4024 omnes
2901 3958 3183 4025 Monachi
3245 3969 3440 4044 atque
3493 3958 3691 4025 etiam
3735 3958 3865 4027 Col-

2273 4046 2546 4132 ·legiales
2592 4046 2912 4111 seculares
2959 4046 3292 4113 Seminarii
3341 4046 3639 4113 eiusdem
3671 4050 3865 4113 Mona·

2282 4133 2455 4200 sterii
2521 4133 2743 4200 audire
2802 4154 3005 4201 sacras
3060 4135 3398 4202 conciones
3458 4135 3751 4203 sedendo
3808 4135 3866 4200 in

2280 4221 2580 4307 gradibus
2649 4222 2879 4287 Altaris
2955 4222 3236 4307 MaioriS,
3309 4233 3489 4310 terga
3556 4224 3864 4289 vertendo

2281 4314 2472 4377 SSmo
2514 4312 2948 4396 sacramento,
2980 4310 3118 4378 sive
3148 4313 3231 4379 sit
3263 4311 3366 4378 vel
3400 4331 3528 4379 non
3558 4311 3641 4378 sit
3675 4332 3758 4377 ex
3806 4331 3866 4375 o·

2279 4397 2511 4464 situm:
2563 4408 2628 4463 et
2675 4417 2822 4463 cum
2868 4402 2990 4468 hoc
3037 4399 3329 4468 videatur
3373 4399 3652 4466 maxime
3691 4330 3866 4466 inge·

2280 4504 2528 4570 corum,
2566 4487 2805 4554 idcirco
2837 4489 3214 4574 quaeritur:
3265 4492 3361 4555 An
3410 4489 3564 4556 haec
3604 4505 3866 4555 consue·

2277 4573 2435 4642 tudo
2482 4574 2617 4641 sive
2666 4578 3032 4665 corruptela
3063 4576 3296 4645 debeat
3343 4574 3654 4643 tolerari?
3689 4577 3782 4664 (2)

2412 4666 2478 4729 S.
2513 4668 2588 4730 R.
2625 4667 2728 4746 C.,
2763 4664 2975 4733 audita
3022 4665 3337 4733 sententia
3370 4664 3558 4732 unius
3590 4685 3673 4731 ex
3703 4670 3865 4752 Apo·

2274 4751 2645 4818 stolicarum
2705 4752 3264 4821 caeremoniarum
3336 4752 3643 4838 magistris
3705 4751 3866 4840 typis

2281 4840 2470 4906 etiam
2531 4840 2854 4927 evulgata,
2903 4862 2971 4907 ac
3023 4841 3347 4909 referente
3393 4846 3551 4908 Emo
3599 4852 3664 4907 et
3709 4845 3864 4907 fuito

2277 4929 2542 4995 Domino
2586 4928 2773 4995 Card.
2812 4931 3077 4997 Saluzzo
3107 4933 3417 5013 Ponente,
3455 4933 3517 4998 in
3550 4930 3708 4997 hanc
3742 4929 3862 4995 for-

2277 5018 2516 5083 mulam
2564 5018 2913 5103 rescripsit,
2963 5036 3250 5106 nempe:

2405 5105 2500 5172 Ad
2559 5110 2618 5170 1.
2667 5127 2705 5171 ‹
2736 5110 2826 5173 Ne
2876 5105 3082 5185 ative;
3134 5118 3198 5172 et
3226 5108 3304 5174 ad
3338 5119 3620 5175 mentem
3657 5107 3862 5191 (mens

2278 5206 2374 5260 est
2406 5195 2570 5261 circa
2615 5214 2813 5260 secun
2862 5214 2960 5261 am
3008 5195 3185 5263 dubii
3236 5208 3507 5284 partem,
3542 5195 3714 5282 quod
3750 5191 3860 5260 sci-
