4042 5950
1451 217 1920 295 ...291—

66 371 130 441 lis
183 371 507 441 inductus
572 372 910 441 deferendi
974 373 1212 442 sericos
1267 374 1332 442 iu
1392 372 1626 475 galeris

66 461 262 529 loccos
294 472 364 526 et
413 460 652 549 caligas
683 460 1017 545 violaceas,
1052 480 1216 547 quae
1255 464 1371 529 iam
1403 482 1470 535 tn
1502 465 1626 549 Hy-

66 548 331 616 lruntina
377 549 715 619 Provincia
761 548 1078 619 habentur
1104 561 1176 616 ut
1209 550 1465 638 propria
1512 550 1624 615 ho-

66 638 198 705 leris
242 646 356 703 aut
401 649 789 723 personatus
825 637 1118 724 insignia,
1151 638 1482 725 prohiberi
1514 639 1625 705 de·

66 737 204 807 teat,
230 723 336 791 vel
373 722 690 793 tolerari?
733 738 800 791 et
838 725 991 811 quid
1038 724 1194 793 item
1227 726 1622 797 censendum

68 813 110 879 it
151 813 232 912 de
280 832 423 966 {asu
473 811 734 896 annuli,
782 826 892 880 aut
938 814 1001 881 in
1056 815 1288 900 quibus
1347 814 1620 881 circum·

67 912 266 968 tantus
1043 932 1048 939 ·

158 991 344 1056 Sacra
392 990 662 1058 Rituum
707 991 1132 1078 congregatio
1177 991 1254 1058 ad
1302 991 1624 1061 Vaticanas

66 1077 235 1144 tedes
302 1077 712 1167 infrascripta
756 1077 865 1145 die
909 1079 1289 1163 coadunata,
1337 1078 1412 1145 ad
1463 1078 1623 1145 rela-

67 1166 266 1233 ionem
328 1168 412 1231 R.
469 1169 542 1233 P.
591 1170 666 1232 D.
726 1166 1099 1251 secretarii,
1148 1165 1440 1235 omnibus
1498 1167 1622 1233 rite

66 1253 451 1319 mnsideratis
483 1265 674 1339 atque
708 1254 1100 1339 examinatis,
1133 1253 1619 1323 rescribendum

66 1341 313 1409 :ensuitz
391 1362 438 1407 ι
488 1342 934 1411 Moderandam
998 1362 1138 1410 esse
1208 1342 1622 1411 consuetudi-

66 1448 176 1497 tem
223 1430 401 1496 iuxta
454 1429 1030 1499 constitutionemx
1078 1432 1263 1499 Docet
1302 1433 1618 1498 Romanos

66 1518 368 1603 iaetifices
416 1538 476 1583 s·
529 1536 616 1584 m.
667 1517 755 1584 Pii
800 1522 1000 1606 Papae
1049 1521 1176 1602 vn,
1227 1531 1467 1605 quarto.
1493 1522 1617 1586 No-

66 1625 139 1672 tas
179 1605 368 1673 lulias
423 1609 595 1674 1823
642 1607 912 1674 editam:
960 1608 1168 1693 quoad
1196 1627 1351 1674 vero
1399 1606 1617 1675 annuli

66 1712 210 1763 tsum
253 1703 610 1761 serventur
652 1699 918 1762 Decreta
950 1693 1198 1782 pluries
1243 1695 1443 1779 edita,
1476 1696 1626 1782 qui-

66 1802 148 1849 vus
188 1782 408 1851 annuli
461 1782 701 1849 delatio
739 1784 802 1853 in
835 1782 1014 1849 Missa
1060 1793 1154 1853 est
1185 1782 1377 1850 vetita
1413 1783 1616 1850 omni-

66 1888 147 1937 ms
186 1868 686 1954 Sacerdotibus,
741 1872 933 1938 etiam
976 1871 1032 1937 si
1075 1870 1199 1938 sint
1251 1875 1618 1939 Protonota-

66 1958 112 2025 rii
151 1958 494 2043 Titulares,
543 1958 887 2046 Dignitates
934 1970 999 2026 et
1043 1959 1336 2027 canonici
1390 1959 1616 2027 cathe-

66 2046 217 2199 galis
248 2068 312 2113 s.
353 2049 571 2133 Atque
603 2048 684 2113 ita
716 2046 1041 2134 rescripsit
1070 2066 1139 2113 ac
1171 2047 1410 2115 servari
1442 2065 1616 2113 man-

115 2144 221 2200 vlt.

161 2223 265 2289 Die
315 2227 396 2291 11
450 2223 690 2312 Aprilis
741 2227 932 2293 1840.

66 2396 288 2467 2806.
638 2401 1018 2468 MUTINEN.
1382 2398 1607 2486 (4884)

163 2575 357 2653 Quum
409 2576 478 2642 in
524 2574 867 2644 ordinariis
907 2573 1190 2642 comitiis
1235 2578 1460 2642 Sacrae
1504 2573 1606 2641 Ri-

66 2670 211 2728 tuum
269 2662 800 2751 congregationis
860 2664 936 2731 ad
985 2663 1350 2731 Vaticanum
1406 2662 1609 2728 subsi-

66 2761 216 2835 gnata
255 2751 360 2819 die
411 2751 643 2818 habitis
675 2753 910 2819 relatae
956 2751 1198 2818 luerint
1227 2768 1455 2839 preces
1499 2754 1608 2819 Pa-

66 2837 372 2907 rochorum
418 2840 732 2909 Mutinen.
768 2838 1247 2926 exquirentium
1278 2837 1608 2906 conflrma-

66 2922 267 2994 tionem
324 2928 619 2996 invectae
674 2927 842 3016 apud
899 2927 1070 3027 ipsos
1128 2925 1608 2994 consuetudinis

66 3016 311 3096 gestandi
380 3016 448 3084 in
503 3014 1071 3103 supplicationibus
1117 3015 1356 3085 Stolam
1409 3033 1605 3102 super

66 3109 259 3167 cottam
288 3114 482 3205 atque
527 3114 948 3182 monettam3
997 3102 1492 3172 Eminentissimi
1540 3113 1606 3167 et

67 3189 565 3260 Reverendissimi
599 3194 810 3259 Patres
848 3192 1049 3261 Sacris
1084 3190 1336 3259 tuendis
1358 3189 1606 3258 Ritibus

67 3280 418 3364 praepositi,
484 3280 715 3347 auditis
783 3278 973 3346 etiam
1041 3278 1489 3346 informatione
1535 3285 1602 3342 et

69 3373 184 3429 voto
207 3366 750 3435 Reverendissimi'
766 3365 1089 3455 Episcopi,
1116 3364 1601 3434 rescribendum

67 3466 451 3524 censuerunt:
499 3456 701 3522 «Non
748 3456 1058 3543 expedire
1085 3477 1145 3529 r.

170 3542 270 3608 Die
321 3547 394 3611 11
441 3544 680 3631 Aprilis
730 3545 923 3611 1840.

70 3694 281 3768 280⁷.
658 3706 963 3774 ORDINIS

289 3810 641 3878 motum
685 3812 1341 3879 CONVENTUALIUM

437 3916 713 3985 SANC'rt
757 3917 1183 3984 FRANclscl.

110 4153 120 4165 ‚
163 4070 357 4168 ‘Quum
400 4074 718 4163 superiori
767 4096 929 4144 anno
974 4080 1164 4161 1830,
1200 4078 1456 4145 Alumni
1487 4080 1594 4146 Or·

76 4151 203 4252 dinis
228 4162 747 4231 conventualium
788 4164 994 4231 Sancti
1038 4164 1348 4232 Francisci
1381 4164 1445 4234 in
1474 4169 1597 4253 Op·

77 4243 192 4326 pido
242 4250 430 4337 vulgo
477 4253 737 4318 Bettone
791 4252 1110 4319 Dioecesis
1156 4251 1481 4338 Assisien.‚
1531 4255 1593 4320 in

79 4331 520 4494 ῗέἓέἱῗὲἷῗέἑ.
539 4338 1595 4496 ¹³33&¹{220322m³¹’33„,¹‡,³33?35

529 4475 548 4511 5
1572 4463 1599 4478 .

83 4520 194 4572 nem
233 4513 320 4579 usi
362 4515 600 4584 luerint
647 4513 932 4603 pluviali,
983 4517 1133 4583 freti
1175 4521 1446 4586 Decreto
1494 4520 1597 4584 Sa-

82 4607 190 4690 ctae
235 4599 485 4672 Rituum
543 4604 1063 4690 congregationis
1121 4604 1251 4671 diei
1312 4608 1389 4672 21
1440 4607 1593 4670 Mar·

86 4685 135 4742 ¹11
167 4686 307 4756 1099
347 4690 413 4758 in
456 4709 578 4758 una
623 4691 872 4759 Ordinis
917 4693 1230 4760 Minorum
1260 4692 1343 4758 de
1372 4691 1595 4760 Obser-

83 4772 271 4863 tantm
325 4778 682 4867 capitulum
728 4779 1113 4868 collegiatae
1155 4780 1331 4846 illius
1373 4779 1594 4846 Eccle-

85 4870 178 4954 siae
213 4867 406 4934 renuit
450 4868 760 4936 accedere
804 4869 880 4935 ad
928 4867 1496 4957 supplicationem;
1541 4865 1594 4933 si

87 4944 294 5091 {mem
347 4973 463 5042 per
519 4952 816 5043 pluvialis
874 4974 1060 5024 usum
1123 4954 1442 5023 innovatio
1501 4955 1595 5021 in-

119 5035 416 5128 qcebatur,
478 5041 542 5111 in
595 5043 712 5112 hac
768 5044 899 5132 ipsa
956 5043 1418 5133 supplicatione
1462 5061 1590 5110 non

90 5131 248 5190 mnus
285 5148 467 5217 quam
510 5131 577 5200 in
619 5129 820 5200 altera
856 5130 997 5199 fieri
1033 5132 1213 5200 solita
1247 5131 1312 5199 in
1342 5132 1447 5199 die
1477 5135 1587 5199 So·

92 5199 367 5285 lomnitatis
408 5218 616 5288 Sancti
659 5219 940 5307 1esephi.
985 5222 1379 5307 Quapropter
1419 5220 1590 5322 apud

92 5291 641 5382 Reverendissimum
708 5312 781 5375 D.
837 5307 1226 5397 Episcopum
1286 5307 1590 5376 Assisien-

1372 3702 1597 3791 (asse)

1728 392 1867 442 sem
1906 376 2334 443 controversia
2379 377 2591 445 delata
2624 389 2719 445 est
2749 399 2819 447 ac
2850 379 3139 449 eiusdem
3168 400 3313 451 sen-

1729 464 1927 529 tentia
1976 464 2302 551 requisita,
2357 475 2492 532 tum
2537 485 2738 554 super
2765 468 2905 535 iure
2940 469 3311 540 instituendi

1726 551 2120 636 supradictas
2165 553 2685 639 supplicationes,
2737 574 2816 622 an
2858 556 3106 624 scilicet
3136 578 3308 626 com·

1727 650 1947 724 petant
1992 640 2294 725 Parocho,
2344 642 2447 707 vel
2493 642 2710 711 Ordini
2756 643 2877 731 ipsi
2913 647 3310 714 conventua-

1727 727 1933 804 lium;
1999 738 2132 793 tum
2192 745 2389 814 super
2446 748 2563 796 usu
2620 730 2919 817 pluvialis
2968 734 3032 798 in
3076 733 3309 801 iisdem

1726 813 2298 900 supplicationibus
2329 834 2499 883 nunc
2548 819 2827 905 primum
2861 819 3149 888 adhibiti.
3184 825 3309 889 Re-

1724 902 2225 970 verendissimus
2267 914 2482 972 autem
2525 904 2641 973 ille
2672 907 2996 992 ·Antistes,
3043 909 3308 976 edicens

1727 989 1825 1056 ius
1886 991 2094 1077 quoad
2161 990 2321 1077 ipsas
2376 994 2875 1080 supplicationes
2933 1012 3307 1083 competere

1723 1077 2013 1145 Alumnis
2044 1078 2292 1146 Ordinis
2324 1081 2881 1167 conventualium,
2908 1085 3202 1152 decrevit
3234 1094 3304 1151 ut

1719 1186 1794 1233 su
1844 1184 1916 1232 er
1963 1186 2082 1232 usu
2112 1166 2409 1253 pluvialis
2439 1179 2656 1236 contra
2689 1170 3004 1243 invectam
3036 1190 3303 1240 consue-

1719 1265 1789 1321 tu
1839 1255 2010 1320 inem
2071 1254 2385 1322 sententia
2433 1257 2872 1342 requireretur
2924 1262 3148 1327 Sacrae
3194 1260 3301 1327 Ri-

1720 1353 1907 1410 tuum
1955 1344 2504 1430 congregationis.

1852 1430 2019 1497 Facti
2066 1431 2277 1517 itaque
2323 1432 2539 1517 specie
2589 1445 2655 1500 et
2685 1434 3299 1502 circumstantiarum

1718 1517 1886 1585 serie
1931 1537 2049 1606 per
2092 1523 2167 1585 R.
2205 1524 2271 1585 P.
2306 1523 2377 1586 D.
2414 1521 2841 1589 Secretarium
2889 1523 3196 1609 expositis
3235 1524 3301 1591 in

1717 1607 2059 1675 Ordinariis
2088 1609 2315 1674 Sacrae
2343 1607 2605 1677 Rituum
2637 1610 3159 1698 congregationis
3184 1614 3301 1680 Co-

1720 1694 1911 1761 mitiis
1970 1695 2049 1762 ad
2112 1697 2435 1764 Vaticanas
2496 1698 2705 1766 Aedes
2769 1697 3127 1784 subscripta
3193 1699 3300 1766 die

1717 1784 2106 1867 coadunatis,
2155 1785 2292 1851 Emi
2343 1793 2408 1850 et
2450 1786 2591 1853 Rmi
2637 1791 2853 1853 Patres
2881 1785 3085 1854 sacris
3114 1796 3297 1852 tuen—

1715 1871 1815 1938 dis
1844 1870 2091 1939 Ritibus
2121 1872 2491 1960 praepositi,
2518 1872 3001 1941 rescribendum
3035 1893 3298 1940 censue-

1714 1969 1906 2025 runt:
1966 1981 2003 2023 (
2038 1962 2300 2026 Servato
2364 1962 2656 2051 Episcopi
2717 1964 3027 2043 Decreto’,
3088 1971 3301 2028 stetur

1716 2047 2161 2116 consuetudini
2206 2049 2550 2117 incedendi
2592 2049 2731 2116 sine
2766 2049 3031 2136 pluviali
3066 2059 3129 2114 et
3158 2049 3297 2115 sine

1715 2133 2009 2202 Ministris
2043 2157 2107 2201 ».

1843 2223 1957 2290 Die
2009 2228 2085 2291 11
2134 2224 2371 2313 Aprilis
2419 2227 2611 2293 1840.

1714 2401 1982 2471 2808.
2257 2401 2749 2468 TmVENTmA.
3063 2397 3293 2487 (4889)

1840 2581 2043 2657 Quum
2115 2577 2465 2644 hodiernus
2526 2577 2702 2661 Prior
2766 2576 3293 2664 congregationis

1709 2672 1932 2735 Beatae
1990 2665 2218 2732 Mariae
2265 2664 2542 2752 Virginis
2597 2666 2679 2733 de
2736 2668 2949 2730 Monte
2999 2665 3291 2731 carmelo

1706 2756 1832 2822 loci
1897 2756 2291 2838 capracotta
2349 2751 2662 2819 Dioeoesis
2724 2752 3124 2820 Triventinae
3182 2754 3289 2819 Sa-

1707 2861 1877 2912 cram
1926 2844 2184 2910 Rituum
2234 2841 2808 2927 congregationem
2853 2837 3158 2906 instanter
3187 2859 3289 2907 ro-

1705 2931 1901 3019 gavit,
1938 2943 2009 2999 ut
2038 2948 2169 2996 non
2199 2930 2487 2996 obstante
2519 2929 2811 2996 Generali
2839 2931 3110 2998 Decreto
3138 2948 3291 3017 pro-

1707 3021 1965 3089 bibente
2028 3017 2266 3084 deferri
2315 3017 2432 3084 sub
2479 3015 2851 3084 baldachino
2912 3018 3289 3083 Sanctorum

1669 3108 2041 3194 imagines,
2091 3106 2156 3173 id
2201 3103 2610 3192 permitteret
2655 3105 2736 3171 de
2782 3103 3044 3190 speciali
3088 3105 3285 3189 gratia

1707 3197 1919 3263 eidem
1943 3191 2434 3348 Conggggationi
2455 3192 2662 3277 quoad
2688 3190 3107 3260 Simulacrum
3130 3196 3281 3258 Bea-

1708 3294 1808 3350 tae
1852 3282 2099 3349 Mariae·
2238 3298 2341 3346 em
2372 3279 2490 3348 sub
2525 3280 2756 3346 titulos

1835 3373 2017 3438 Sacra
2063 3367 2321 3438 Rituum
2370 3366 2818 3456 congregatio,
2849 3366 2914 3433 in
2942 3366 3283 3435 ordinariis

1704 3458 1986 3530 comitiis
2016 3459 2095 3525 ad
2128 3456 2499 3525 Vaticanum
2522 3456 2884 3544 subsignata
2916 3455 3025 3521 die
3055 3455 3287 3523 coadu-

1703 3559 1882 3632 nata,
1948 3545 2433 3616 rescribendum
2492 3544 2784 3612 censuit:
2850 3564 2889 3609 ‹
2925 3544 3277 3612 Servetur:

1701 3637 2012 3704 Generale
2054 3639 2399 3702 Decretum
2426 3654 2488 3698 ι.

1834 3723 1946 3790 Die
2000 3726 2075 3789 11
2121 3720 2358 3807 Aprilis
2408 3723 2599 3788 1840.

1704 3864 1968 3935 2809.
2246 3863 2737 3930 VERCELLEN.

1827 3989 2035 4066 Quum
2092 3985 2681 4053 Revereudissimus
2733 3983 3098 4052 vercellen.
3149 3986 3279 4050 An-

1702 4074 1879 4142 tistes
1943 4084 2194 4162 optaret
2261 4074 2325 4140 in
2391 4072 2705 4139 honorem
2780 4076 3003 4139 Beatae
3068 4071 3276 4138 Ludo·

1698 4161 1874 4230 vicae
1920 4183 1953 4228 a
1999 4161 2306 4230 Sabaudia
2355 4164 2485 4227 Deo
2536 4175 2909 4227 consecrare
2951 4177 3277 4225 succursa·

1700 4251 1832 4318 lem
1879 4249 2261 4332 Ecclesiam,
2308 4267 2473 4335 quae
2533 4247 2723 4314 modo
2778 4245 3166 4313 construitur
3211 4244 3275 4311 in

1697 4337 2042 4405 'territorio
2068 4335 2490 4405 vercellensis
2512 4334 2865 4420 Dioecesis;
2901 4353 2973 4401 ac
3002 4331 3273 4418 proinde

1696 4428 1947 4493 Sacram
1982 4426 2247 4492 Rituum
2278 4423 2855 4511 congregationem
2886 4420 3075 4488 enixe
3106 4419 3273 4487 effla·

1695 4512 1909 4599 gitarit
1954 4527 2391 4600 opportunum
2437 4511 2514 4578 ad
2563 4511 2627 4578 id
2674 4510 2997 4578 indultum
3024 4525 3061 4588 3.

1828 4599 2326 4668 Eminentissimi
2373 4609 2438 4665 et
2482 4597 3014 4666 Reverendissimi
3064 4600 3275 4665 Patres

1696 4690 1896 4759 Sacris
1930 4689 2185 4756 tuendis
2212 4687 2459 4754 Ritibus
2496 4684 2864 4774 praepositi,
2897 4705 2973 4751 ac
2998 4686 3075 4752 ad
3106 4683 3272 4753 Vati-

1693 4798 1874 4845 canas
1910 4777 2119 4843 Aedes
2161 4774 2513 4862 subscripta
2545 4772 2649 4839 die
2681 4772 3035 4855 coadunati,
3071 4772 3271 4861 probe

1693 4876 2030 4933 noscentes
2077 4885 2108 4929 a
2159 4861 2444 4930 Decretis
2503 4861 2759 4927 omnino
2818 4859 3144 4948 prohiberi
3205 4858 3272 4926 in

1693 4958 2033 5022 Beatorum
2068 4951 2380 5017 honorem
2412 4947 2718 5016 Ecclesias
2762 4949 2869 5015 vel
2913 4946 3147 5015 Altaria
3177 4946 3272 5013 di-

1695 5061 1862 5126 care,
1924 5038 2252 5107 referente
2299 5034 2697 5122 infrascripto
2744 5035 3122 5118 Secretario,
3167 5051 3271 5100 re-

1693 5127 2147 5217 spondendum
2215 5133 2662 5193 censueruntz
2740 5145 2779 5190 ‹
2828 5124 3089 5212 Obstant
3150 5125 3271 5189 De—

1698 5226 1866 5285 creta
1899 5238 1963 5284 »-

1824 5303 1939 5373 Die
1991 5308 2067 5371 11
2116 5299 2349 5389 Aprilis
2388 5303 2582 5374 1840.

3050 3863 3276 3950 (asso)
