4042 5950
1577 257 2050 337 —281—

179 413 495 503 calypsis:
548 415 696 482 Vidi·
736 414 852 481 sub
899 415 1121 483 Altero
1176 406 1294 484 Dei
1345 417 1605 484 aiiii-as
1651 421 1754 482 in-

178 505 614 589 terfectorum.
676 501 1007 589 Reliquiae
1067 502 1150 571 ibi
1215 512 1618 605 reponuntur
1670 503 1753 570 ob

178 590 551 658 relationem
581 610 653 658 ac
683 590 1011 678 mysticam
1057 591 1408 679 analogiam
1436 590 1606 659 inter
1635 596 1754 660 Do-

175 678 418 747 minum
488 685 695 748 lesum
763 679 1085 748 christum
1152 688 1342 766 caput
1409 683 1754 768 Martyrum

175 766 438 853 eiusque
506 767 833 850 membra,
903 766 1077 834 iuxta
1146 767 1352 843 Sancti
1417 766 1752 853 Augustini

173 853 408 923 verbae
464 857 921 923 Convenienter
979 866 1196 923 autem
1239 866 1299 922 et
1353 858 1545 940 quasi
1599 873 1751 939 quo·

172 944 316 1009 dam
359 947 682 1011 consortio
713 942 807 1010 ibi·
837 943 1234 1028 Martyribus
1279 944 1620 1029 sepultura
1650 943 1751 1009 de-

174 1041 341 1099 creta
400 1042 526 1114 est,
579 1033 693 1098 ubi
735 1050 905 1097 mors
962 1034 1225 1100 Domini
1275 1032 1562 1117 quotidie
1606 1031 1754 1097 cele-

171 1120 404 1187 bratur
425 1143 456 1201 ‚-
500 1120 750 1188 scilicet
780 1130 859 1187 ut
888 1123 1007 1204 qui
1031 1129 1291 1206 propter
1321 1128 1584 1187 mortem
1613 1123 1755 1187 eius

173 1211 413 1275 mertui
455 1211 759 1295 fuerunt,
807 1206 917 1274 sub
965 1206 1377 1275 sacramenti
1433 1210 1574 1274 cius
1621 1227 1752 1292 my-

170 1299 360 1363 sterio
408 1298 838 1381 requiescant.
888 1295 1040 1362 Ideo
1086 1297 1391 1364 Sacerdos
1428 1306 1573 1382 post
1604 1315 1750 1363 con·

174 1382 515 1450 sessionem
560 1382 846 1451 osculans
891 1384 1106 1451 Altare
1136 1383 1383 1471 profert
1416 1401 1489 1449 ea
1520 1382 1745 1451 verba:

179 1472 465 1549 Quorum
533 1471 870 1556 Reliquiae
935 1471 1041 1539 hic
1106 1482 1292 1539 sunt.
1361 1476 1457 1538 Ex
1523 1471 1752 1558 quibus

172 1560 353 1627 etiam
417 1570 594 1648 patet
651 1558 989 1629 necessitas
1036 1571 1107 1626 ut
1166 1560 1232 1627 in
1286 1558 1485 1628 Altari
1527 1559 1608 1625 sit
1652 1579 1748 1626 se-

171 1648 467 1734 pulcrum
514 1646 972 1734 Reliquiarum.
1034 1647 1339 1735 Reliquiis
1391 1647 1566 1715 enim
1621 1666 1747 1715 non
1820 1698 1824 1702 »

169 1735 468 1823 appositis
516 1744 583 1802 et
608 1734 1099 1820 deficientibus,
1133 1737 1454 1825 superflua
1493 1756 1561 1802 ac
1593 1755 1748 1802 vana

172 1833 377 1891 essent
402 1842 477 1891 ea
502 1823 724 1892 verba.
750 1827 1082 1891 Praeterea
1112 1823 1276 1892 sicut
1299 1825 1517 1891 Altare
1547 1823 1746 1909 quod-

171 1929 470 1998 cumque,
520 1912 627 1979 vel
673 1910 1001 1979 immobile
1028 1911 1135 1978 vel
1169 1910 1492 2002 portatile,
1532 1911 1745 1980 evadit

172 2010 537 2067 execratum
585 1997 667 2066 ob
710 1999 1048 2067 fracturam
1108 2003 1212 2068 vel
1273 2020 1393 2090 per
1443 2019 1512 2066 se
1560 2018 1744 2067 enor-

169 2106 334 2155 mem
382 2086 467 2154 ob
529 2087 981 2174 quantitatem,
1031 2088 1137 2156 vel
1206 2106 1536 2157 enormem
1597 2106 1746 2177 pro-

214 2186 311 2242 ter
367 2173 588 2243 locum
647 2174 1058 2261 unctionum,
1119 2176 1272 2247 licet
1332 2176 1489 2244 levis
1551 2175 1616 2242 in
1674 2194 1744 2242 se

196 2272 438 2331 tactura
473 2274 685 2352 esset3
736 2264 821 2330 ita
867 2275 1235 2334 execratum
1268 2264 1480 2332 evadit
1512 2264 1593 2331 ob
1622 2267 1743 2331 lte·

171 2350 509 2437 liquiarnm
540 2349 962 2419 amotionem:
999 2372 1081 2420 ex
1112 2373 1242 2441 quo
1280 2352 1470 2420 etiam
1501 2350 1746 2438 liquido

172 2439 527 2507 ostenditur
583 2440 1020 2526 Reliquiarum
1076 2440 1416 2511 necessitas
1465 2439 1528 2507 in
1571 2441 1744 2507 Alta·

173 2526 329 2594 rium
367 2526 874 2596 consecratione.
923 2527 1080 2596 Hinc
1107 2529 1159 2597 si
1190 2549 1221 2595 a
1255 2527 1487 2596 ceteris
1518 2527 1743 2597 ritibus

173 2614 576 2683 observandis
609 2615 671 2683 in
698 2634 862 2683 nova
909 2617 1223 2685 Altarium
1267 2619 1741 2684 consecratione

172 2701 554 2789 dispensavit
582 2704 920 2789 aliquando
946 2705 1146 2774 Sedes
1175 2704 1561 2808 Apostolica,
1582 2723 1745 2773 nun·

173 2808 351 2876 quam
371 2813 407 2858 a
428 2790 561 2860 ritu
586 2790 972 2880 dispensavit
999 2792 1400 2880 repositionis
1422 2794 1743 2882 Reliquia-

175 2896 305 2945 rum
343 2890 408 2945 et
437 2900 473 2945 a
505 2879 920 2948 caeremoniis
965 2881 1317 2949 necessario
1363 2880 1429 2948 in
1473 2884 1596 2950 hoc
1633 2883 1742 2949 ob·

171 2967 516 3036 servandis.
580 2967 682 3036 Sic
745 2969 926 3036 Sacra
994 2969 1250 3039 Rittium
1320 2970 1739 3060 Congregaiio

171 3055 476 3144 Episcopo
530 3061 895 3144 Augustano
953 3058 1336 3145 supplicanti
1382 3076 1498 3145 pro
1545 3059 1737 3127 facul-

174 3152 288 3210 tate
339 3144 794 3212 reconciliandi
855 3144 1128 3234 plurima
1179 3147 1378 3215 millia
1428 3146 1738 3216 Altarium

172 3231 637 3316 (execratorum
696 3232 779 3300 ob
836 3233 1032 3300 solam
1093 3236 1516 3304 remotionem
1570 3235 1738 3304 Reli·

171 3320 478 3405 quiarum,
504 3340 668 3409 quae
691 3333 1033 3410 propterea
1054 3320 1291 3391 iterum
1316 3324 1738 3392 consecranda

174 3409 414 3477 omnino
478 3408 683 3495 erant)
741 3428 888 3478 cum
944 3408 1072 3476 sola
1134 3410 1521 3498 repositione
1563 3413 1736 3482 Reli-

171 3496 475 3582 quiarum,
509 3497 584 3563 iis
615 3497 1053 3565 tantummodo
1097 3502 1361 3566 servatis
1413 3519 1733 3567 caeremo-

172 3584 278 3650 niis
333 3603 499 3669 quae
560 3585 625 3652 in
683 3583 1030 3653 pontificati
1090 3590 1368 3655 Romano
1424 3589 1734 3675 praescri-

171 3671 428 3759 buntur,
480 3672 858 3763 respondit:
922 3694 961 3740 a
993 3676 1063 3740 ln
1106 3674 1224 3742 hoc
1281 3696 1426 3743 casu
1470 3677 1732 3764 gratiam

171 3760 421 3847 petitam
468 3779 655 3848 posse
685 3761 1047 3845 concedi»,
1097 3782 1257 3849 quae
1301 3785 1333 3829 a
1378 3783 1435 3831 s.
1466 3783 1554 3831 m.
1592 3768 1734 3834 cle-

169 3858 372 3916 mente
416 3852 504 3917 IX
548 3868 840 3917 concessa
885 3850 1029 3918 fuit.

288 3936 349 4005 Si
393 3936 610 4024 itaque
657 3938 778 4007 boc
822 3936 1004 4026 sequi
1052 3940 1425 4028 exemplum
1473 3943 1737 4011 Sanctis-

167 4023 311 4091 simo
379 4026 648 4094 Domino
722 4027 1074 4115 placuerit,
1141 4029 1734 4099 Reverendissimus

172 4113 504 4202 Episcopus
533 4114 972 4183 Rhodonensis
1017 4127 1230 4204 posset
1276 4118 1627 4204 dispensari
1656 4120 1734 4188 ab

169 4199 397 4289 integra
442 4202 916 4270 consecratione
970 4203 1253 4272 facienda
1299 4206 1581 4273 omnium
1628 4208 1736 4275 Al-

172 4289 406 4374 tarium,
457 4291 541 4357 de
587 4293 818 4377 quibus
862 4290 926 4357 in
975 4292 1305 4381 precibus;
1355 4303 1633 4362 attamen
1666 4295 1734 4363 in

171 4396 237 4443 eo
266 4378 434 4465 quod
480 4379 741 4468 respicit
770 4378 1118 4465 Reliquias,
1152 4380 1478 4469 indulgeri
1510 4382 1733 4469 nequit

170 4479 232 4531 ut
274 4466 499 4533 Altaria
547 4478 808 4556 reputet
854 4460 1258 4536 reconciliata
1306 4487 1452 4538 cum
1496 4470 1630 4538 sola
1661 4491 1732 4537 ac

168 4550 417 4642 simplici
455 4554 890 4642 Reliquiarum
939 4556 1354 4644 repositione,
1387 4557 1540 4646 quin
1590 4578 1730 4626 cae-

168 4642 472 4710 remoniae
531 4654 871 4711 serventur
928 4645 1005 4712 ad
1070 4644 1238 4713 huuc
1303 4646 1499 4713 ritum
1560 4648 1730 4715 ordi-

171 4739 358 4798 natae.
405 4735 485 4799 Ut
530 4731 729 4818 igitur
774 4751 877 4798 res
920 4734 1228 4819 procedat
1273 4736 1508 4821 absque
1541 4735 1729 4802 omis-

169 4815 327 4884 sione
357 4819 461 4887 vel
492 4819 834 4887 violatione
865 4819 1025 4887 ritus
1063 4833 1426 4889 constanter
1468 4823 1724 4909 sei-vati,

172 4912 229 4968 et
267 4905 494 4993 absque
540 4907 814 4995 strepitu
858 4908 963 4975 vel
1015 4909 1310 4977 scandalo
1355 4911 1527 4996 quod
1576 4910 1727 4978 oriri

169 5004 402 5079 posset,
464 4996 693 5082 Episco
743 5017 817 5063 us
872 5007 1122 5064 secreto
1183 4997 1247 5065 in
1303 5018 1419 5066 suo
1479 5000 1724 5086 privato

168 5079 426 5150 oratorio
481 5102 675 5173 proce
725 5095 786 5152 at
845 5085 922 5152 ad
979 5087 1523 5154 consecrationem
1574 5106 1721 5155 cum

171 5168 438 5239 omnibus
496 5171 912 5241 caeremoniis
965 5193 999 5239 a
1052 5172 1399 5242 Pontificali
1443 5179 1724 5244 Romano

169 5259 547 5349 praescriptis
592 5271 919 5347 petrarum
963 5272 1364 5349 cunctarum,
1398 5263 1463 5331 in
1495 5262 1726 5351 quibus

172 5342 471 5433 Reliquiae
538 5348 809 5434 desunt,
870 5349 975 5417 vel
1043 5351 1331 5439 quamvis
1396 5351 1719 5442 appositae

1855 413 2005 501 sint,
2055 434 2183 483 non
2227 415 2348 484 fuit
2407 424 2621 483 tamen
2672 412 2997 483 adbibitus
3050 413 3214 484 ritus
3272 415 3443 486 ordi·

1857 515 2089 589 natus,
2137 522 2370 592 easque
2414 514 2626 590 petras
2670 520 2820 572 cum
2862 502 3300 592 Reliquiarum
3337 522 3440 572 se·

1857 590 2099 681 pulcris
2142 601 2536 661 consecratas
2581 593 2790 659 mittat
2831 590 2911 660 ad
2956 592 3288 679 Paroclios,
3329 590 3440 681 qui

1857 681 2115 748 easdem
2161 678 2505 767 unicuique
2552 699 2807 748 mensae
2851 700 2885 747 a
2932 689 3067 747 tare
3103 692 3433 767 poterunt.

1854 768 1982 846 Qua
2030 766 2357 835 iunctione
2405 778 2587 835 caute
2633 788 2703 835 ac
2750 788 2872 857 pru
2925 779 3110 836 enter
3239 778 3433 854 racta,

1857 854 2017 923 niliil
2066 855 2322 923 omnino
2368 855 2799 924 admirationis
2840 857 2947 924 vel
3000 875 3150 924 scan
3198 856 3278 924 ali
3325 875 3435 924 ex·

1854 941 2174 1027 citabitur,
2207 962 2407 1030 quum
2437 943 2771 1031 perpaucis
2801 956 3021 1033 patere
3069 956 3288 1031 queat.
3336 944 3433 1013 Ad

1855 1031 2041 1099 bunc.
2095 1042 2310 1099 autem
2380 1031 2675 1100 timorem
2733 1033 3088 1116 vitandum,
3136 1031 3434 1121 Episcopi

1854 1119 2279 1187 conscientiae
2325 1130 2391 1187 et
2436 1120 2816 1208 prudentiae
2877 1119 3259 1207 relinquitur
3312 1131 3435 1188 sta-

1856 1207 2172 1275 tuendum
2219 1206 2378 1275 illud
2427 1219 2556 1274 tem
2606 1208 2730 1275 oris
2775 1227 2806 1273 s
2851 1207 3073 1291 atium,
3106 1210 3280 1295 quod
3328 1227 3435 1276 ne-

1853 1294 2194 1363 cessarium
2235 1295 2480 1384 putabit
2510 1315 2543 1362 a
2622 1315 2772 1386 prae
2822 1308 2944 1365 icta
2975 1298 3178 1366 omnia
3208 1298 3433 1366 sedulo

1852 1382 2264 1471 perficienda.

1853 1523 2096 1593 2⁷⁷8.
2483 1525 2794 1593 araim«.
3199 1526 3426 1615 (isse)

1982 1651 2052 1715 In
2090 1650 2424 1717 Sacrorum
2467 1647 2729 1716 Rituum
2771 1647 3113 1716 ordinariis
3143 1648 3432 1718 comitiis

1850 1736 1928 1804 ad
1953 1736 2320 1805 Vaticanum
2356 1736 2659 1806 hodierna
2681 1735 2789 1806 die
2812 1734 3198 1821 coadunatis,
3226 1756 3427 1824 quuin

1850 1844 1884 1890 a
1928 1825 2287 1906 subscripto
2333 1824 2686 1894 Secretario
2734 1824 3010 1892 relectae
3044 1825 3284 1893 fuerint
3313 1824 3431 1895 liu·

1851 1910 2156 1979 millimae
2226 1933 2450 2002 preces
2515 1910 2971 2001 capitularium
3035 1913 3430 1983 cathedralis

1848 2000 2124 2085 Atrion„
2173 2001 2284 2086 qui
2329 2000 2410 2068 ob
2455 1999 2619 2068 aeris
2663 2001 3037 2088 praesertim
3083 2000 3149 2070 in
3194 2002 3431 2091 hyeme

1850 2089 2321 2157 inclementiam
2381 2109 2452 2157 ac
2513 2088 2894 2157 valetudinis
2952 2090 3429 2191 quamplurium

1850 2177 2274 2264 incommoda,
2317 2178 2653 2265 requirunt
2696 2177 3122 2265 Apostolicam
3169 2177 3429 2267 dispen-

1844 2264 2155 2331 sationem
2189 2265 2255 2333 in
2281 2268 2482 2334 Nocte
2512 2263 2863 2333 Nativitatis
2894 2265 3143 2334 Domini
3190 2266 3427 2335 iterum

1817 2412 1822 2415 .
1848 2353 1913 2420 in
1934 2354 2178 2420 Aurora
2208 2355 2286 2423 ad
2317 2352 2664 2422 Ecclesiam
2694 2351 2892 2441 ipsam
2926 2354 3274 2423 accedendi
3309 2353 3425 2443 pro

1845 2440 2271 2527 persolvenda
2316 2461 2465 2510 cum
2512 2450 2700 2510 cantu
2744 2445 2904 2508 Hora
2950 2441 3193 2511 Primae
3224 2455 3290 2511 et
3320 2462 3424 2510 ce-

1849 2528 2150 2597 lebranda
2209 2530 2489 2598 secunda
2557 2531 2732 2598 mssa
2753 2578 2772 2614 ,
2833 2548 2998 2616 quae
3053 2530 3191 2599 sine
3244 2531 3425 2621 capi-

1845 2615 1964 2685 tuli
2012 2615 2384 2687 interventu
2416 2618 2712 2709 privatim
2743 2639 2778 2686 a
2808 2617 3082 2686 Parocho
3112 2618 3424 2688 celebrari

1847 2714 2497 2896 queigffiimmissimi·
2523 2806 2589 2863 et
2633 2795 3172 2896 Reverendissimi
3210 2800 3427 2865 Patres

1843 2884 2046 2950 Sacris
2093 2881 2349 2950 tuendis
2376 2882 2622 2952 Ritibus
2669 2893 3036 2974 praepositi,
3071 2902 3143 2950 re
3174 2896 3424 2954 mature

1841 2970 3022 3150 ffi‘fizmetffizqapsssstfftff
3045 2974 3425 3131 affixis?

1843 3146 2116 3214 matione
2164 3157 2229 3214 et
2274 3157 2423 3215 voto
2473 3168 2554 3216 ex
2642 3148 2800 3234 sitis,
2835 3148 2992 3235 quin
3115 3151 3293 3218 titam
3325 3151 3421 3219 di-

1837 3232 2310 3324 spensationem
2344 3255 2541 3304 conce
2590 3246 2795 3321 erent,
2826 3246 3020 3305 exten
3069 3257 3180 3306 ere
3208 3240 3422 3327 potius

1843 3333 2232 3390 censuerunt
2254 3323 2576 3393 indultum
2596 3324 2952 3394 cathedrali
2972 3329 3256 3395 Pennen.
3279 3347 3423 3396 con·

1843 3429 2094 3479 cessum
2116 3430 2280 3479 anno
2309 3416 2500 3499 ¹836,
2526 3413 2861 3481 nimirum:
2886 3435 2925 3480 ι
2943 3417 3012 3482 ln
3034 3417 3236 3483 Nocte
3259 3415 3422 3484 Nati-

1840 3498 2050 3568 vitatis
2072 3500 2321 3569 Domini
2352 3501 2757 3590 persolvendi
2788 3501 3025 3591 absque
3056 3515 3244 3572 cantu
3268 3508 3419 3573 Lau·

1841 3588 1958 3655 des
2000 3597 2148 3674 post
2194 3589 2465 3690 primam
2508 3588 2779 3676 Missam,
2812 3611 2882 3658 ac
2926 3591 3291 3660 celebrandi
3320 3612 3420 3661 se-

1840 3676 2113 3744 cundam
2139 3680 2382 3746 Missam
2454 3678 2613 3746 rima
2642 3679 2747 3746 vel
2779 3679 3059 3748 secunda
3090 3680 3240 3748 hora
3275 3693 3419 3770 post

1839 3773 2052 3831 ortum
2095 3765 2247 3832 solis
2277 3785 2340 3834 ν.
2391 3700 2600 3856 iftque
2630 3766 2715 3834 ita
2744 3788 2777 3834 a
2805 3768 2996 3836 clero
3026 3759 3418 3837 cathedralis

1839 3852 2087 3921 Atrien.
2137 3852 2203 3921 in
2247 3866 2579 3942 posterum
2622 3856 3009 3926 servandum
3056 3876 3199 3925 esse
3242 3878 3415 3926 man·

1838 3939 2096 4008 darunt.
2145 3941 2258 4009 Die
2308 3947 2387 4013 ¹9
2433 3944 2571 4011 Maii
2622 3948 2816 4013 1838.

1840 4083 2083 4153 2⁷⁷9.
2484 4086 2765 4154 SENEN.
3184 4090 3413 4178 (issi)

1966 4207 2321 4277 Hodiernus
2366 4212 2599 4277 Rector
2628 4208 2769 4276 Piae
2802 4209 3163 4280 Sodalitatis
3196 4215 3414 4283 adora·

1834 4295 2019 4364 tionis
2064 4306 2421 4398 perpetuae
2467 4296 2849 4367 Sanctissimi
2895 4301 3285 4368 sacramenti
3349 4304 3414 4370 in

1833 4387 2117 4451 Ecclesia
2163 4384 2371 4453 Sancti
2420 4383 2634 4475 vigilii
2694 4388 2745 4452 E
2797 4387 2992 4473 iscopi
3051 4399 3300 4456 erectae
3346 4391 3414 4460 in

1829 4471 2099 4540 civitate
2143 4476 2479 4558 Senarum,
2528 4473 2605 4540 ad
2650 4476 2741 4542 tol
2772 4475 2968 4543 endas
3012 4478 3415 4563 quaestiones

1833 4579 1996 4647 quae
2038 4579 2230 4647 saepe
2274 4562 2526 4650 saepius
2569 4563 2951 4647 excitantur,
2984 4583 3261 4652 sequens
3292 4566 3413 4636 du-

1834 4647 2008 4716 bium
2054 4650 2276 4717 Sacrae
2318 4650 2580 4718 Rituum
2624 4652 3116 4752 congregationi
3147 4672 3268 4741 pro
3299 4675 3412 4744 op-

1829 4745 2101 4825 portuna
2144 4738 2464 4805 solutione
2507 4737 2806 4825 subiecit,
2846 4741 3189 4809 nimirum:

1963 4827 2059 4891 An
2128 4825 2192 4893 in
2261 4827 2595 4909 Ecclesiis,
2658 4827 2766 4895 ubi
2824 4827 3081 4916 aliquod
3152 4834 3408 4900 Festum

1829 4913 2229 4999 celebratur,
2279 4914 2460 4982 cuius
2511 4912 2757 4982 ratione
2812 4918 3020 4986 Sancti
3081 4919 3410 5007 Reliquiae

1829 5012 1977 5069 sunt
2027 5002 2375 5089 expositae,
2425 5003 2621 5091 possit
2664 5013 2812 5090 post
2857 5008 3197 5095 vesperas,
3245 5008 3411 5076 festo

1828 5089 2124 5175 durante,
2174 5091 2408 5180 exponi
2464 5094 2645 5159 Sacra
2706 5092 2915 5180 Pyxis.
2937 5114 3084 5162 cum
3138 5095 3408 5165 Sanctis-

1827 5177 1984 5243 simo
2038 5181 2441 5246 sacramento
2501 5197 2620 5267 per
2665 5179 2861 5249 breve
2924 5183 3228 5270 temporis
3269 5204 3410 5273 spa-

1826 5265 1988 5333 tium
2033 5266 2109 5334 ad
2156 5267 2505 5336 recitandas
2561 5270 2898 5339 nonnullas
2943 5290 3197 5362 preces,
3245 5291 3409 5375 quae

1824 5372 1971 5423 cum
2001 5353 2447 5428 benedictione
2472 5358 2853 5427 Sanctissimi
2888 5360 3273 5430 Sacramenti
3296 5361 3403 5429 ab·
