4042 5950
1418 360 1888 438 —435—

141 519 238 586 Ad
283 520 361 585 V.
411 538 452 582 ι
483 517 911 603 Affirmativ03
949 526 1014 584 et
1043 516 1372 603 Exequiae
1403 535 1594 604 supra

47 604 316 673 adavera
360 604 427 673 in
472 604 877 694 praelaudata
923 605 1205 673 Ecclesia
1252 605 1333 673 de
1383 608 1594 672 Monte

48 694 302 761 {armelo
358 693 762 781 peragendae
822 702 1012 761 erunt
1066 714 1100 759 a
1158 694 1436 760 Parocho
1481 692 1592 759 de·

48 781 247 857 uncti;
303 781 484 848 cuius
544 779 962 849 iurisdictioni
1021 781 1304 849 subiacet
1365 780 1594 848 defun-

51 879 174 953 tus,
225 871 430 938 donec
475 869 846 956 sepulturae
912 888 1042 936 non
1087 868 1283 936 fuerit
1331 868 1595 936 cadaver

48 957 466 1024 ‚amandatum
496 977 562 1022 ν.
1171 987 1178 990 *

137 1044 239 1145 Ad
306 1048 413 1112 Vl.
470 1064 508 1109 ‹
543 1046 849 1134 Spectare
915 1045 988 1111 ad
1063 1046 1416 1112 Parochum
1482 1044 1598 1111 de-

48 1145 217 1200 unctt
248 1155 312 1199 ν.

135 1220 236 1288 Ad
285 1226 415 1291 Vll.
466 1244 504 1289 ‹
541 1220 934 1288 Affirmative
969 1242 1033 1286 ν.

138 1309 240 1375 Ad
289 1313 445 1379 Vm.
492 1334 533 1378 ι
562 1308 911 1395 Negative3
963 1319 1028 1374 et
1056 1319 1354 1375 servetur
1384 1308 1597 1396 dispo·

48 1397 150 1463 itio
175 1398 318 1465 Rmi
341 1397 596 1469 Abbatis
619 1396 740 1464 sub
768 1396 874 1465 die
904 1401 945 1465 9
970 1397 1369 1483 Septembris
1398 1400 1590 1481 1856,

50 1493 71 1548 t
102 1484 218 1552 die
249 1489 333 1553 28
363 1487 524 1556 lunii
578 1489 740 1553 1857
769 1507 836 1551 ›-

139 1573 241 1640 Ad
286 1578 391 1643 IX.
441 1597 479 1642 ‹
510 1572 857 1660 Negative3
894 1571 1008 1639 sed
1057 1571 1370 1658 exequiae
1399 1592 1597 1660 super

48 1662 304 1746 adaver,
352 1663 398 1729 si
450 1663 515 1731 in
561 1663 762 1729 aliena
823 1659 1104 1727 Ecclesia
1165 1671 1592 1746 exequantur,

49 1751 417 1906 eraffipngae
461 1762 611 1905 εὲιιι
655 1770 706 1903 ἲ.
736 1748 1008 1816 Parocho
1056 1748 1343 1816 defuncti
1382 1774 1444 1814 ».

353 1885 373 1905 .
421 1861 458 1904 α
546 1858 581 1904 e
628 1859 660 1904 a
693 1856 794 1903 ive
827 1858 888 1904 ».

139 1925 239 1992 Ad
287 1929 394 1994 Xl.
445 1949 482 1992 α
516 1855 872 1994 Οὲἰθὴηῑίο
919 1923 1135 1990 Missae
1183 1923 1247 1991 in
1291 1922 1594 2010 Exequiis

48 2032 202 2100 upra
247 2014 516 2081 cadaver
558 2022 802 2101 spectat
847 2012 924 2079 ad
968 2011 1318 2078 Parochum
1362 2013 1467 2079 vel
1515 2011 1591 2079 ad

48 2102 283 2169 lterum
320 2102 794 2190 Presbyterum,
828 2100 930 2167 cui
962 2118 1196 2166 munus
1226 2098 1591 2168 huiusmodi

48 2193 86 2253 it
134 2210 170 2254 a
216 2188 491 2258 Parocho
538 2189 944 2256 commissum
977 2209 1044 2255 ν.

137 2277 236 2345 Ad
270 2280 402 2345 ΧΗ.
454 2297 492 2342 ‹
526 2277 876 2363 Exequiae,
908 2284 982 2342 ut
1013 2276 1078 2345 in
1108 2275 1331 2361 dubio,
1373 2275 1592 2365 peragi

49 2376 317 2432 oterunt
352 2386 384 2430 a
415 2367 603 2433 Clero
637 2365 1000 2452 receptitio,
1036 2378 1367 2454 postquam
1414 2369 1595 2431 Paro-

48 2453 169 2520 hus
211 2472 401 2540 supra
439 2454 709 2521 cadaver
754 2454 1053 2539 exequias
1101 2452 1489 2543 expleverit,
1527 2462 1593 2518 et

48 2542 282 2609 adaver
310 2542 519 2628 ipsum
550 2540 920 2630 sepulturae
961 2543 1266 2610 traditum
1299 2539 1490 2608 fuerit
1524 2563 1587 2606 ».

138 2632 350 2715 Atque
375 2629 458 2696 ita
484 2628 955 2716 rescripserunt
978 2650 1049 2696 ac
1072 2629 1311 2697 servari
1336 2629 1593 2696 omnino

48 2717 415 2784 laudarunt.

141 2805 256 2871 Die
303 2808 341 2871 7
389 2804 784 2894 Septembris
835 2809 1025 2873 1881.

48 2982 257 3053 ιιιο.
505 2982 777 3049 sanari
831 2984 1094 3048 macl.
1366 2979 1590 3067 (sais)

145 3155 634 3224 Archidiaconus
665 3158 983 3224 Ecclesiae
1013 3157 1407 3225 Catbedralis
1444 3159 1591 3225 San-

48 3247 88 3312 ti
131 3245 317 3311 narei
351 3243 416 3311 in
447 3247 667 3332 Regno
699 3246 1034 3332 utriusque
1081 3244 1353 3328 Siciliae,
1390 3244 1592 3311 illius-

48 3353 139 3401 ne
183 3333 558 3400 Dioeceseos
603 3334 1047 3420 pro-vicarius
1091 3334 1442 3418 Generalis„
1477 3334 1594 3400 hu·

48 3420 300 3488 [illimis
345 3417 642 3510 precibus
687 3441 719 3486 a
767 3424 948 3489 Sacra
1002 3421 1263 3489 Ritunm
1315 3426 1594 3507 Congre-

48 3509 266 3575 atione
314 3509 619 3576 instanter
657 3509 869 3595 petiit,
905 3519 974 3576 ut
1006 3510 1385 3576 sententiam
1415 3528 1593 3576 suam

48 3596 264 3685 perire
325 3597 702 3696 dignaretur
754 3616 953 3685 super
1009 3596 1220 3664 dubiis
1275 3617 1436 3684 quae
1497 3615 1592 3663 se-

48 3694 346 3764 nuntur;
394 3701 748 3752 nlmirum:

137 3771 420 3840 Dubium
486 3775 537 3838 1.
601 3774 830 3839 Contra
897 3772 1297 3860 Rescriptum
1373 3776 1593 3842 Sacrae

48 3859 534 3960 ongregationis
579 3859 840 3928 concilii
882 3862 1008 3929 diei
1051 3866 1128 3930 13
1161 3864 1207 3927 A
1262 3860 1392 3927 rilis
1429 3864 1595 3929 1720

48 3950 80 4017 1
129 3947 413 4015 Dubium
459 3948 840 4036 secundum,
890 3948 1182 4017 Canonici
1277 3947 1449 4017 abitu
1486 3953 1595 4016 Ca-

48 4034 286 4104 onicali
333 4035 539 4103 induti
581 4047 892 4118 ,tenentur
921 4056 1003 4104 ne
1039 4038 1332 4103 assistere
1362 4039 1425 4105 in
1457 4037 1596 4106 aula

51 4127 244 4214 pisce
328 4123 400 4207 li,
450 4138 516 4190 et
560 4126 866 4192 associare
912 4127 1324 4215 Episcopum,
1374 4127 1481 4213 qui
1531 4126 1593 4192 in

48 4212 251 4368 [angel
280 4222 408 4279 etta
470 4211 761 4301 procedit
811 4213 896 4280 de
940 4214 1078 4281 aula
1135 4214 1198 4280 in
1260 4213 1600 4282 cathedra·

48 4322 144 4370 nn

140 4386 425 4457 Dubium
460 4392 534 4456 11.
586 4393 681 4455 An
727 4388 1268 4457 Hebdomadarius
1303 4400 1368 4456 et
1398 4389 1597 4456 ceteri

48 4497 236 4546 mnes
299 4477 645 4544 existentes
690 4476 755 4544 in
801 4476 1010 4545 Chore
1064 4487 1402 4545 teneantur
1459 4497 1597 4544 sur·

48 4586 207 4648 ere,
271 4565 525 4651 quando
570 4585 602 4629 a
649 4564 1099 4652 Dignitatibus,
1148 4564 1477 4632 canonicis
1535 4575 1600 4630 et

48 4653 410 4810 resbytgris
455 4652 970 4742 participantibus
1016 4652 1383 4741 intonantur
1425 4651 1600 4720 Anti·

48 4745 270 4812 honae

144 4827 425 4896 Dubium
470 4834 571 4898 111.
621 4835 691 4897 ln
750 4827 1300 4898 benedictionibus
1360 4827 1604 4897 Lectio·

48 4937 170 4987 nm
218 4917 762 4986 Hebdomadarius
793 4927 860 4984 et
891 4935 1114 4985 omnes
1145 4917 1249 4983 alii
1283 4919 1366 4985 de
1394 4918 1604 4984 Chore

48 5016 328 5074 inentnr
373 5025 456 5072 ne
500 5004 826 5094 surgere?

143 5091 427 5161 Dubium
473 5097 579 5161 [v.
626 5100 723 5161 An
768 5093 1120 5163 canonicus
1177 5094 1606 5161 Hebdomada-

49 5203 144 5251 .us
207 5180 649 5250 celebraturus
708 5183 951 5249 Missam
1009 5182 1401 5267 solemnem,
1464 5193 1606 5271 post

48 5269 454 5360 §persionem
485 5276 701 5357 Aquae
729 5270 1106 5337 benedictae
1153 5271 1218 5337 in
1263 5270 1371 5338 die
1403 5269 1607 5338 Domi·

48 5361 157 5425 ico
206 5357 592 5443 faciendam,
643 5358 840 5447 possit
886 5359 949 5425 in
994 5359 1184 5445 plano
1229 5377 1344 5425 seu
1375 5359 1440 5426 in
1473 5377 1605 5425 me·

48 5447 117 5514 io
151 5446 387 5514 Altaris
414 5457 480 5514 et
512 5457 659 5514 ante
704 5446 936 5532 gradus
976 5448 1111 5515 eius
1156 5465 1226 5515 se
1276 5447 1602 5536 expoliare

1693 518 1957 602 pluviali
2006 529 2073 585 et
2118 518 2386 588 induere
2431 523 2745 607 Casulam,
2780 524 2861 591 de
2892 542 3149 593 scamno
3180 525 3284 595 vel

1697 605 2023 674 credentia
2068 607 2567 695 excipiendam?

1829 693 2101 762 Dubium
2134 698 2214 762 V.
2254 696 2581 765 Praedicto
2630 698 2693 765 in
2743 719 2886 766 casu
2930 702 3285 771 eanonicus

1695 780 2238 850 Hebdomadarius
2284 793 2419 850 toto
2467 784 2677 874 rigore
2725 786 2919 854 debet
2966 807 3047 855 ne
3106 809 3283 858 acce-

1697 870 1853 937 dere
1898 868 1977 936 ad
2023 889 2351 939 scamnum
2411 874 2518 940 vel
2566 874 2643 941 ad
2691 875 3110 960 credentiam,
3167 877 3285 945 ibi-

1698 976 1825 1110 qu'e
1877 976 1960 1111 εἷ
2000 957 2327 1045 expoliare
2387 960 2650 1047 pluviali
2713 971 2779 1029 et
2839 963 3111 1032 induere
3172 968 3283 1032 Ca·

1698 1065 1775 1111 su
1803 1065 1902 1112 am

1826 1132 2102 1200 Dubium
2147 1137 2248 1202 Vl.
2299 1141 2396 1202 An
2440 1137 2518 1204 ad
2562 1139 2877 1223 vesperas
2931 1139 3279 1226 solemnes,

1697 1233 1954 1310 praeter
1980 1222 2197 1288 Altare
2225 1221 2494 1291 Chorale
2526 1224 2633 1292 ubi
2668 1225 3143 1295 Sanctissimum
3173 1231 3281 1297 Sa-

1699 1319 2097 1376 cramentum
2154 1329 2283 1377 non
2344 1312 2590 1398 existit,
2650 1312 2998 1382 thurificari
3051 1315 3282 1384 debeat

1697 1397 1909 1462 Altare
1967 1397 2033 1464 in
2091 1417 2215 1484 quo
2278 1400 2754 1467 Sanctissimum
2810 1404 3282 1472 Sacramentum

1698 1484 2109 1553 asservatur?

1832 1570 2106 1639 Dubium
2153 1576 2285 1641 Vll.
2335 1577 2429 1641 An
2475 1595 2668 1644 sonus
2713 1578 2942 1663 organi
3003 1588 3137 1646 toto
3200 1579 3282 1645 ri-

1698 1677 1854 1746 gore
1886 1660 2084 1748 possit
2115 1661 2534 1730 intermisceri
2584 1683 2728 1732 cum
2766 1675 2981 1750 cantu,
3027 1667 3281 1753 quando

1699 1749 1762 1814 in
1785 1748 1963 1813 Missa
1993 1749 2263 1816 solemni
2295 1771 2408 1817 seu
2441 1750 2784 1819 Pontificali
2817 1752 3071 1841 integer
3103 1758 3283 1843 Sym·

1700 1836 1881 1903 bolus
1929 1836 1993 1903 in
2040 1837 2206 1904 notis
2252 1858 2368 1906 seu
2425 1837 2492 1904 in
2550 1850 2738 1907 cantu
2784 1842 3170 1929 Gregoriano
3218 1854 3284 1910 et

1698 1923 1909 2007 firmo,
1962 1934 2248 1992 cantatur
2299 1925 2362 1992 in
2408 1925 2673 1994 Chore?

1829 2010 2103 2079 Dubium
2126 2016 2283 2080 Vlll.
2320 2017 2545 2081 Preces
2577 2014 2833 2082 feriales
2864 2017 2942 2084 ad
2976 2021 3283 2106 vesperas

1701 2112 1764 2166 et
1808 2100 1883 2166 ad
1932 2099 2178 2167 Laudes
2238 2100 2465 2169 diebus
2526 2102 2912 2171 ieiuniorum
2975 2103 3281 2174 dicendae

1699 2187 1937 2255 debent
1981 2206 2063 2254 ne
2112 2188 2357 2255 concini
2402 2208 2523 2275 per
2566 2190 3048 2276 depressionem
3107 2193 3281 2261 vocis

1698 2298 1729 2341 a
1774 2277 1846 2360 fa
1895 2274 1972 2342 ad
2018 2294 2131 2358 rc,·
2176 2277 2282 2342 vel
2327 2277 2871 2347 Hebdomadarius
2932 2277 3127 2349 debet
3187 2280 3281 2346 uti

1697 2382 1856 2430 voce
1902 2362 2262 2430 uniformi?

1828 2449 2101 2518 Dubium
2127 2455 2232 2519 lX.
2258 2450 2799 2522 Hebdomadarius
2832 2455 3112 2524 debetne
3143 2475 3281 2524 sur-

1697 2559 1853 2627 gere
1885 2549 1953 2604 et
1982 2548 2150 2607 stare
2195 2540 2262 2606 in
2292 2541 2633 2609 recitandis
2662 2543 3084 2629 Orationibus,
3118 2564 3281 2631 quae

1698 2629 1999 2696 dicuntur
2046 2638 2187 2714 post
2232 2632 2457 2695 Preces
2503 2628 2808 2697 feriales?

1824 2713 2103 2782 Dubium
2160 2719 2238 2784 X.
2303 2721 2372 2783 ln
2439 2727 2629 2783 cantu
2696 2718 2997 2786 Passionis
3066 2728 3284 2786 textus

1695 2802 2120 2889 Evangelicus
2178 2812 2473 2891 potestne
2535 2805 2769 2871 cantari
2812 2807 2889 2874 ab
2933 2807 3280 2894 organista,

1698 2891 1973 2957 maxime
2017 2889 2072 2955 si
2116 2891 2196 2957 sit
2241 2889 2526 2959 Clericus
2584 2892 2909 2960 minorista
2967 2895 3076 2961 vel
3124 2893 3283 2963 Sub-

1698 2979 1998 3047 diaconus
2019 2976 2054 3044 ?
2113 3000 2116 3004 “

1831 3065 2106 3133 Dubium
2153 3069 2257 3135 XI.
2308 3072 2379 3134 ln
2420 3066 2637 3136 Officio
2683 3069 2907 3137 Feriae
2954 3074 3033 3139 Vl
3081 3070 3146 3138 in
3174 3074 3281 3137 Pa-

1693 3174 1950 3222 rasceve
1987 3155 2157 3222 nuda
2189 3155 2500 3224 cathedra
2529 3175 2642 3223 seu
2676 3155 3100 3225 faldistorium
3132 3158 3299 3247 Epi--

1697 3244 1872 3330 scopi
1919 3261 2195 3328 quonam
2244 3243 2306 3310 in
2355 3243 2496 3310 loco
2544 3247 2917 3331 ponendum
2963 3244 3111 3313 est?

1826 3330 2104 3398 Dubium
2135 3334 2266 3398 Xll.
2304 3335 2372 3397 ln
2405 3330 2583 3398 Missa
2613 3332 2860 3400 Sabbati
2885 3334 3095 3402 Sancti
3125 3333 3282 3401 dum

1693 3439 1726 3485 a
1772 3419 2152 3488 celebrante
2216 3417 2540 3485 intonatur
2597 3432 2817 3489 cantus
2880 3422 3110 3509 Hymni
3154 3427 3280 3488 An-

1693 3506 1913 3594 gelici,
1963 3506 2391 3594 permittenda
2437 3525 2521 3575 ne
2563 3518 2660 3574 est
2705 3508 3045 3576 descensio
3090 3508 3283 3597 panni

1694 3615 1808 3662 seu
1855 3595 2184 3661 velaminis
2242 3595 2545 3662 Passionis
2602 3615 2798 3685 super
2843 3597 3060 3663 Altare
3107 3616 3282 3698 para·

1699 3692 1836 3749 tum
1896 3683 1974 3750 ad
2034 3687 2327 3769 Festum;
2391 3684 2473 3750 ita
2533 3694 2603 3752 ut
2672 3682 2979 3754 habeatur
3042 3684 3282 3772 aliquid

1698 3769 2017 3838 ludicrum
2049 3781 2241 3857 atque
2273 3769 2633 3840 illusorium
2657 3774 2827 3862 apud
2850 3773 3102 3856 fideles,
3135 3792 3287 3860 pro-

1697 3868 1844 3946 pter
1889 3858 2065 3925 illam
2120 3857 2391 3927 subitam
2451 3869 2643 3946 atque
2701 3861 3016 3930 scenicam
3078 3871 3285 3926 muta-

1699 3948 1941 4013 tionem
1998 3958 2256 4015 ornatus
2321 3958 2386 4014 et
2445 3957 2642 4016 status
2695 3949 3042 4034 Ecclesiae,
3104 3948 3286 4015 cuius

1698 4037 1866 4103 fores
1933 4055 2050 4102 seu
2118 4035 2434 4103 fenestrae
2504 4046 2657 4102 tunc
2726 4038 3032 4125 temporis
3089 4035 3284 4102 simul

1699 4120 2131 4213 aperiuntur?
3004 4134 3009 4147 ·

1829 4211 2105 4279 Dubium
2134 4216 2293 4280 Xlll.
2342 4213 2550 4290 Quum
2579 4231 2702 4300 per
2746 4223 2943 4280 totam
2988 4215 3283 4281 Octavam

1701 4301 1767 4368 in
1811 4305 1999 4367 Festo
2046 4299 2429 4367 Sanctissimi
2466 4300 2765 4388 Corporis
2808 4301 3040 4368 Christi
3087 4300 3283 4368 fuerit

1699 4388 1960 4455 solitum
2003 4405 2249 4474 ponere
2293 4407 2490 4475 super
2535 4389 2750 4454 Altare
2784 4388 3285 4456 'tabernaculum

1701 4494 1849 4543 cum
1923 4476 2325 4542 sanctissimo
2400 4479 2806 4543 Sacramento
2882 4475 3288 4565 discooperto

1704 4574 1993 4650 tempore
2038 4562 2424 4631 recitationis
2457 4567 2882 4651 vesperarum
2931 4574 2995 4630 et
3041 4573 3288 4630 cetero-

1706 4670 1851 4719 rum
1893 4651 2264 4718 Divinorum
2311 4650 2711 4729 officiorum;
2762 4650 2913 4718 licet
2956 4671 3040 4719 ne
3078 4652 3162 4729 ‚ad
3214 4650 3290 4718 li·

1703 4740 1928 4894 bitan?
1952 4757 2122 4804 nunc
2169 4739 2603 4827 discooperire
2650 4749 2714 4805 et
2753 4756 2923 4807 nunc
2955 4740 3290 4828 cooperire

1709 4828 1825 4894 illu

1840 4915 2113 4984 Dubium
2157 4918 2319 4982 xlv.
2371 4920 2436 4983 ln
2484 4925 2627 4983 actu
2681 4913 3096 5001 expositionis
3143 4916 3291 4982 San·

1708 5003 1966 5072 ctissimi
1997 5002 2385 5073 Sacramenti
2433 5001 2629 5071 debet
2674 5022 2756 5069 ne
2803 5002 2941 5073 cani
2987 5000 3227 5089 aliquid
3260 5020 3294 5066 a

1710 5091 1921 5160 Chore
1965 5111 2083 5159 seu
2128 5088 2565 5161 celebrante?

1839 5178 2113 5247 Dubium
2145 5181 2282 5246 XV.
2319 5177 2800 5262 Ecclesiasticis,
2829 5186 2894 5244 et
2916 5175 3294 5265 praesertim

1708 5264 2033 5336 Canonicis
2087 5267 2352 5355 paratis,
2407 5265 2474 5334 in
2527 5266 2933 5335 associatione
3004 5264 3294 5333 defuncti

1710 5356 2091 5442 Sacerdotis,
2140 5354 2295 5423 licet
2339 5374 2422 5423 ne
2469 5354 2725 5423 deferre
2758 5353 2893 5420 eins
2940 5353 3295 5431 feretrnm;

1708 5446 1815 5512 vel
1846 5446 2074 5512 saltem
2105 5443 2368 5512 deferre
2400 5443 2673 5513 fimbrias
2694 5442 2886 5532 panni
2917 5437 3297 5511 mortuarii?
