4042 5950
2058 252 2531 342 —384-

656 422 800 495 tur;
834 430 1037 502 quare
1058 412 1521 484 sententiarum
1554 415 1859 487 varietate
1891 420 2237 507 eliminata,

653 502 954 591 requisita
1001 505 1307 572 securitas
1353 505 1698 586 habeatur;
1747 508 2095 576 nimirumz

795 596 858 657 1.
906 593 1002 659 An
1049 592 1217 660 Sede
1264 592 1619 681 Episcopali
1669 607 1956 680 vacante,
1994 600 2060 665 in
2089 596 2238 685 Epi-

653 681 889 768 scopali
937 681 1185 749 Sacello
1232 679 1504 768 quilibet
1549 684 1855 753 Sacerdos
1909 689 2240 753 Sacrosan-

653 778 829 836 ctum
877 769 1093 837 Missae
1154 770 1545 839 Sacrificium
1607 772 1935 840 celebrare
1990 770 2244 862 possit'?

783 863 849 924 2.
898 865 997 926 An
1044 857 1108 927 id
1154 860 1371 927 locum
1431 858 1656 927 babeat
1712 861 1903 929 etiam
1964 862 2031 929 in
2091 881 2239 929 casu

651 948 997 1033 praesenti,
1049 946 1112 1014 in
1159 967 1286 1035 quo
1335 947 1658 1017 Sacellum
1702 950 2078 1038 Episcopale
2123 954 2237 1017 Bo-

650 1052 870 1103 sanen.
933 1036 1319 1123 assignatum
1380 1046 1476 1103 est
1527 1055 1648 1125 pro
1706 1037 2106 1126 excipiendis
2162 1040 2242 1109 ad

651 1124 910 1192 scholas
957 1123 1462 1192 accedentibus?

592 1234 603 1240 ·
784 1216 849 1280 3.
900 1216 978 1279 Ει
1025 1225 1339 1300 qnatenus
1385 1212 1715 1301 negative,
1767 1226 1982 1282 orator
2025 1216 2242 1284 Indul-

652 1312 791 1369 tum
844 1299 1183 1388 efflagitat,
1229 1313 1304 1370 ιιι
1351 1303 1435 1371 ibi
1497 1305 1560 1370 in
1616 1303 1958 1371 Dominicis
2011 1305 2240 1372 saltem

652 1389 983 1476 Festisque
1013 1391 1099 1459 de
1130 1402 1479 1479 praecepto
1511 1396 1989 1459 sacrosanctum
2022 1392 2240 1460 Missae

652 1477 1043 1546 Sacrificium
1090 1478 1502 1564 celebretur,
1553 1479 1655 1547 cui
1711 1481 2064 1565 adstantes,
2112 1490 2241 1547 tam

650 1566 929 1655 Magistri
975 1586 1188 1669 quam·
1213 1568 1541 1670 discipuli,
1589 1567 1949 1636 satisfacere
1989 1568 2241 1636 valeant

652 1657 1897 1835 praffefficrzmffiffihszcggimgano,
1946 1747 2023 1814 ad
2071 1746 2241 1813 Vati-

653 1851 879 1902 canum
928 1832 1284 1920 subsignata
1334 1834 1439 1901 die
1486 1836 1832 1902 coadunata
1883 1835 1947 1902 in
1990 1835 2244 1902 Ordina-

653 1921 761 1988 riis
807 1921 1137 2006 comitiis,
1187 1921 1398 1991 audita
1447 1923 1758 1991 relatione
1805 1943 1837 1989 a
1881 1922 2241 2011 subscripto

653 2009 1013 2077 Secretario
1062 2011 1245 2095 l'acta,
1296 2013 1819 2100 respondendum
1859 2011 2150 2079 censuit:

784 2098 879 2165 Ad
932 2103 994 2169 1.
1044 2110 1110 2166 et
1155 2103 1224 2167 2.
1272 2122 1311 2165 a
1347 2098 1734 2169 Affirmative
1767 2121 1829 2167 ι.

784 2188 878 2254 Ad
927 2192 991 2256 3.
1041 2211 1080 2254 a
1122 2193 1248 2257 lam
1315 2190 1645 2277 provisum
1710 2188 1778 2257 in
1845 2189 2242 2279 praeceden-

651 2275 821 2345 tibus
854 2296 916 2344 ›.

783 2368 992 2454 Atque
1025 2366 1106 2434 ita
1152 2366 1481 2455 rescripsit
1526 2377 1593 2433 et
1638 2366 2004 2434 declaravit.

779 2452 896 2522 Die
940 2459 983 2523 8
1027 2454 1258 2544 Aprilis
1311 2460 1507 2524 1854.

655 2596 921 2666 3022.
1207 2599 1696 2666 russnomlsls6
2010 2601 2238 2689 (5201)

799 2727 869 2789 ln
936 2721 1297 2791 cathedrali
1364 2722 1745 2791 Pinerolien.
1817 2724 2101 2791 Ecclesia
2175 2726 2237 2794 in

652 2809 1155 2899 praesentiarum
1187 2820 1319 2878 tres
1349 2820 1594 2878 tantum
1624 2823 2046 2881 numerantur
2075 2818 2242 2883 Man-

651 2898 931 2986 sionarii,
964 2918 996 2963 a
1031 2900 1254 2967 sancta
1285 2900 1456 2968 Sede
1490 2899 1748 2989 palliolo
1779 2920 1895 2969 seu
1926 2912 2241 2971 moaaetta

654 2988 1100 3067 condecorati;
1154 2999 1218 3056 et
1279 3007 1444 3057 unus
1500 3008 1581 3056 ex
1633 2990 1723 3055 eis
1784 2991 1849 3058 in
1908 2994 2240 3059 caeremo-

651 3076 900 3144 niarum
948 3077 1313 3165 Magistrum
1364 3086 1429 3145 et
1473 3078 1811 3146 sacristam
1871 3080 2240 3165 assumitur,

651 3185 721 3232 ac
801 3165 1107 3252 peculiari
1183 3167 1454 3254 quadam
1529 3168 2048 3235 remuneratione
2122 3185 2243 3258 pro

651 3252 1144 3322 Caeremoniarii
1190 3263 1257 3323 et
1302 3256 1611 3324 Sacristae
1658 3254 1881 3323 officiis
1939 3254 2239 3324 donatur.

649 3344 856 3421 Quum
920 3361 1078 3412 vero
1136 3343 1308 3412 inter
1361 3343 1527 3445 ipsos
1573 3363 1701 3411 non
1749 3363 1872 3412 una
1929 3343 2241 3412 sententia

650 3431 733 3496 sit
755 3431 921 3499 circa
946 3451 1132 3499 usum
1156 3431 1398 3521 pallioli
1421 3451 1545 3499 seu·
1567 3443 1920 3500 monettae
1944 3433 2102 3501 dum
2129 3433 2240 3501 ille

652 3520 1143 3587 Caeremoniarii
1175 3530 1240 3588 et
1272 3520 1578 3588 Sacristae
1611 3539 1883 3589 munere
1913 3522 2243 3610 fungitur3

651 3607 974 3693 simulque
1019 3607 1353 3675 dubitetur
1395 3627 1552 3676 num
1599 3609 1715 3698 ipsi
1763 3609 1827 3677 in
1874 3609 2243 3678 memoratis

653 3693 874 3762 officiis
921 3714 1182 3783 operam
1229 3715 1407 3763 suam
1455 3697 1855 3786 impendenti
1902 3699 1998 3765 ius
2045 3697 2125 3765 sit
2166 3699 2242 3766 ad

652 3783 940 3851 chorales
1008 3782 1529 3865 distributiones;
1603 3786 1789 3872 hinc,
1854 3786 2244 3872 assentiente

656 3871 847 3940 etiam
911 3871 975 3939 in
1034 3872 1287 3963 scriptis
1345 3876 1501 3940 Rmo
1548 3873 1904 3962 Episcopo,
1955 3875 2087 3942 duo
2146 3894 2244 3941 se·

653 3959 913 4048 quentia
960 3960 1153 4029 dubia
1197 3981 1317 4050 pro
1364 3974 1724 4062 opportuna
1768 3962 2087 4031 solutione
2133 3983 2246 4029 ex·

654 4049 852 4153 bibita
907 4060 1057 4117 sunt
1117 4052 1341 4117 Sacrae
1398 4054 1659 4118 Rituum
1703 4051 2241 4140 congregationi;

655 4156 959 4207 nimirum
990 4163 1007 4206 ε
1046 4207 1057 4214 ,

793 4231 852 4295 1.
905 4231 1133 4295 Utrum
1196 4226 1684 4310 mansionarius,
1734 4227 1841 4314 qui
1905 4232 2245 4296 caeremo-

654 4315 835 4384 niarii
881 4314 1256 4405 capitularis
1303 4328 1366 4382 et
1413 4316 1720 4386 Sacristae
1765 4335 2040 4385 munere
2105 4317 2246 4385 lun·

656 4403 854 4493 gitur,
905 4405 971 4472 in
1016 4404 1331 4474 obeundis
1380 4415 1516 4473 tum
1562 4405 2055 4473 caeremoniarii
2107 4416 2245 4473 tum

658 4491 966 4560 Sacristae
1012 4491 1270 4578 muniis,
1323 4493 1658 4580 palliolum
1702 4513 1819 4560 seu
1864 4505 2244 4562 mezzettam

657 4590 907 4667 gestare
953 4579 1198 4669 possit?

788 4674 853 4736 2.
905 4672 1133 4737 Utrum
1166 4670 1340 4738 idem
1371 4670 1842 4755 mansionarius,
1877 4671 2034 4739 dum
2064 4690 2247 4761 prae·

657 4757 799 4826 fatis
829 4758 1049 4826 officiis
1107 4761 1418 4829 incumbit
1472 4760 1733 4830 aliunde
1795 4759 2245 4844 remuneratis,

656 4846 755 4915 ius
797 4846 1213 4916 nibilominus
1258 4850 1333 4918 ad
1381 4848 1863 4918 distributiones
1907 4849 2248 4917 lllansiona-

658 4934 769 5001 riis
811 4934 1056 5006 debitas
1102 4939 1341 5006 habere
1387 4937 1635 5025 queat?

789 5025 961 5103 Quae
1006 5027 1268 5114 quidem
1300 5027 1516 5115 dubia,
1565 5047 1765 5116 quum
1814 5026 1984 5096 inter
2031 5037 2246 5093 cetera

657 5112 1055 5204 subscriptus
1100 5116 1493 5184 secretarius
1535 5116 1835 5184 retulerit
1881 5115 1945 5181 in
1988 5116 2247 5183 Ordina-

663 5200 769 5268 riis
826 5204 1164 5272 Sacrorum
1226 5204 1483 5273 Rituum
1541 5205 1826 5273 Comitiis
1880 5202 1957 5269 ad
2006 5203 2247 5271 Vatica-

661 5308 814 5358 num
848 5290 1155 5361 hodierna
1179 5295 1286 5362 die
1316 5293 1578 5372 babitis3
1613 5297 1797 5361 sacra
1830 5292 2056 5358 eadem
2085 5293 2250 5360 con·

663 5378 952 5466 gregatis
996 5381 1483 5450 rescribendum
1530 5382 1824 5449 censuit:

2473 424 2568 491 Ad
2606 427 2667 492 1.
2704 445 2743 488 a
2775 426 3028 494 chorali
3057 422 3274 496 babitu
3309 426 3430 517 (uti
3465 440 3776 499 moazetta
3801 428 3920 517 est)

2340 510 2405 577 in
2450 511 2660 580 choro
2706 523 2952 582 tantum
2999 516 3090 583 uti
3123 533 3352 604 posse;
3386 518 3548 585 etin
3579 522 3923 587 Processis—

2341 599 2556 683 nibus,
2593 601 2657 668 in
2686 603 2919 688 quibus
2956 622 3077 670 ceu
3109 605 3558 673 mansionarius
3588 606 3830 675 incedit
3859 632 3923 676 a.

2476 689 2570 757 Ad
2617 694 2683 758 2.
2733 710 2772 753 a
2806 691 3223 772 Affirmative;
3256 693 3306 760 si
3348 704 3562 762 tamen
3594 696 3807 763 cbore
3837 696 3927 763 in·

2343 777 2559 864 tersit3
2610 791 2679 845 et
2730 778 2916 846 aliter
2972 800 3100 849 non
3163 781 3357 849 luerit
3405 783 3467 849 in
3527 781 3927 852 institutione

2341 865 2669 954 provisum
2716 869 2818 935 vel
2866 866 2928 935 in
2974 869 3548 938 constitutionibus
3577 894 3647 937 »-

2473 959 2684 1042 Atque
2728 955 2813 1023 ita
2861 958 3217 1025 rescribere
3261 970 3392 1026 rata
3441 971 3566 1027 est.

2472 1041 2586 1111 Die
2632 1047 2678 1111 8
2720 1045 2954 1133 Aprilis
3005 1049 3198 1114 1854.
3663 1067 3667 1071 ·

2343 1187 2604 1255 3023.
2961 1190 3312 1257 nomm.
3701 1194 3924 1278 (asoa)

2471 1310 2836 1387 Quaesitum
2883 1329 3085 1397 quum
3137 1312 3334 1379 luerit
3376 1334 3410 1379 a
3454 1317 3642 1381 Sacra
3671 1315 3926 1383 Rituura

2342 1399 2848 1485 congregatione
2892 1410 2965 1466 ut
3017 1400 3346 1468 declarare
3398 1401 3782 1490 dignaretur
3837 1422 3930 1468 se·

2343 1486 2603 1571 quentia
2647 1487 2777 1555 duo
2821 1487 3038 1572 dubia,
3084 1499 3154 1557 ut
3200 1489 3264 1555 in
3312 1490 3590 1558 universi
3625 1490 3926 1560 catholici

2340 1573 2521 1640 Orbis
2553 1575 2855 1641 Ecclesiis
2887 1577 3147 1644 unisona
3181 1577 3261 1644 sit
3294 1577 3490 1664 ipsius
3513 1582 3742 1646 Sacrae
3775 1582 3930 1647 con·

2342 1663 2730 1750 gregationis
2797 1667 3218 1733 Decretorum
3290 1677 3357 1732 et
3422 1669 3930 1757 Responsionum

2343 1750 2776 1830 observantia;
2823 1752 3015 1820 dubia
3064 1752 3197 1842 ipsa
3245 1755 3309 1821 in
3336 1754 3683 1823 ordinariis
3714 1759 3930 1823 Sacro—

2346 1858 2489 1907 rum
2513 1838 2776 1906 Rituuni
2799 1840 3108 1927 comitiis,
3129 1842 3207 1910 ad
3235 1843 3604 1911 Vaticanum
3626 1844 3928 1913 hodierna

2342 1928 2453 1995 die
2484 1927 2877 2013 coadunatis,
2906 1929 3078 1996 inter
3098 1942 3312 1999 cetera
3352 1950 3470 2019 per
3498 1933 3932 2022 subscriptum

2344 2015 2774 2085 Secretarium
2822 2018 3016 2085 relata
3064 2018 3363 2099 luerunt3
3410 2016 3697 2088 scilicet:

2478 2108 2538 2170 1.
2586 2106 2793 2183 Quum
2844 2125 2924 2171 ex
2958 2106 3385 2175 declaratione
3416 2110 3642 2175 Sacrae
3671 2108 3932 2176 Rituam

2343 2194 2907 2281 congregationis,
2973 2195 3092 2261 lata
3153 2195 3260 2264 die
3312 2200 3397 2263 23
3451 2195 3590 2262 Maii
3650 2199 3819 2265 ¹846
3872 2199 3936 2265 in

2344 2302 2469 2351 una
2511 2281 2761 2349 Ordinis
2807 2281 3343 2370 praedicatorum,
3379 2286 3691 2352 sancitum
3741 2286 3938 2353 fuerit

2345 2375 2610 2438 Decreta
2658 2380 2724 2437 et
2767 2371 3237 2460 Responsiones
3298 2373 3374 2440 ab
3434 2371 3566 2461 ipsa
3621 2386 3938 2458 emanata,

2346 2459 2697 2526 dummodo
2765 2459 3005 2548 scripto
3071 2458 3367 2529 formiter
3431 2460 3604 2529 edita
3664 2461 3938 2544 fuerint,

2346 2548 2644 2614 eamdem
2690 2548 3135 2614 auctoritatem
3180 2548 3418 2617 habere
3463 2569 3534 2617 ac
3595 2550 3646 2617 si
3710 2552 3942 2617 imme-

2342 2636 2515 2705 diate
2544 2637 2621 2702 ab
2656 2636 2792 2723 ipso
2823 2639 3087 2703 Summo
3119 2636 3422 2704 Pontiflce
3452 2650 3939 2725 promanarent;

2343 2724 2709 2813 quaeritur:
2761 2727 2857 2790 An
2887 2743 3009 2811 per
3038 2723 3232 2790 verba
3259 2726 3594 2792 dummodo
3628 2729 3944 2813 formiter

2341 2817 2586 2914 scripto
2608 2813 2785 2880 edita
2813 2814 3092 2914 suerint,
3129 2813 3397 2880 sufficiat
3424 2814 3597 2915 quod
3629 2814 3760 2914 sint
3787 2815 3946 2881 sub-

2345 2911 2636 3058 agapae?
2672 2905 3180 3089 ἓῖῗιῑῗιῖεῗίιὲῗῖΐ
3204 2905 3343 3058 Situ}
3391 2906 3950 3080 effiagiizpfforggt

2344 3078 2514 3165 nita3
2564 3078 2668 3145 vel
2717 3079 2931 3166 potius
2979 3089 3363 3166 requiratur,
3396 3088 3470 3145 ut
3497 3079 3624 3146 sint
3667 3080 3778 3146 vel
3818 3084 3947 3147 Ro·

2345 3185 2487 3234 mae
2545 3166 2645 3232 vel
2704 3166 2781 3233 ab
2842 3166 3170 3254 Episcopis
3222 3166 3288 3235 in
3339 3167 3468 3234 suis
3528 3167 3950 3235 Dioecesibns

2346 3253 2842 3345 promulgatae?
3107 3281 3120 3291 ‘

2479 3348 2545 3410 2.
2596 3347 2677 3409 Ει
2734 3355 3044 3430 quatenus
3103 3344 3476 3424 affirmative
3538 3344 3615 3411 ad
3661 3345 3948 3432 primam

2350 3443 2622 3519 partem,
2656 3432 2953 3518 negative
2984 3433 3060 3501 ad
3093 3433 3472 3500 secunduma
3508 3433 3604 3498 An
3635 3448 3946 3520 tanquam

2346 3522 2649 3606 [cmiter
2692 3521 2866 3588 edita
2913 3520 3199 3589 habenda
3244 3520 3371 3588 sint
3417 3522 3684 3588 Decreta
3722 3534 3791 3589 et
3819 3525 3948 3590 Re·

2346 3607 2716 3698 sponsiones
2741 3610 2806 3677 in
2829 3609 3189 3677 authentica
3208 3608 3606 3677 collectione
3621 3608 3950 3676 insertae?

2480 3701 2561 3763 Et
2593 3698 2774 3764 sacra
2806 3697 3068 3790 Rituum
3111 3696 3562 3787 congregatio,
3599 3709 3749 3784 post
3793 3698 3948 3764 dili-

2349 3802 2508 3872 gens
2554 3785 2842 3852 omnium
2873 3801 3169 3869 examen,
3206 3783 3606 3871 respendere
3641 3796 3771 3852 rata
3799 3797 3942 3853 est:

2480 3874 2575 3940 Ad
2615 3877 2674 3939 1.
2712 3894 2751 3937 a
2785 3872 3314 3956 Affirmative,'ad
3346 3873 3618 3962 primam
3652 3885 3940 3961 partem3

2346 3961 2679 4048 Negative,
2727 3963 2806 4030 ad
2852 3963 3199 4030 secundam
3233 3983 3300 4027 ».

2483 4052 2576 4118 Ad
2609 4053 2674 4117 2.
2711 4071 2750 4114 a
2785 4049 3214 4136 Affirmativ03
3247 4049 3342 4116 uti
3371 4059 3548 4137 patet
3580 4050 3941 4119 ex-adiecta

2351 4139 2787 4206 Declaratione
2821 4161 2883 4203 ι».

2483 4227 2595 4295 Die
2643 4230 2686 4294 8
2730 4226 2963 4316 Aprilis
3015 4230 3208 4295 1884.

2350 4369 2617 4440 3024.
2957 4371 3336 4437 Ananim.
3707 4370 3935 4455 (asos)

2481 4497 2643 4561 Dum
2667 4493 2847 4561 Feria
2871 4499 2925 4563 V
2957 4494 3019 4562 in
3043 4497 3253 4563 coena
3273 4493 3519 4561 Domini
3542 4493 3940 4579 Magistratus

2351 4581 2631 4650 civitatis
2677 4582 3017 4650 Amerinae
3063 4583 3403 4651 accedebat
3432 4582 3508 4650 ad
3542 4583 3805 4649 Sacram
3833 4587 3938 4672 Sy·

2352 4672 2565 4737 naxim
2634 4669 2930 4756 formiter
2994 4669 3462 4756 suscipiendam
3530 4669 3594 4737 in
3663 4670 3936 4739 solemni

2354 4758 2532 4826 Missa
2579 4759 2642 4827 in
2679 4759 3048 4828 ⁴cathedrali
3097 4759 3395 4825 Amerina
3457 4758 3791 4844 Ecclesia,
3837 4765 3938 4827 ca·

2354 4846 2661 4914 thedralis
2692 4847 2889 4936 ipsius
2918 4847 3471 4914 caeremoniarum
3516 4847 3826 4933 Hagister
3855 4849 3937 4917 di·

2350 4936 2620 5023 sposuit,
2667 4949 2740 5004 ut
2786 4947 2932 5025 post
2978 4952 3239 5002 omnem
3283 4934 3545 5002 elerum
3583 4937 3664 5005 ad
3693 4938 3936 5006 Eucha-

2352 5023 2634 5092 risticam
2690 5026 2962 5093 Mensam
3018 5022 3505 5102 admittet-etun
3554 5024 3716 5092 item
3767 5036 3839 5092 ut
3885 5027 3937 5090 in

2351 5113 2619 5180 solemni
2678 5113 3141 5214 supplicatione
3199 5112 3584 5181 sanctissimi
3637 5113 3938 5202 corporis

2353 5199 2586 5268 Christi
2622 5203 3015 5289 Magistratus
3043 5201 3181 5291 ipse
3209 5203 3621 5289 procederet,
3655 5202 3769 5269 vel
3802 5213 3936 5269 ante

2352 5292 2625 5356 crucem
2656 5291 2825 5357 cleri
2856 5290 2961 5356 vel
2987 5299 3132 5378 post
3157 5289 3625 5376 baldachinum,
3660 5309 3794 5357 ceu
3824 5291 3936 5357 lert

2355 5378 2565 5464 praxis
2598 5389 2663 5444 et
2696 5378 3156 5445 ecclesiasticae
3188 5378 3366 5463 leges
3407 5380 3670 5466 exigere
3713 5379 3934 5446 viden·
