4042 5950
2040 224 2512 304 —412-

632 381 842 468 ipsum
890 380 1320 471 purificatorio
1369 382 1568 450 linteo
1613 381 1956 471 abstergat,
1992 405 2062 451 ac
2103 382 2214 450 de-

632 490 807 538 mum
856 489 972 537 coo
1022 468 1207 556 eriat,
1257 470 1347 537 uti
1395 470 1544 538 alias
1591 470 1688 557 fit,
1736 481 1929 558 atque
1973 471 2054 539 ab
2110 473 2215 539 Al·

633 559 745 625 tari
794 559 956 627 dece
1005 573 1156 626 at».

762 669 800 710 ι
832 645 1143 737 Depositis
1185 646 1375 715 sacris
1429 649 1714 716 vestibus
1758 660 1824 715 et
1870 648 2212 739 gratiarum

628 735 876 802 actione
907 736 1252 823 completa,
1285 756 1443 823 aqua
1477 756 1513 803 e
1542 736 1751 804 Calice
1781 736 2062 816 dimissa,
2095 756 2215 824 pro

630 841 849 889 rerum
879 823 1217 909 adiunctis,
1248 827 1354 892 vel
1389 824 1465 892 ad
1498 823 1675 893 diem
1705 825 2051 893 crastinum
2083 845 2216 892 ser·

628 922 819 979 vetur
864 912 940 1000 (si
988 931 1226 1001 nempe
1258 932 1336 981 eo
1370 933 1587 981 rursus
1635 915 1945 982 Sacerdos
1991 914 2215 982 redeat

628 1000 873 1066 Missam
919 999 1274 1088 habiturus)
1312 1012 1376 1069 et
1411 1001 1475 1069 in
1510 1003 1888 1086 exequenda
1921 1002 2219 1089 purifica·

631 1088 806 1155 tione
868 1089 930 1156 in
995 1090 1261 1157 calicem
1307 1090 1726 1167 demittatur3
1772 1092 1877 1158 vel
1937 1089 2215 1180 gossipio

628 1185 736 1243 aut
781 1188 963 1264 stupa
1012 1179 1304 1266 absorpta
1360 1180 1809 1266 comburatur,
1863 1179 1963 1246 vel
2013 1177 2078 1244 in
2124 1199 2219 1244 sa-

627 1265 870 1348 crario,
918 1264 970 1333 si
1017 1267 1136 1351 sit,
1187 1266 1561 1334 exsiccanda
1621 1266 2059 1354 relinquatur;
2105 1268 2215 1334 vel

630 1353 1005 1420 demittatur
1053 1356 1115 1422 in
1163 1353 1469 1443 piscinam
1500 1375 1563 1420 ι».

761 1463 799 1505 ‹
830 1443 1037 1519 Quum
1082 1453 1297 1510 autem
1342 1442 1518 1511 Calix
1562 1461 1690 1529 quo
1739 1443 2048 1511 Sacerdos
2093 1443 2216 1546 pri·

629 1548 808 1597 mum
853 1541 952 1597 est
998 1552 1186 1616 usus,
1233 1531 1608 1617 purificatus
1663 1530 1783 1598 iam
1830 1532 1953 1616 sit,
2000 1531 2053 1598 si
2102 1533 2215 1600 illo

629 1619 644 1685 i
695 1638 764 1684 so
812 1637 927 1704 pro
978 1619 1153 1685 Missa
1197 1621 1395 1686 altera
1442 1617 1750 1707 indigeat,
1797 1639 1950 1687 eum
1996 1641 2218 1689 secum

677 1707 913 1774 eierat:
963 1727 1148 1775 secus
1191 1728 1370 1796 vero,
1410 1708 1477 1775 in
1505 1708 1703 1777 altera
1750 1709 1924 1775 Missa
1958 1709 2215 1777 diverso

627 1796 837 1863 Calice
889 1795 980 1862 uti
1072 1796 1264 1863 oterit
1297 1819 1359 1863 ».

761 1888 851 1950 De
917 1883 1028 1969 qui
1076 1905 1150 1952 us
1216 1884 1511 1952 omnibus
1579 1884 1738 1952 iacta
1802 1887 2215 1972 postmodum

629 1971 1033 2039 Sanctissimo
1063 1972 1331 2041 Domino
1363 1976 1590 2040 Nostro
1620 1973 1727 2040 Pio
1758 1979 1957 2063 Papae
1987 1978 2069 2043 IX
2102 1994 2219 2060 per

627 2059 1058 2148 subscriptum
1123 2062 1551 2129 secretarium
1620 2062 1795 2131 fideli
1866 2062 2216 2147 relatione,

628 2147 935 2217 Sanctitas
980 2151 1104 2216 Sua
1149 2151 1614 2217 resolutionem
1658 2153 1882 2218 Sacrae
1938 2155 2223 2240 Congre-

629 2237 897 2325 gationis
928 2256 1074 2304 cnm
1103 2239 1352 2307 adnexa
1395 2237 1820 2308 instructione
1866 2238 2219 2325 approhare

630 2325 886 2414 dignata
934 2339 1053 2394 est.

759 2415 873 2480 Die
927 2418 1003 2480 11
1052 2413 1252 2483 Martii
1304 2420 1502 2484 1868.

629 2557 906 2631 3060.
1241 2559 1599 2624 smocnn.
1984 2559 2215 2646 (aasz)

760 2678 1044 2749 Vicarius
1066 2681 1394 2748 Generalis
1424 2681 1564 2748 Rmi
1597 2680 1898 2769 Episcopi
1923 2684 2217 2752 Briocen.

629 2789 662 2833 a
693 2770 759 2835 8.
796 2771 870 2834 R.
907 2771 978 2835 C.
1014 2770 1425 2856 sequentium
1454 2769 1800 2837 dubiorum
1830 2770 2218 2841 solutionem

628 2855 989 2923 humillime
1038 2857 1431 2944 postulavit:

761 2950 807 3013 Ι.
858 2948 956 3013 An
1001 2945 1323 3026 Processio
1369 2947 1436 3016 in
1482 2951 1667 3015 Festo
1715 2950 1780 3015 8.
1833 2947 2021 3016 Marci
2057 2951 2218 3019 etin

628 3032 824 3102 Feriis
882 3033 1301 3123 Rogationum
1365 3036 1448 3104 de
1511 3047 1857 3124 praecepto
1917 3035 2058 3105 fleri
2104 3040 2220 3108 de-

629 3124 772 3190 beat
821 3122 981 3191 intra
1027 3123 1399 3209 Ecclesiam,
1449 3125 1703 3213 quoties
1760 3126 2067 3212 temporis
2129 3128 2220 3194 in-

628 3209 970 3278 clementia
1015 3212 1093 3279 ah
1139 3213 1421 3280 Ecclesia
1470 3213 1695 3302 egredi
1743 3233 1871 3282 non
1903 3214 2223 3301 patiatur?

761 3304 836 3366 ll.
883 3301 1091 3378 Quum
1140 3300 1314 3368 iuxta
1360 3305 1705 3370 Decretum
1753 3302 1884 3369 diei
1935 3307 2013 3371 12
2061 3307 2219 3372 Mar-

629 3386 696 3454 tii
749 3391 916 3455 1836
965 3390 1026 3455 in
1074 3388 1442 3457 'tridentina
1496 3390 1573 3457 ad
1634 3389 1904 3457 dubium
1951 3394 1992 3459 9
2053 3393 2222 3460 cele·

551 3480 558 3489 '
629 3474 864 3545 branda
908 3475 990 3543 sit
1036 3477 1210 3545 Missa
1255 3478 1704 3566 negationum,
1754 3481 2009 3565 quando
2072 3484 2218 3548 Pro·

629 3564 830 3632 cessio
875 3562 987 3642 flu
1039 3565 1185 3632 hinc
1245 3567 1576 3651 quaeritur
1623 3572 1685 3643 1.
1739 3574 1833 3634 An
1898 3569 2004 3637 die
2048 3572 2220 3638 XXV

627 3655 680 3718 A
727 3651 864 3717 rilis
910 3663 1292 3719 occurrente
1325 3653 1387 3720 in
1421 3655 1767 3738 Dominica,
1820 3656 1885 3722 in
1918 3656 2220 3724 Ecclesiis

627 3759 672 3806 u
719 3739 739 3805 i
786 3741 1012 3806 unicus
1059 3752 1156 3806 est
1203 3742 1536 3828 Sacerdos,
1584 3745 1761 3810 Missa
1818 3763 1965 3811 cum
2030 3755 2218 3812 cantu

627 3828 1053 3914 Rogationum
1113 3828 1317 3895 valeat
1377 3832 1568 3898 etiam
1633 3851 1751 3917 pro
1810 3831 2220 3919 adimplendo

629 3934 828 3984 onere
876 3917 1091 3983 nissae
1138 3916 1567 3985 Parochialis?
1613 3931 1678 3986 et
1707 3931 2021 4006 quatenus
2053 3919 2217 3995 affir-

628 4005 888 4089 mative,
939 4005 1271 4091 quaeritur
1316 4010 1382 4073 2.
1434 4009 1643 4077 An,in
1690 4009 2004 4076 eiusmodi
2038 4009 2216 4079 Missa

629 4091 838 4159 omitti
886 4093 1164 4160 debeant
1198 4094 1419 4162 Gloria
1451 4106 1520 4162 et
1554 4095 1791 4162 Credo?
1835 4100 1902 4165 3.
1937 4100 2033 4164 An
2066 4098 2221 4165 haec

628 4182 805 4249 Missa
852 4182 1174 4250 decantari
1220 4183 1455 4252 debeat
1501 4195 1652 4252 tono
1702 4182 1958 4252 feriali?

763 4274 862 4337 ΙΙΙ.
887 4273 1112 4337 Utrum
1142 4272 1466 4358 Ecclesiis,
1488 4271 1552 4339 in
1573 4272 1805 4359 quibus
1828 4275 2049 4360 plures
2071 4285 2219 4341 sunt

631 4358 1032 4442 Sacerdotes,
1068 4361 1266 4429 debet
1297 4380 1380 4427 ne
1415 4361 1569 4428 haec
1592 4362 1766 4428 Missa
1793 4363 2218 4449 Rogationum

633 4446 891 4514 omnino
948 4447 1258 4515 celebrari
1315 4469 1463 4516 cum
1525 4452 1768 4516 cantu?
1808 4471 1886 4518 an
1952 4449 2221 4518 sufficiat

632 4536 791 4602 banc
840 4533 1086 4604 Missam
1141 4537 1472 4605 celebrare
1530 4537 1771 4624 absque
1831 4552 2060 4622 cantu,
2108 4557 2218 4604 ex·

631 4624 807 4711 pieta
852 4623 1317 4693 Processione‘?

762 4714 946 4780 Sacra
979 4730 1174 4802 porro
1206 4715 1466 4782 Rituum
1497 4715 1948 4804 congregatio,
1984 4716 2063 4783 ad
2105 4718 2222 4784 Va-

631 4803 908 4868 ticanum
953 4801 1266 4871 hodierna
1312 4804 1417 4871 die
1459 4804 1838 4890 coadunata,
1868 4803 2224 4871 rescriben-

633 4890 787 4957 dum
836 4889 1133 4958 censuit:

763 4979 856 5045 Ad
893 4985 938 5047 1.
992 5001 1030 5044 ‹
1063 4982 1126 5049 Si
1158 4981 1444 5049 Ecclesia
1475 4999 1671 5068 capax
1703 4993 1825 5066 est,
1861 4999 2221 5069 congruen-

636 5066 762 5132 tius
811 5087 950 5134 esse
982 5069 1272 5136 [lubricis
1301 5069 1352 5135 si
1385 5070 1547 5137 intra
1581 5069 1716 5136 eius
1746 5070 2056 5139 ambitum
2080 5072 2225 5135 Pro·

624 5153 836 5235 ,cessio
883 5155 948 5223 in
998 5176 1144 5225 casu
1187 5158 1296 5223 fiat
1326 5179 1388 5222 ›.

766 5243 864 5310 Ad
909 5247 988 5311 Π.
1035 5266 1074 5308 ι
1107 5251 1285 5314 quta
1328 5246 1474 5313 alias
1515 5246 1799 5332 decreta,
1834 5247 2228 5316 Affirmative

634 5335 698 5404 in
743 5330 1039 5401 omnibus
1072 5354 1136 5399 s.

2447 383 2542 451 Ad
2590 388 2692 452 111.
2741 405 2780 449 α
2811 381 3290 471 congruentius
3334 403 3476 451 esse
3521 383 3800 452 Rubi-icis
3826 393 3885 451 ut

2317 482 2647 549 cantetur3
2697 490 2822 538 non
2874 484 3086 539 tamen
3133 472 3351 538 stricte
3413 470 3735 558 praecipi,
3780 473 3883 538 nisi

2317 572 2539 646 agatur
2585 561 2666 628 de
2714 559 3015 627 Ecclesiis
3061 560 3169 627 ubi
3223 560 3400 626 Missa
3459 560 3890 629 conventualis
3976 619 3977 622 ,

2319 647 2611 734 quotidie
2655 648 2962 715 cantanda
3012 660 3107 714 est
3140 672 3202 714 ».

2451 737 2563 804 Die
2616 741 2695 806 14
2741 735 3008 824 Augusti
3059 740 3254 806 1868.

2319 876 2586 947 3070.
2881 880 3358 946 citrensem.
3681 879 3889 965 (aasz)
3976 955 3977 970 Ν

2451 1006 2725 1068 Instante
2750 1006 2907 1070 Rmo
2920 1000 3196 1071 'Domino
3220 1008 3406 1071 Petro
3431 1003 3701 1093 losepho
3726 1000 3893 1069 Blmn

2320 1089 2634 1176 Episcopo
2677 1089 3150 1179 Limburgensi,
3200 1095 3387 1161 Sacra
3431 1091 3697 1159 Rituum
3748 1094 3891 1158 Con-

2320 1178 2609 1265 gregatio
2655 1176 2762 1245 die
2808 1184 2850 1248 9
2896 1179 3032 1247 Maii
3084 1185 3250 1248 1867
3300 1180 3672 1268 respondit:
3731 1201 3767 1242 ‹
3798 1183 3890 1244 At-

2320 1276 2493 1333 tenta
2519 1267 2870 1333 inveterata
2901 1278 3029 1336 tam
3052 1268 3347 1336 eiusdem
3370 1267 3694 1336 Dioecesis
3722 1286 3891 1354 quam

2319 1353 2604 1442 plurium
2648 1354 2912 1426 aliarum
2957 1357 3331 1425 Germaniae
3376 1356 3722 1445 regionum
3767 1374 3893 1421 con-

2319 1443 2693 1529 suetudine,
2745 1454 2873 1510 rata
2921 1444 3141 1512 haberi
3186 1464 3376 1532 posse
3422 1464 3491 1511 ac
3544 1445 3741 1511 etiam
3797 1443 3893 1508 im-

2324 1541 2654 1619 posterum
2687 1531 2936 1599 admitti
2967 1532 3069 1620 pia
3101 1533 3412 1620 quaedam
3438 1532 3766 1599 missarum
3795 1535 3893 1596 Le-

2322 1629 2464 1705 gata
2511 1639 2592 1685 ex
2637 1618 3050 1688 fundatorum
3102 1623 3249 1709 lege
3296 1639 3513 1688 coram
3559 1623 3760 1688 SSmo
3801 1623 3891 1686 Sa·

2322 1721 2653 1774 eramento
2717 1710 3098 1776 solemniter
3160 1708 3451 1799 exposito
3508 1708 3893 1777 celebranda·

2325 1814 2468 1861 rum
2518 1796 2581 1862 in
2626 1797 2997 1885 suffragium
3043 1799 3231 1865 unius
3278 1799 3379 1866 vel
3428 1797 3719 1886 plurium
3760 1795 3895 1863 fide-

2325 1882 2484 1950 lium
2508 1883 3000 1964 detunctorum3
3027 1885 3317 1972 quamvis
3340 1885 3656 1953 eiusmodi
3672 1886 3894 1964 ffissae,

2320 1972 2489 2039 salva
2560 1982 2805 2039 tantum
2872 1974 3149 2060 ipsarum
3218 1974 3689 2063 applicatione,
3757 1991 3898 2058 qnae

2323 2075 2584 2148 semper
2616 2061 2733 2128 fuit
2764 2061 2936 2129 iuxta
2971 2066 3257 2131 mentem
3290 2062 3733 2146 fundatorum,
3757 2079 3898 2128 nun·

2322 2167 2513 2236 quam
2545 2151 2627 2218 ob
2660 2148 2895 2217 dictam
2929 2151 3103 2220 88ῶί
3136 2149 3523 2220 Sacramenti
3572 2148 3897 2240 expositio-

2327 2257 2478 2305 nem
2511 2236 2822 2306 celebrari
2858 2241 3099 2331 possint
3124 2241 3205 2307 de
3228 2240 3503 2326 Requie,
3530 2258 3660 2306 nec
3692 2239 3767 2305 iis
3788 2238 3900 2304 die·

2325 2325 2466 2411 bus,
2502 2325 2736 2412 quibus
2765 2328 3025 2396 aliunde
3075 2348 3191 2417 per
3239 2325 3541 2396 Rubricas
3590 2325 3898 2394 liceret».

2452 2418 2576 2482 Hac
2624 2417 2850 2483 Sacrae
2915 2415 3441 2504 congregationis
3503 2413 3902 2503 responsione

2320 2514 2618 2593 accepta,
2679 2521 2879 2589 quum
2939 2504 3293 2594 Episcopus
3351 2516 3567 2571 oratot-
3634 2505 3901 2571 incertus

2321 2589 2600 2660 haeserit
2645 2612 2723 2659 an
2771 2592 3083 2661 eiusmodi
3131 2594 3351 2660 Missae
3414 2612 3530 2680 pro
3593 2589 3901 2660 defunctis

2325 2679 2737 2769 applicandae
2804 2680 3118 2749 beneficio
3191 2680 3424 2749 Altaria
3497 2676 3900 2767 privilegiati,

2327 2767 2534 2855 quoad
2605 2768 3078 2856 indulgentiam
3126 2769 3471 2857 plenariam
3524 2788 3643 2855 pro
3690 2767 3901 2837 defun·

2323 2857 2439 2924 ctis
2472 2856 2863 2940 lucrandam,
2891 2859 3249 2947 gaudeant3
3288 2858 3619 2946 pastoralis
3649 2858 3751 2925 sni
3784 2873 3903 2921 niu·

2319 2945 2492 3013 neris
2538 2964 2676 3013 esse
2723 2945 2908 3013 duxit
2958 2966 2995 3014 o
3046 2957 3388 3034 portunam
3437 2947 3550 3015 hac
3585 2947 3675 3015 de
3708 2965 3779 3013 re
3806 2943 3902 3010 de-

2323 3033 2732 3102 clarationem
2779 3035 2856 3102 ab
2901 3054 2972 3102 ea
3024 3055 3128 3103 em
3176 3039 3362 3103 Sacra
3408 3035 3904 3124 congregatione

2326 3119 2698 3190 humillimis
2745 3123 3046 3211 precibus
3090 3124 3460 3213 implorare.

2458 3215 2639 3280 Sacra
2704 3231 2899 3300 porro
2964 3213 3387 3302 Congregatio
3450 3213 3514 3280 in
3577 3209 3904 3281 ordinariis

2325 3300 2612 3367 comitiis
2656 3300 2965 3368 hodierna
3013 3301 3120 3369 die
3150 3301 3228 3369 ad
3263 3299 3636 3369 Vaticanum
3668 3297 3902 3379 habitis,

2324 3387 3605 3563 {tffizlss‘lpffl‘ssl‘tt3555335‘353312:
3634 3389 3904 3547 §53:3¹3

2326 3584 2471 3631 rum
2525 3563 2901 3632 Pontificum
2960 3564 3304 3634 Alexandri
3352 3568 3459 3633 Vll
3518 3566 3653 3633 diei
3704 3570 3787 3633 22
3828 3568 3903 3630 la·

2327 3653 2527 3720 nuarii
2581 3656 2745 3720 1667
2810 3666 2875 3720 et
2928 3654 3278 3722 Clementis
3324 3656 3407 3722 tx
3468 3653 3601 3721 diei
3671 3659 3750 3720 13
3796 3654 3901 3717 Au·

2325 3742 2495 3830 gusti
2546 3744 2740 3825 1669,
2793 3742 3281 3810 rescribendum
3328 3741 3611 3810 censuit:
3666 3764 3708 3809 ι
3741 3740 3899 3809 Affir-

2326 3830 2591 3917 mative3
2629 3829 2976 3900 dummodo
3010 3832 3254 3914 Altare,
3290 3830 3399 3898 uhi
3432 3830 3757 3899 eiusmodi
3784 3828 3899 3897 His·

2324 3937 2430 3985 sae
2474 3919 2908 4003 celebrantur,
2944 3922 3218 4006 gaudeat
3263 3918 3607 4007 privilegio
3655 3923 3899 4009 Aposto-

2327 4007 2448 4073 lico
2498 4027 2613 4107 pro
2661 4007 2983 4076 animabus
3029 4007 3320 4076 fidelium
3366 4006 3820 4075 defunctorum
3848 4028 3896 4068 »-

2459 4099 2571 4162 Die
2621 4100 2703 4164 14
2750 4098 3019 4184 Augusti
3073 4099 3264 4165 1868.

2457 4185 2672 4251 Relata
2713 4184 3130 4271 postmodum
3165 4204 3282 4273 per
3328 4182 3767 4271 subscriptum
3810 4186 3900 4250 Se·

2325 4274 2693 4358 cretarium,
2731 4272 2835 4340 die
2874 4275 2954 4339 19
2996 4273 3288 4340 eiusdem
3338 4271 3573 4339 mensis
3619 4285 3689 4339 et
3737 4270 3897 4353 anni,

2326 4364 2523 4429 88ῶο
2569 4362 2835 4428 Domino
2882 4362 3111 4428 Nostro
3159 4364 3266 4427 Pio
3312 4364 3515 4449 Papae
3560 4364 3642 4429 IX
3702 4365 3901 4429 Sacrae

2325 4449 2850 4537 Congregationis
2879 4450 3228 4533 sententia,
3255 4449 3430 4515 illam
3463 4451 3772 4517 Sanctitas
3800 4450 3901 4516 Sua

2325 4549 2521 4604 ratam
2571 4538 2807 4606 habere
2857 4547 2922 4604 et
2968 4537 3348 4605 confirmare
3394 4537 3647 4627 dignata
3699 4546 3815 4603 est.

2325 4717 2572 4787 3071.
2801 4716 3442 4784 No‘r'rmcnaunn‘.
3697 4712 3895 4801 (uass)
3976 4792 3977 4799 Ν

2457 4896 2652 4960 Rfflus
2720 4895 2797 4958 l).
2845 4889 3197 4957 Richardus
3265 4890 3498 4957 Roskel
3574 4890 3899 4978 Episcopus

2325 4980 2847 5067 Nottinghamen.
2899 4978 3177 5046 demisse
3223 4978 3490 5065 exponit
3550 4979 3726 5062 quod
3780 4975 3897 5045 uni·

2328 5088 2551 5136 versus
2610 5068 2877 5158 Angliae
2939 5070 3205 5152 Clerus,
3255 5069 3428 5135 iussu
3475 5088 3534 5135 s.
3582 5084 3672 5133 m.
3722 5070 3897 5132 Bene·
3976 5124 3977 5127 ,

2327 5157 2482 5224 dicti
2530 5160 2730 5241 Papae
2760 5159 2925 5241 XIV,
2976 5156 3145 5223 inter
3192 5153 3497 5243 Suffragia
3546 5159 3898 5224 Sanctorum

2329 5245 2570 5314 addere
2606 5256 2864 5313 tenetur
2911 5243 3585 5312 commemorationem
3625 5246 3691 5310 S.
3726 5245 3896 5310 Geor-

2326 5331 2416 5420 gii
2465 5333 2751 5422 Martyris
2776 5381 2794 5418 ,
2844 5343 3071 5422 utpote
3114 5334 3360 5403 Patroni
3408 5332 3601 5400 totius
3674 5330 3895 5419 Regni:
