<?xml version="1.0" encoding="UTF-8"?>
<!DOCTYPE html PUBLIC "-//W3C//DTD XHTML 1.0 Transitional//EN"
    "http://www.w3.org/TR/xhtml1/DTD/xhtml1-transitional.dtd">
<html xmlns="http://www.w3.org/1999/xhtml" xml:lang="en" lang="en">
 <head>
  <title>
</title>
<meta http-equiv="Content-Type" content="text/html;charset=utf-8" />
  <meta name='ocr-system' content='tesseract 3.04.00' />
  <meta name='ocr-capabilities' content='ocr_page ocr_carea ocr_par ocr_line ocrx_word'/>
</head>
<body>
  <div class='ocr_page' id='page_1' title='image "./decretaauthenti00ritugoog_0230.png"; bbox 0 0 4042 5950; ppageno 0'>
   <div class='ocr_carea' id='block_1_1' title="bbox 2056 229 2526 314">
    <p class='ocr_par' dir='ltr' id='par_1_1' title="bbox 2056 229 2526 314">
     <span class='ocr_line' id='line_1_1' title="bbox 2056 229 2526 314; baseline 0 -19"><span class='ocrx_word' id='word_1_1' title='bbox 2056 229 2526 314; x_wconf 78' lang='lat'><strong>—190-..</strong></span> 
     </span>
    </p>
   </div>
   <div class='ocr_carea' id='block_1_2' title="bbox 654 384 2241 2479">
    <p class='ocr_par' dir='ltr' id='par_1_2' title="bbox 669 384 2238 568">
     <span class='ocr_line' id='line_1_2' title="bbox 669 384 2238 478; baseline 0.003 -24"><span class='ocrx_word' id='word_1_2' title='bbox 669 384 865 454; x_wconf 82' lang='lat' dir='ltr'><strong>Festis</strong></span> <span class='ocrx_word' id='word_1_3' title='bbox 925 406 1113 473; x_wconf 87' lang='lat' dir='ltr'><strong>quam</strong></span> <span class='ocrx_word' id='word_1_4' title='bbox 1160 385 1225 455; x_wconf 93' lang='lat' dir='ltr'><strong>in</strong></span> <span class='ocrx_word' id='word_1_5' title='bbox 1269 405 1496 456; x_wconf 87' lang='lat' dir='ltr'><strong>eorum</strong></span> <span class='ocrx_word' id='word_1_6' title='bbox 1542 388 1785 478; x_wconf 75' lang='lat' dir='ltr'><strong>Vigiliis</strong></span> <span class='ocrx_word' id='word_1_7' title='bbox 1845 392 2109 458; x_wconf 88' lang='lat' dir='ltr'><strong>retineri</strong></span> <span class='ocrx_word' id='word_1_8' title='bbox 2172 403 2238 458; x_wconf 92' lang='lat' dir='ltr'><strong>et</strong></span> 
     </span>
     <span class='ocr_line' id='line_1_3' title="bbox 669 476 2008 568; baseline 0.005 -28"><span class='ocrx_word' id='word_1_9' title='bbox 669 476 832 541; x_wconf 90' lang='lat' dir='ltr'><strong>sicut</strong></span> <span class='ocrx_word' id='word_1_10' title='bbox 878 476 1055 562; x_wconf 88' lang='lat' dir='ltr'><strong>prius</strong></span> <span class='ocrx_word' id='word_1_11' title='bbox 1101 476 1409 544; x_wconf 88' lang='lat' dir='ltr'><strong>celebrari</strong></span> <span class='ocrx_word' id='word_1_12' title='bbox 1455 477 1871 546; x_wconf 72' lang='lat' dir='ltr'><strong>mandamus?</strong></span> <span class='ocrx_word' id='word_1_13' title='bbox 1914 479 2008 568; x_wconf 78' lang='lat'><strong>(¹)</strong></span> 
     </span>
    </p>

    <p class='ocr_par' dir='ltr' id='par_1_3' title="bbox 668 565 2241 1087">
     <span class='ocr_line' id='line_1_4' title="bbox 803 565 2237 653; baseline 0.003 -25"><span class='ocrx_word' id='word_1_14' title='bbox 803 567 878 628; x_wconf 83' lang='lat' dir='ltr'><strong>Et</strong></span> <span class='ocrx_word' id='word_1_15' title='bbox 908 566 973 629; x_wconf 90' lang='lat' dir='ltr'><strong>S.</strong></span> <span class='ocrx_word' id='word_1_16' title='bbox 1013 566 1088 630; x_wconf 85' lang='lat' dir='ltr'><strong>R.</strong></span> <span class='ocrx_word' id='word_1_17' title='bbox 1123 567 1224 648; x_wconf 66' lang='lat' dir='ltr'><strong>C„</strong></span> <span class='ocrx_word' id='word_1_18' title='bbox 1274 565 1487 633; x_wconf 88' lang='lat' dir='ltr'><strong>audito</strong></span> <span class='ocrx_word' id='word_1_19' title='bbox 1517 566 1693 653; x_wconf 89' lang='lat' dir='ltr'><strong>prius</strong></span> <span class='ocrx_word' id='word_1_20' title='bbox 1738 568 1941 634; x_wconf 90' lang='lat' dir='ltr'><strong>altero</strong></span> <span class='ocrx_word' id='word_1_21' title='bbox 1973 586 2054 633; x_wconf 78' lang='lat' dir='ltr'><strong>ex</strong></span> <span class='ocrx_word' id='word_1_22' title='bbox 2085 571 2237 633; x_wconf 83' lang='lat' dir='ltr'><strong>Cae-</strong></span> 
     </span>
     <span class='ocr_line' id='line_1_5' title="bbox 670 652 2237 742; baseline 0.004 -27"><span class='ocrx_word' id='word_1_23' title='bbox 670 652 1095 717; x_wconf 86' lang='lat' dir='ltr'><strong>remoniarum</strong></span> <span class='ocrx_word' id='word_1_24' title='bbox 1156 653 1658 738; x_wconf 81' lang='lat' dir='ltr'><strong>Apostolicarum</strong></span> <span class='ocrx_word' id='word_1_25' title='bbox 1724 656 2074 742; x_wconf 66' lang='lat' dir='ltr'><strong>magistris,</strong></span> <span class='ocrx_word' id='word_1_26' title='bbox 2130 653 2237 742; x_wconf 90' lang='lat' dir='ltr'><strong>qui</strong></span> 
     </span>
     <span class='ocr_line' id='line_1_6' title="bbox 668 741 2236 830; baseline 0.004 -27"><span class='ocrx_word' id='word_1_27' title='bbox 668 756 843 804; x_wconf 88' lang='lat' dir='ltr'><strong>suam</strong></span> <span class='ocrx_word' id='word_1_28' title='bbox 893 741 1275 806; x_wconf 89' lang='lat' dir='ltr'><strong>sententiam</strong></span> <span class='ocrx_word' id='word_1_29' title='bbox 1342 745 1560 827; x_wconf 88' lang='lat' dir='ltr'><strong>praelo</strong></span> <span class='ocrx_word' id='word_1_30' title='bbox 1621 761 1831 809; x_wconf 88' lang='lat' dir='ltr'><strong>cusam</strong></span> <span class='ocrx_word' id='word_1_31' title='bbox 1885 743 2110 830; x_wconf 88' lang='lat' dir='ltr'><strong>-dedit,</strong></span> <span class='ocrx_word' id='word_1_32' title='bbox 2160 744 2236 810; x_wconf 92' lang='lat' dir='ltr'><strong>ad</strong></span> 
     </span>
     <span class='ocr_line' id='line_1_7' title="bbox 668 824 2238 899; baseline 0.004 -9"><span class='ocrx_word' id='word_1_33' title='bbox 668 824 1041 892; x_wconf 76' lang='lat' dir='ltr'><strong>relationem</strong></span> <span class='ocrx_word' id='word_1_34' title='bbox 1093 828 1228 893; x_wconf 77' lang='lat' dir='ltr'><strong>Emi</strong></span> <span class='ocrx_word' id='word_1_35' title='bbox 1277 840 1341 895; x_wconf 91' lang='lat' dir='ltr'><strong>et</strong></span> <span class='ocrx_word' id='word_1_36' title='bbox 1385 828 1524 896; x_wconf 74' lang='lat' dir='ltr'><strong>Rmi</strong></span> <span class='ocrx_word' id='word_1_37' title='bbox 1562 834 1745 895; x_wconf 92' lang='lat' dir='ltr'><strong>Dom.</strong></span> <span class='ocrx_word' id='word_1_38' title='bbox 1779 832 1967 898; x_wconf 89' lang='lat' dir='ltr'><strong>Card.</strong></span> <span class='ocrx_word' id='word_1_39' title='bbox 2004 828 2238 899; x_wconf 77' lang='lat' dir='ltr'><strong>vidoni</strong></span> 
     </span>
     <span class='ocr_line' id='line_1_8' title="bbox 669 912 2241 1001; baseline 0.004 -23"><span class='ocrx_word' id='word_1_40' title='bbox 669 912 874 979; x_wconf 91' lang='lat' dir='ltr'><strong>dictae</strong></span> <span class='ocrx_word' id='word_1_41' title='bbox 918 917 1153 981; x_wconf 77' lang='lat' dir='ltr'><strong>Causae</strong></span> <span class='ocrx_word' id='word_1_42' title='bbox 1198 919 1517 1001; x_wconf 90' lang='lat' dir='ltr'><strong>Ponentis‚</strong></span> <span class='ocrx_word' id='word_1_43' title='bbox 1566 918 2049 987; x_wconf 87' lang='lat' dir='ltr'><strong>rescribendum</strong></span> <span class='ocrx_word' id='word_1_44' title='bbox 2092 939 2241 986; x_wconf 92' lang='lat' dir='ltr'><strong>cen-</strong></span> 
     </span>
     <span class='ocr_line' id='line_1_9' title="bbox 668 1000 1516 1087; baseline 0.007 -21"><span class='ocrx_word' id='word_1_45' title='bbox 668 1002 795 1067; x_wconf 85' lang='lat' dir='ltr'><strong>suit</strong></span> <span class='ocrx_word' id='word_1_46' title='bbox 841 1012 910 1068; x_wconf 91' lang='lat' dir='ltr'><strong>ut</strong></span> <span class='ocrx_word' id='word_1_47' title='bbox 958 1000 1141 1087; x_wconf 84' lang='lat' dir='ltr'><strong>infra,</strong></span> <span class='ocrx_word' id='word_1_48' title='bbox 1179 1004 1516 1074; x_wconf 82' lang='lat' dir='ltr'><strong>videlicet:</strong></span> 
     </span>
    </p>

    <p class='ocr_par' dir='ltr' id='par_1_4' title="bbox 669 1089 2238 1350">
     <span class='ocr_line' id='line_1_10' title="bbox 797 1089 2236 1182; baseline 0.005 -27"><span class='ocrx_word' id='word_1_49' title='bbox 797 1089 891 1156; x_wconf 86' lang='lat' dir='ltr'><strong>Ad</strong></span> <span class='ocrx_word' id='word_1_50' title='bbox 933 1094 991 1156; x_wconf 81' lang='lat'><strong>1.</strong></span> <span class='ocrx_word' id='word_1_51' title='bbox 1029 1110 1065 1153; x_wconf 60' lang='grc' dir='ltr'><strong><em>α</em></strong></span> <span class='ocrx_word' id='word_1_52' title='bbox 1091 1092 1463 1178; x_wconf 83' lang='lat' dir='ltr'><strong>Assignandi</strong></span> <span class='ocrx_word' id='word_1_53' title='bbox 1498 1104 1685 1159; x_wconf 90' lang='lat' dir='ltr'><strong>erunt</strong></span> <span class='ocrx_word' id='word_1_54' title='bbox 1717 1093 1855 1161; x_wconf 89' lang='lat' dir='ltr'><strong>dies</strong></span> <span class='ocrx_word' id='word_1_55' title='bbox 1886 1094 2073 1182; x_wconf 90' lang='lat' dir='ltr'><strong>primi</strong></span> <span class='ocrx_word' id='word_1_56' title='bbox 2108 1111 2236 1162; x_wconf 88' lang='lat' dir='ltr'><strong>non</strong></span> 
     </span>
     <span class='ocr_line' id='line_1_11' title="bbox 669 1175 2238 1269; baseline 0.005 -28"><span class='ocrx_word' id='word_1_57' title='bbox 669 1175 986 1262; x_wconf 90' lang='lat' dir='ltr'><strong>impediti,</strong></span> <span class='ocrx_word' id='word_1_58' title='bbox 1019 1178 1191 1245; x_wconf 87' lang='lat' dir='ltr'><strong>iuxta</strong></span> <span class='ocrx_word' id='word_1_59' title='bbox 1237 1181 1570 1248; x_wconf 83' lang='lat' dir='ltr'><strong>Rubricam</strong></span> <span class='ocrx_word' id='word_1_60' title='bbox 1596 1191 1663 1246; x_wconf 91' lang='lat' dir='ltr'><strong>et</strong></span> <span class='ocrx_word' id='word_1_61' title='bbox 1685 1184 1909 1249; x_wconf 89' lang='lat' dir='ltr'><strong>Sacrae</strong></span> <span class='ocrx_word' id='word_1_62' title='bbox 1956 1186 2238 1269; x_wconf 81' lang='lat' dir='ltr'><strong>Congre-</strong></span> 
     </span>
     <span class='ocr_line' id='line_1_12' title="bbox 670 1266 1333 1350; baseline 0.008 -20"><span class='ocrx_word' id='word_1_63' title='bbox 670 1266 932 1350; x_wconf 82' lang='lat' dir='ltr'><strong>gationis</strong></span> <span class='ocrx_word' id='word_1_64' title='bbox 979 1270 1246 1334; x_wconf 77' lang='lat' dir='ltr'>Decreta</span> <span class='ocrx_word' id='word_1_65' title='bbox 1270 1291 1333 1335; x_wconf 59' lang='grc' dir='ltr'><strong>ι.</strong></span> 
     </span>
    </p>

    <p class='ocr_par' dir='ltr' id='par_1_5' title="bbox 799 1354 1605 1424">
     <span class='ocr_line' id='line_1_13' title="bbox 799 1354 1605 1424; baseline 0.005 -5"><span class='ocrx_word' id='word_1_66' title='bbox 799 1354 895 1420; x_wconf 78' lang='lat' dir='ltr'><strong>Ad</strong></span> <span class='ocrx_word' id='word_1_67' title='bbox 943 1358 1007 1420; x_wconf 74' lang='lat'><strong>².</strong></span> <span class='ocrx_word' id='word_1_68' title='bbox 1059 1378 1097 1421; x_wconf 64' lang='grc' dir='ltr'>ι</span> <span class='ocrx_word' id='word_1_69' title='bbox 1129 1355 1511 1424; x_wconf 81' lang='lat' dir='ltr'><strong>Affirmative</strong></span> <span class='ocrx_word' id='word_1_70' title='bbox 1544 1379 1605 1423; x_wconf 68' lang='grc' dir='ltr'><strong>ιν.</strong></span> 
     </span>
    </p>

    <p class='ocr_par' dir='ltr' id='par_1_6' title="bbox 798 1442 1532 1530">
     <span class='ocr_line' id='line_1_14' title="bbox 798 1442 1532 1530; baseline 0.004 -23"><span class='ocrx_word' id='word_1_71' title='bbox 798 1442 893 1508; x_wconf 75' lang='lat' dir='ltr'><strong>Ad</strong></span> <span class='ocrx_word' id='word_1_72' title='bbox 943 1446 1006 1508; x_wconf 82' lang='lat'><strong>3.</strong></span> <span class='ocrx_word' id='word_1_73' title='bbox 1059 1465 1095 1508; x_wconf 59' lang='grc' dir='ltr'>ς</span> <span class='ocrx_word' id='word_1_74' title='bbox 1129 1445 1433 1530; x_wconf 83' lang='lat' dir='ltr'><strong>Negative</strong></span> <span class='ocrx_word' id='word_1_75' title='bbox 1468 1465 1532 1510; x_wconf 78' lang='lat'><strong>».</strong></span> 
     </span>
    </p>

    <p class='ocr_par' dir='ltr' id='par_1_7' title="bbox 654 1530 2237 2217">
     <span class='ocr_line' id='line_1_15' title="bbox 797 1530 2233 1620; baseline 0.003 -24"><span class='ocrx_word' id='word_1_76' title='bbox 797 1530 894 1596; x_wconf 80' lang='lat' dir='ltr'><strong>Ad</strong></span> <span class='ocrx_word' id='word_1_77' title='bbox 942 1535 1005 1596; x_wconf 74' lang='lat'><strong>4.</strong></span> <span class='ocrx_word' id='word_1_78' title='bbox 1056 1553 1094 1596; x_wconf 63' lang='grc' dir='ltr'>ι</span> <span class='ocrx_word' id='word_1_79' title='bbox 1124 1534 1282 1598; x_wconf 85' lang='lat' dir='ltr'><strong>Cum</strong></span> <span class='ocrx_word' id='word_1_80' title='bbox 1317 1551 1433 1620; x_wconf 91' lang='lat' dir='ltr'><strong>per</strong></span> <span class='ocrx_word' id='word_1_81' title='bbox 1455 1534 1889 1620; x_wconf 84' lang='lat' dir='ltr'><strong>Apostolicum</strong></span> <span class='ocrx_word' id='word_1_82' title='bbox 1910 1534 2233 1602; x_wconf 89' lang='lat' dir='ltr'><strong>indultum</strong></span> 
     </span>
     <span class='ocr_line' id='line_1_16' title="bbox 670 1618 2236 1709; baseline 0.003 -26"><span class='ocrx_word' id='word_1_83' title='bbox 670 1618 735 1683; x_wconf 91' lang='lat' dir='ltr'><strong>in</strong></span> <span class='ocrx_word' id='word_1_84' title='bbox 794 1638 937 1685; x_wconf 87' lang='lat' dir='ltr'><strong>casu</strong></span> <span class='ocrx_word' id='word_1_85' title='bbox 1002 1620 1086 1685; x_wconf 95' lang='lat' dir='ltr'><strong>de</strong></span> <span class='ocrx_word' id='word_1_86' title='bbox 1145 1639 1269 1705; x_wconf 90' lang='lat' dir='ltr'><strong>quo</strong></span> <span class='ocrx_word' id='word_1_87' title='bbox 1337 1620 1581 1706; x_wconf 86' lang='lat' dir='ltr'><strong>agitur,</strong></span> <span class='ocrx_word' id='word_1_88' title='bbox 1630 1621 1942 1709; x_wconf 78' lang='lat' dir='ltr'><strong>abrogatis</strong></span> <span class='ocrx_word' id='word_1_89' title='bbox 1990 1622 2236 1709; x_wconf 77' lang='lat' dir='ltr'><strong>Vigiliis</strong></span> 
     </span>
     <span class='ocr_line' id='line_1_17' title="bbox 668 1705 2236 1794; baseline 0.003 -23"><span class='ocrx_word' id='word_1_90' title='bbox 668 1705 877 1790; x_wconf 86' lang='lat' dir='ltr'><strong>quoad</strong></span> <span class='ocrx_word' id='word_1_91' title='bbox 926 1706 1230 1774; x_wconf 89' lang='lat' dir='ltr'><strong>ieiunium</strong></span> <span class='ocrx_word' id='word_1_92' title='bbox 1279 1718 1345 1774; x_wconf 86' lang='lat' dir='ltr'><strong>et</strong></span> <span class='ocrx_word' id='word_1_93' title='bbox 1389 1707 1862 1794; x_wconf 75' lang='lat' dir='ltr'><strong>abstinentiam,</strong></span> <span class='ocrx_word' id='word_1_94' title='bbox 1912 1709 2068 1776; x_wconf 91' lang='lat' dir='ltr'><strong>nihil</strong></span> <span class='ocrx_word' id='word_1_95' title='bbox 2120 1711 2236 1775; x_wconf 93' lang='lat' dir='ltr'><strong>im-</strong></span> 
     </span>
     <span class='ocr_line' id='line_1_18' title="bbox 669 1794 2235 1882; baseline 0.001 -24"><span class='ocrx_word' id='word_1_96' title='bbox 669 1802 980 1860; x_wconf 86' lang='lat' dir='ltr'><strong>mutatum</strong></span> <span class='ocrx_word' id='word_1_97' title='bbox 1029 1794 1220 1861; x_wconf 87' lang='lat' dir='ltr'><strong>fuerit</strong></span> <span class='ocrx_word' id='word_1_98' title='bbox 1287 1796 1491 1882; x_wconf 87' lang='lat' dir='ltr'><strong>quoad</strong></span> <span class='ocrx_word' id='word_1_99' title='bbox 1563 1796 1720 1863; x_wconf 90' lang='lat' dir='ltr'><strong>ritus</strong></span> <span class='ocrx_word' id='word_1_100' title='bbox 1768 1811 1833 1863; x_wconf 93' lang='lat' dir='ltr'><strong>et</strong></span> <span class='ocrx_word' id='word_1_101' title='bbox 1879 1797 2235 1865; x_wconf 84' lang='lat' dir='ltr'><strong>functiones</strong></span> 
     </span>
     <span class='ocr_line' id='line_1_19' title="bbox 671 1880 2235 1969; baseline 0.003 -24"><span class='ocrx_word' id='word_1_102' title='bbox 671 1880 1159 1965; x_wconf 85' lang='lat' dir='ltr'><strong>ecclesiasticas,</strong></span> <span class='ocrx_word' id='word_1_103' title='bbox 1209 1882 1335 1949; x_wconf 91' lang='lat' dir='ltr'><strong>imo</strong></span> <span class='ocrx_word' id='word_1_104' title='bbox 1376 1902 1685 1969; x_wconf 82' lang='lat' dir='ltr'><strong>expresse</strong></span> <span class='ocrx_word' id='word_1_105' title='bbox 1729 1896 1982 1952; x_wconf 89' lang='lat' dir='ltr'><strong>cantum</strong></span> <span class='ocrx_word' id='word_1_106' title='bbox 2038 1885 2121 1950; x_wconf 91' lang='lat' dir='ltr'><strong>sit</strong></span> <span class='ocrx_word' id='word_1_107' title='bbox 2166 1894 2235 1952; x_wconf 91' lang='lat' dir='ltr'><strong>ut</strong></span> 
     </span>
     <span class='ocr_line' id='line_1_20' title="bbox 668 1968 2236 2060; baseline 0.004 -28"><span class='ocrx_word' id='word_1_108' title='bbox 668 1968 1064 2060; x_wconf 87' lang='lat' dir='ltr'><strong>retineantur</strong></span> <span class='ocrx_word' id='word_1_109' title='bbox 1123 1982 1188 2037; x_wconf 88' lang='lat' dir='ltr'><strong>et</strong></span> <span class='ocrx_word' id='word_1_110' title='bbox 1243 1981 1618 2051; x_wconf 86' lang='lat' dir='ltr'><strong>serventur;</strong></span> <span class='ocrx_word' id='word_1_111' title='bbox 1675 1973 1820 2040; x_wconf 90' lang='lat' dir='ltr'><strong>ideo</strong></span> <span class='ocrx_word' id='word_1_112' title='bbox 1883 1973 1959 2039; x_wconf 93' lang='lat' dir='ltr'><strong>ad</strong></span> <span class='ocrx_word' id='word_1_113' title='bbox 2007 1978 2236 2041; x_wconf 82' lang='lat' dir='ltr'><strong>Preces</strong></span> 
     </span>
     <span class='ocr_line' id='line_1_21' title="bbox 668 2055 2237 2147; baseline 0.004 -26"><span class='ocrx_word' id='word_1_114' title='bbox 668 2055 865 2124; x_wconf 88' lang='lat' dir='ltr'><strong>Officii</strong></span> <span class='ocrx_word' id='word_1_115' title='bbox 912 2069 976 2123; x_wconf 89' lang='lat' dir='ltr'><strong>et</strong></span> <span class='ocrx_word' id='word_1_116' title='bbox 1022 2058 1084 2124; x_wconf 91' lang='lat' dir='ltr'><strong>in</strong></span> <span class='ocrx_word' id='word_1_117' title='bbox 1130 2058 1306 2125; x_wconf 70' lang='lat' dir='ltr'><strong>Missa</strong></span> <span class='ocrx_word' id='word_1_118' title='bbox 1352 2059 1435 2125; x_wconf 91' lang='lat' dir='ltr'><strong>de</strong></span> <span class='ocrx_word' id='word_1_119' title='bbox 1481 2059 1707 2146; x_wconf 82' lang='lat' dir='ltr'><strong>Vigilia</strong></span> <span class='ocrx_word' id='word_1_120' title='bbox 1767 2061 1889 2127; x_wconf 91' lang='lat' dir='ltr'><strong>erit</strong></span> <span class='ocrx_word' id='word_1_121' title='bbox 1947 2060 2237 2147; x_wconf 85' lang='lat' dir='ltr'><strong>genufle-</strong></span> 
     </span>
     <span class='ocr_line' id='line_1_22' title="bbox 654 2145 1972 2217; baseline 0.005 -8"><span class='ocrx_word' id='word_1_122' title='bbox 654 2145 973 2214; x_wconf 81' lang='lat' dir='ltr'><strong>ctendum</strong></span> <span class='ocrx_word' id='word_1_123' title='bbox 1021 2147 1099 2214; x_wconf 88' lang='lat' dir='ltr'><strong>ad</strong></span> <span class='ocrx_word' id='word_1_124' title='bbox 1144 2147 1409 2214; x_wconf 88' lang='lat' dir='ltr'><strong>formam</strong></span> <span class='ocrx_word' id='word_1_125' title='bbox 1457 2147 1875 2217; x_wconf 83' lang='lat' dir='ltr'><strong>Rubricarum</strong></span> <span class='ocrx_word' id='word_1_126' title='bbox 1906 2172 1972 2217; x_wconf 80' lang='lat'><strong>».</strong></span> 
     </span>
    </p>

    <p class='ocr_par' dir='ltr' id='par_1_8' title="bbox 669 2234 2237 2479">
     <span class='ocr_line' id='line_1_23' title="bbox 800 2234 2236 2323; baseline 0.003 -23"><span class='ocrx_word' id='word_1_127' title='bbox 800 2237 1009 2320; x_wconf 82' lang='lat' dir='ltr'><strong>Atque</strong></span> <span class='ocrx_word' id='word_1_128' title='bbox 1051 2234 1134 2301; x_wconf 89' lang='lat' dir='ltr'><strong>ita</strong></span> <span class='ocrx_word' id='word_1_129' title='bbox 1179 2237 1433 2319; x_wconf 82' lang='lat' dir='ltr'><strong>statuit,</strong></span> <span class='ocrx_word' id='word_1_130' title='bbox 1482 2237 1815 2323; x_wconf 81' lang='lat' dir='ltr'><strong>respondit</strong></span> <span class='ocrx_word' id='word_1_131' title='bbox 1872 2247 2066 2323; x_wconf 90' lang='lat' dir='ltr'><strong>atque</strong></span> <span class='ocrx_word' id='word_1_132' title='bbox 2123 2237 2236 2304; x_wconf 90' lang='lat' dir='ltr'><strong>de·</strong></span> 
     </span>
     <span class='ocr_line' id='line_1_24' title="bbox 670 2324 2237 2410; baseline 0.001 -21"><span class='ocrx_word' id='word_1_133' title='bbox 670 2324 910 2406; x_wconf 83' lang='lat' dir='ltr'><strong>crevit,</strong></span> <span class='ocrx_word' id='word_1_134' title='bbox 965 2333 1032 2391; x_wconf 89' lang='lat' dir='ltr'><strong>et</strong></span> <span class='ocrx_word' id='word_1_135' title='bbox 1088 2324 1150 2388; x_wconf 92' lang='lat' dir='ltr'><strong>in</strong></span> <span class='ocrx_word' id='word_1_136' title='bbox 1204 2324 1543 2410; x_wconf 74' lang='lat' dir='ltr'><strong>collegiata</strong></span> <span class='ocrx_word' id='word_1_137' title='bbox 1614 2325 1929 2392; x_wconf 87' lang='lat' dir='ltr'><strong>antedicta</strong></span> <span class='ocrx_word' id='word_1_138' title='bbox 1998 2325 2237 2391; x_wconf 87' lang='lat' dir='ltr'><strong>servari</strong></span> 
     </span>
     <span class='ocr_line' id='line_1_25' title="bbox 669 2411 1796 2479; baseline 0.002 -3"><span class='ocrx_word' id='word_1_139' title='bbox 669 2411 1013 2479; x_wconf 86' lang='lat' dir='ltr'><strong>mandavit.</strong></span> <span class='ocrx_word' id='word_1_140' title='bbox 1065 2413 1176 2477; x_wconf 90' lang='lat' dir='ltr'><strong>Die</strong></span> <span class='ocrx_word' id='word_1_141' title='bbox 1231 2415 1305 2478; x_wconf 77' lang='lat' dir='ltr'>ss</span> <span class='ocrx_word' id='word_1_142' title='bbox 1353 2411 1551 2478; x_wconf 72' lang='lat' dir='ltr'><strong>Martii</strong></span> <span class='ocrx_word' id='word_1_143' title='bbox 1606 2416 1796 2478; x_wconf 73' lang='lat'><strong>1820.</strong></span> 
     </span>
    </p>
   </div>
   <div class='ocr_carea' id='block_1_3' title="bbox 670 2525 2285 2640">
    <p class='ocr_par' dir='ltr' id='par_1_9' title="bbox 670 2525 2285 2640">
     <span class='ocr_line' id='line_1_26' title="bbox 670 2525 2285 2640; baseline -0.004 -15"><span class='ocrx_word' id='word_1_144' title='bbox 670 2525 932 2625; x_wconf 71' lang='grc'><strong>2606.</strong></span> <span class='ocrx_word' id='word_1_145' title='bbox 1308 2535 1597 2619; x_wconf 77' lang='lat' dir='ltr'><strong>BAREN.</strong></span> <span class='ocrx_word' id='word_1_146' title='bbox 2009 2553 2233 2640; x_wconf 75' lang='lat'>(4567)</span> <span class='ocrx_word' id='word_1_147' title='bbox 2279 2578 2285 2584; x_wconf 93' lang='lat'><em>·</em></span> 
     </span>
    </p>
   </div>
   <div class='ocr_carea' id='block_1_4' title="bbox 646 2673 2243 3819">
    <p class='ocr_par' dir='ltr' id='par_1_10' title="bbox 646 2673 2243 3819">
     <span class='ocr_line' id='line_1_27' title="bbox 798 2673 2237 2764; baseline -0.001 -21"><span class='ocrx_word' id='word_1_148' title='bbox 798 2679 849 2744; x_wconf 77' lang='lat' dir='ltr'>A</span> <span class='ocrx_word' id='word_1_149' title='bbox 894 2685 1225 2764; x_wconf 81' lang='lat' dir='ltr'><strong>tempore,</strong></span> <span class='ocrx_word' id='word_1_150' title='bbox 1264 2674 1465 2740; x_wconf 80' lang='lat' dir='ltr'><strong>‘cuius</strong></span> <span class='ocrx_word' id='word_1_151' title='bbox 1529 2673 1684 2741; x_wconf 91' lang='lat' dir='ltr'><strong>initii</strong></span> <span class='ocrx_word' id='word_1_152' title='bbox 1749 2674 2052 2741; x_wconf 91' lang='lat' dir='ltr'><strong>memoria</strong></span> <span class='ocrx_word' id='word_1_153' title='bbox 2107 2693 2237 2741; x_wconf 88' lang='lat' dir='ltr'><strong>non</strong></span> 
     </span>
     <span class='ocr_line' id='line_1_28' title="bbox 670 2762 2238 2852; baseline -0.001 -21"><span class='ocrx_word' id='word_1_154' title='bbox 670 2774 868 2847; x_wconf 76' lang='lat' dir='ltr'><strong>extat,</strong></span> <span class='ocrx_word' id='word_1_155' title='bbox 915 2765 1275 2852; x_wconf 83' lang='lat' dir='ltr'><strong>Capitulum</strong></span> <span class='ocrx_word' id='word_1_156' title='bbox 1322 2762 1705 2851; x_wconf 79' lang='lat' dir='ltr'><strong>collegiatae</strong></span> <span class='ocrx_word' id='word_1_157' title='bbox 1735 2764 2133 2849; x_wconf 81' lang='lat' dir='ltr'><strong>Aquaevivae</strong></span> <span class='ocrx_word' id='word_1_158' title='bbox 2174 2763 2238 2829; x_wconf 87' lang='lat' dir='ltr'><strong>in</strong></span> 
     </span>
     <span class='ocr_line' id='line_1_29' title="bbox 646 2850 2238 2938; baseline -0.002 -18"><span class='ocrx_word' id='word_1_159' title='bbox 646 2852 961 2920; x_wconf 75' lang='lat' dir='ltr'><strong>-districtu</strong></span> <span class='ocrx_word' id='word_1_160' title='bbox 994 2850 1311 2919; x_wconf 89' lang='lat' dir='ltr'><strong>Dioecesis</strong></span> <span class='ocrx_word' id='word_1_161' title='bbox 1341 2856 1568 2917; x_wconf 89' lang='lat' dir='ltr'><strong>Baren.</strong></span> <span class='ocrx_word' id='word_1_162' title='bbox 1620 2851 1899 2938; x_wconf 88' lang='lat' dir='ltr'><strong>legatum</strong></span> <span class='ocrx_word' id='word_1_163' title='bbox 1932 2852 2124 2918; x_wconf 89' lang='lat' dir='ltr'><strong>habet</strong></span> <span class='ocrx_word' id='word_1_164' title='bbox 2158 2871 2238 2917; x_wconf 81' lang='lat' dir='ltr'><strong>ex</strong></span> 
     </span>
     <span class='ocr_line' id='line_1_30' title="bbox 671 2938 2234 3024; baseline -0.002 -16"><span class='ocrx_word' id='word_1_165' title='bbox 671 2939 1007 3008; x_wconf 75' lang='lat' dir='ltr'><strong>traditione</strong></span> <span class='ocrx_word' id='word_1_166' title='bbox 1068 2957 1213 3008; x_wconf 90' lang='lat' dir='ltr'><strong>cum</strong></span> <span class='ocrx_word' id='word_1_167' title='bbox 1272 2939 1572 3007; x_wconf 87' lang='lat' dir='ltr'><strong>adiuncto</strong></span> <span class='ocrx_word' id='word_1_168' title='bbox 1634 2957 1856 3024; x_wconf 90' lang='lat' dir='ltr'><strong>onere,</strong></span> <span class='ocrx_word' id='word_1_169' title='bbox 1906 2938 2234 3008; x_wconf 80' lang='lat' dir='ltr'><strong>Sacerdoti</strong></span> 
     </span>
     <span class='ocr_line' id='line_1_31' title="bbox 669 3026 2236 3111; baseline -0.001 -17"><span class='ocrx_word' id='word_1_170' title='bbox 669 3030 1155 3097; x_wconf 81' lang='lat' dir='ltr'><strong>conventualem</strong></span> <span class='ocrx_word' id='word_1_171' title='bbox 1185 3028 1427 3094; x_wconf 71' lang='lat' dir='ltr'><strong>Missam</strong></span> <span class='ocrx_word' id='word_1_172' title='bbox 1460 3026 1890 3111; x_wconf 84' lang='lat' dir='ltr'><strong>celebraturo,</strong></span> <span class='ocrx_word' id='word_1_173' title='bbox 1925 3027 2236 3094; x_wconf 86' lang='lat' dir='ltr'><strong>recitandi</strong></span> 
     </span>
     <span class='ocr_line' id='line_1_32' title="bbox 666 3116 2236 3185; baseline -0.001 -3"><span class='ocrx_word' id='word_1_174' title='bbox 666 3117 1019 3185; x_wconf 79' lang='lat' dir='ltr'><strong>Passionem</strong></span> <span class='ocrx_word' id='word_1_175' title='bbox 1066 3123 1138 3185; x_wconf 90' lang='lat' dir='ltr'><strong>D.</strong></span> <span class='ocrx_word' id='word_1_176' title='bbox 1187 3118 1262 3183; x_wconf 85' lang='lat' dir='ltr'><strong>N.</strong></span> <span class='ocrx_word' id='word_1_177' title='bbox 1306 3119 1354 3181; x_wconf 82' lang='lat' dir='ltr'><strong>l.</strong></span> <span class='ocrx_word' id='word_1_178' title='bbox 1404 3120 1476 3184; x_wconf 85' lang='lat' dir='ltr'><strong>G.</strong></span> <span class='ocrx_word' id='word_1_179' title='bbox 1532 3116 1887 3182; x_wconf 88' lang='lat' dir='ltr'><strong>secundum</strong></span> <span class='ocrx_word' id='word_1_180' title='bbox 1940 3121 2236 3182; x_wconf 87' lang='lat' dir='ltr'><strong>loannem</strong></span> 
     </span>
     <span class='ocr_line' id='line_1_33' title="bbox 666 3202 2239 3290; baseline -0.001 -21"><span class='ocrx_word' id='word_1_181' title='bbox 666 3202 933 3290; x_wconf 91' lang='lat' dir='ltr'><strong>singulis</strong></span> <span class='ocrx_word' id='word_1_182' title='bbox 979 3205 1202 3273; x_wconf 88' lang='lat' dir='ltr'><strong>diebus</strong></span> <span class='ocrx_word' id='word_1_183' title='bbox 1247 3225 1279 3271; x_wconf 91' lang='lat' dir='ltr'><strong>a</strong></span> <span class='ocrx_word' id='word_1_184' title='bbox 1326 3204 1433 3271; x_wconf 91' lang='lat' dir='ltr'><strong>die</strong></span> <span class='ocrx_word' id='word_1_185' title='bbox 1489 3209 1673 3271; x_wconf 87' lang='lat' dir='ltr'><strong>Festo</strong></span> <span class='ocrx_word' id='word_1_186' title='bbox 1730 3203 2239 3271; x_wconf 82' lang='lat' dir='ltr'><strong>Resurrectionis</strong></span> 
     </span>
     <span class='ocr_line' id='line_1_34' title="bbox 667 3292 2238 3380; baseline -0.001 -21"><span class='ocrx_word' id='word_1_187' title='bbox 667 3292 914 3360; x_wconf 87' lang='lat' dir='ltr'><strong>Domini</strong></span> <span class='ocrx_word' id='word_1_188' title='bbox 979 3312 1181 3380; x_wconf 89' lang='lat' dir='ltr'><strong>usque</strong></span> <span class='ocrx_word' id='word_1_189' title='bbox 1227 3293 1304 3359; x_wconf 85' lang='lat' dir='ltr'><strong>ad</strong></span> <span class='ocrx_word' id='word_1_190' title='bbox 1352 3296 1610 3359; x_wconf 88' lang='lat' dir='ltr'><strong>Festum</strong></span> <span class='ocrx_word' id='word_1_191' title='bbox 1671 3295 1736 3360; x_wconf 91' lang='lat' dir='ltr'><strong>S.</strong></span> <span class='ocrx_word' id='word_1_192' title='bbox 1785 3296 1990 3358; x_wconf 87' lang='lat' dir='ltr'><strong>Lucae</strong></span> <span class='ocrx_word' id='word_1_193' title='bbox 2037 3296 2238 3358; x_wconf 91' lang='lat' dir='ltr'><strong>Evan-</strong></span> 
     </span>
     <span class='ocr_line' id='line_1_35' title="bbox 667 3379 2240 3468; baseline 0 -23"><span class='ocrx_word' id='word_1_194' title='bbox 667 3381 951 3468; x_wconf 91' lang='lat' dir='ltr'><strong>gelistae.</strong></span> <span class='ocrx_word' id='word_1_195' title='bbox 1002 3386 1159 3448; x_wconf 89' lang='lat' dir='ltr'><strong>Dum</strong></span> <span class='ocrx_word' id='word_1_196' title='bbox 1192 3392 1403 3448; x_wconf 86' lang='lat' dir='ltr'><strong>autem</strong></span> <span class='ocrx_word' id='word_1_197' title='bbox 1449 3380 1515 3448; x_wconf 90' lang='lat' dir='ltr'><strong>id</strong></span> <span class='ocrx_word' id='word_1_198' title='bbox 1546 3380 1855 3446; x_wconf 83' lang='lat' dir='ltr'><strong>constanti</strong></span> <span class='ocrx_word' id='word_1_199' title='bbox 1896 3379 2240 3445; x_wconf 87' lang='lat' dir='ltr'><strong>traditione</strong></span> 
     </span>
     <span class='ocr_line' id='line_1_36' title="bbox 669 3467 2243 3554; baseline -0.003 -18"><span class='ocrx_word' id='word_1_200' title='bbox 669 3472 905 3554; x_wconf 88' lang='lat' dir='ltr'><strong>fertur,</strong></span> <span class='ocrx_word' id='word_1_201' title='bbox 952 3468 1338 3538; x_wconf 75' lang='lat' dir='ltr'><strong>fundationis</strong></span> <span class='ocrx_word' id='word_1_202' title='bbox 1394 3469 1780 3535; x_wconf 87' lang='lat' dir='ltr'><strong>documenta</strong></span> <span class='ocrx_word' id='word_1_203' title='bbox 1827 3468 2084 3534; x_wconf 91' lang='lat' dir='ltr'><strong>omnino</strong></span> <span class='ocrx_word' id='word_1_204' title='bbox 2131 3467 2243 3533; x_wconf 93' lang='lat' dir='ltr'><strong>de-</strong></span> 
     </span>
     <span class='ocr_line' id='line_1_37' title="bbox 668 3554 2241 3640; baseline -0.003 -17"><span class='ocrx_word' id='word_1_205' title='bbox 668 3556 913 3640; x_wconf 86' lang='lat' dir='ltr'><strong>ficiunt,</strong></span> <span class='ocrx_word' id='word_1_206' title='bbox 963 3568 1029 3624; x_wconf 91' lang='lat' dir='ltr'><strong>et</strong></span> <span class='ocrx_word' id='word_1_207' title='bbox 1071 3559 1232 3623; x_wconf 89' lang='lat' dir='ltr'><strong>ritus</strong></span> <span class='ocrx_word' id='word_1_208' title='bbox 1280 3556 1632 3624; x_wconf 89' lang='lat' dir='ltr'><strong>istiusmodi</strong></span> <span class='ocrx_word' id='word_1_209' title='bbox 1665 3558 1903 3623; x_wconf 90' lang='lat' dir='ltr'><strong>nedum</strong></span> <span class='ocrx_word' id='word_1_210' title='bbox 1938 3554 2241 3622; x_wconf 86' lang='lat' dir='ltr'><strong>ecclesia-</strong></span> 
     </span>
     <span class='ocr_line' id='line_1_38' title="bbox 667 3644 2243 3731; baseline -0.001 -22"><span class='ocrx_word' id='word_1_211' title='bbox 667 3644 858 3710; x_wconf 91' lang='lat' dir='ltr'><strong>sticae</strong></span> <span class='ocrx_word' id='word_1_212' title='bbox 904 3644 1225 3731; x_wconf 86' lang='lat' dir='ltr'><strong>Liturgiae</strong></span> <span class='ocrx_word' id='word_1_213' title='bbox 1269 3646 1685 3731; x_wconf 89' lang='lat' dir='ltr'><strong>incongruus,</strong></span> <span class='ocrx_word' id='word_1_214' title='bbox 1734 3645 1846 3711; x_wconf 91' lang='lat' dir='ltr'><strong>sed</strong></span> <span class='ocrx_word' id='word_1_215' title='bbox 1894 3644 2084 3709; x_wconf 90' lang='lat' dir='ltr'><strong>etiam</strong></span> <span class='ocrx_word' id='word_1_216' title='bbox 2130 3645 2243 3708; x_wconf 86' lang='lat' dir='ltr'><strong>Ca·</strong></span> 
     </span>
     <span class='ocr_line' id='line_1_39' title="bbox 669 3731 2241 3819; baseline 0.001 -24"><span class='ocrx_word' id='word_1_217' title='bbox 669 3732 872 3819; x_wconf 89' lang='lat' dir='ltr'><strong>pitulo</strong></span> <span class='ocrx_word' id='word_1_218' title='bbox 917 3732 1102 3798; x_wconf 90' lang='lat' dir='ltr'><strong>nimis</strong></span> <span class='ocrx_word' id='word_1_219' title='bbox 1134 3733 1338 3819; x_wconf 90' lang='lat' dir='ltr'><strong>gravis</strong></span> <span class='ocrx_word' id='word_1_220' title='bbox 1383 3734 1657 3800; x_wconf 77' lang='lat' dir='ltr'><strong>videtur.</strong></span> <span class='ocrx_word' id='word_1_221' title='bbox 1710 3733 2046 3819; x_wconf 78' lang='lat' dir='ltr'><strong>Supplices</strong></span> <span class='ocrx_word' id='word_1_222' title='bbox 2095 3731 2241 3798; x_wconf 90' lang='lat' dir='ltr'><strong>ideo</strong></span> 
     </span>
    </p>
   </div>
   <div class='ocr_carea' id='block_1_5' title="bbox 668 3820 2274 3906">
    <p class='ocr_par' dir='ltr' id='par_1_11' title="bbox 668 3820 2274 3906">
     <span class='ocr_line' id='line_1_40' title="bbox 668 3820 2274 3906; baseline -0.001 -22"><span class='ocrx_word' id='word_1_223' title='bbox 668 3820 1027 3906; x_wconf 86' lang='lat' dir='ltr'><strong>Capitulum</strong></span> <span class='ocrx_word' id='word_1_224' title='bbox 1073 3830 1140 3887; x_wconf 90' lang='lat' dir='ltr'><strong>et</strong></span> <span class='ocrx_word' id='word_1_225' title='bbox 1184 3820 1475 3887; x_wconf 89' lang='lat' dir='ltr'><strong>Canonici</strong></span> <span class='ocrx_word' id='word_1_226' title='bbox 1540 3823 1733 3888; x_wconf 78' lang='lat' dir='ltr'><strong>SSmo</strong></span> <span class='ocrx_word' id='word_1_227' title='bbox 1793 3821 2060 3888; x_wconf 88' lang='lat' dir='ltr'><strong>Domino</strong></span> <span class='ocrx_word' id='word_1_228' title='bbox 2119 3821 2274 3884; x_wconf 89' lang='lat' dir='ltr'><strong>No-·</strong></span> 
     </span>
    </p>
   </div>
   <div class='ocr_carea' id='block_1_6' title="bbox 667 3908 2247 5225">
    <p class='ocr_par' dir='ltr' id='par_1_12' title="bbox 667 3908 2240 4172">
     <span class='ocr_line' id='line_1_41' title="bbox 668 3908 2239 3995; baseline -0.001 -22"><span class='ocrx_word' id='word_1_229' title='bbox 668 3917 799 3973; x_wconf 88' lang='lat' dir='ltr'><strong>stro</strong></span> <span class='ocrx_word' id='word_1_230' title='bbox 847 3908 949 3977; x_wconf 89' lang='lat' dir='ltr'><strong>Pio</strong></span> <span class='ocrx_word' id='word_1_231' title='bbox 996 3910 1102 3975; x_wconf 82' lang='lat' dir='ltr'><strong>vn</strong></span> <span class='ocrx_word' id='word_1_232' title='bbox 1145 3912 1327 3975; x_wconf 92' lang='lat' dir='ltr'><strong>Pont.</strong></span> <span class='ocrx_word' id='word_1_233' title='bbox 1376 3912 1535 3976; x_wconf 79' lang='lat' dir='ltr'><strong>Max.</strong></span> <span class='ocrx_word' id='word_1_234' title='bbox 1601 3909 1924 3975; x_wconf 88' lang='lat' dir='ltr'><strong>dederunt</strong></span> <span class='ocrx_word' id='word_1_235' title='bbox 1984 3925 2239 3995; x_wconf 85' lang='lat' dir='ltr'><strong>preces,</strong></span> 
     </span>
     <span class='ocr_line' id='line_1_42' title="bbox 667 3996 2240 4084; baseline -0.001 -23"><span class='ocrx_word' id='word_1_236' title='bbox 667 3996 1060 4084; x_wconf 84' lang='lat' dir='ltr'><strong>postulantes</strong></span> <span class='ocrx_word' id='word_1_237' title='bbox 1117 3997 1270 4063; x_wconf 90' lang='lat' dir='ltr'><strong>dicti</strong></span> <span class='ocrx_word' id='word_1_238' title='bbox 1330 3998 1542 4063; x_wconf 89' lang='lat' dir='ltr'><strong>oneris</strong></span> <span class='ocrx_word' id='word_1_239' title='bbox 1610 3997 2073 4078; x_wconf 82' lang='lat' dir='ltr'><strong>absolutionem</strong></span> <span class='ocrx_word' id='word_1_240' title='bbox 2127 4014 2240 4060; x_wconf 89' lang='lat' dir='ltr'><strong>seu</strong></span> 
     </span>
     <span class='ocr_line' id='line_1_43' title="bbox 668 4084 1229 4172; baseline 0.004 -22"><span class='ocrx_word' id='word_1_241' title='bbox 668 4084 1200 4172; x_wconf 87' lang='lat' dir='ltr'><strong>dispensationem</strong></span> <span class='ocrx_word' id='word_1_242' title='bbox 1214 4135 1229 4152; x_wconf 92' lang='lat'><strong>.</strong></span> 
     </span>
    </p>

    <p class='ocr_par' dir='ltr' id='par_1_13' title="bbox 669 4169 2247 5225">
     <span class='ocr_line' id='line_1_44' title="bbox 799 4169 2244 4259; baseline -0.003 -20"><span class='ocrx_word' id='word_1_243' title='bbox 799 4177 877 4240; x_wconf 88' lang='lat' dir='ltr'><strong>Et</strong></span> <span class='ocrx_word' id='word_1_244' title='bbox 907 4175 1209 4241; x_wconf 88' lang='lat' dir='ltr'><strong>Sanctitas</strong></span> <span class='ocrx_word' id='word_1_245' title='bbox 1254 4177 1402 4256; x_wconf 88' lang='lat' dir='ltr'><strong>Sua,</strong></span> <span class='ocrx_word' id='word_1_246' title='bbox 1436 4173 1698 4240; x_wconf 88' lang='lat' dir='ltr'><strong>attentis</strong></span> <span class='ocrx_word' id='word_1_247' title='bbox 1744 4172 2049 4259; x_wconf 83' lang='lat' dir='ltr'><strong>expositis</strong></span> <span class='ocrx_word' id='word_1_248' title='bbox 2080 4169 2244 4236; x_wconf 87' lang='lat' dir='ltr'><strong>aliis-</strong></span> 
     </span>
     <span class='ocr_line' id='line_1_45' title="bbox 669 4259 2242 4348; baseline -0.003 -20"><span class='ocrx_word' id='word_1_249' title='bbox 669 4281 794 4347; x_wconf 88' lang='lat' dir='ltr'><strong>que</strong></span> <span class='ocrx_word' id='word_1_250' title='bbox 840 4262 1268 4348; x_wconf 86' lang='lat' dir='ltr'><strong>peculiaribus</strong></span> <span class='ocrx_word' id='word_1_251' title='bbox 1331 4261 1850 4343; x_wconf 87' lang='lat' dir='ltr'><strong>circumstantiis,</strong></span> <span class='ocrx_word' id='word_1_252' title='bbox 1901 4271 2091 4345; x_wconf 89' lang='lat' dir='ltr'><strong>atque</strong></span> <span class='ocrx_word' id='word_1_253' title='bbox 2150 4259 2242 4324; x_wconf 90' lang='lat' dir='ltr'><strong>in-</strong></span> 
     </span>
     <span class='ocr_line' id='line_1_46' title="bbox 672 4344 2242 4437; baseline -0.003 -20"><span class='ocrx_word' id='word_1_254' title='bbox 672 4350 999 4437; x_wconf 86' lang='lat' dir='ltr'><strong>frascripto</strong></span> <span class='ocrx_word' id='word_1_255' title='bbox 1031 4344 1393 4417; x_wconf 84' lang='lat' dir='ltr'><strong>Secretario’</strong></span> <span class='ocrx_word' id='word_1_256' title='bbox 1417 4348 1766 4432; x_wconf 76' lang='lat' dir='ltr'><strong>referente,</strong></span> <span class='ocrx_word' id='word_1_257' title='bbox 1792 4347 2063 4434; x_wconf 87' lang='lat' dir='ltr'><strong>Capituli</strong></span> <span class='ocrx_word' id='word_1_258' title='bbox 2094 4366 2242 4435; x_wconf 89' lang='lat' dir='ltr'><strong>pre·</strong></span> 
     </span>
     <span class='ocr_line' id='line_1_47' title="bbox 672 4434 2242 4519; baseline -0.002 -15"><span class='ocrx_word' id='word_1_259' title='bbox 672 4437 848 4506; x_wconf 89' lang='lat' dir='ltr'><strong>cibus</strong></span> <span class='ocrx_word' id='word_1_260' title='bbox 879 4438 959 4503; x_wconf 91' lang='lat' dir='ltr'><strong>ita</strong></span> <span class='ocrx_word' id='word_1_261' title='bbox 992 4439 1398 4505; x_wconf 88' lang='lat' dir='ltr'><strong>annuendum</strong></span> <span class='ocrx_word' id='word_1_262' title='bbox 1438 4454 1574 4501; x_wconf 90' lang='lat' dir='ltr'><strong>esse</strong></span> <span class='ocrx_word' id='word_1_263' title='bbox 1603 4436 1872 4519; x_wconf 89' lang='lat' dir='ltr'><strong>censuit,</strong></span> <span class='ocrx_word' id='word_1_264' title='bbox 1900 4444 2007 4500; x_wconf 86' lang='lat' dir='ltr'><strong>ut:</strong></span> <span class='ocrx_word' id='word_1_265' title='bbox 2043 4455 2079 4498; x_wconf 81' lang='lat'>‹</span> <span class='ocrx_word' id='word_1_266' title='bbox 2107 4434 2242 4501; x_wconf 90' lang='lat' dir='ltr'><strong>Sin-</strong></span> 
     </span>
     <span class='ocr_line' id='line_1_48' title="bbox 672 4522 2241 4613; baseline -0.003 -21"><span class='ocrx_word' id='word_1_267' title='bbox 672 4526 838 4613; x_wconf 88' lang='lat' dir='ltr'><strong>gulis</strong></span> <span class='ocrx_word' id='word_1_268' title='bbox 884 4525 1080 4594; x_wconf 83' lang='lat' dir='ltr'><strong>Feriis</strong></span> <span class='ocrx_word' id='word_1_269' title='bbox 1116 4528 1218 4611; x_wconf 81' lang='lat' dir='ltr'><strong>Vl,</strong></span> <span class='ocrx_word' id='word_1_270' title='bbox 1267 4523 1667 4592; x_wconf 78' lang='lat' dir='ltr'><strong>conventuali</strong></span> <span class='ocrx_word' id='word_1_271' title='bbox 1714 4523 1887 4589; x_wconf 79' lang='lat' dir='ltr'><strong>Missa</strong></span> <span class='ocrx_word' id='word_1_272' title='bbox 1933 4522 2241 4606; x_wconf 87' lang='lat' dir='ltr'><strong>absoluta,</strong></span> 
     </span>
     <span class='ocr_line' id='line_1_49' title="bbox 671 4606 2244 4699; baseline -0.002 -20"><span class='ocrx_word' id='word_1_273' title='bbox 671 4612 1028 4699; x_wconf 89' lang='lat' dir='ltr'><strong>celebrans,</strong></span> <span class='ocrx_word' id='word_1_274' title='bbox 1060 4613 1251 4681; x_wconf 88' lang='lat' dir='ltr'><strong>sacris</strong></span> <span class='ocrx_word' id='word_1_275' title='bbox 1295 4611 1585 4679; x_wconf 85' lang='lat' dir='ltr'><strong>vestibus-</strong></span> <span class='ocrx_word' id='word_1_276' title='bbox 1620 4612 1682 4677; x_wconf 90' lang='lat' dir='ltr'><strong>in</strong></span> <span class='ocrx_word' id='word_1_277' title='bbox 1729 4606 2013 4678; x_wconf 87' lang='lat' dir='ltr'><strong>Sacristia</strong></span> <span class='ocrx_word' id='word_1_278' title='bbox 2046 4611 2244 4699; x_wconf 88' lang='lat' dir='ltr'><strong>depo·</strong></span> 
     </span>
     <span class='ocr_line' id='line_1_50' title="bbox 670 4699 2247 4790; baseline -0.001 -24"><span class='ocrx_word' id='word_1_279' title='bbox 670 4701 804 4767; x_wconf 89' lang='lat' dir='ltr'><strong>sitis</strong></span> <span class='ocrx_word' id='word_1_280' title='bbox 835 4722 904 4769; x_wconf 92' lang='lat' dir='ltr'><strong>ac</strong></span> <span class='ocrx_word' id='word_1_281' title='bbox 936 4702 1409 4790; x_wconf 82' lang='lat' dir='ltr'><strong>superpelliceo</strong></span> <span class='ocrx_word' id='word_1_282' title='bbox 1456 4709 1700 4767; x_wconf 89' lang='lat' dir='ltr'><strong>tantum</strong></span> <span class='ocrx_word' id='word_1_283' title='bbox 1748 4699 2031 4783; x_wconf 75' lang='lat' dir='ltr'><strong>indutae,</strong></span> <span class='ocrx_word' id='word_1_284' title='bbox 2074 4700 2247 4786; x_wconf 89' lang='lat' dir='ltr'><strong>legat</strong></span> 
     </span>
     <span class='ocr_line' id='line_1_51' title="bbox 673 4786 2244 4858; baseline -0.001 -4"><span class='ocrx_word' id='word_1_285' title='bbox 673 4788 756 4855; x_wconf 91' lang='lat' dir='ltr'><strong>ibi</strong></span> <span class='ocrx_word' id='word_1_286' title='bbox 789 4792 957 4857; x_wconf 81' lang='lat' dir='ltr'><strong>D.N.</strong></span> <span class='ocrx_word' id='word_1_287' title='bbox 982 4794 1028 4857; x_wconf 93' lang='lat'><strong>1.</strong></span> <span class='ocrx_word' id='word_1_288' title='bbox 1051 4795 1122 4858; x_wconf 88' lang='lat' dir='ltr'><strong>C.</strong></span> <span class='ocrx_word' id='word_1_289' title='bbox 1151 4790 1504 4857; x_wconf 85' lang='lat' dir='ltr'><strong>Passionem</strong></span> <span class='ocrx_word' id='word_1_290' title='bbox 1549 4786 1902 4854; x_wconf 88' lang='lat' dir='ltr'><strong>secundum</strong></span> <span class='ocrx_word' id='word_1_291' title='bbox 1946 4793 2244 4854; x_wconf 87' lang='lat' dir='ltr'><strong>loannem</strong></span> 
     </span>
     <span class='ocr_line' id='line_1_52' title="bbox 674 4875 2244 4965; baseline 0 -24"><span class='ocrx_word' id='word_1_292' title='bbox 674 4875 739 4943; x_wconf 88' lang='lat' dir='ltr'><strong>in</strong></span> <span class='ocrx_word' id='word_1_293' title='bbox 783 4877 1361 4965; x_wconf 89' lang='lat' dir='ltr'><strong>adimplementum</strong></span> <span class='ocrx_word' id='word_1_294' title='bbox 1409 4875 1560 4943; x_wconf 89' lang='lat' dir='ltr'><strong>dicti</strong></span> <span class='ocrx_word' id='word_1_295' title='bbox 1609 4875 1854 4955; x_wconf 88' lang='lat' dir='ltr'><strong>oneris,</strong></span> <span class='ocrx_word' id='word_1_296' title='bbox 1903 4894 2244 4960; x_wconf 87' lang='lat' dir='ltr'><strong>quaecum-</strong></span> 
     </span>
     <span class='ocr_line' id='line_1_53' title="bbox 673 4962 2245 5058; baseline -0.002 -29"><span class='ocrx_word' id='word_1_297' title='bbox 673 4983 801 5050; x_wconf 87' lang='lat' dir='ltr'><strong>que</strong></span> <span class='ocrx_word' id='word_1_298' title='bbox 849 4966 1040 5032; x_wconf 84' lang='lat' dir='ltr'><strong>fuerit</strong></span> <span class='ocrx_word' id='word_1_299' title='bbox 1090 4966 1260 5032; x_wconf 89' lang='lat' dir='ltr'><strong>illius</strong></span> <span class='ocrx_word' id='word_1_300' title='bbox 1307 4964 1524 5058; x_wconf 78' lang='lat' dir='ltr'><strong>origo3</strong></span> <span class='ocrx_word' id='word_1_301' title='bbox 1574 4975 1873 5049; x_wconf 77' lang='lat' dir='ltr'><strong>exceptas</strong></span> <span class='ocrx_word' id='word_1_302' title='bbox 1914 4976 2121 5029; x_wconf 83' lang='lat' dir='ltr'><strong>tamen</strong></span> <span class='ocrx_word' id='word_1_303' title='bbox 2170 4962 2245 5027; x_wconf 88' lang='lat' dir='ltr'><strong>ab</strong></span> 
     </span>
     <span class='ocr_line' id='line_1_54' title="bbox 673 5050 2241 5139; baseline -0.003 -22"><span class='ocrx_word' id='word_1_304' title='bbox 673 5052 787 5118; x_wconf 88' lang='lat' dir='ltr'><strong>hac</strong></span> <span class='ocrx_word' id='word_1_305' title='bbox 837 5053 981 5139; x_wconf 89' lang='lat' dir='ltr'><strong>lege</strong></span> <span class='ocrx_word' id='word_1_306' title='bbox 1028 5052 1231 5118; x_wconf 83' lang='lat' dir='ltr'><strong>voluit</strong></span> <span class='ocrx_word' id='word_1_307' title='bbox 1275 5053 1482 5118; x_wconf 75' lang='lat' dir='ltr'><strong>Ferias</strong></span> <span class='ocrx_word' id='word_1_308' title='bbox 1514 5053 1592 5117; x_wconf 78' lang='lat' dir='ltr'><strong>vt</strong></span> <span class='ocrx_word' id='word_1_309' title='bbox 1627 5060 2039 5116; x_wconf 87' lang='lat' dir='ltr'><strong>occurrentes</strong></span> <span class='ocrx_word' id='word_1_310' title='bbox 2084 5050 2241 5116; x_wconf 85' lang='lat' dir='ltr'><strong>infra</strong></span> 
     </span>
     <span class='ocr_line' id='line_1_55' title="bbox 675 5136 2243 5225; baseline -0.001 -21"><span class='ocrx_word' id='word_1_311' title='bbox 675 5149 923 5205; x_wconf 86' lang='lat' dir='ltr'><strong>octavas</strong></span> <span class='ocrx_word' id='word_1_312' title='bbox 964 5138 1417 5225; x_wconf 72' lang='lat' dir='ltr'><strong>privilegiatus,</strong></span> <span class='ocrx_word' id='word_1_313' title='bbox 1467 5139 1581 5203; x_wconf 89' lang='lat' dir='ltr'><strong>vel.</strong></span> <span class='ocrx_word' id='word_1_314' title='bbox 1621 5138 1683 5203; x_wconf 87' lang='lat' dir='ltr'><strong>in</strong></span> <span class='ocrx_word' id='word_1_315' title='bbox 1728 5137 1959 5220; x_wconf 77' lang='lat' dir='ltr'><strong>quibus</strong></span> <span class='ocrx_word' id='word_1_316' title='bbox 1990 5136 2096 5202; x_wconf 80' lang='lat' dir='ltr'><strong>fiat</strong></span> <span class='ocrx_word' id='word_1_317' title='bbox 2140 5136 2243 5202; x_wconf 88' lang='lat' dir='ltr'><strong>Of-</strong></span> 
     </span>
    </p>
   </div>
   <div class='ocr_carea' id='block_1_7' title="bbox 814 5332 1254 5405">
    <p class='ocr_par' dir='ltr' id='par_1_14' title="bbox 814 5332 1254 5405">
     <span class='ocr_line' id='line_1_56' title="bbox 814 5332 1254 5405; baseline -0.007 -16"><span class='ocrx_word' id='word_1_318' title='bbox 814 5334 894 5405; x_wconf 79' lang='lat' dir='ltr'><strong>(t)</strong></span> <span class='ocrx_word' id='word_1_319' title='bbox 929 5334 991 5390; x_wconf 81' lang='lat' dir='ltr'><strong>E.</strong></span> <span class='ocrx_word' id='word_1_320' title='bbox 1032 5332 1170 5389; x_wconf 75' lang='lat' dir='ltr'><strong>nuh.</strong></span> <span class='ocrx_word' id='word_1_321' title='bbox 1204 5332 1254 5387; x_wconf 75' lang='lat' dir='ltr'><strong>s.</strong></span> 
     </span>
    </p>
   </div>
   <div class='ocr_carea' id='block_1_8' title="bbox 2336 388 3943 1339">
    <p class='ocr_par' dir='ltr' id='par_1_15' title="bbox 2336 388 3943 1339">
     <span class='ocr_line' id='line_1_57' title="bbox 2338 388 3938 481; baseline -0.001 -22"><span class='ocrx_word' id='word_1_322' title='bbox 2338 393 2549 459; x_wconf 81' lang='lat' dir='ltr'><strong>ficium</strong></span> <span class='ocrx_word' id='word_1_323' title='bbox 2582 393 2664 460; x_wconf 91' lang='lat' dir='ltr'><strong>de</strong></span> <span class='ocrx_word' id='word_1_324' title='bbox 2695 398 2877 460; x_wconf 76' lang='lat' dir='ltr'><strong>Festo</strong></span> <span class='ocrx_word' id='word_1_325' title='bbox 2909 388 3152 479; x_wconf 83' lang='lat' dir='ltr'><strong>duplici</strong></span> <span class='ocrx_word' id='word_1_326' title='bbox 3182 390 3428 481; x_wconf 79' lang='lat' dir='ltr'><strong>primae</strong></span> <span class='ocrx_word' id='word_1_327' title='bbox 3453 403 3563 460; x_wconf 85' lang='lat' dir='ltr'><strong>aut</strong></span> <span class='ocrx_word' id='word_1_328' title='bbox 3589 391 3938 462; x_wconf 84' lang='lat' dir='ltr'><strong>secundae</strong></span> 
     </span>
     <span class='ocr_line' id='line_1_58' title="bbox 2338 480 3940 567; baseline 0.002 -21"><span class='ocrx_word' id='word_1_329' title='bbox 2338 481 2544 547; x_wconf 87' lang='lat' dir='ltr'><strong>classis</strong></span> <span class='ocrx_word' id='word_1_330' title='bbox 2590 483 2694 548; x_wconf 88' lang='lat' dir='ltr'><strong>vel</strong></span> <span class='ocrx_word' id='word_1_331' title='bbox 2744 481 2824 547; x_wconf 93' lang='lat' dir='ltr'><strong>de</strong></span> <span class='ocrx_word' id='word_1_332' title='bbox 2871 481 3100 567; x_wconf 80' lang='lat' dir='ltr'><strong>Vigilia</strong></span> <span class='ocrx_word' id='word_1_333' title='bbox 3145 480 3494 547; x_wconf 80' lang='lat' dir='ltr'><strong>Nativitatis</strong></span> <span class='ocrx_word' id='word_1_334' title='bbox 3523 485 3597 548; x_wconf 88' lang='lat' dir='ltr'><strong>D.</strong></span> <span class='ocrx_word' id='word_1_335' title='bbox 3623 486 3703 549; x_wconf 71' lang='lat' dir='ltr'><strong>N.</strong></span> <span class='ocrx_word' id='word_1_336' title='bbox 3733 487 3796 549; x_wconf 89' lang='lat'><strong>1.</strong></span> <span class='ocrx_word' id='word_1_337' title='bbox 3828 487 3940 564; x_wconf 72' lang='grc'><strong>0.,</strong></span> 
     </span>
     <span class='ocr_line' id='line_1_59' title="bbox 2339 568 3940 658; baseline 0 -25"><span class='ocrx_word' id='word_1_338' title='bbox 2339 568 2403 634; x_wconf 86' lang='lat' dir='ltr'><strong>in</strong></span> <span class='ocrx_word' id='word_1_339' title='bbox 2449 569 2679 654; x_wconf 90' lang='lat' dir='ltr'><strong>quibus</strong></span> <span class='ocrx_word' id='word_1_340' title='bbox 2737 587 2852 656; x_wconf 90' lang='lat' dir='ltr'><strong>pro</strong></span> <span class='ocrx_word' id='word_1_341' title='bbox 2899 569 3112 637; x_wconf 91' lang='lat' dir='ltr'><strong>oneris</strong></span> <span class='ocrx_word' id='word_1_342' title='bbox 3175 568 3595 658; x_wconf 86' lang='lat' dir='ltr'><strong>implemento</strong></span> <span class='ocrx_word' id='word_1_343' title='bbox 3652 581 3751 635; x_wconf 88' lang='lat' dir='ltr'><strong>sat</strong></span> <span class='ocrx_word' id='word_1_344' title='bbox 3807 571 3940 635; x_wconf 87' lang='lat' dir='ltr'><strong>erit</strong></span> 
     </span>
     <span class='ocr_line' id='line_1_60' title="bbox 2337 656 3942 742; baseline 0.001 -22"><span class='ocrx_word' id='word_1_345' title='bbox 2337 656 2627 742; x_wconf 89' lang='lat' dir='ltr'><strong>specialis</strong></span> <span class='ocrx_word' id='word_1_346' title='bbox 2675 656 2739 722; x_wconf 93' lang='lat' dir='ltr'><strong>in</strong></span> <span class='ocrx_word' id='word_1_347' title='bbox 2785 658 3107 725; x_wconf 76' lang='lat' dir='ltr'><strong>Memento</strong></span> <span class='ocrx_word' id='word_1_348' title='bbox 3166 667 3567 723; x_wconf 89' lang='lat' dir='ltr'><strong>mortuorum</strong></span> <span class='ocrx_word' id='word_1_349' title='bbox 3636 676 3942 723; x_wconf 86' lang='lat' dir='ltr'><strong>comme-</strong></span> 
     </span>
     <span class='ocr_line' id='line_1_61' title="bbox 2339 744 3937 831; baseline -0.001 -21"><span class='ocrx_word' id='word_1_350' title='bbox 2339 745 2606 812; x_wconf 88' lang='lat' dir='ltr'><strong>moratio</strong></span> <span class='ocrx_word' id='word_1_351' title='bbox 2671 764 2792 831; x_wconf 89' lang='lat' dir='ltr'><strong>pro</strong></span> <span class='ocrx_word' id='word_1_352' title='bbox 2862 745 3200 812; x_wconf 81' lang='lat' dir='ltr'><strong>fundatore</strong></span> <span class='ocrx_word' id='word_1_353' title='bbox 3265 745 3369 810; x_wconf 89' lang='lat' dir='ltr'><strong>vel</strong></span> <span class='ocrx_word' id='word_1_354' title='bbox 3439 744 3937 812; x_wconf 87' lang='lat' dir='ltr'><strong>fundatoribus.</strong></span> 
     </span>
     <span class='ocr_line' id='line_1_62' title="bbox 2336 831 3940 908; baseline 0 -12"><span class='ocrx_word' id='word_1_355' title='bbox 2336 832 2517 908; x_wconf 83' lang='lat' dir='ltr'><strong>Quod</strong></span> <span class='ocrx_word' id='word_1_356' title='bbox 2563 833 2612 898; x_wconf 88' lang='lat' dir='ltr'><strong>si</strong></span> <span class='ocrx_word' id='word_1_357' title='bbox 2661 832 2727 898; x_wconf 91' lang='lat' dir='ltr'><strong>in</strong></span> <span class='ocrx_word' id='word_1_358' title='bbox 2775 832 3145 901; x_wconf 86' lang='lat' dir='ltr'><strong>fundatione</strong></span> <span class='ocrx_word' id='word_1_359' title='bbox 3195 833 3545 899; x_wconf 84' lang='lat' dir='ltr'><strong>habeantur</strong></span> <span class='ocrx_word' id='word_1_360' title='bbox 3587 831 3940 899; x_wconf 81' lang='lat' dir='ltr'><strong>clausulae</strong></span> 
     </span>
     <span class='ocr_line' id='line_1_63' title="bbox 2344 919 3943 1008; baseline 0.001 -23"><span class='ocrx_word' id='word_1_361' title='bbox 2344 930 2409 985; x_wconf 91' lang='lat' dir='ltr'><strong>et</strong></span> <span class='ocrx_word' id='word_1_362' title='bbox 2453 919 2849 987; x_wconf 80' lang='lat' dir='ltr'><strong>conditiones</strong></span> <span class='ocrx_word' id='word_1_363' title='bbox 2895 939 3058 1006; x_wconf 86' lang='lat' dir='ltr'><strong>quae</strong></span> <span class='ocrx_word' id='word_1_364' title='bbox 3103 919 3518 1007; x_wconf 83' lang='lat' dir='ltr'><strong>derogatione</strong></span> <span class='ocrx_word' id='word_1_365' title='bbox 3551 929 3617 987; x_wconf 90' lang='lat' dir='ltr'><strong>et</strong></span> <span class='ocrx_word' id='word_1_366' title='bbox 3663 920 3943 1008; x_wconf 83' lang='lat' dir='ltr'><strong>dispen-</strong></span> 
     </span>
     <span class='ocr_line' id='line_1_64' title="bbox 2342 1006 3936 1096; baseline 0.001 -24"><span class='ocrx_word' id='word_1_367' title='bbox 2342 1008 2585 1073; x_wconf 90' lang='lat' dir='ltr'><strong>satione</strong></span> <span class='ocrx_word' id='word_1_368' title='bbox 2654 1007 3021 1092; x_wconf 76' lang='lat' dir='ltr'><strong>indigeant,</strong></span> <span class='ocrx_word' id='word_1_369' title='bbox 3071 1006 3298 1074; x_wconf 84' lang='lat' dir='ltr'><strong>iisdem</strong></span> <span class='ocrx_word' id='word_1_370' title='bbox 3345 1024 3465 1094; x_wconf 90' lang='lat' dir='ltr'><strong>per</strong></span> <span class='ocrx_word' id='word_1_371' title='bbox 3508 1020 3936 1096; x_wconf 86' lang='lat' dir='ltr'><strong>praesentem</strong></span> 
     </span>
     <span class='ocr_line' id='line_1_65' title="bbox 2343 1094 3939 1183; baseline 0.001 -24"><span class='ocrx_word' id='word_1_372' title='bbox 2343 1094 2849 1162; x_wconf 84' lang='lat' dir='ltr'><strong>commutationis</strong></span> <span class='ocrx_word' id='word_1_373' title='bbox 2879 1095 3149 1162; x_wconf 89' lang='lat' dir='ltr'><strong>formam</strong></span> <span class='ocrx_word' id='word_1_374' title='bbox 3179 1094 3512 1181; x_wconf 77' lang='lat' dir='ltr'><strong>derogavit</strong></span> <span class='ocrx_word' id='word_1_375' title='bbox 3557 1114 3627 1160; x_wconf 84' lang='lat' dir='ltr'><strong>ac</strong></span> <span class='ocrx_word' id='word_1_376' title='bbox 3658 1095 3939 1183; x_wconf 87' lang='lat' dir='ltr'><strong>dispen-</strong></span> 
     </span>
     <span class='ocr_line' id='line_1_66' title="bbox 2341 1182 3933 1269; baseline 0.001 -23"><span class='ocrx_word' id='word_1_377' title='bbox 2341 1183 2522 1248; x_wconf 82' lang='lat' dir='ltr'><strong>savit.</strong></span> <span class='ocrx_word' id='word_1_378' title='bbox 2558 1182 3073 1269; x_wconf 86' lang='lat' dir='ltr'><strong>Quibuscnmque</strong></span> <span class='ocrx_word' id='word_1_379' title='bbox 3107 1185 3166 1251; x_wconf 91' lang='lat' dir='ltr'><strong>in</strong></span> <span class='ocrx_word' id='word_1_380' title='bbox 3207 1183 3593 1249; x_wconf 90' lang='lat' dir='ltr'><strong>contrarium</strong></span> <span class='ocrx_word' id='word_1_381' title='bbox 3626 1183 3933 1250; x_wconf 87' lang='lat' dir='ltr'><strong>facienti-</strong></span> 
     </span>
     <span class='ocr_line' id='line_1_67' title="bbox 2343 1270 3928 1339; baseline 0 -3"><span class='ocrx_word' id='word_1_382' title='bbox 2343 1271 2458 1336; x_wconf 90' lang='lat' dir='ltr'><strong>bus</strong></span> <span class='ocrx_word' id='word_1_383' title='bbox 2489 1271 2752 1337; x_wconf 89' lang='lat' dir='ltr'><strong>minime</strong></span> <span class='ocrx_word' id='word_1_384' title='bbox 2784 1270 3173 1339; x_wconf 89' lang='lat' dir='ltr'><strong>obstantibus</strong></span> <span class='ocrx_word' id='word_1_385' title='bbox 3197 1295 3262 1338; x_wconf 70' lang='grc' dir='ltr'><strong>ιν.</strong></span> <span class='ocrx_word' id='word_1_386' title='bbox 3289 1271 3401 1337; x_wconf 90' lang='lat' dir='ltr'><strong>Die</strong></span> <span class='ocrx_word' id='word_1_387' title='bbox 3431 1275 3506 1337; x_wconf 78' lang='lat' dir='ltr'>ss</span> <span class='ocrx_word' id='word_1_388' title='bbox 3541 1271 3679 1338; x_wconf 83' lang='lat' dir='ltr'><strong>iulii</strong></span> <span class='ocrx_word' id='word_1_389' title='bbox 3721 1273 3928 1338; x_wconf 76' lang='lat'><strong>1820.</strong></span> 
     </span>
    </p>
   </div>
   <div class='ocr_carea' id='block_1_9' title="bbox 2340 1407 3928 1497">
    <p class='ocr_par' dir='ltr' id='par_1_16' title="bbox 2340 1407 3928 1497">
     <span class='ocr_line' id='line_1_68' title="bbox 2340 1407 3928 1497; baseline 0.001 -22"><span class='ocrx_word' id='word_1_390' title='bbox 2340 1407 2606 1477; x_wconf 81' lang='lat'><strong>2604.</strong></span> <span class='ocrx_word' id='word_1_391' title='bbox 2977 1412 3261 1477; x_wconf 72' lang='lat' dir='ltr'><strong>neven.</strong></span> <span class='ocrx_word' id='word_1_392' title='bbox 3684 1410 3928 1497; x_wconf 69' lang='lat' dir='ltr'><strong>(aces)</strong></span> 
     </span>
    </p>
   </div>
   <div class='ocr_carea' id='block_1_10' title="bbox 2336 1531 3982 4323">
    <p class='ocr_par' dir='ltr' id='par_1_17' title="bbox 2336 1531 3932 2743">
     <span class='ocr_line' id='line_1_69' title="bbox 2472 1531 3929 1600; baseline -0.001 -4"><span class='ocrx_word' id='word_1_393' title='bbox 2472 1532 2664 1598; x_wconf 80' lang='lat' dir='ltr'><strong>SSmo</strong></span> <span class='ocrx_word' id='word_1_394' title='bbox 2711 1531 2977 1599; x_wconf 90' lang='lat' dir='ltr'><strong>Domino</strong></span> <span class='ocrx_word' id='word_1_395' title='bbox 3007 1536 3235 1599; x_wconf 84' lang='lat' dir='ltr'><strong>Nostro</strong></span> <span class='ocrx_word' id='word_1_396' title='bbox 3265 1532 3371 1599; x_wconf 89' lang='lat' dir='ltr'><strong>Pio</strong></span> <span class='ocrx_word' id='word_1_397' title='bbox 3393 1536 3498 1600; x_wconf 84' lang='lat' dir='ltr'><strong>Vll</strong></span> <span class='ocrx_word' id='word_1_398' title='bbox 3529 1535 3712 1600; x_wconf 84' lang='lat' dir='ltr'><strong>Pont.</strong></span> <span class='ocrx_word' id='word_1_399' title='bbox 3757 1538 3929 1600; x_wconf 69' lang='lat' dir='ltr'><strong>Hax.</strong></span> 
     </span>
     <span class='ocr_line' id='line_1_70' title="bbox 2340 1619 3931 1708; baseline 0.002 -25"><span class='ocrx_word' id='word_1_400' title='bbox 2340 1619 2636 1705; x_wconf 77' lang='lat' dir='ltr'><strong>exposuit</strong></span> <span class='ocrx_word' id='word_1_401' title='bbox 2681 1625 2874 1686; x_wconf 77' lang='lat' dir='ltr'><strong>Rmus</strong></span> <span class='ocrx_word' id='word_1_402' title='bbox 2919 1620 3274 1708; x_wconf 83' lang='lat' dir='ltr'><strong>Episcopus</strong></span> <span class='ocrx_word' id='word_1_403' title='bbox 3317 1625 3556 1687; x_wconf 84' lang='lat' dir='ltr'><strong>Boven.</strong></span> <span class='ocrx_word' id='word_1_404' title='bbox 3606 1642 3772 1689; x_wconf 88' lang='lat' dir='ltr'><strong>suae</strong></span> <span class='ocrx_word' id='word_1_405' title='bbox 3817 1624 3931 1688; x_wconf 86' lang='lat' dir='ltr'><strong>Ca·</strong></span> 
     </span>
     <span class='ocr_line' id='line_1_71' title="bbox 2341 1706 3932 1796; baseline 0.003 -26"><span class='ocrx_word' id='word_1_406' title='bbox 2341 1706 2650 1772; x_wconf 89' lang='lat' dir='ltr'><strong>thedralis</strong></span> <span class='ocrx_word' id='word_1_407' title='bbox 2715 1707 3080 1794; x_wconf 83' lang='lat' dir='ltr'><strong>Capitulum</strong></span> <span class='ocrx_word' id='word_1_408' title='bbox 3128 1718 3195 1775; x_wconf 91' lang='lat' dir='ltr'><strong>et</strong></span> <span class='ocrx_word' id='word_1_409' title='bbox 3260 1710 3519 1774; x_wconf 86' lang='lat' dir='ltr'><strong>Clerum</strong></span> <span class='ocrx_word' id='word_1_410' title='bbox 3589 1711 3932 1796; x_wconf 83' lang='lat' dir='ltr'><strong>haudqua-</strong></span> 
     </span>
     <span class='ocr_line' id='line_1_72' title="bbox 2339 1795 3928 1881; baseline 0.003 -24"><span class='ocrx_word' id='word_1_411' title='bbox 2339 1810 2528 1878; x_wconf 89' lang='lat' dir='ltr'><strong>quam</strong></span> <span class='ocrx_word' id='word_1_412' title='bbox 2559 1813 2769 1879; x_wconf 89' lang='lat' dir='ltr'><strong>posse,</strong></span> <span class='ocrx_word' id='word_1_413' title='bbox 2804 1795 3043 1881; x_wconf 84' lang='lat' dir='ltr'><strong>absque</strong></span> <span class='ocrx_word' id='word_1_414' title='bbox 3074 1795 3459 1863; x_wconf 86' lang='lat' dir='ltr'><strong>valetudinis</strong></span> <span class='ocrx_word' id='word_1_415' title='bbox 3496 1798 3928 1881; x_wconf 86' lang='lat' dir='ltr'><strong>detrimento,</strong></span> 
     </span>
     <span class='ocr_line' id='line_1_73' title="bbox 2336 1882 3930 1970; baseline 0.003 -23"><span class='ocrx_word' id='word_1_416' title='bbox 2336 1882 2512 1948; x_wconf 88' lang='lat' dir='ltr'><strong>statis</strong></span> <span class='ocrx_word' id='word_1_417' title='bbox 2534 1882 2706 1949; x_wconf 86' lang='lat' dir='ltr'><strong>horis</strong></span> <span class='ocrx_word' id='word_1_418' title='bbox 2736 1882 3009 1970; x_wconf 81' lang='lat' dir='ltr'><strong>hyemali</strong></span> <span class='ocrx_word' id='word_1_419' title='bbox 3039 1894 3333 1970; x_wconf 88' lang='lat' dir='ltr'><strong>tempore</strong></span> <span class='ocrx_word' id='word_1_420' title='bbox 3359 1884 3708 1952; x_wconf 87' lang='lat' dir='ltr'><strong>Ecclesiam</strong></span> <span class='ocrx_word' id='word_1_421' title='bbox 3747 1886 3930 1952; x_wconf 87' lang='lat' dir='ltr'><strong>illam</strong></span> 
     </span>
     <span class='ocr_line' id='line_1_74' title="bbox 2341 1969 3928 2057; baseline 0.004 -23"><span class='ocrx_word' id='word_1_422' title='bbox 2341 1969 2404 2035; x_wconf 91' lang='lat' dir='ltr'><strong>in</strong></span> <span class='ocrx_word' id='word_1_423' title='bbox 2449 1970 2762 2038; x_wconf 85' lang='lat' dir='ltr'><strong>montanis</strong></span> <span class='ocrx_word' id='word_1_424' title='bbox 2822 1969 3092 2057; x_wconf 88' lang='lat' dir='ltr'><strong>positam</strong></span> <span class='ocrx_word' id='word_1_425' title='bbox 3153 1982 3217 2037; x_wconf 95' lang='lat' dir='ltr'><strong>et</strong></span> <span class='ocrx_word' id='word_1_426' title='bbox 3269 1972 3631 2039; x_wconf 83' lang='lat' dir='ltr'><strong>humiditati</strong></span> <span class='ocrx_word' id='word_1_427' title='bbox 3691 1994 3769 2040; x_wconf 88' lang='lat' dir='ltr'><strong>ac</strong></span> <span class='ocrx_word' id='word_1_428' title='bbox 3821 1974 3928 2040; x_wconf 86' lang='lat' dir='ltr'><strong>fri·</strong></span> 
     </span>
     <span class='ocr_line' id='line_1_75' title="bbox 2336 2058 3931 2146; baseline 0.001 -23"><span class='ocrx_word' id='word_1_429' title='bbox 2336 2058 2476 2145; x_wconf 87' lang='lat' dir='ltr'><strong>gori</strong></span> <span class='ocrx_word' id='word_1_430' title='bbox 2539 2059 2960 2125; x_wconf 89' lang='lat' dir='ltr'><strong>inclementer</strong></span> <span class='ocrx_word' id='word_1_431' title='bbox 3019 2059 3356 2126; x_wconf 76' lang='lat' dir='ltr'><strong>obnoxiam</strong></span> <span class='ocrx_word' id='word_1_432' title='bbox 3418 2070 3646 2146; x_wconf 83' lang='lat' dir='ltr'><strong>petere</strong></span> <span class='ocrx_word' id='word_1_433' title='bbox 3714 2061 3931 2128; x_wconf 86' lang='lat' dir='ltr'><strong>Sacris</strong></span> 
     </span>
     <span class='ocr_line' id='line_1_76' title="bbox 2338 2146 3928 2248; baseline 0.001 -36"><span class='ocrx_word' id='word_1_434' title='bbox 2338 2146 2791 2214; x_wconf 86' lang='lat' dir='ltr'><strong>interfuturum</strong></span> <span class='ocrx_word' id='word_1_435' title='bbox 2837 2157 2904 2212; x_wconf 89' lang='lat' dir='ltr'><strong>et</strong></span> <span class='ocrx_word' id='word_1_436' title='bbox 2947 2146 3164 2213; x_wconf 88' lang='lat' dir='ltr'><strong>Divina</strong></span> <span class='ocrx_word' id='word_1_437' title='bbox 3208 2148 3740 2248; x_wconf 87' lang='lat' dir='ltr'><strong>persoluturum;</strong></span> <span class='ocrx_word' id='word_1_438' title='bbox 3777 2166 3928 2234; x_wconf 87' lang='lat' dir='ltr'><strong>pro-</strong></span> 
     </span>
     <span class='ocr_line' id='line_1_77' title="bbox 2338 2233 3929 2322; baseline -0.001 -22"><span class='ocrx_word' id='word_1_439' title='bbox 2338 2245 2689 2322; x_wconf 90' lang='lat' dir='ltr'><strong>ptereaque</strong></span> <span class='ocrx_word' id='word_1_440' title='bbox 2755 2233 2944 2322; x_wconf 88' lang='lat' dir='ltr'><strong>petiit</strong></span> <span class='ocrx_word' id='word_1_441' title='bbox 3001 2234 3379 2318; x_wconf 76' lang='lat' dir='ltr'><strong>humiliter,</strong></span> <span class='ocrx_word' id='word_1_442' title='bbox 3443 2246 3514 2301; x_wconf 94' lang='lat' dir='ltr'><strong>ut</strong></span> <span class='ocrx_word' id='word_1_443' title='bbox 3579 2237 3929 2304; x_wconf 89' lang='lat' dir='ltr'><strong>antedictis</strong></span> 
     </span>
     <span class='ocr_line' id='line_1_78' title="bbox 2337 2323 3926 2413; baseline 0.001 -24"><span class='ocrx_word' id='word_1_444' title='bbox 2337 2323 2629 2408; x_wconf 86' lang='lat' dir='ltr'><strong>Capitulo</strong></span> <span class='ocrx_word' id='word_1_445' title='bbox 2661 2335 2726 2388; x_wconf 91' lang='lat' dir='ltr'><strong>et</strong></span> <span class='ocrx_word' id='word_1_446' title='bbox 2757 2323 2946 2390; x_wconf 85' lang='lat' dir='ltr'><strong>Glero</strong></span> <span class='ocrx_word' id='word_1_447' title='bbox 2980 2323 3241 2390; x_wconf 76' lang='lat' dir='ltr'><strong>facultas</strong></span> <span class='ocrx_word' id='word_1_448' title='bbox 3269 2323 3458 2410; x_wconf 85' lang='lat' dir='ltr'><strong>fieret</strong></span> <span class='ocrx_word' id='word_1_449' title='bbox 3489 2324 3552 2391; x_wconf 91' lang='lat' dir='ltr'><strong>in</strong></span> <span class='ocrx_word' id='word_1_450' title='bbox 3584 2337 3926 2413; x_wconf 87' lang='lat' dir='ltr'><strong>posterum</strong></span> 
     </span>
     <span class='ocr_line' id='line_1_79' title="bbox 2339 2411 3926 2500; baseline -0.001 -23"><span class='ocrx_word' id='word_1_451' title='bbox 2339 2431 2410 2477; x_wconf 88' lang='lat' dir='ltr'><strong>ea</strong></span> <span class='ocrx_word' id='word_1_452' title='bbox 2458 2420 2592 2476; x_wconf 90' lang='lat' dir='ltr'><strong>tem</strong></span> <span class='ocrx_word' id='word_1_453' title='bbox 2641 2421 2835 2477; x_wconf 89' lang='lat' dir='ltr'><strong>estate</strong></span> <span class='ocrx_word' id='word_1_454' title='bbox 2866 2411 3072 2477; x_wconf 87' lang='lat' dir='ltr'><strong>semel</strong></span> <span class='ocrx_word' id='word_1_455' title='bbox 3122 2412 3186 2477; x_wconf 89' lang='lat' dir='ltr'><strong>in</strong></span> <span class='ocrx_word' id='word_1_456' title='bbox 3232 2411 3342 2478; x_wconf 89' lang='lat' dir='ltr'><strong>die</strong></span> <span class='ocrx_word' id='word_1_457' title='bbox 3373 2421 3439 2477; x_wconf 91' lang='lat' dir='ltr'><strong>et</strong></span> <span class='ocrx_word' id='word_1_458' title='bbox 3471 2411 3926 2500; x_wconf 85' lang='lat' dir='ltr'><strong>opportuniori</strong></span> 
     </span>
     <span class='ocr_line' id='line_1_80' title="bbox 2338 2498 3928 2583; baseline 0 -18"><span class='ocrx_word' id='word_1_459' title='bbox 2338 2498 2490 2565; x_wconf 87' lang='lat' dir='ltr'><strong>hora</strong></span> <span class='ocrx_word' id='word_1_460' title='bbox 2537 2519 2568 2565; x_wconf 89' lang='lat' dir='ltr'><strong>a</strong></span> <span class='ocrx_word' id='word_1_461' title='bbox 2665 2499 2957 2565; x_wconf 85' lang='lat' dir='ltr'><strong>eamdem</strong></span> <span class='ocrx_word' id='word_1_462' title='bbox 3027 2500 3377 2583; x_wconf 84' lang='lat' dir='ltr'><strong>accedere,</strong></span> <span class='ocrx_word' id='word_1_463' title='bbox 3426 2503 3740 2567; x_wconf 81' lang='lat' dir='ltr'><strong>Horarum</strong></span> <span class='ocrx_word' id='word_1_464' title='bbox 3816 2505 3928 2567; x_wconf 85' lang='lat' dir='ltr'><strong>Ca-</strong></span> 
     </span>
     <span class='ocr_line' id='line_1_81' title="bbox 2338 2585 3924 2676; baseline 0 -25"><span class='ocrx_word' id='word_1_465' title='bbox 2338 2585 2705 2653; x_wconf 86' lang='lat' dir='ltr'><strong>nonicarum</strong></span> <span class='ocrx_word' id='word_1_466' title='bbox 2737 2606 2896 2653; x_wconf 90' lang='lat' dir='ltr'><strong>onus</strong></span> <span class='ocrx_word' id='word_1_467' title='bbox 2925 2586 3323 2676; x_wconf 88' lang='lat' dir='ltr'><strong>adimplendi</strong></span> <span class='ocrx_word' id='word_1_468' title='bbox 3357 2606 3540 2654; x_wconf 87' lang='lat' dir='ltr'><strong>causa</strong></span> <span class='ocrx_word' id='word_1_469' title='bbox 3570 2589 3924 2675; x_wconf 70' lang='lat' dir='ltr'><strong>Missaeque</strong></span> 
     </span>
     <span class='ocr_line' id='line_1_82' title="bbox 2339 2675 3226 2743; baseline 0.001 -3"><span class='ocrx_word' id='word_1_470' title='bbox 2339 2675 2787 2741; x_wconf 88' lang='lat' dir='ltr'><strong>Conventualis</strong></span> <span class='ocrx_word' id='word_1_471' title='bbox 2834 2675 3226 2743; x_wconf 88' lang='lat' dir='ltr'><strong>celebrandi.</strong></span> 
     </span>
    </p>

    <p class='ocr_par' dir='ltr' id='par_1_18' title="bbox 2336 2761 3982 4323">
     <span class='ocr_line' id='line_1_83' title="bbox 2469 2761 3922 2852; baseline -0.001 -25"><span class='ocrx_word' id='word_1_472' title='bbox 2469 2765 2551 2827; x_wconf 86' lang='lat' dir='ltr'><strong>Et</strong></span> <span class='ocrx_word' id='word_1_473' title='bbox 2597 2761 2900 2828; x_wconf 87' lang='lat' dir='ltr'><strong>Sanctitas</strong></span> <span class='ocrx_word' id='word_1_474' title='bbox 2944 2766 3104 2848; x_wconf 85' lang='lat' dir='ltr'><strong>Sua,</strong></span> <span class='ocrx_word' id='word_1_475' title='bbox 3153 2762 3414 2830; x_wconf 87' lang='lat' dir='ltr'><strong>attentis</strong></span> <span class='ocrx_word' id='word_1_476' title='bbox 3480 2765 3794 2852; x_wconf 84' lang='lat' dir='ltr'><strong>expositis</strong></span> <span class='ocrx_word' id='word_1_477' title='bbox 3856 2783 3922 2827; x_wconf 89' lang='lat' dir='ltr'><strong>ac</strong></span> 
     </span>
     <span class='ocr_line' id='line_1_84' title="bbox 2339 2850 3924 2940; baseline 0 -26"><span class='ocrx_word' id='word_1_478' title='bbox 2339 2851 2506 2915; x_wconf 83' lang='lat' dir='ltr'><strong>veris</strong></span> <span class='ocrx_word' id='word_1_479' title='bbox 2554 2850 2977 2917; x_wconf 82' lang='lat' dir='ltr'><strong>existentibus</strong></span> <span class='ocrx_word' id='word_1_480' title='bbox 3023 2851 3310 2937; x_wconf 87' lang='lat' dir='ltr'><strong>narratis,</strong></span> <span class='ocrx_word' id='word_1_481' title='bbox 3359 2869 3463 2916; x_wconf 91' lang='lat' dir='ltr'><strong>me</strong></span> <span class='ocrx_word' id='word_1_482' title='bbox 3512 2852 3924 2940; x_wconf 88' lang='lat' dir='ltr'><strong>infrascripto</strong></span> 
     </span>
     <span class='ocr_line' id='line_1_85' title="bbox 2341 2936 3920 3026; baseline -0.002 -22"><span class='ocrx_word' id='word_1_483' title='bbox 2341 2940 2405 3004; x_wconf 91' lang='lat' dir='ltr'><strong>S.</strong></span> <span class='ocrx_word' id='word_1_484' title='bbox 2444 2941 2518 3005; x_wconf 82' lang='lat' dir='ltr'><strong>R.</strong></span> <span class='ocrx_word' id='word_1_485' title='bbox 2557 2939 2628 3005; x_wconf 87' lang='lat' dir='ltr'><strong>C.</strong></span> <span class='ocrx_word' id='word_1_486' title='bbox 2665 2938 2999 3005; x_wconf 83' lang='lat' dir='ltr'><strong>Assessore</strong></span> <span class='ocrx_word' id='word_1_487' title='bbox 3029 2940 3382 3022; x_wconf 77' lang='lat' dir='ltr'><strong>referente,</strong></span> <span class='ocrx_word' id='word_1_488' title='bbox 3429 2940 3566 3007; x_wconf 76' lang='lat' dir='ltr'><strong>Rflii</strong></span> <span class='ocrx_word' id='word_1_489' title='bbox 3620 2936 3920 3026; x_wconf 86' lang='lat' dir='ltr'><strong>Episcopi</strong></span> 
     </span>
     <span class='ocr_line' id='line_1_86' title="bbox 2340 3025 3922 3115; baseline 0 -25"><span class='ocrx_word' id='word_1_490' title='bbox 2340 3025 2639 3113; x_wconf 89' lang='lat' dir='ltr'><strong>precibus</strong></span> <span class='ocrx_word' id='word_1_491' title='bbox 2685 3028 3050 3111; x_wconf 85' lang='lat' dir='ltr'><strong>annuendo,</strong></span> <span class='ocrx_word' id='word_1_492' title='bbox 3088 3028 3366 3115; x_wconf 86' lang='lat' dir='ltr'><strong>benigne</strong></span> <span class='ocrx_word' id='word_1_493' title='bbox 3411 3027 3716 3094; x_wconf 88' lang='lat' dir='ltr'><strong>indulsit:</strong></span> <span class='ocrx_word' id='word_1_494' title='bbox 3770 3049 3810 3091; x_wconf 64' lang='grc' dir='ltr'><strong>α</strong></span> <span class='ocrx_word' id='word_1_495' title='bbox 3844 3029 3922 3092; x_wconf 81' lang='lat' dir='ltr'><strong>Ut</strong></span> 
     </span>
     <span class='ocr_line' id='line_1_87' title="bbox 2339 3113 3922 3200; baseline -0.002 -19"><span class='ocrx_word' id='word_1_496' title='bbox 2339 3113 2632 3181; x_wconf 90' lang='lat' dir='ltr'><strong>Canonici</strong></span> <span class='ocrx_word' id='word_1_497' title='bbox 2693 3114 2928 3200; x_wconf 87' lang='lat' dir='ltr'><strong>aliique</strong></span> <span class='ocrx_word' id='word_1_498' title='bbox 2985 3114 3363 3182; x_wconf 88' lang='lat' dir='ltr'><strong>Sacerdotes</strong></span> <span class='ocrx_word' id='word_1_499' title='bbox 3410 3125 3476 3181; x_wconf 93' lang='lat' dir='ltr'><strong>et</strong></span> <span class='ocrx_word' id='word_1_500' title='bbox 3519 3115 3756 3181; x_wconf 85' lang='lat' dir='ltr'><strong>Clerici</strong></span> <span class='ocrx_word' id='word_1_501' title='bbox 3813 3118 3922 3180; x_wconf 84' lang='lat' dir='ltr'><strong>Ca·</strong></span> 
     </span>
     <span class='ocr_line' id='line_1_88' title="bbox 2343 3200 3921 3290; baseline -0.003 -23"><span class='ocrx_word' id='word_1_502' title='bbox 2343 3200 2649 3267; x_wconf 87' lang='lat' dir='ltr'><strong>thedralis</strong></span> <span class='ocrx_word' id='word_1_503' title='bbox 2694 3205 2934 3268; x_wconf 84' lang='lat' dir='ltr'><strong>Boven.</strong></span> <span class='ocrx_word' id='word_1_504' title='bbox 2980 3202 3242 3270; x_wconf 89' lang='lat' dir='ltr'><strong>servitio</strong></span> <span class='ocrx_word' id='word_1_505' title='bbox 3288 3202 3521 3269; x_wconf 88' lang='lat' dir='ltr'><strong>addicti</strong></span> <span class='ocrx_word' id='word_1_506' title='bbox 3567 3204 3821 3290; x_wconf 83' lang='lat' dir='ltr'><strong>possint</strong></span> <span class='ocrx_word' id='word_1_507' title='bbox 3860 3212 3921 3265; x_wconf 91' lang='lat' dir='ltr'><strong>et</strong></span> 
     </span>
     <span class='ocr_line' id='line_1_89' title="bbox 2338 3290 3922 3378; baseline -0.001 -24"><span class='ocrx_word' id='word_1_508' title='bbox 2338 3290 2593 3355; x_wconf 81' lang='lat' dir='ltr'><strong>valeant</strong></span> <span class='ocrx_word' id='word_1_509' title='bbox 2636 3290 2910 3376; x_wconf 86' lang='lat' dir='ltr'><strong>hyemali</strong></span> <span class='ocrx_word' id='word_1_510' title='bbox 2942 3301 3264 3378; x_wconf 89' lang='lat' dir='ltr'><strong>tempore,</strong></span> <span class='ocrx_word' id='word_1_511' title='bbox 3298 3290 3595 3356; x_wconf 88' lang='lat' dir='ltr'><strong>nimirum</strong></span> <span class='ocrx_word' id='word_1_512' title='bbox 3626 3301 3779 3378; x_wconf 87' lang='lat' dir='ltr'><strong>post</strong></span> <span class='ocrx_word' id='word_1_513' title='bbox 3810 3294 3922 3357; x_wconf 81' lang='lat' dir='ltr'><strong>Fe·</strong></span> 
     </span>
     <span class='ocr_line' id='line_1_90' title="bbox 2340 3378 3982 3463; baseline 0 -22"><span class='ocrx_word' id='word_1_514' title='bbox 2340 3387 2509 3443; x_wconf 91' lang='lat' dir='ltr'><strong>stum</strong></span> <span class='ocrx_word' id='word_1_515' title='bbox 2562 3380 2936 3445; x_wconf 88' lang='lat' dir='ltr'><strong>Sanctorum</strong></span> <span class='ocrx_word' id='word_1_516' title='bbox 2988 3378 3282 3445; x_wconf 87' lang='lat' dir='ltr'><strong>Omnium</strong></span> <span class='ocrx_word' id='word_1_517' title='bbox 3338 3397 3543 3463; x_wconf 88' lang='lat' dir='ltr'><strong>usque</strong></span> <span class='ocrx_word' id='word_1_518' title='bbox 3596 3380 3674 3445; x_wconf 91' lang='lat' dir='ltr'><strong>ad</strong></span> <span class='ocrx_word' id='word_1_519' title='bbox 3721 3379 3918 3445; x_wconf 85' lang='lat' dir='ltr'><strong>maio·</strong></span> <span class='ocrx_word' id='word_1_520' title='bbox 3981 3452 3982 3463; x_wconf 10' lang='grc' dir='ltr'>χ</span> 
     </span>
     <span class='ocr_line' id='line_1_91' title="bbox 2339 3463 3918 3549; baseline -0.002 -19"><span class='ocrx_word' id='word_1_521' title='bbox 2339 3481 2477 3530; x_wconf 91' lang='lat' dir='ltr'><strong>rem</strong></span> <span class='ocrx_word' id='word_1_522' title='bbox 2523 3463 2995 3532; x_wconf 78' lang='lat' dir='ltr'><strong>Hebdomadam</strong></span> <span class='ocrx_word' id='word_1_523' title='bbox 3050 3466 3399 3549; x_wconf 85' lang='lat' dir='ltr'><strong>exclusive,</strong></span> <span class='ocrx_word' id='word_1_524' title='bbox 3447 3466 3648 3533; x_wconf 91' lang='lat' dir='ltr'><strong>semel</strong></span> <span class='ocrx_word' id='word_1_525' title='bbox 3700 3468 3767 3531; x_wconf 92' lang='lat' dir='ltr'><strong>in</strong></span> <span class='ocrx_word' id='word_1_526' title='bbox 3815 3466 3918 3532; x_wconf 89' lang='lat' dir='ltr'><strong>die</strong></span> 
     </span>
     <span class='ocr_line' id='line_1_92' title="bbox 2339 3552 3914 3639; baseline 0.001 -22"><span class='ocrx_word' id='word_1_527' title='bbox 2339 3552 2415 3617; x_wconf 86' lang='lat' dir='ltr'><strong>ad</strong></span> <span class='ocrx_word' id='word_1_528' title='bbox 2466 3555 2758 3622; x_wconf 91' lang='lat' dir='ltr'><strong>eamdem</strong></span> <span class='ocrx_word' id='word_1_529' title='bbox 2807 3554 3152 3619; x_wconf 85' lang='lat' dir='ltr'><strong>Ecclesiam</strong></span> <span class='ocrx_word' id='word_1_530' title='bbox 3187 3553 3500 3620; x_wconf 88' lang='lat' dir='ltr'><strong>accedere</strong></span> <span class='ocrx_word' id='word_1_531' title='bbox 3542 3554 3763 3639; x_wconf 90' lang='lat' dir='ltr'><strong>ibique</strong></span> <span class='ocrx_word' id='word_1_532' title='bbox 3797 3565 3914 3620; x_wconf 90' lang='lat' dir='ltr'><strong>tam</strong></span> 
     </span>
     <span class='ocr_line' id='line_1_93' title="bbox 2341 3640 3915 3730; baseline 0 -24"><span class='ocrx_word' id='word_1_533' title='bbox 2341 3641 2668 3707; x_wconf 75' lang='lat' dir='ltr'><strong>Matutinas</strong></span> <span class='ocrx_word' id='word_1_534' title='bbox 2713 3658 2902 3727; x_wconf 84' lang='lat' dir='ltr'><strong>quam</strong></span> <span class='ocrx_word' id='word_1_535' title='bbox 2949 3640 3353 3730; x_wconf 82' lang='lat' dir='ltr'><strong>vespertinas</strong></span> <span class='ocrx_word' id='word_1_536' title='bbox 3383 3645 3578 3708; x_wconf 82' lang='lat' dir='ltr'><strong>Horas</strong></span> <span class='ocrx_word' id='word_1_537' title='bbox 3622 3660 3744 3707; x_wconf 92' lang='lat' dir='ltr'><strong>nec</strong></span> <span class='ocrx_word' id='word_1_538' title='bbox 3793 3660 3915 3709; x_wconf 91' lang='lat' dir='ltr'><strong>non</strong></span> 
     </span>
     <span class='ocr_line' id='line_1_94' title="bbox 2342 3728 3912 3831; baseline 0.001 -39"><span class='ocrx_word' id='word_1_539' title='bbox 2342 3729 2828 3795; x_wconf 84' lang='lat' dir='ltr'><strong>conventualem</strong></span> <span class='ocrx_word' id='word_1_540' title='bbox 2881 3728 3165 3814; x_wconf 75' lang='lat' dir='ltr'><strong>Missam,</strong></span> <span class='ocrx_word' id='word_1_541' title='bbox 3221 3729 3356 3795; x_wconf 89' lang='lat' dir='ltr'><strong>sine</strong></span> <span class='ocrx_word' id='word_1_542' title='bbox 3415 3730 3912 3831; x_wconf 85' lang='lat' dir='ltr'><strong>interruptione,</strong></span> 
     </span>
     <span class='ocr_line' id='line_1_95' title="bbox 2342 3816 3916 3907; baseline 0 -28"><span class='ocrx_word' id='word_1_543' title='bbox 2342 3816 2748 3902; x_wconf 87' lang='lat' dir='ltr'><strong>persolvere;</strong></span> <span class='ocrx_word' id='word_1_544' title='bbox 2796 3816 2881 3882; x_wconf 87' lang='lat' dir='ltr'><strong>ita</strong></span> <span class='ocrx_word' id='word_1_545' title='bbox 2927 3827 3135 3884; x_wconf 91' lang='lat' dir='ltr'><strong>tamen</strong></span> <span class='ocrx_word' id='word_1_546' title='bbox 3183 3827 3256 3882; x_wconf 88' lang='lat' dir='ltr'><strong>ut</strong></span> <span class='ocrx_word' id='word_1_547' title='bbox 3291 3820 3444 3884; x_wconf 84' lang='lat' dir='ltr'><strong>Gom</strong></span> <span class='ocrx_word' id='word_1_548' title='bbox 3502 3818 3731 3883; x_wconf 78' lang='lat' dir='ltr'><strong>letorto</strong></span> <span class='ocrx_word' id='word_1_549' title='bbox 3783 3827 3916 3907; x_wconf 82' lang='lat' dir='ltr'><strong>post</strong></span> 
     </span>
     <span class='ocr_line' id='line_1_96' title="bbox 2339 3902 3914 3991; baseline 0.003 -23"><span class='ocrx_word' id='word_1_550' title='bbox 2339 3903 2680 3970; x_wconf 88' lang='lat' dir='ltr'><strong>meridiem</strong></span> <span class='ocrx_word' id='word_1_551' title='bbox 2724 3902 2866 3970; x_wconf 82' lang='lat' dir='ltr'><strong>finis</strong></span> <span class='ocrx_word' id='word_1_552' title='bbox 2913 3902 3295 3991; x_wconf 89' lang='lat' dir='ltr'><strong>imponatur.</strong></span> <span class='ocrx_word' id='word_1_553' title='bbox 3346 3907 3460 3972; x_wconf 86' lang='lat' dir='ltr'><strong>Die</strong></span> <span class='ocrx_word' id='word_1_554' title='bbox 3509 3925 3581 3972; x_wconf 91' lang='lat' dir='ltr'><strong>us</strong></span> <span class='ocrx_word' id='word_1_555' title='bbox 3614 3922 3775 3971; x_wconf 88' lang='lat' dir='ltr'><strong>vero</strong></span> <span class='ocrx_word' id='word_1_556' title='bbox 3808 3910 3914 3973; x_wconf 84' lang='lat' dir='ltr'><strong>Do·</strong></span> 
     </span>
     <span class='ocr_line' id='line_1_97' title="bbox 2339 3990 3912 4080; baseline 0.002 -25"><span class='ocrx_word' id='word_1_557' title='bbox 2339 3990 2624 4075; x_wconf 78' lang='lat' dir='ltr'><strong>minicia,</strong></span> <span class='ocrx_word' id='word_1_558' title='bbox 2680 3991 2946 4058; x_wconf 88' lang='lat' dir='ltr'><strong>Festivis</strong></span> <span class='ocrx_word' id='word_1_559' title='bbox 3012 4005 3077 4058; x_wconf 90' lang='lat' dir='ltr'><strong>et</strong></span> <span class='ocrx_word' id='word_1_560' title='bbox 3130 4011 3395 4080; x_wconf 88' lang='lat' dir='ltr'><strong>magnae</strong></span> <span class='ocrx_word' id='word_1_561' title='bbox 3462 3993 3912 4073; x_wconf 88' lang='lat' dir='ltr'><strong>solemnitatis,</strong></span> 
     </span>
     <span class='ocr_line' id='line_1_98' title="bbox 2336 4079 3918 4148; baseline 0.003 -5"><span class='ocrx_word' id='word_1_562' title='bbox 2336 4079 2511 4143; x_wconf 91' lang='lat' dir='ltr'><strong>statis</strong></span> <span class='ocrx_word' id='word_1_563' title='bbox 2559 4080 2733 4145; x_wconf 90' lang='lat' dir='ltr'><strong>horis</strong></span> <span class='ocrx_word' id='word_1_564' title='bbox 2769 4081 2852 4146; x_wconf 91' lang='lat' dir='ltr'><strong>de</strong></span> <span class='ocrx_word' id='word_1_565' title='bbox 2883 4097 3063 4146; x_wconf 90' lang='lat' dir='ltr'><strong>more</strong></span> <span class='ocrx_word' id='word_1_566' title='bbox 3095 4081 3333 4148; x_wconf 88' lang='lat' dir='ltr'><strong>Divinis</strong></span> <span class='ocrx_word' id='word_1_567' title='bbox 3365 4081 3427 4147; x_wconf 92' lang='lat' dir='ltr'><strong>in</strong></span> <span class='ocrx_word' id='word_1_568' title='bbox 3458 4082 3671 4148; x_wconf 85' lang='lat' dir='ltr'><strong>Choro</strong></span> <span class='ocrx_word' id='word_1_569' title='bbox 3701 4101 3918 4148; x_wconf 86' lang='lat' dir='ltr'><strong>vacan-</strong></span> 
     </span>
     <span class='ocr_line' id='line_1_99' title="bbox 2339 4165 3913 4253; baseline 0.001 -22"><span class='ocrx_word' id='word_1_570' title='bbox 2339 4165 2496 4232; x_wconf 88' lang='lat' dir='ltr'><strong>dum</strong></span> <span class='ocrx_word' id='word_1_571' title='bbox 2542 4167 2679 4233; x_wconf 85' lang='lat' dir='ltr'><strong>fore</strong></span> <span class='ocrx_word' id='word_1_572' title='bbox 2712 4168 3086 4234; x_wconf 58' lang='lat' dir='ltr'><strong>decrevit).</strong></span> <span class='ocrx_word' id='word_1_573' title='bbox 3121 4170 3643 4253; x_wconf 83' lang='lat' dir='ltr'><strong>Quibuscumque</strong></span> <span class='ocrx_word' id='word_1_574' title='bbox 3678 4169 3744 4234; x_wconf 87' lang='lat' dir='ltr'><strong>in</strong></span> <span class='ocrx_word' id='word_1_575' title='bbox 3777 4186 3913 4234; x_wconf 88' lang='lat' dir='ltr'><strong>con·</strong></span> 
     </span>
     <span class='ocr_line' id='line_1_100' title="bbox 2342 4255 3910 4323; baseline -0.001 -5"><span class='ocrx_word' id='word_1_576' title='bbox 2342 4255 2603 4321; x_wconf 88' lang='lat' dir='ltr'><strong>trarinm</strong></span> <span class='ocrx_word' id='word_1_577' title='bbox 2651 4275 2779 4322; x_wconf 93' lang='lat' dir='ltr'><strong>non</strong></span> <span class='ocrx_word' id='word_1_578' title='bbox 2825 4255 3239 4323; x_wconf 89' lang='lat' dir='ltr'><strong>obstantibus.</strong></span> <span class='ocrx_word' id='word_1_579' title='bbox 3291 4257 3405 4321; x_wconf 89' lang='lat' dir='ltr'><strong>Die</strong></span> <span class='ocrx_word' id='word_1_580' title='bbox 3440 4259 3514 4322; x_wconf 77' lang='lat' dir='ltr'>u</span> <span class='ocrx_word' id='word_1_581' title='bbox 3549 4255 3688 4321; x_wconf 86' lang='lat' dir='ltr'><strong>Iulii</strong></span> <span class='ocrx_word' id='word_1_582' title='bbox 3729 4258 3910 4323; x_wconf 76' lang='lat'><strong>1820.</strong></span> 
     </span>
    </p>
   </div>
   <div class='ocr_carea' id='block_1_11' title="bbox 2347 4394 3913 4730">
    <p class='ocr_par' dir='ltr' id='par_1_19' title="bbox 2347 4394 3913 4730">
     <span class='ocr_line' id='line_1_101' title="bbox 2347 4394 3913 4480; baseline -0.001 -17"><span class='ocrx_word' id='word_1_583' title='bbox 2347 4395 2613 4465; x_wconf 83' lang='lat'><strong>2605.</strong></span> <span class='ocrx_word' id='word_1_584' title='bbox 2694 4401 2796 4463; x_wconf 74' lang='lat' dir='ltr'><strong>ns</strong></span> <span class='ocrx_word' id='word_1_585' title='bbox 2843 4400 3179 4464; x_wconf 66' lang='lat' dir='ltr'><strong>{stn‘ro</strong></span> <span class='ocrx_word' id='word_1_586' title='bbox 3224 4398 3571 4465; x_wconf 65' lang='lat' dir='ltr'><strong>conpone</strong></span> <span class='ocrx_word' id='word_1_587' title='bbox 3697 4394 3913 4480; x_wconf 71' lang='lat' dir='ltr'><strong>(taes)</strong></span> 
     </span>
     <span class='ocr_line' id='line_1_102' title="bbox 2883 4488 3385 4554; baseline -0.008 -1"><span class='ocrx_word' id='word_1_588' title='bbox 2883 4488 2952 4553; x_wconf 82' lang='lat' dir='ltr'><strong>s,</strong></span> <span class='ocrx_word' id='word_1_589' title='bbox 2987 4488 3385 4554; x_wconf 73' lang='lat' dir='ltr'><strong>FRAthsci</strong></span> 
     </span>
     <span class='ocr_line' id='line_1_103' title="bbox 2777 4567 3490 4648; baseline -0.003 -8"><span class='ocrx_word' id='word_1_590' title='bbox 2777 4577 3143 4641; x_wconf 72' lang='lat' dir='ltr'><strong>nmvssnsi</strong></span> <span class='ocrx_word' id='word_1_591' title='bbox 3188 4567 3490 4648; x_wconf 56' lang='lat' dir='ltr'><strong>ouantis</strong></span> 
     </span>
     <span class='ocr_line' id='line_1_104' title="bbox 2474 4662 3798 4730; baseline -0.001 -4"><span class='ocrx_word' id='word_1_592' title='bbox 2474 4664 2842 4730; x_wconf 69' lang='lat' dir='ltr'><strong>ramnum</strong></span> <span class='ocrx_word' id='word_1_593' title='bbox 2889 4665 3239 4729; x_wconf 67' lang='lat' dir='ltr'><strong>armenum</strong></span> <span class='ocrx_word' id='word_1_594' title='bbox 3288 4662 3798 4727; x_wconf 67' lang='lat' dir='ltr'><strong>rummeins.</strong></span> 
     </span>
    </p>
   </div>
   <div class='ocr_carea' id='block_1_12' title="bbox 2597 4804 3673 4978">
    <p class='ocr_par' dir='ltr' id='par_1_20' title="bbox 2597 4804 3673 4978">
     <span class='ocr_line' id='line_1_105' title="bbox 2861 4804 3425 4871; baseline -0.005 0"><span class='ocrx_word' id='word_1_595' title='bbox 2861 4804 3030 4871; x_wconf 84' lang='lat' dir='ltr'><strong>Pms</strong></span> <span class='ocrx_word' id='word_1_596' title='bbox 3076 4804 3268 4869; x_wconf 77' lang='lat' dir='ltr'><strong>PAPA</strong></span> <span class='ocrx_word' id='word_1_597' title='bbox 3322 4806 3425 4870; x_wconf 80' lang='lat' dir='ltr'><strong>Vn</strong></span> 
     </span>
     <span class='ocr_line' id='line_1_106' title="bbox 2597 4927 3673 4978; baseline -0.001 -3"><span class='ocrx_word' id='word_1_598' title='bbox 2597 4929 2684 4975; x_wconf 70' lang='lat' dir='ltr'><strong>An</strong></span> <span class='ocrx_word' id='word_1_599' title='bbox 2732 4929 3107 4978; x_wconf 63' lang='lat' dir='ltr'><strong>»surarum</strong></span> <span class='ocrx_word' id='word_1_600' title='bbox 3161 4928 3264 4975; x_wconf 77' lang='lat' dir='ltr'><strong>nm</strong></span> <span class='ocrx_word' id='word_1_601' title='bbox 3313 4927 3673 4974; x_wconf 62' lang='lat' dir='ltr'><strong>usnemu.</strong></span> 
     </span>
    </p>
   </div>
   <div class='ocr_carea' id='block_1_13' title="bbox 2350 5049 3908 5205">
    <p class='ocr_par' dir='ltr' id='par_1_21' title="bbox 2350 5049 3908 5205">
     <span class='ocr_line' id='line_1_107' title="bbox 2479 5049 3908 5133; baseline -0.006 -16"><span class='ocrx_word' id='word_1_602' title='bbox 2479 5052 2894 5118; x_wconf 83' lang='lat' dir='ltr'><strong>Assisiensem</strong></span> <span class='ocrx_word' id='word_1_603' title='bbox 2971 5049 3342 5132; x_wconf 86' lang='lat' dir='ltr'><strong>Basilicam,</strong></span> <span class='ocrx_word' id='word_1_604' title='bbox 3426 5065 3614 5133; x_wconf 87' lang='lat' dir='ltr'><strong>quam</strong></span> <span class='ocrx_word' id='word_1_605' title='bbox 3689 5050 3908 5132; x_wconf 85' lang='lat' dir='ltr'><strong>Grego-</strong></span> 
     </span>
     <span class='ocr_line' id='line_1_108' title="bbox 2350 5135 3907 5205; baseline -0.001 -5"><span class='ocrx_word' id='word_1_606' title='bbox 2350 5136 2479 5202; x_wconf 86' lang='lat' dir='ltr'><strong>rius</strong></span> <span class='ocrx_word' id='word_1_607' title='bbox 2527 5142 2606 5204; x_wconf 77' lang='lat' dir='ltr'><strong>tx</strong></span> <span class='ocrx_word' id='word_1_608' title='bbox 2651 5139 2733 5203; x_wconf 92' lang='lat' dir='ltr'><strong>ob</strong></span> <span class='ocrx_word' id='word_1_609' title='bbox 2779 5142 2848 5205; x_wconf 91' lang='lat' dir='ltr'><strong>S.</strong></span> <span class='ocrx_word' id='word_1_610' title='bbox 2880 5139 3283 5204; x_wconf 74' lang='lat' dir='ltr'><strong>FRANclscl</strong></span> <span class='ocrx_word' id='word_1_611' title='bbox 3343 5135 3774 5201; x_wconf 76' lang='lat' dir='ltr'><strong>Minoritarum</strong></span> <span class='ocrx_word' id='word_1_612' title='bbox 3819 5139 3907 5199; x_wconf 79' lang='lat' dir='ltr'><strong>Pa-</strong></span> 
     </span>
    </p>
   </div>
  </div>
 </body>
</html>
