<?xml version="1.0" encoding="UTF-8"?>
<!DOCTYPE html PUBLIC "-//W3C//DTD XHTML 1.0 Transitional//EN"
    "http://www.w3.org/TR/xhtml1/DTD/xhtml1-transitional.dtd">
<html xmlns="http://www.w3.org/1999/xhtml" xml:lang="en" lang="en">
 <head>
  <title>
</title>
<meta http-equiv="Content-Type" content="text/html;charset=utf-8" />
  <meta name='ocr-system' content='tesseract 3.04.00' />
  <meta name='ocr-capabilities' content='ocr_page ocr_carea ocr_par ocr_line ocrx_word'/>
</head>
<body>
  <div class='ocr_page' id='page_1' title='image "./decretaauthenti00ritugoog_0326.png"; bbox 0 0 4042 5950; ppageno 0'>
   <div class='ocr_carea' id='block_1_1' title="bbox 2078 288 2554 370">
    <p class='ocr_par' dir='ltr' id='par_1_1' title="bbox 2078 288 2554 370">
     <span class='ocr_line' id='line_1_1' title="bbox 2078 288 2554 370; baseline -0.004 -19"><span class='ocrx_word' id='word_1_1' title='bbox 2078 288 2554 370; x_wconf 77' lang='lat'>-278-</span> 
     </span>
    </p>
   </div>
   <div class='ocr_carea' id='block_1_2' title="bbox 674 445 3908 712">
    <p class='ocr_par' dir='ltr' id='par_1_2' title="bbox 674 445 3908 712">
     <span class='ocr_line' id='line_1_2' title="bbox 674 445 3907 540; baseline -0.001 -19"><span class='ocrx_word' id='word_1_2' title='bbox 674 451 910 521; x_wconf 91' lang='lat' dir='ltr'><strong>mirum</strong></span> <span class='ocrx_word' id='word_1_3' title='bbox 942 469 1060 540; x_wconf 90' lang='lat' dir='ltr'><strong>per</strong></span> <span class='ocrx_word' id='word_1_4' title='bbox 1087 469 1201 517; x_wconf 88' lang='lat' dir='ltr'><strong>sex</strong></span> <span class='ocrx_word' id='word_1_5' title='bbox 1234 449 1601 516; x_wconf 81' lang='lat' dir='ltr'><strong>enunciatos</strong></span> <span class='ocrx_word' id='word_1_6' title='bbox 1636 467 1913 533; x_wconf 87' lang='lat' dir='ltr'><strong>menses,</strong></span> <span class='ocrx_word' id='word_1_7' title='bbox 1946 447 2120 516; x_wconf 89' lang='lat' dir='ltr'><strong>nulla</strong></span> <span class='ocrx_word' id='word_1_8' title='bbox 2152 446 2255 513; x_wconf 82' lang='lat' dir='ltr'><strong>vel</strong></span> <span class='ocrx_word' id='word_1_9' title='bbox 2354 446 2649 515; x_wconf 88' lang='lat' dir='ltr'><strong>dissimus</strong></span> <span class='ocrx_word' id='word_1_10' title='bbox 2700 446 2981 517; x_wconf 85' lang='lat' dir='ltr'><strong>Oriolen.</strong></span> <span class='ocrx_word' id='word_1_11' title='bbox 3048 448 3399 535; x_wconf 78' lang='lat' dir='ltr'><strong>Episcopus</strong></span> <span class='ocrx_word' id='word_1_12' title='bbox 3453 445 3769 535; x_wconf 80' lang='lat' dir='ltr'>superiori</span> <span class='ocrx_word' id='word_1_13' title='bbox 3824 466 3907 517; x_wconf 84' lang='lat' dir='ltr'><strong>an-</strong></span> 
     </span>
     <span class='ocr_line' id='line_1_3' title="bbox 674 534 3908 623; baseline -0.002 -14"><span class='ocrx_word' id='word_1_14' title='bbox 674 540 930 609; x_wconf 91' lang='lat' dir='ltr'><strong>minima</strong></span> <span class='ocrx_word' id='word_1_15' title='bbox 978 538 1236 605; x_wconf 90' lang='lat' dir='ltr'><strong>omniuo</strong></span> <span class='ocrx_word' id='word_1_16' title='bbox 1283 536 1390 604; x_wconf 83' lang='lat' dir='ltr'><strong>fiat</strong></span> <span class='ocrx_word' id='word_1_17' title='bbox 1425 536 1681 603; x_wconf 74' lang='lat' dir='ltr'><strong>variatio</strong></span> <span class='ocrx_word' id='word_1_18' title='bbox 1711 537 1920 623; x_wconf 89' lang='lat' dir='ltr'><strong>quoad</strong></span> <span class='ocrx_word' id='word_1_19' title='bbox 1952 534 2261 603; x_wconf 90' lang='lat' dir='ltr'><strong>Praeben-</strong></span> <span class='ocrx_word' id='word_1_20' title='bbox 2354 553 2438 603; x_wconf 88' lang='lat' dir='ltr'><strong>no</strong></span> <span class='ocrx_word' id='word_1_21' title='bbox 2490 539 2656 604; x_wconf 81' lang='grc'><strong>1836</strong></span> <span class='ocrx_word' id='word_1_22' title='bbox 2701 537 2853 603; x_wconf 86' lang='lat' dir='ltr'><strong>Olea</strong></span> <span class='ocrx_word' id='word_1_23' title='bbox 2895 556 3069 603; x_wconf 90' lang='lat' dir='ltr'><strong>sacra</strong></span> <span class='ocrx_word' id='word_1_24' title='bbox 3115 535 3293 603; x_wconf 84' lang='lat' dir='ltr'><strong>Feria</strong></span> <span class='ocrx_word' id='word_1_25' title='bbox 3339 538 3393 603; x_wconf 78' lang='lat' dir='ltr'><strong>V</strong></span> <span class='ocrx_word' id='word_1_26' title='bbox 3438 535 3501 602; x_wconf 90' lang='lat' dir='ltr'><strong>in</strong></span> <span class='ocrx_word' id='word_1_27' title='bbox 3566 538 3769 604; x_wconf 91' lang='lat' dir='ltr'><strong>coena</strong></span> <span class='ocrx_word' id='word_1_28' title='bbox 3810 540 3908 604; x_wconf 81' lang='lat' dir='ltr'><strong>Do·</strong></span> 
     </span>
     <span class='ocr_line' id='line_1_4' title="bbox 676 623 3906 712; baseline -0.002 -15"><span class='ocrx_word' id='word_1_29' title='bbox 676 630 785 697; x_wconf 89' lang='lat' dir='ltr'><strong>das</strong></span> <span class='ocrx_word' id='word_1_30' title='bbox 816 637 883 693; x_wconf 90' lang='lat' dir='ltr'><strong>et</strong></span> <span class='ocrx_word' id='word_1_31' title='bbox 913 631 1358 694; x_wconf 80' lang='lat' dir='ltr'><strong>Punctaturas:</strong></span> <span class='ocrx_word' id='word_1_32' title='bbox 1397 625 1546 691; x_wconf 86' lang='lat' dir='ltr'><strong>satis</strong></span> <span class='ocrx_word' id='word_1_33' title='bbox 1577 624 1748 691; x_wconf 90' lang='lat' dir='ltr'><strong>enim</strong></span> <span class='ocrx_word' id='word_1_34' title='bbox 1782 623 2073 692; x_wconf 87' lang='lat' dir='ltr'><strong>obeunda</strong></span> <span class='ocrx_word' id='word_1_35' title='bbox 2108 635 2257 689; x_wconf 89' lang='lat' dir='ltr'><strong>tunc</strong></span> <span class='ocrx_word' id='word_1_36' title='bbox 2357 624 2511 691; x_wconf 91' lang='lat' dir='ltr'><strong>mini</strong></span> <span class='ocrx_word' id='word_1_37' title='bbox 2559 642 2932 691; x_wconf 87' lang='lat' dir='ltr'><strong>consecrare</strong></span> <span class='ocrx_word' id='word_1_38' title='bbox 2979 623 3344 710; x_wconf 84' lang='lat' dir='ltr'><strong>nequiverit</strong></span> <span class='ocrx_word' id='word_1_39' title='bbox 3383 643 3496 712; x_wconf 90' lang='lat' dir='ltr'><strong>pro</strong></span> <span class='ocrx_word' id='word_1_40' title='bbox 3528 624 3792 691; x_wconf 79' lang='lat' dir='ltr'><strong>solemni</strong></span> <span class='ocrx_word' id='word_1_41' title='bbox 3823 624 3906 691; x_wconf 84' lang='lat' dir='ltr'><strong>be·</strong></span> 
     </span>
    </p>
   </div>
   <div class='ocr_carea' id='block_1_3' title="bbox 674 712 2263 1311">
    <p class='ocr_par' dir='ltr' id='par_1_3' title="bbox 674 712 2257 871">
     <span class='ocr_line' id='line_1_5' title="bbox 679 712 2257 805; baseline -0.004 -22"><span class='ocrx_word' id='word_1_42' title='bbox 679 714 985 805; x_wconf 90' lang='lat' dir='ltr'><strong>temporis</strong></span> <span class='ocrx_word' id='word_1_43' title='bbox 1029 714 1432 782; x_wconf 89' lang='lat' dir='ltr'><strong>incommoda</strong></span> <span class='ocrx_word' id='word_1_44' title='bbox 1475 712 1778 803; x_wconf 90' lang='lat' dir='ltr'><strong>supplent</strong></span> <span class='ocrx_word' id='word_1_45' title='bbox 1821 712 2091 779; x_wconf 81' lang='lat' dir='ltr'><strong>choralis</strong></span> <span class='ocrx_word' id='word_1_46' title='bbox 2126 729 2257 777; x_wconf 89' lang='lat' dir='ltr'><strong>ser-</strong></span> 
     </span>
     <span class='ocr_line' id='line_1_6' title="bbox 674 802 1384 871; baseline -0.004 -1"><span class='ocrx_word' id='word_1_47' title='bbox 674 803 811 871; x_wconf 81' lang='lat' dir='ltr'><strong>vitii</strong></span> <span class='ocrx_word' id='word_1_48' title='bbox 857 802 1384 870; x_wconf 81' lang='lat' dir='ltr'><strong>imminutioni».</strong></span> 
     </span>
    </p>

    <p class='ocr_par' dir='ltr' id='par_1_4' title="bbox 675 889 2263 1310">
     <span class='ocr_line' id='line_1_7' title="bbox 805 889 2261 978; baseline -0.004 -20"><span class='ocrx_word' id='word_1_49' title='bbox 805 895 1017 978; x_wconf 85' lang='lat' dir='ltr'><strong>Atque</strong></span> <span class='ocrx_word' id='word_1_50' title='bbox 1077 889 1161 956; x_wconf 91' lang='lat' dir='ltr'><strong>ita</strong></span> <span class='ocrx_word' id='word_1_51' title='bbox 1223 890 1725 977; x_wconf 78' lang='lat' dir='ltr'><strong>rescripserunt,</strong></span> <span class='ocrx_word' id='word_1_52' title='bbox 1781 897 2130 957; x_wconf 85' lang='lat' dir='ltr'><strong>sanxerunt</strong></span> <span class='ocrx_word' id='word_1_53' title='bbox 2190 906 2261 953; x_wconf 88' lang='lat' dir='ltr'><strong>ac</strong></span> 
     </span>
     <span class='ocr_line' id='line_1_8' title="bbox 676 974 2263 1068; baseline -0.005 -21"><span class='ocrx_word' id='word_1_54' title='bbox 676 978 1184 1068; x_wconf 87' lang='lat' dir='ltr'><strong>quibuscumque</strong></span> <span class='ocrx_word' id='word_1_55' title='bbox 1232 978 1298 1044; x_wconf 90' lang='lat' dir='ltr'><strong>in</strong></span> <span class='ocrx_word' id='word_1_56' title='bbox 1344 977 1726 1045; x_wconf 89' lang='lat' dir='ltr'><strong>contrarium</strong></span> <span class='ocrx_word' id='word_1_57' title='bbox 1773 974 2263 1066; x_wconf 79' lang='lat' dir='ltr'><strong>disponentibus</strong></span> 
     </span>
     <span class='ocr_line' id='line_1_9' title="bbox 677 1062 2259 1153; baseline -0.003 -18"><span class='ocrx_word' id='word_1_58' title='bbox 677 1067 941 1136; x_wconf 90' lang='lat' dir='ltr'><strong>minime</strong></span> <span class='ocrx_word' id='word_1_59' title='bbox 1003 1065 1431 1148; x_wconf 83' lang='lat' dir='ltr'><strong>obstantibus,</strong></span> <span class='ocrx_word' id='word_1_60' title='bbox 1494 1065 1557 1131; x_wconf 91' lang='lat' dir='ltr'><strong>in</strong></span> <span class='ocrx_word' id='word_1_61' title='bbox 1614 1075 1943 1153; x_wconf 90' lang='lat' dir='ltr'><strong>posterum</strong></span> <span class='ocrx_word' id='word_1_62' title='bbox 1988 1062 2259 1130; x_wconf 86' lang='lat' dir='ltr'><strong>strictim</strong></span> 
     </span>
     <span class='ocr_line' id='line_1_10' title="bbox 675 1153 2261 1310; baseline -0.004 -87"><span class='ocrx_word' id='word_1_63' title='bbox 675 1156 1060 1310; x_wconf 56' lang='lat' dir='ltr'><strong>{errandum</strong></span> <span class='ocrx_word' id='word_1_64' title='bbox 1089 1174 1228 1221; x_wconf 89' lang='lat' dir='ltr'><strong>esse</strong></span> <span class='ocrx_word' id='word_1_65' title='bbox 1261 1153 1662 1221; x_wconf 89' lang='lat' dir='ltr'><strong>mandarunt.</strong></span> <span class='ocrx_word' id='word_1_66' title='bbox 1706 1154 1816 1221; x_wconf 90' lang='lat' dir='ltr'><strong>Die</strong></span> <span class='ocrx_word' id='word_1_67' title='bbox 1850 1158 1933 1222; x_wconf 98' lang='grc'><strong>23</strong></span> <span class='ocrx_word' id='word_1_68' title='bbox 1966 1156 2261 1241; x_wconf 88' lang='lat' dir='ltr'><strong>Septem-</strong></span> 
     </span>
    </p>

    <p class='ocr_par' dir='ltr' id='par_1_5' title="bbox 721 1244 1037 1311">
     <span class='ocr_line' id='line_1_11' title="bbox 721 1244 1037 1311; baseline -0.009 0"><span class='ocrx_word' id='word_1_69' title='bbox 721 1244 810 1311; x_wconf 88' lang='lat' dir='ltr'><strong>ris</strong></span> <span class='ocrx_word' id='word_1_70' title='bbox 846 1246 1037 1311; x_wconf 83' lang='lat'><strong>1837.</strong></span> 
     </span>
    </p>
   </div>
   <div class='ocr_carea' id='block_1_4' title="bbox 679 1379 2260 1468">
    <p class='ocr_par' dir='ltr' id='par_1_6' title="bbox 679 1379 2260 1468">
     <span class='ocr_line' id='line_1_12' title="bbox 679 1379 2260 1468; baseline -0.004 -13"><span class='ocrx_word' id='word_1_71' title='bbox 679 1386 911 1457; x_wconf 77' lang='lat'><strong>2⁷⁷1.</strong></span> <span class='ocrx_word' id='word_1_72' title='bbox 1283 1383 1653 1449; x_wconf 70' lang='grc' dir='ltr'><strong>ΜΕιιτΕΝ.</strong></span> <span class='ocrx_word' id='word_1_73' title='bbox 2031 1379 2260 1468; x_wconf 63' lang='lat' dir='ltr'><strong>(asts)</strong></span> 
     </span>
    </p>
   </div>
   <div class='ocr_carea' id='block_1_5' title="bbox 668 1505 2263 3337">
    <p class='ocr_par' dir='ltr' id='par_1_7' title="bbox 668 1505 2263 2387">
     <span class='ocr_line' id='line_1_13' title="bbox 806 1505 2258 1593; baseline -0.003 -16"><span class='ocrx_word' id='word_1_74' title='bbox 806 1513 1016 1590; x_wconf 83' lang='lat' dir='ltr'><strong>Quum</strong></span> <span class='ocrx_word' id='word_1_75' title='bbox 1059 1508 1139 1574; x_wconf 90' lang='lat' dir='ltr'><strong>sit</strong></span> <span class='ocrx_word' id='word_1_76' title='bbox 1184 1507 1250 1575; x_wconf 92' lang='lat' dir='ltr'><strong>in</strong></span> <span class='ocrx_word' id='word_1_77' title='bbox 1297 1505 1457 1574; x_wconf 85' lang='lat' dir='ltr'><strong>votis</strong></span> <span class='ocrx_word' id='word_1_78' title='bbox 1503 1506 1947 1574; x_wconf 81' lang='lat' dir='ltr'><strong>Sacerdotibus</strong></span> <span class='ocrx_word' id='word_1_79' title='bbox 1977 1509 2258 1593; x_wconf 87' lang='lat' dir='ltr'><strong>congre-</strong></span> 
     </span>
     <span class='ocr_line' id='line_1_14' title="bbox 677 1594 2263 1696; baseline -0.004 -30"><span class='ocrx_word' id='word_1_80' title='bbox 677 1597 944 1688; x_wconf 86' lang='lat' dir='ltr'><strong>gationis</strong></span> <span class='ocrx_word' id='word_1_81' title='bbox 992 1608 1244 1663; x_wconf 85' lang='lat' dir='ltr'><strong>erectae</strong></span> <span class='ocrx_word' id='word_1_82' title='bbox 1273 1594 1339 1661; x_wconf 90' lang='lat' dir='ltr'><strong>in</strong></span> <span class='ocrx_word' id='word_1_83' title='bbox 1368 1594 1650 1661; x_wconf 84' lang='lat' dir='ltr'><strong>Ecclesia</strong></span> <span class='ocrx_word' id='word_1_84' title='bbox 1681 1595 2028 1696; x_wconf 73' lang='lat' dir='ltr'><strong>collegiata</strong></span> <span class='ocrx_word' id='word_1_85' title='bbox 2063 1608 2127 1660; x_wconf 90' lang='lat' dir='ltr'><strong>et</strong></span> <span class='ocrx_word' id='word_1_86' title='bbox 2157 1614 2263 1682; x_wconf 88' lang='lat' dir='ltr'><strong>pa·</strong></span> 
     </span>
     <span class='ocr_line' id='line_1_15' title="bbox 679 1682 2259 1769; baseline -0.001 -17"><span class='ocrx_word' id='word_1_87' title='bbox 679 1685 935 1753; x_wconf 86' lang='lat' dir='ltr'><strong>rochiali</strong></span> <span class='ocrx_word' id='word_1_88' title='bbox 984 1683 1265 1752; x_wconf 80' lang='lat' dir='ltr'><strong>civitatis</strong></span> <span class='ocrx_word' id='word_1_89' title='bbox 1310 1683 1700 1769; x_wconf 81' lang='lat' dir='ltr'><strong>conspicuae</strong></span> <span class='ocrx_word' id='word_1_90' title='bbox 1746 1682 2032 1750; x_wconf 78' lang='lat' dir='ltr'><strong>Meliten.</strong></span> <span class='ocrx_word' id='word_1_91' title='bbox 2075 1682 2259 1750; x_wconf 89' lang='lat' dir='ltr'><strong>Dioe-</strong></span> 
     </span>
     <span class='ocr_line' id='line_1_16' title="bbox 677 1770 2260 1859; baseline -0.004 -16"><span class='ocrx_word' id='word_1_92' title='bbox 677 1773 834 1843; x_wconf 86' lang='lat' dir='ltr'><strong>cesis</strong></span> <span class='ocrx_word' id='word_1_93' title='bbox 883 1792 954 1838; x_wconf 88' lang='lat' dir='ltr'><strong>ea</strong></span> <span class='ocrx_word' id='word_1_94' title='bbox 1001 1791 1123 1857; x_wconf 87' lang='lat' dir='ltr'><strong>qua</strong></span> <span class='ocrx_word' id='word_1_95' title='bbox 1167 1791 1278 1859; x_wconf 86' lang='lat' dir='ltr'><strong>par</strong></span> <span class='ocrx_word' id='word_1_96' title='bbox 1338 1780 1435 1837; x_wconf 90' lang='lat' dir='ltr'><strong>est</strong></span> <span class='ocrx_word' id='word_1_97' title='bbox 1485 1770 1827 1838; x_wconf 86' lang='lat' dir='ltr'><strong>sedulitate</strong></span> <span class='ocrx_word' id='word_1_98' title='bbox 1885 1771 2113 1838; x_wconf 81' lang='lat' dir='ltr'><strong>fideles</strong></span> <span class='ocrx_word' id='word_1_99' title='bbox 2157 1789 2260 1837; x_wconf 91' lang='lat' dir='ltr'><strong>co-</strong></span> 
     </span>
     <span class='ocr_line' id='line_1_17' title="bbox 676 1857 2257 1945; baseline -0.002 -17"><span class='ocrx_word' id='word_1_100' title='bbox 676 1861 1004 1945; x_wconf 85' lang='lat' dir='ltr'><strong>adiuvare,</strong></span> <span class='ocrx_word' id='word_1_101' title='bbox 1054 1860 1209 1927; x_wconf 91' lang='lat' dir='ltr'><strong>dum</strong></span> <span class='ocrx_word' id='word_1_102' title='bbox 1253 1859 1360 1926; x_wconf 77' lang='lat' dir='ltr'><strong>vel</strong></span> <span class='ocrx_word' id='word_1_103' title='bbox 1415 1857 1780 1926; x_wconf 86' lang='lat' dir='ltr'><strong>infirmitate</strong></span> <span class='ocrx_word' id='word_1_104' title='bbox 1828 1860 2113 1927; x_wconf 88' lang='lat' dir='ltr'><strong>laborant</strong></span> <span class='ocrx_word' id='word_1_105' title='bbox 2152 1859 2257 1927; x_wconf 82' lang='lat' dir='ltr'><strong>vel</strong></span> 
     </span>
     <span class='ocr_line' id='line_1_18' title="bbox 674 1946 2255 2037; baseline 0.001 -21"><span class='ocrx_word' id='word_1_106' title='bbox 674 1948 866 2017; x_wconf 88' lang='lat' dir='ltr'><strong>morti</strong></span> <span class='ocrx_word' id='word_1_107' title='bbox 911 1947 1185 2037; x_wconf 84' lang='lat' dir='ltr'><strong>proximi</strong></span> <span class='ocrx_word' id='word_1_108' title='bbox 1231 1947 1669 2035; x_wconf 88' lang='lat' dir='ltr'><strong>reperiuntur,</strong></span> <span class='ocrx_word' id='word_1_109' title='bbox 1720 1949 1946 2014; x_wconf 88' lang='lat' dir='ltr'><strong>Sacrae</strong></span> <span class='ocrx_word' id='word_1_110' title='bbox 1991 1946 2255 2016; x_wconf 83' lang='lat' dir='ltr'><strong>Rituum</strong></span> 
     </span>
     <span class='ocr_line' id='line_1_19' title="bbox 674 2034 2260 2125; baseline -0.004 -19"><span class='ocrx_word' id='word_1_111' title='bbox 674 2035 1164 2125; x_wconf 78' lang='lat' dir='ltr'><strong>congregationi</strong></span> <span class='ocrx_word' id='word_1_112' title='bbox 1222 2034 1581 2102; x_wconf 88' lang='lat' dir='ltr'><strong>humillime</strong></span> <span class='ocrx_word' id='word_1_113' title='bbox 1643 2034 2125 2125; x_wconf 87' lang='lat' dir='ltr'><strong>supplicarunt,</strong></span> <span class='ocrx_word' id='word_1_114' title='bbox 2188 2046 2260 2104; x_wconf 90' lang='lat' dir='ltr'><strong>ut</strong></span> 
     </span>
     <span class='ocr_line' id='line_1_20' title="bbox 676 2121 2256 2209; baseline -0.001 -17"><span class='ocrx_word' id='word_1_115' title='bbox 676 2126 852 2193; x_wconf 91' lang='lat' dir='ltr'><strong>hisce</strong></span> <span class='ocrx_word' id='word_1_116' title='bbox 900 2124 965 2191; x_wconf 89' lang='lat' dir='ltr'><strong>in</strong></span> <span class='ocrx_word' id='word_1_117' title='bbox 1004 2121 1246 2191; x_wconf 87' lang='lat' dir='ltr'><strong>casibus</strong></span> <span class='ocrx_word' id='word_1_118' title='bbox 1276 2123 1343 2190; x_wconf 90' lang='lat' dir='ltr'><strong>in</strong></span> <span class='ocrx_word' id='word_1_119' title='bbox 1371 2122 1548 2190; x_wconf 70' lang='lat' dir='ltr'><strong>Missa</strong></span> <span class='ocrx_word' id='word_1_120' title='bbox 1580 2122 1728 2191; x_wconf 87' lang='lat' dir='ltr'><strong>addi</strong></span> <span class='ocrx_word' id='word_1_121' title='bbox 1757 2123 1960 2209; x_wconf 86' lang='lat' dir='ltr'><strong>possit</strong></span> <span class='ocrx_word' id='word_1_122' title='bbox 1987 2124 2256 2190; x_wconf 86' lang='lat' dir='ltr'><strong>collecta</strong></span> 
     </span>
     <span class='ocr_line' id='line_1_21' title="bbox 668 2210 2260 2300; baseline 0 -21"><span class='ocrx_word' id='word_1_123' title='bbox 668 2233 787 2300; x_wconf 80' lang='lat' dir='ltr'><strong>pro</strong></span> <span class='ocrx_word' id='word_1_124' title='bbox 835 2214 1092 2300; x_wconf 77' lang='lat' dir='ltr'><strong>infirmo</strong></span> <span class='ocrx_word' id='word_1_125' title='bbox 1136 2210 1241 2277; x_wconf 74' lang='lat' dir='ltr'><strong>vel</strong></span> <span class='ocrx_word' id='word_1_126' title='bbox 1290 2214 1489 2278; x_wconf 79' lang='lat' dir='ltr'><strong>morti</strong></span> <span class='ocrx_word' id='word_1_127' title='bbox 1525 2216 1856 2297; x_wconf 73' lang='lat' dir='ltr'><strong>proximo,</strong></span> <span class='ocrx_word' id='word_1_128' title='bbox 1908 2222 2101 2299; x_wconf 90' lang='lat' dir='ltr'><strong>prout</strong></span> <span class='ocrx_word' id='word_1_129' title='bbox 2146 2230 2260 2279; x_wconf 90' lang='lat' dir='ltr'><strong>ne·</strong></span> 
     </span>
     <span class='ocr_line' id='line_1_22' title="bbox 674 2298 1443 2387; baseline -0.001 -20"><span class='ocrx_word' id='word_1_130' title='bbox 674 2300 932 2368; x_wconf 83' lang='lat' dir='ltr'><strong>cessitas</strong></span> <span class='ocrx_word' id='word_1_131' title='bbox 976 2298 1443 2387; x_wconf 78' lang='lat' dir='ltr'><strong>efflagitaverit.</strong></span> 
     </span>
    </p>

    <p class='ocr_par' dir='ltr' id='par_1_8' title="bbox 675 2386 2259 2985">
     <span class='ocr_line' id='line_1_23' title="bbox 807 2386 2255 2457; baseline -0.001 -2"><span class='ocrx_word' id='word_1_132' title='bbox 807 2392 885 2457; x_wconf 86' lang='lat' dir='ltr'><strong>Et</strong></span> <span class='ocrx_word' id='word_1_133' title='bbox 915 2386 1415 2455; x_wconf 84' lang='lat' dir='ltr'><strong>Eminentissimi</strong></span> <span class='ocrx_word' id='word_1_134' title='bbox 1462 2407 1531 2455; x_wconf 88' lang='lat' dir='ltr'><strong>ac</strong></span> <span class='ocrx_word' id='word_1_135' title='bbox 1577 2386 2119 2455; x_wconf 83' lang='lat' dir='ltr'><strong>Reverendissimi</strong></span> <span class='ocrx_word' id='word_1_136' title='bbox 2149 2392 2255 2456; x_wconf 88' lang='lat' dir='ltr'><strong>Pa-</strong></span> 
     </span>
     <span class='ocr_line' id='line_1_24' title="bbox 676 2474 2257 2564; baseline -0.001 -19"><span class='ocrx_word' id='word_1_137' title='bbox 676 2488 807 2545; x_wconf 89' lang='lat' dir='ltr'><strong>tres</strong></span> <span class='ocrx_word' id='word_1_138' title='bbox 853 2474 1056 2543; x_wconf 90' lang='lat' dir='ltr'><strong>Sacris</strong></span> <span class='ocrx_word' id='word_1_139' title='bbox 1100 2475 1357 2542; x_wconf 90' lang='lat' dir='ltr'><strong>tuendis</strong></span> <span class='ocrx_word' id='word_1_140' title='bbox 1402 2475 1647 2543; x_wconf 84' lang='lat' dir='ltr'><strong>Ritibus</strong></span> <span class='ocrx_word' id='word_1_141' title='bbox 1674 2474 2048 2563; x_wconf 90' lang='lat' dir='ltr'><strong>praepositi,</strong></span> <span class='ocrx_word' id='word_1_142' title='bbox 2087 2477 2257 2564; x_wconf 90' lang='lat' dir='ltr'><strong>apud</strong></span> 
     </span>
     <span class='ocr_line' id='line_1_25' title="bbox 676 2562 2259 2665; baseline -0.001 -34"><span class='ocrx_word' id='word_1_143' title='bbox 676 2568 965 2632; x_wconf 88' lang='lat' dir='ltr'><strong>Sanctam</strong></span> <span class='ocrx_word' id='word_1_144' title='bbox 1009 2562 1263 2629; x_wconf 75' lang='lat' dir='ltr'><strong>Mariam</strong></span> <span class='ocrx_word' id='word_1_145' title='bbox 1309 2582 1498 2665; x_wconf 84' lang='lat' dir='ltr'><strong>supra</strong></span> <span class='ocrx_word' id='word_1_146' title='bbox 1543 2563 1914 2648; x_wconf 78' lang='lat' dir='ltr'><strong>Minervam,</strong></span> <span class='ocrx_word' id='word_1_147' title='bbox 1967 2563 2105 2630; x_wconf 87' lang='lat' dir='ltr'><strong>loco</strong></span> <span class='ocrx_word' id='word_1_148' title='bbox 2152 2568 2259 2630; x_wconf 88' lang='lat' dir='ltr'><strong>Pa-</strong></span> 
     </span>
     <span class='ocr_line' id='line_1_26' title="bbox 675 2649 2258 2753; baseline 0 -34"><span class='ocrx_word' id='word_1_149' title='bbox 675 2650 807 2719; x_wconf 87' lang='lat' dir='ltr'><strong>latii</strong></span> <span class='ocrx_word' id='word_1_150' title='bbox 853 2649 1205 2753; x_wconf 86' lang='lat' dir='ltr'><strong>Apostolici</strong></span> <span class='ocrx_word' id='word_1_151' title='bbox 1245 2650 1603 2735; x_wconf 80' lang='lat' dir='ltr'><strong>Quirinalis,</strong></span> <span class='ocrx_word' id='word_1_152' title='bbox 1642 2651 1727 2717; x_wconf 90' lang='lat' dir='ltr'><strong>de</strong></span> <span class='ocrx_word' id='word_1_153' title='bbox 1774 2651 2072 2719; x_wconf 89' lang='lat' dir='ltr'><strong>mandato</strong></span> <span class='ocrx_word' id='word_1_154' title='bbox 2104 2654 2258 2721; x_wconf 88' lang='lat' dir='ltr'><strong>San-</strong></span> 
     </span>
     <span class='ocr_line' id='line_1_27' title="bbox 675 2737 2257 2823; baseline 0.001 -17"><span class='ocrx_word' id='word_1_155' title='bbox 675 2738 935 2806; x_wconf 79' lang='lat' dir='ltr'><strong>ctissimt</strong></span> <span class='ocrx_word' id='word_1_156' title='bbox 981 2737 1311 2806; x_wconf 89' lang='lat' dir='ltr'><strong>coadunati</strong></span> <span class='ocrx_word' id='word_1_157' title='bbox 1343 2738 1410 2804; x_wconf 91' lang='lat' dir='ltr'><strong>in</strong></span> <span class='ocrx_word' id='word_1_158' title='bbox 1438 2738 1780 2806; x_wconf 83' lang='lat' dir='ltr'><strong>ordinariis</strong></span> <span class='ocrx_word' id='word_1_159' title='bbox 1812 2739 2123 2823; x_wconf 90' lang='lat' dir='ltr'><strong>comitiis,</strong></span> <span class='ocrx_word' id='word_1_160' title='bbox 2158 2760 2257 2808; x_wconf 89' lang='lat' dir='ltr'><strong>re-</strong></span> 
     </span>
     <span class='ocr_line' id='line_1_28' title="bbox 675 2825 2257 2916; baseline 0.003 -23"><span class='ocrx_word' id='word_1_161' title='bbox 675 2826 924 2894; x_wconf 83' lang='lat' dir='ltr'><strong>ferente</strong></span> <span class='ocrx_word' id='word_1_162' title='bbox 950 2825 1344 2916; x_wconf 80' lang='lat' dir='ltr'><strong>inlrascripto</strong></span> <span class='ocrx_word' id='word_1_163' title='bbox 1369 2828 1747 2912; x_wconf 89' lang='lat' dir='ltr'><strong>Secretario,</strong></span> <span class='ocrx_word' id='word_1_164' title='bbox 1774 2826 2257 2897; x_wconf 88' lang='lat' dir='ltr'><strong>rescribendum</strong></span> 
     </span>
     <span class='ocr_line' id='line_1_29' title="bbox 677 2924 1101 2985; baseline 0.002 -4"><span class='ocrx_word' id='word_1_165' title='bbox 677 2924 1101 2985; x_wconf 83' lang='lat' dir='ltr'><strong>censuerunt:</strong></span> 
     </span>
    </p>

    <p class='ocr_par' dir='ltr' id='par_1_9' title="bbox 674 3001 2256 3337">
     <span class='ocr_line' id='line_1_30' title="bbox 805 3001 2256 3092; baseline 0.002 -22"><span class='ocrx_word' id='word_1_166' title='bbox 805 3024 844 3070; x_wconf 83' lang='lat'><strong>‹</strong></span> <span class='ocrx_word' id='word_1_167' title='bbox 876 3008 994 3070; x_wconf 87' lang='lat' dir='ltr'><strong>Pro</strong></span> <span class='ocrx_word' id='word_1_168' title='bbox 1039 3001 1286 3092; x_wconf 87' lang='lat' dir='ltr'><strong>gratia;</strong></span> <span class='ocrx_word' id='word_1_169' title='bbox 1334 3022 1561 3070; x_wconf 81' lang='lat' dir='ltr'><strong>verum</strong></span> <span class='ocrx_word' id='word_1_170' title='bbox 1608 3004 1909 3090; x_wconf 83' lang='lat' dir='ltr'><strong>gravibus</strong></span> <span class='ocrx_word' id='word_1_171' title='bbox 1957 3004 2021 3071; x_wconf 88' lang='lat' dir='ltr'><strong>in</strong></span> <span class='ocrx_word' id='word_1_172' title='bbox 2081 3005 2256 3073; x_wconf 84' lang='lat' dir='ltr'><strong>infir·</strong></span> 
     </span>
     <span class='ocr_line' id='line_1_31' title="bbox 674 3090 2254 3176; baseline 0 -15"><span class='ocrx_word' id='word_1_173' title='bbox 674 3090 1022 3176; x_wconf 87' lang='lat' dir='ltr'><strong>mitatibus,</strong></span> <span class='ocrx_word' id='word_1_174' title='bbox 1070 3112 1104 3157; x_wconf 89' lang='lat' dir='ltr'><strong>a</strong></span> <span class='ocrx_word' id='word_1_175' title='bbox 1148 3091 1606 3160; x_wconf 87' lang='lat' dir='ltr'><strong>consodalibus</strong></span> <span class='ocrx_word' id='word_1_176' title='bbox 1639 3102 1884 3161; x_wconf 89' lang='lat' dir='ltr'><strong>tantum</strong></span> <span class='ocrx_word' id='word_1_177' title='bbox 1929 3102 1996 3159; x_wconf 90' lang='lat' dir='ltr'><strong>et</strong></span> <span class='ocrx_word' id='word_1_178' title='bbox 2044 3095 2107 3161; x_wconf 90' lang='lat' dir='ltr'><strong>in</strong></span> <span class='ocrx_word' id='word_1_179' title='bbox 2139 3098 2254 3161; x_wconf 88' lang='lat' dir='ltr'><strong>Ec-</strong></span> 
     </span>
     <span class='ocr_line' id='line_1_32' title="bbox 674 3178 2255 3337; baseline 0.001 -90"><span class='ocrx_word' id='word_1_180' title='bbox 674 3179 866 3337; x_wconf 55' lang='lat' dir='ltr'><strong>sslesia</strong></span> <span class='ocrx_word' id='word_1_181' title='bbox 896 3178 1453 3336; x_wconf 55' lang='lat' dir='ltr'><strong>8ggngregationis</strong></span> <span class='ocrx_word' id='word_1_182' title='bbox 1502 3202 1565 3246; x_wconf 78' lang='lat'><strong>».</strong></span> <span class='ocrx_word' id='word_1_183' title='bbox 1637 3180 1752 3247; x_wconf 86' lang='lat' dir='ltr'><strong>Die</strong></span> <span class='ocrx_word' id='word_1_184' title='bbox 1815 3184 1897 3248; x_wconf 87' lang='grc'><strong>23</strong></span> <span class='ocrx_word' id='word_1_185' title='bbox 1962 3184 2255 3270; x_wconf 91' lang='lat' dir='ltr'><strong>Septem-</strong></span> 
     </span>
    </p>

    <p class='ocr_par' dir='ltr' id='par_1_10' title="bbox 718 3270 1050 3336">
     <span class='ocr_line' id='line_1_33' title="bbox 718 3270 1050 3336; baseline -0.003 0"><span class='ocrx_word' id='word_1_186' title='bbox 718 3270 804 3336; x_wconf 87' lang='lat' dir='ltr'><strong>ris</strong></span> <span class='ocrx_word' id='word_1_187' title='bbox 857 3273 887 3334; x_wconf 82' lang='lat'><strong>1</strong></span> <span class='ocrx_word' id='word_1_188' title='bbox 1034 3316 1050 3335; x_wconf 89' lang='lat'><strong>.</strong></span> 
     </span>
    </p>
   </div>
   <div class='ocr_carea' id='block_1_6' title="bbox 678 3407 921 3479">
    <p class='ocr_par' dir='ltr' id='par_1_11' title="bbox 678 3407 921 3479">
     <span class='ocr_line' id='line_1_34' title="bbox 678 3407 921 3479; baseline -0.012 0"><span class='ocrx_word' id='word_1_189' title='bbox 678 3407 921 3479; x_wconf 76' lang='lat'><strong>2⁷⁷2.</strong></span> 
     </span>
    </p>
   </div>
   <div class='ocr_carea' id='block_1_7' title="bbox 665 3529 2259 5119">
    <p class='ocr_par' dir='ltr' id='par_1_12' title="bbox 669 3529 2259 4498">
     <span class='ocr_line' id='line_1_35' title="bbox 805 3529 2255 3620; baseline 0.006 -24"><span class='ocrx_word' id='word_1_190' title='bbox 805 3529 1153 3619; x_wconf 83' lang='lat' dir='ltr'><strong>Episcopus</strong></span> <span class='ocrx_word' id='word_1_191' title='bbox 1176 3531 1614 3598; x_wconf 81' lang='lat' dir='ltr'><strong>Nemausensis</strong></span> <span class='ocrx_word' id='word_1_192' title='bbox 1640 3531 1701 3597; x_wconf 90' lang='lat' dir='ltr'><strong>in</strong></span> <span class='ocrx_word' id='word_1_193' title='bbox 1728 3531 1948 3618; x_wconf 82' lang='lat' dir='ltr'><strong>Gallia,</strong></span> <span class='ocrx_word' id='word_1_194' title='bbox 1968 3537 2255 3620; x_wconf 79' lang='lat' dir='ltr'><strong>quamvis</strong></span> 
     </span>
     <span class='ocr_line' id='line_1_36' title="bbox 672 3619 2254 3710; baseline 0.006 -28"><span class='ocrx_word' id='word_1_195' title='bbox 672 3635 907 3683; x_wconf 91' lang='lat' dir='ltr'><strong>annum</strong></span> <span class='ocrx_word' id='word_1_196' title='bbox 968 3619 1429 3705; x_wconf 87' lang='lat' dir='ltr'><strong>octogesimum</strong></span> <span class='ocrx_word' id='word_1_197' title='bbox 1485 3620 1829 3707; x_wconf 90' lang='lat' dir='ltr'><strong>septimum</strong></span> <span class='ocrx_word' id='word_1_198' title='bbox 1875 3633 2042 3710; x_wconf 88' lang='lat' dir='ltr'><strong>agat,</strong></span> <span class='ocrx_word' id='word_1_199' title='bbox 2094 3623 2254 3692; x_wconf 90' lang='lat' dir='ltr'><strong>bona</strong></span> 
     </span>
     <span class='ocr_line' id='line_1_37' title="bbox 675 3704 2259 3793; baseline 0.006 -23"><span class='ocrx_word' id='word_1_200' title='bbox 675 3717 885 3770; x_wconf 89' lang='lat' dir='ltr'><strong>tamen</strong></span> <span class='ocrx_word' id='word_1_201' title='bbox 932 3704 1297 3772; x_wconf 79' lang='lat' dir='ltr'><strong>valetudine</strong></span> <span class='ocrx_word' id='word_1_202' title='bbox 1343 3717 1534 3793; x_wconf 84' lang='lat' dir='ltr'><strong>atque</strong></span> <span class='ocrx_word' id='word_1_203' title='bbox 1581 3707 2127 3778; x_wconf 87' lang='lat' dir='ltr'><strong>intellectualibus</strong></span> <span class='ocrx_word' id='word_1_204' title='bbox 2172 3713 2259 3779; x_wconf 86' lang='lat' dir='ltr'><strong>fa-</strong></span> 
     </span>
     <span class='ocr_line' id='line_1_38' title="bbox 673 3790 2251 3886; baseline 0.006 -28"><span class='ocrx_word' id='word_1_205' title='bbox 673 3790 1028 3858; x_wconf 82' lang='lat' dir='ltr'><strong>cultatibus·</strong></span> <span class='ocrx_word' id='word_1_206' title='bbox 1067 3792 1320 3882; x_wconf 78' lang='lat' dir='ltr'><strong>integre</strong></span> <span class='ocrx_word' id='word_1_207' title='bbox 1378 3794 1658 3881; x_wconf 86' lang='lat' dir='ltr'><strong>gaudet;</strong></span> <span class='ocrx_word' id='word_1_208' title='bbox 1720 3809 2114 3886; x_wconf 89' lang='lat' dir='ltr'><strong>quapropter</strong></span> <span class='ocrx_word' id='word_1_209' title='bbox 2172 3800 2251 3867; x_wconf 88' lang='lat' dir='ltr'><strong>ad</strong></span> 
     </span>
     <span class='ocr_line' id='line_1_39' title="bbox 672 3877 2254 3969; baseline 0.005 -22"><span class='ocrx_word' id='word_1_210' title='bbox 672 3877 1027 3947; x_wconf 88' lang='lat' dir='ltr'><strong>Sanctitatis</strong></span> <span class='ocrx_word' id='word_1_211' title='bbox 1049 3884 1217 3947; x_wconf 83' lang='lat' dir='ltr'><strong>Tuae</strong></span> <span class='ocrx_word' id='word_1_212' title='bbox 1247 3882 1450 3969; x_wconf 90' lang='lat' dir='ltr'><strong>pedes</strong></span> <span class='ocrx_word' id='word_1_213' title='bbox 1480 3882 1885 3969; x_wconf 81' lang='lat' dir='ltr'><strong>provolutus,</strong></span> <span class='ocrx_word' id='word_1_214' title='bbox 1921 3885 2112 3953; x_wconf 85' lang='lat' dir='ltr'><strong>enixe</strong></span> <span class='ocrx_word' id='word_1_215' title='bbox 2145 3907 2254 3955; x_wconf 86' lang='lat' dir='ltr'><strong>ex-</strong></span> 
     </span>
     <span class='ocr_line' id='line_1_40' title="bbox 672 3966 2255 4054; baseline 0.005 -19"><span class='ocrx_word' id='word_1_216' title='bbox 672 3966 916 4054; x_wconf 84' lang='lat' dir='ltr'><strong>quirit:</strong></span> <span class='ocrx_word' id='word_1_217' title='bbox 964 3971 1192 4035; x_wconf 87' lang='lat' dir='ltr'><strong>Utrum</strong></span> <span class='ocrx_word' id='word_1_218' title='bbox 1242 3970 1363 4037; x_wconf 86' lang='lat' dir='ltr'><strong>alio</strong></span> <span class='ocrx_word' id='word_1_219' title='bbox 1410 3971 1750 4038; x_wconf 87' lang='lat' dir='ltr'><strong>Sacerdote</strong></span> <span class='ocrx_word' id='word_1_220' title='bbox 1798 3974 2018 4040; x_wconf 78' lang='lat' dir='ltr'><strong>Missae</strong></span> <span class='ocrx_word' id='word_1_221' title='bbox 2056 3976 2255 4043; x_wconf 86' lang='lat' dir='ltr'><strong>Sacri-</strong></span> 
     </span>
     <span class='ocr_line' id='line_1_41' title="bbox 672 4055 2254 4143; baseline 0.003 -18"><span class='ocrx_word' id='word_1_222' title='bbox 672 4057 890 4125; x_wconf 84' lang='lat' dir='ltr'><strong>ficium</strong></span> <span class='ocrx_word' id='word_1_223' title='bbox 944 4055 1343 4143; x_wconf 88' lang='lat' dir='ltr'><strong>celebrante,</strong></span> <span class='ocrx_word' id='word_1_224' title='bbox 1391 4056 1507 4124; x_wconf 89' lang='lat' dir='ltr'><strong>sibi</strong></span> <span class='ocrx_word' id='word_1_225' title='bbox 1567 4058 1634 4124; x_wconf 92' lang='lat' dir='ltr'><strong>in</strong></span> <span class='ocrx_word' id='word_1_226' title='bbox 1689 4077 1947 4126; x_wconf 88' lang='lat' dir='ltr'><strong>scamno</strong></span> <span class='ocrx_word' id='word_1_227' title='bbox 2001 4062 2254 4131; x_wconf 89' lang='lat' dir='ltr'><strong>sedenti</strong></span> 
     </span>
     <span class='ocr_line' id='line_1_42' title="bbox 670 4143 2253 4218; baseline 0.004 -7"><span class='ocrx_word' id='word_1_228' title='bbox 670 4164 822 4212; x_wconf 88' lang='lat' dir='ltr'><strong>suae</strong></span> <span class='ocrx_word' id='word_1_229' title='bbox 868 4143 1181 4212; x_wconf 87' lang='lat' dir='ltr'><strong>Dioecesis</strong></span> <span class='ocrx_word' id='word_1_230' title='bbox 1227 4146 1487 4213; x_wconf 88' lang='lat' dir='ltr'><strong>clericis</strong></span> <span class='ocrx_word' id='word_1_231' title='bbox 1530 4146 1795 4213; x_wconf 88' lang='lat' dir='ltr'><strong>Ordines</strong></span> <span class='ocrx_word' id='word_1_232' title='bbox 1839 4150 2058 4215; x_wconf 87' lang='lat' dir='ltr'><strong>Sacros</strong></span> <span class='ocrx_word' id='word_1_233' title='bbox 2105 4171 2253 4218; x_wconf 89' lang='lat' dir='ltr'><strong>con·</strong></span> 
     </span>
     <span class='ocr_line' id='line_1_43' title="bbox 672 4230 2250 4325; baseline 0.005 -26"><span class='ocrx_word' id='word_1_234' title='bbox 672 4232 840 4299; x_wconf 81' lang='lat' dir='ltr'><strong>ferre</strong></span> <span class='ocrx_word' id='word_1_235' title='bbox 890 4230 1101 4316; x_wconf 90' lang='lat' dir='ltr'><strong>liceat,</strong></span> <span class='ocrx_word' id='word_1_236' title='bbox 1151 4251 1234 4300; x_wconf 92' lang='lat' dir='ltr'><strong>ne</strong></span> <span class='ocrx_word' id='word_1_237' title='bbox 1278 4232 1506 4302; x_wconf 87' lang='lat' dir='ltr'><strong>clerici</strong></span> <span class='ocrx_word' id='word_1_238' title='bbox 1565 4233 1685 4322; x_wconf 91' lang='lat' dir='ltr'><strong>ipsi</strong></span> <span class='ocrx_word' id='word_1_239' title='bbox 1740 4254 1886 4301; x_wconf 92' lang='lat' dir='ltr'><strong>cum</strong></span> <span class='ocrx_word' id='word_1_240' title='bbox 1932 4238 2106 4325; x_wconf 80' lang='lat' dir='ltr'><strong>gravi</strong></span> <span class='ocrx_word' id='word_1_241' title='bbox 2155 4239 2250 4307; x_wconf 90' lang='lat' dir='ltr'><strong>in-</strong></span> 
     </span>
     <span class='ocr_line' id='line_1_44' title="bbox 671 4321 2250 4407; baseline 0.005 -20"><span class='ocrx_word' id='word_1_242' title='bbox 671 4321 1010 4388; x_wconf 90' lang='lat' dir='ltr'><strong>commodo</strong></span> <span class='ocrx_word' id='word_1_243' title='bbox 1063 4321 1397 4407; x_wconf 86' lang='lat' dir='ltr'><strong>adigantur</strong></span> <span class='ocrx_word' id='word_1_244' title='bbox 1453 4322 1531 4390; x_wconf 89' lang='lat' dir='ltr'><strong>ad</strong></span> <span class='ocrx_word' id='word_1_245' title='bbox 1595 4323 2020 4392; x_wconf 90' lang='lat' dir='ltr'><strong>conterminos</strong></span> <span class='ocrx_word' id='word_1_246' title='bbox 2076 4327 2250 4395; x_wconf 76' lang='lat' dir='ltr'><strong>Anti·</strong></span> 
     </span>
     <span class='ocr_line' id='line_1_45' title="bbox 669 4408 1866 4498; baseline 0.003 -23"><span class='ocrx_word' id='word_1_247' title='bbox 669 4408 851 4475; x_wconf 88' lang='lat' dir='ltr'><strong>stites</strong></span> <span class='ocrx_word' id='word_1_248' title='bbox 896 4409 1204 4476; x_wconf 89' lang='lat' dir='ltr'><strong>accedere</strong></span> <span class='ocrx_word' id='word_1_249' title='bbox 1247 4430 1363 4498; x_wconf 88' lang='lat' dir='ltr'><strong>pro</strong></span> <span class='ocrx_word' id='word_1_250' title='bbox 1410 4409 1866 4479; x_wconf 71' lang='lat' dir='ltr'><strong>ordinatione?</strong></span> 
     </span>
    </p>

    <p class='ocr_par' dir='ltr' id='par_1_13' title="bbox 665 4497 2251 5119">
     <span class='ocr_line' id='line_1_46' title="bbox 801 4497 2251 4587; baseline 0.005 -24"><span class='ocrx_word' id='word_1_251' title='bbox 801 4500 882 4563; x_wconf 89' lang='lat' dir='ltr'><strong>Et</strong></span> <span class='ocrx_word' id='word_1_252' title='bbox 938 4500 1116 4565; x_wconf 88' lang='lat' dir='ltr'><strong>Sacra</strong></span> <span class='ocrx_word' id='word_1_253' title='bbox 1178 4497 1438 4565; x_wconf 83' lang='lat' dir='ltr'><strong>Rituum</strong></span> <span class='ocrx_word' id='word_1_254' title='bbox 1483 4501 1911 4587; x_wconf 87' lang='lat' dir='ltr'><strong>congregatio</strong></span> <span class='ocrx_word' id='word_1_255' title='bbox 1972 4503 2051 4569; x_wconf 91' lang='lat' dir='ltr'><strong>ad</strong></span> <span class='ocrx_word' id='word_1_256' title='bbox 2100 4507 2251 4572; x_wconf 89' lang='lat' dir='ltr'><strong>San-</strong></span> 
     </span>
     <span class='ocr_line' id='line_1_47' title="bbox 670 4585 2250 4674; baseline 0.004 -22"><span class='ocrx_word' id='word_1_257' title='bbox 670 4598 836 4652; x_wconf 85' lang='lat' dir='ltr'><strong>ctam</strong></span> <span class='ocrx_word' id='word_1_258' title='bbox 882 4585 1133 4653; x_wconf 75' lang='lat' dir='ltr'><strong>Mariam</strong></span> <span class='ocrx_word' id='word_1_259' title='bbox 1177 4605 1367 4674; x_wconf 89' lang='lat' dir='ltr'><strong>supra</strong></span> <span class='ocrx_word' id='word_1_260' title='bbox 1413 4586 1794 4672; x_wconf 76' lang='lat' dir='ltr'><strong>Minervam,</strong></span> <span class='ocrx_word' id='word_1_261' title='bbox 1846 4590 1986 4656; x_wconf 90' lang='lat' dir='ltr'><strong>loco</strong></span> <span class='ocrx_word' id='word_1_262' title='bbox 2041 4592 2250 4659; x_wconf 86' lang='lat' dir='ltr'><strong>Palatii</strong></span> 
     </span>
     <span class='ocr_line' id='line_1_48' title="bbox 668 4673 2249 4763; baseline 0.004 -23"><span class='ocrx_word' id='word_1_263' title='bbox 668 4673 1012 4763; x_wconf 84' lang='lat' dir='ltr'><strong>Apostolici</strong></span> <span class='ocrx_word' id='word_1_264' title='bbox 1071 4673 1444 4759; x_wconf 86' lang='lat' dir='ltr'><strong>Quirinalis,</strong></span> <span class='ocrx_word' id='word_1_265' title='bbox 1499 4675 1583 4743; x_wconf 90' lang='lat' dir='ltr'><strong>de</strong></span> <span class='ocrx_word' id='word_1_266' title='bbox 1628 4676 1923 4744; x_wconf 89' lang='lat' dir='ltr'><strong>mandato</strong></span> <span class='ocrx_word' id='word_1_267' title='bbox 1978 4679 2249 4746; x_wconf 82' lang='lat' dir='ltr'><strong>Sanctis-</strong></span> 
     </span>
     <span class='ocr_line' id='line_1_49' title="bbox 666 4761 2251 4850; baseline 0.005 -23"><span class='ocrx_word' id='word_1_268' title='bbox 666 4761 810 4827; x_wconf 88' lang='lat' dir='ltr'><strong>simi</strong></span> <span class='ocrx_word' id='word_1_269' title='bbox 871 4761 935 4828; x_wconf 90' lang='lat' dir='ltr'><strong>in</strong></span> <span class='ocrx_word' id='word_1_270' title='bbox 991 4762 1321 4830; x_wconf 82' lang='lat' dir='ltr'><strong>ordinario</strong></span> <span class='ocrx_word' id='word_1_271' title='bbox 1381 4767 1580 4830; x_wconf 87' lang='lat' dir='ltr'><strong>coetu</strong></span> <span class='ocrx_word' id='word_1_272' title='bbox 1638 4765 2018 4850; x_wconf 89' lang='lat' dir='ltr'><strong>coadunata,</strong></span> <span class='ocrx_word' id='word_1_273' title='bbox 2083 4767 2251 4835; x_wconf 82' lang='lat' dir='ltr'><strong>refe-</strong></span> 
     </span>
     <span class='ocr_line' id='line_1_50' title="bbox 666 4848 2248 4938; baseline 0.006 -24"><span class='ocrx_word' id='word_1_274' title='bbox 666 4858 850 4916; x_wconf 86' lang='lat' dir='ltr'><strong>rente</strong></span> <span class='ocrx_word' id='word_1_275' title='bbox 896 4848 1294 4938; x_wconf 77' lang='lat' dir='ltr'><strong>inirascripto</strong></span> <span class='ocrx_word' id='word_1_276' title='bbox 1341 4851 1693 4919; x_wconf 83' lang='lat' dir='ltr'><strong>Secretario</strong></span> <span class='ocrx_word' id='word_1_277' title='bbox 1716 4899 1735 4937; x_wconf 92' lang='lat'><strong>,</strong></span> <span class='ocrx_word' id='word_1_278' title='bbox 1783 4854 2079 4922; x_wconf 86' lang='lat' dir='ltr'><strong>omnibus</strong></span> <span class='ocrx_word' id='word_1_279' title='bbox 2120 4874 2248 4923; x_wconf 88' lang='lat' dir='ltr'><strong>ma-</strong></span> 
     </span>
     <span class='ocr_line' id='line_1_51' title="bbox 666 4938 2245 5027; baseline 0.007 -25"><span class='ocrx_word' id='word_1_280' title='bbox 666 4946 812 5003; x_wconf 92' lang='lat' dir='ltr'><strong>turo</strong></span> <span class='ocrx_word' id='word_1_281' title='bbox 849 4938 1139 5005; x_wconf 84' lang='lat' dir='ltr'><strong>examine</strong></span> <span class='ocrx_word' id='word_1_282' title='bbox 1188 4940 1543 5027; x_wconf 87' lang='lat' dir='ltr'><strong>perpensis,</strong></span> <span class='ocrx_word' id='word_1_283' title='bbox 1579 4942 2064 5010; x_wconf 89' lang='lat' dir='ltr'><strong>rescribendum</strong></span> <span class='ocrx_word' id='word_1_284' title='bbox 2097 4964 2245 5012; x_wconf 88' lang='lat' dir='ltr'><strong>cen·</strong></span> 
     </span>
     <span class='ocr_line' id='line_1_52' title="bbox 665 5025 2241 5119; baseline 0.004 -27"><span class='ocrx_word' id='word_1_285' title='bbox 665 5025 827 5093; x_wconf 82' lang='lat' dir='ltr'><strong>suit:</strong></span> <span class='ocrx_word' id='word_1_286' title='bbox 861 5047 900 5093; x_wconf 62' lang='grc' dir='ltr'><strong><em>ι</em></strong></span> <span class='ocrx_word' id='word_1_287' title='bbox 920 5028 1057 5094; x_wconf 82' lang='lat' dir='ltr'><strong>Non</strong></span> <span class='ocrx_word' id='word_1_288' title='bbox 1082 5026 1276 5093; x_wconf 86' lang='lat' dir='ltr'><strong>licere</strong></span> <span class='ocrx_word' id='word_1_289' title='bbox 1297 5048 1364 5093; x_wconf 82' lang='lat'><strong>».</strong></span> <span class='ocrx_word' id='word_1_290' title='bbox 1387 5027 1504 5094; x_wconf 90' lang='lat' dir='ltr'><strong>Die</strong></span> <span class='ocrx_word' id='word_1_291' title='bbox 1520 5031 1603 5095; x_wconf 88' lang='grc'><strong>23</strong></span> <span class='ocrx_word' id='word_1_292' title='bbox 1625 5029 2019 5119; x_wconf 85' lang='lat' dir='ltr'><strong>Septembris</strong></span> <span class='ocrx_word' id='word_1_293' title='bbox 2048 5036 2241 5101; x_wconf 77' lang='grc'><strong>1837.</strong></span> 
     </span>
    </p>
   </div>
   <div class='ocr_carea' id='block_1_8' title="bbox 666 5165 2238 5261">
    <p class='ocr_par' dir='ltr' id='par_1_14' title="bbox 666 5165 2238 5261">
     <span class='ocr_line' id='line_1_53' title="bbox 666 5165 2238 5261; baseline 0.005 -26"><span class='ocrx_word' id='word_1_294' title='bbox 666 5165 907 5236; x_wconf 77' lang='grc'><strong>2773.</strong></span> <span class='ocrx_word' id='word_1_295' title='bbox 1270 5171 1627 5239; x_wconf 63' lang='lat' dir='ltr'><strong>omousii.</strong></span> <span class='ocrx_word' id='word_1_296' title='bbox 2014 5174 2238 5261; x_wconf 72' lang='lat'>(4820)</span> 
     </span>
    </p>
   </div>
   <div class='ocr_carea' id='block_1_9' title="bbox 1237 3409 2250 3500">
    <p class='ocr_par' dir='ltr' id='par_1_15' title="bbox 1237 3409 2250 3500">
     <span class='ocr_line' id='line_1_54' title="bbox 1237 3409 2250 3500; baseline 0.004 -24"><span class='ocrx_word' id='word_1_297' title='bbox 1237 3409 1689 3476; x_wconf 76' lang='lat' dir='ltr'><strong>NsnAuan.</strong></span> <span class='ocrx_word' id='word_1_298' title='bbox 2027 3411 2250 3500; x_wconf 66' lang='lat' dir='ltr'><strong>(ssia)</strong></span> 
     </span>
    </p>
   </div>
   <div class='ocr_carea' id='block_1_10' title="bbox 2345 711 3914 5282">
    <p class='ocr_par' dir='ltr' id='par_1_16' title="bbox 2359 711 3914 2649">
     <span class='ocr_line' id='line_1_55' title="bbox 2361 711 3909 801; baseline -0.001 -23"><span class='ocrx_word' id='word_1_299' title='bbox 2361 712 2726 779; x_wconf 88' lang='lat' dir='ltr'><strong>nedictione</strong></span> <span class='ocrx_word' id='word_1_300' title='bbox 2759 712 3053 780; x_wconf 81' lang='lat' dir='ltr'><strong>Fontium</strong></span> <span class='ocrx_word' id='word_1_301' title='bbox 3076 711 3550 799; x_wconf 86' lang='lat' dir='ltr'><strong>Baptismalium</strong></span> <span class='ocrx_word' id='word_1_302' title='bbox 3578 712 3909 801; x_wconf 86' lang='lat' dir='ltr'><strong>parochiali·</strong></span> 
     </span>
     <span class='ocr_line' id='line_1_56' title="bbox 2362 798 3909 889; baseline 0.003 -24"><span class='ocrx_word' id='word_1_303' title='bbox 2362 798 2479 866; x_wconf 90' lang='lat' dir='ltr'><strong>bus</strong></span> <span class='ocrx_word' id='word_1_304' title='bbox 2517 800 2580 867; x_wconf 87' lang='lat' dir='ltr'><strong>in</strong></span> <span class='ocrx_word' id='word_1_305' title='bbox 2615 800 2915 868; x_wconf 83' lang='lat' dir='ltr'><strong>Ecclesiis</strong></span> <span class='ocrx_word' id='word_1_306' title='bbox 2958 799 3323 889; x_wconf 86' lang='lat' dir='ltr'><strong>peragenda</strong></span> <span class='ocrx_word' id='word_1_307' title='bbox 3373 803 3755 887; x_wconf 84' lang='lat' dir='ltr'><strong>insequente</strong></span> <span class='ocrx_word' id='word_1_308' title='bbox 3790 800 3909 869; x_wconf 83' lang='lat' dir='ltr'><strong>Sah-</strong></span> 
     </span>
     <span class='ocr_line' id='line_1_57' title="bbox 2361 886 3910 973; baseline 0 -20"><span class='ocrx_word' id='word_1_309' title='bbox 2361 886 2507 955; x_wconf 90' lang='lat' dir='ltr'><strong>bato</strong></span> <span class='ocrx_word' id='word_1_310' title='bbox 2529 890 2784 971; x_wconf 89' lang='lat' dir='ltr'><strong>Sancto,</strong></span> <span class='ocrx_word' id='word_1_311' title='bbox 2811 906 3024 973; x_wconf 89' lang='lat' dir='ltr'><strong>neque</strong></span> <span class='ocrx_word' id='word_1_312' title='bbox 3055 889 3281 956; x_wconf 78' lang='lat' dir='ltr'><strong>eadem</strong></span> <span class='ocrx_word' id='word_1_313' title='bbox 3301 890 3453 958; x_wconf 85' lang='lat' dir='ltr'><strong>Olea</strong></span> <span class='ocrx_word' id='word_1_314' title='bbox 3477 908 3509 952; x_wconf 84' lang='lat' dir='ltr'><strong>a</strong></span> <span class='ocrx_word' id='word_1_315' title='bbox 3536 887 3910 954; x_wconf 80' lang='lat' dir='ltr'><strong>vicinioribus</strong></span> 
     </span>
     <span class='ocr_line' id='line_1_58' title="bbox 2365 975 3910 1067; baseline -0.002 -23"><span class='ocrx_word' id='word_1_316' title='bbox 2365 976 2589 1065; x_wconf 83' lang='lat' dir='ltr'><strong>Episco</strong></span> <span class='ocrx_word' id='word_1_317' title='bbox 2642 975 2691 1041; x_wconf 91' lang='lat' dir='ltr'><strong>is</strong></span> <span class='ocrx_word' id='word_1_318' title='bbox 2734 977 2995 1045; x_wconf 89' lang='lat' dir='ltr'><strong>Parochi</strong></span> <span class='ocrx_word' id='word_1_319' title='bbox 3044 976 3280 1043; x_wconf 84' lang='lat' dir='ltr'><strong>habere</strong></span> <span class='ocrx_word' id='word_1_320' title='bbox 3323 975 3700 1067; x_wconf 61' lang='lat' dir='ltr'><strong>potuerinta</strong></span> <span class='ocrx_word' id='word_1_321' title='bbox 3750 976 3910 1062; x_wconf 82' lang='lat' dir='ltr'><strong>siqui·</strong></span> 
     </span>
     <span class='ocr_line' id='line_1_59' title="bbox 2360 1064 3911 1152; baseline -0.001 -21"><span class='ocrx_word' id='word_1_322' title='bbox 2360 1064 2512 1133; x_wconf 87' lang='lat' dir='ltr'><strong>dem</strong></span> <span class='ocrx_word' id='word_1_323' title='bbox 2562 1084 2598 1130; x_wconf 93' lang='lat' dir='ltr'><strong>o</strong></span> <span class='ocrx_word' id='word_1_324' title='bbox 2689 1064 3044 1132; x_wconf 88' lang='lat' dir='ltr'><strong>communia</strong></span> <span class='ocrx_word' id='word_1_325' title='bbox 3089 1064 3493 1135; x_wconf 90' lang='lat' dir='ltr'><strong>incommoda</strong></span> <span class='ocrx_word' id='word_1_326' title='bbox 3521 1082 3696 1152; x_wconf 93' lang='lat' dir='ltr'><strong>pene</strong></span> <span class='ocrx_word' id='word_1_327' title='bbox 3727 1082 3911 1130; x_wconf 74' lang='lat' dir='ltr'><strong>omnes</strong></span> 
     </span>
     <span class='ocr_line' id='line_1_60' title="bbox 2366 1150 3914 1254; baseline -0.002 -34"><span class='ocrx_word' id='word_1_328' title='bbox 2366 1153 2771 1254; x_wconf 83' lang='lat' dir='ltr'><strong>Episcopales</strong></span> <span class='ocrx_word' id='word_1_329' title='bbox 2818 1155 3020 1222; x_wconf 87' lang='lat' dir='ltr'><strong>Sedes</strong></span> <span class='ocrx_word' id='word_1_330' title='bbox 3051 1154 3309 1240; x_wconf 88' lang='lat' dir='ltr'><strong>proprio</strong></span> <span class='ocrx_word' id='word_1_331' title='bbox 3338 1165 3488 1221; x_wconf 90' lang='lat' dir='ltr'><strong>sunt</strong></span> <span class='ocrx_word' id='word_1_332' title='bbox 3518 1150 3811 1219; x_wconf 79' lang='lat' dir='ltr'><strong>viduatae</strong></span> <span class='ocrx_word' id='word_1_333' title='bbox 3833 1155 3914 1217; x_wconf 72' lang='lat'><strong>1²2·</strong></span> 
     </span>
     <span class='ocr_line' id='line_1_61' title="bbox 2361 1238 3912 1329; baseline 0 -24"><span class='ocrx_word' id='word_1_334' title='bbox 2361 1251 2562 1326; x_wconf 86' lang='lat' dir='ltr'><strong>store,</strong></span> <span class='ocrx_word' id='word_1_335' title='bbox 2601 1251 2686 1307; x_wconf 81' lang='lat' dir='ltr'><strong>ita</strong></span> <span class='ocrx_word' id='word_1_336' title='bbox 2732 1252 2805 1308; x_wconf 89' lang='lat' dir='ltr'><strong>ut</strong></span> <span class='ocrx_word' id='word_1_337' title='bbox 2848 1238 3526 1309; x_wconf 82' lang='lat' dir='ltr'><strong>communicationibus</strong></span> <span class='ocrx_word' id='word_1_338' title='bbox 3578 1238 3912 1329; x_wconf 77' lang='lat' dir='ltr'><strong>interceptis</strong></span> 
     </span>
     <span class='ocr_line' id='line_1_62' title="bbox 2362 1327 3911 1417; baseline -0.001 -23"><span class='ocrx_word' id='word_1_339' title='bbox 2362 1347 2521 1417; x_wconf 85' lang='lat' dir='ltr'><strong>grex</strong></span> <span class='ocrx_word' id='word_1_340' title='bbox 2570 1349 2605 1395; x_wconf 89' lang='lat' dir='ltr'><strong>a</strong></span> <span class='ocrx_word' id='word_1_341' title='bbox 2649 1331 2927 1414; x_wconf 87' lang='lat' dir='ltr'><strong>Pastore,</strong></span> <span class='ocrx_word' id='word_1_342' title='bbox 2961 1328 3098 1396; x_wconf 81' lang='lat' dir='ltr'><strong>Filii</strong></span> <span class='ocrx_word' id='word_1_343' title='bbox 3146 1348 3179 1394; x_wconf 89' lang='lat' dir='ltr'><strong>a</strong></span> <span class='ocrx_word' id='word_1_344' title='bbox 3224 1333 3520 1414; x_wconf 87' lang='lat' dir='ltr'><strong>Parente,</strong></span> <span class='ocrx_word' id='word_1_345' title='bbox 3557 1328 3830 1395; x_wconf 82' lang='lat' dir='ltr'><strong>Ecclesia</strong></span> <span class='ocrx_word' id='word_1_346' title='bbox 3855 1327 3911 1393; x_wconf 84' lang='lat' dir='ltr'><strong>ab</strong></span> 
     </span>
     <span class='ocr_line' id='line_1_63' title="bbox 2365 1414 3910 1505; baseline -0.001 -23"><span class='ocrx_word' id='word_1_347' title='bbox 2365 1415 2690 1505; x_wconf 81' lang='lat' dir='ltr'><strong>Episcopis</strong></span> <span class='ocrx_word' id='word_1_348' title='bbox 2720 1435 2848 1484; x_wconf 90' lang='lat' dir='ltr'><strong>non</strong></span> <span class='ocrx_word' id='word_1_349' title='bbox 2875 1418 3014 1485; x_wconf 84' lang='lat' dir='ltr'><strong>sine</strong></span> <span class='ocrx_word' id='word_1_350' title='bbox 3056 1432 3284 1503; x_wconf 85' lang='lat' dir='ltr'><strong>magno</strong></span> <span class='ocrx_word' id='word_1_351' title='bbox 3328 1418 3686 1485; x_wconf 84' lang='lat' dir='ltr'><strong>animarum</strong></span> <span class='ocrx_word' id='word_1_352' title='bbox 3731 1414 3910 1481; x_wconf 79' lang='lat' dir='ltr'><strong>salutis</strong></span> 
     </span>
     <span class='ocr_line' id='line_1_64' title="bbox 2363 1503 3909 1593; baseline -0.003 -22"><span class='ocrx_word' id='word_1_353' title='bbox 2363 1503 2752 1571; x_wconf 90' lang='lat' dir='ltr'><strong>detrimento</strong></span> <span class='ocrx_word' id='word_1_354' title='bbox 2811 1514 3216 1593; x_wconf 86' lang='lat' dir='ltr'><strong>separentur.</strong></span> <span class='ocrx_word' id='word_1_355' title='bbox 3275 1504 3659 1573; x_wconf 80' lang='lat' dir='ltr'><strong>Huiusmodi</strong></span> <span class='ocrx_word' id='word_1_356' title='bbox 3722 1504 3785 1570; x_wconf 90' lang='lat' dir='ltr'><strong>in</strong></span> <span class='ocrx_word' id='word_1_357' title='bbox 3833 1522 3909 1567; x_wconf 82' lang='lat' dir='ltr'><strong>an-</strong></span> 
     </span>
     <span class='ocr_line' id='line_1_65' title="bbox 2363 1590 3912 1678; baseline -0.002 -19"><span class='ocrx_word' id='word_1_358' title='bbox 2363 1592 2588 1678; x_wconf 84' lang='lat' dir='ltr'><strong>gustiis</strong></span> <span class='ocrx_word' id='word_1_359' title='bbox 2634 1592 2958 1661; x_wconf 88' lang='lat' dir='ltr'><strong>constituti</strong></span> <span class='ocrx_word' id='word_1_360' title='bbox 3002 1592 3260 1660; x_wconf 87' lang='lat' dir='ltr'><strong>Parochi</strong></span> <span class='ocrx_word' id='word_1_361' title='bbox 3308 1592 3728 1661; x_wconf 81' lang='lat' dir='ltr'><strong>Praebendati</strong></span> <span class='ocrx_word' id='word_1_362' title='bbox 3774 1590 3912 1659; x_wconf 86' lang='lat' dir='ltr'><strong>Orio·</strong></span> 
     </span>
     <span class='ocr_line' id='line_1_66' title="bbox 2363 1680 3911 1768; baseline -0.002 -22"><span class='ocrx_word' id='word_1_363' title='bbox 2363 1681 2497 1747; x_wconf 88' lang='lat' dir='ltr'><strong>len.</strong></span> <span class='ocrx_word' id='word_1_364' title='bbox 2557 1680 2871 1748; x_wconf 89' lang='lat' dir='ltr'><strong>Dioecesis</strong></span> <span class='ocrx_word' id='word_1_365' title='bbox 2928 1680 3208 1748; x_wconf 77' lang='lat' dir='ltr'><strong>diversas</strong></span> <span class='ocrx_word' id='word_1_366' title='bbox 3269 1682 3435 1748; x_wconf 91' lang='lat' dir='ltr'><strong>inter</strong></span> <span class='ocrx_word' id='word_1_367' title='bbox 3484 1700 3559 1748; x_wconf 82' lang='lat' dir='ltr'><strong>se</strong></span> <span class='ocrx_word' id='word_1_368' title='bbox 3620 1682 3911 1768; x_wconf 76' lang='lat' dir='ltr'><strong>protulero</strong></span> 
     </span>
     <span class='ocr_line' id='line_1_67' title="bbox 2362 1767 3913 1855; baseline -0.003 -19"><span class='ocrx_word' id='word_1_369' title='bbox 2362 1768 2739 1847; x_wconf 88' lang='lat' dir='ltr'><strong>sententias;</strong></span> <span class='ocrx_word' id='word_1_370' title='bbox 2791 1779 2856 1834; x_wconf 89' lang='lat' dir='ltr'><strong>et</strong></span> <span class='ocrx_word' id='word_1_371' title='bbox 2912 1768 3234 1836; x_wconf 88' lang='lat' dir='ltr'><strong>nonnullis</strong></span> <span class='ocrx_word' id='word_1_372' title='bbox 3294 1768 3723 1855; x_wconf 79' lang='lat' dir='ltr'><strong>negantibus,</strong></span> <span class='ocrx_word' id='word_1_373' title='bbox 3780 1767 3913 1834; x_wconf 76' lang='lat' dir='ltr'><strong>benc</strong></span> 
     </span>
     <span class='ocr_line' id='line_1_68' title="bbox 2364 1855 3913 1943; baseline -0.003 -20"><span class='ocrx_word' id='word_1_374' title='bbox 2364 1856 2548 1923; x_wconf 90' lang='lat' dir='ltr'><strong>multi</strong></span> <span class='ocrx_word' id='word_1_375' title='bbox 2579 1855 2997 1943; x_wconf 84' lang='lat' dir='ltr'><strong>opinabantur</strong></span> <span class='ocrx_word' id='word_1_376' title='bbox 3041 1855 3560 1925; x_wconf 89' lang='lat' dir='ltr'><strong>benedictionem</strong></span> <span class='ocrx_word' id='word_1_377' title='bbox 3594 1857 3913 1925; x_wconf 82' lang='lat' dir='ltr'><strong>solemnem</strong></span> 
     </span>
     <span class='ocr_line' id='line_1_69' title="bbox 2362 1941 3914 2032; baseline -0.005 -20"><span class='ocrx_word' id='word_1_378' title='bbox 2362 1943 2656 2012; x_wconf 83' lang='lat' dir='ltr'><strong>Fontium</strong></span> <span class='ocrx_word' id='word_1_379' title='bbox 2682 1945 3152 2032; x_wconf 88' lang='lat' dir='ltr'><strong>Baptismalium</strong></span> <span class='ocrx_word' id='word_1_380' title='bbox 3183 1944 3408 2031; x_wconf 86' lang='lat' dir='ltr'><strong>perfici</strong></span> <span class='ocrx_word' id='word_1_381' title='bbox 3440 1965 3634 2032; x_wconf 85' lang='lat' dir='ltr'><strong>posse</strong></span> <span class='ocrx_word' id='word_1_382' title='bbox 3656 1941 3914 2013; x_wconf 79' lang='lat' dir='ltr'><strong>adhibitis</strong></span> 
     </span>
     <span class='ocr_line' id='line_1_70' title="bbox 2360 2030 3913 2121; baseline -0.003 -20"><span class='ocrx_word' id='word_1_383' title='bbox 2360 2031 2526 2107; x_wconf 86' lang='lat' dir='ltr'><strong>Oleis</strong></span> <span class='ocrx_word' id='word_1_384' title='bbox 2554 2031 2865 2120; x_wconf 87' lang='lat' dir='ltr'><strong>superiori</strong></span> <span class='ocrx_word' id='word_1_385' title='bbox 2898 2053 3059 2100; x_wconf 87' lang='lat' dir='ltr'><strong>anno</strong></span> <span class='ocrx_word' id='word_1_386' title='bbox 3092 2032 3498 2101; x_wconf 85' lang='lat' dir='ltr'><strong>consecratis.</strong></span> <span class='ocrx_word' id='word_1_387' title='bbox 3548 2038 3622 2101; x_wconf 83' lang='lat' dir='ltr'><strong>In</strong></span> <span class='ocrx_word' id='word_1_388' title='bbox 3664 2052 3783 2121; x_wconf 86' lang='lat' dir='ltr'><strong>qua</strong></span> <span class='ocrx_word' id='word_1_389' title='bbox 3808 2030 3913 2118; x_wconf 88' lang='lat' dir='ltr'><strong>opi·</strong></span> 
     </span>
     <span class='ocr_line' id='line_1_71' title="bbox 2362 2120 3914 2205; baseline -0.003 -17"><span class='ocrx_word' id='word_1_390' title='bbox 2362 2120 2626 2188; x_wconf 91' lang='lat' dir='ltr'><strong>nionum</strong></span> <span class='ocrx_word' id='word_1_391' title='bbox 2674 2131 2738 2187; x_wconf 91' lang='lat' dir='ltr'><strong>et</strong></span> <span class='ocrx_word' id='word_1_392' title='bbox 2782 2120 3241 2189; x_wconf 88' lang='lat' dir='ltr'><strong>sententiarum</strong></span> <span class='ocrx_word' id='word_1_393' title='bbox 3279 2121 3616 2205; x_wconf 80' lang='lat' dir='ltr'><strong>varietate,</strong></span> <span class='ocrx_word' id='word_1_394' title='bbox 3666 2120 3733 2189; x_wconf 87' lang='lat' dir='ltr'><strong>id</strong></span> <span class='ocrx_word' id='word_1_395' title='bbox 3774 2137 3914 2185; x_wconf 87' lang='lat' dir='ltr'><strong>sum·</strong></span> 
     </span>
     <span class='ocr_line' id='line_1_72' title="bbox 2359 2207 3912 2297; baseline -0.003 -22"><span class='ocrx_word' id='word_1_396' title='bbox 2359 2227 2549 2297; x_wconf 88' lang='lat' dir='ltr'><strong>psere</strong></span> <span class='ocrx_word' id='word_1_397' title='bbox 2599 2207 2840 2276; x_wconf 88' lang='lat' dir='ltr'><strong>consilii</strong></span> <span class='ocrx_word' id='word_1_398' title='bbox 2887 2219 2959 2277; x_wconf 98' lang='lat' dir='ltr'><strong>ut</strong></span> <span class='ocrx_word' id='word_1_399' title='bbox 3004 2212 3255 2278; x_wconf 87' lang='lat' dir='ltr'><strong>Sacram</strong></span> <span class='ocrx_word' id='word_1_400' title='bbox 3288 2209 3447 2276; x_wconf 89' lang='lat' dir='ltr'><strong>hanc</strong></span> <span class='ocrx_word' id='word_1_401' title='bbox 3483 2210 3755 2278; x_wconf 83' lang='lat' dir='ltr'><strong>Rituum</strong></span> <span class='ocrx_word' id='word_1_402' title='bbox 3782 2210 3912 2276; x_wconf 88' lang='lat' dir='ltr'><strong>con·</strong></span> 
     </span>
     <span class='ocr_line' id='line_1_73' title="bbox 2360 2295 3911 2385; baseline -0.003 -23"><span class='ocrx_word' id='word_1_403' title='bbox 2360 2295 2797 2385; x_wconf 89' lang='lat' dir='ltr'><strong>gregationem</strong></span> <span class='ocrx_word' id='word_1_404' title='bbox 2845 2297 3277 2383; x_wconf 86' lang='lat' dir='ltr'><strong>requirerent,</strong></span> <span class='ocrx_word' id='word_1_405' title='bbox 3325 2307 3398 2365; x_wconf 88' lang='lat' dir='ltr'><strong>ut</strong></span> <span class='ocrx_word' id='word_1_406' title='bbox 3443 2306 3688 2365; x_wconf 87' lang='lat' dir='ltr'><strong>certam</strong></span> <span class='ocrx_word' id='word_1_407' title='bbox 3719 2313 3911 2381; x_wconf 62' lang='lat' dir='ltr'><strong>seque</strong></span> 
     </span>
     <span class='ocr_line' id='line_1_74' title="bbox 2360 2383 3912 2473; baseline -0.002 -21"><span class='ocrx_word' id='word_1_408' title='bbox 2360 2397 2587 2452; x_wconf 90' lang='lat' dir='ltr'><strong>rentur</strong></span> <span class='ocrx_word' id='word_1_409' title='bbox 2615 2386 2906 2473; x_wconf 89' lang='lat' dir='ltr'><strong>regulam</strong></span> <span class='ocrx_word' id='word_1_410' title='bbox 2939 2386 3003 2451; x_wconf 90' lang='lat' dir='ltr'><strong>in</strong></span> <span class='ocrx_word' id='word_1_411' title='bbox 3037 2405 3107 2452; x_wconf 92' lang='lat' dir='ltr'><strong>re</strong></span> <span class='ocrx_word' id='word_1_412' title='bbox 3140 2383 3292 2453; x_wconf 89' lang='lat' dir='ltr'><strong>tanti</strong></span> <span class='ocrx_word' id='word_1_413' title='bbox 3323 2386 3665 2465; x_wconf 82' lang='lat' dir='ltr'><strong>momenti3</strong></span> <span class='ocrx_word' id='word_1_414' title='bbox 3701 2405 3768 2452; x_wconf 88' lang='lat' dir='ltr'><strong>ac</strong></span> <span class='ocrx_word' id='word_1_415' title='bbox 3794 2400 3912 2471; x_wconf 88' lang='lat' dir='ltr'><strong>pro·</strong></span> 
     </span>
     <span class='ocr_line' id='line_1_75' title="bbox 2360 2470 3913 2563; baseline -0.002 -25"><span class='ocrx_word' id='word_1_416' title='bbox 2360 2481 2582 2563; x_wconf 88' lang='lat' dir='ltr'><strong>pterea</strong></span> <span class='ocrx_word' id='word_1_417' title='bbox 2628 2473 3023 2560; x_wconf 87' lang='lat' dir='ltr'><strong>insequentia</strong></span> <span class='ocrx_word' id='word_1_418' title='bbox 3067 2473 3261 2541; x_wconf 89' lang='lat' dir='ltr'><strong>dubia</strong></span> <span class='ocrx_word' id='word_1_419' title='bbox 3319 2475 3652 2543; x_wconf 87' lang='lat' dir='ltr'><strong>enodanda</strong></span> <span class='ocrx_word' id='word_1_420' title='bbox 3717 2470 3913 2540; x_wconf 87' lang='lat' dir='ltr'><strong>humil·</strong></span> 
     </span>
     <span class='ocr_line' id='line_1_76' title="bbox 2359 2560 3450 2649; baseline 0.004 -23"><span class='ocrx_word' id='word_1_421' title='bbox 2359 2561 2515 2627; x_wconf 87' lang='lat' dir='ltr'><strong>lime</strong></span> <span class='ocrx_word' id='word_1_422' title='bbox 2558 2572 3054 2649; x_wconf 89' lang='lat' dir='ltr'><strong>proposuerunt,</strong></span> <span class='ocrx_word' id='word_1_423' title='bbox 3105 2560 3450 2630; x_wconf 71' lang='lat' dir='ltr'><strong>nimirumt</strong></span> 
     </span>
    </p>

    <p class='ocr_par' dir='ltr' id='par_1_17' title="bbox 2356 2645 3913 3158">
     <span class='ocr_line' id='line_1_77' title="bbox 2497 2645 3912 2738; baseline -0.003 -23"><span class='ocrx_word' id='word_1_424' title='bbox 2497 2653 2558 2715; x_wconf 77' lang='lat'><strong>1.</strong></span> <span class='ocrx_word' id='word_1_425' title='bbox 2593 2651 2690 2716; x_wconf 78' lang='lat' dir='ltr'><strong>An</strong></span> <span class='ocrx_word' id='word_1_426' title='bbox 2724 2649 2862 2716; x_wconf 90' lang='lat' dir='ltr'><strong>talis</strong></span> <span class='ocrx_word' id='word_1_427' title='bbox 2892 2648 3253 2718; x_wconf 89' lang='lat' dir='ltr'><strong>benedictio</strong></span> <span class='ocrx_word' id='word_1_428' title='bbox 3300 2649 3512 2718; x_wconf 82' lang='lat' dir='ltr'><strong>Fontis</strong></span> <span class='ocrx_word' id='word_1_429' title='bbox 3542 2645 3912 2738; x_wconf 78' lang='lat' dir='ltr'><strong>Baptismalis</strong></span> 
     </span>
     <span class='ocr_line' id='line_1_78' title="bbox 2357 2734 3913 2807; baseline -0.001 -2"><span class='ocrx_word' id='word_1_430' title='bbox 2357 2739 2424 2805; x_wconf 92' lang='lat' dir='ltr'><strong>in</strong></span> <span class='ocrx_word' id='word_1_431' title='bbox 2475 2737 2742 2806; x_wconf 89' lang='lat' dir='ltr'><strong>Sabbato</strong></span> <span class='ocrx_word' id='word_1_432' title='bbox 2797 2742 3025 2806; x_wconf 90' lang='lat' dir='ltr'><strong>Sancto</strong></span> <span class='ocrx_word' id='word_1_433' title='bbox 3072 2737 3212 2805; x_wconf 80' lang='lat' dir='ltr'><strong>fieri</strong></span> <span class='ocrx_word' id='word_1_434' title='bbox 3261 2736 3494 2806; x_wconf 89' lang='lat' dir='ltr'><strong>debeat</strong></span> <span class='ocrx_word' id='word_1_435' title='bbox 3552 2757 3710 2807; x_wconf 91' lang='lat' dir='ltr'><strong>cum</strong></span> <span class='ocrx_word' id='word_1_436' title='bbox 3762 2734 3913 2804; x_wconf 82' lang='lat' dir='ltr'><strong>chri·</strong></span> 
     </span>
     <span class='ocr_line' id='line_1_79' title="bbox 2358 2826 3912 2915; baseline -0.001 -23"><span class='ocrx_word' id='word_1_437' title='bbox 2358 2835 2557 2892; x_wconf 88' lang='lat' dir='ltr'><strong>smate</strong></span> <span class='ocrx_word' id='word_1_438' title='bbox 2601 2835 2666 2892; x_wconf 90' lang='lat' dir='ltr'><strong>et</strong></span> <span class='ocrx_word' id='word_1_439' title='bbox 2708 2827 2861 2893; x_wconf 88' lang='lat' dir='ltr'><strong>Oleo</strong></span> <span class='ocrx_word' id='word_1_440' title='bbox 2908 2826 3354 2915; x_wconf 88' lang='lat' dir='ltr'><strong>praecedentis</strong></span> <span class='ocrx_word' id='word_1_441' title='bbox 3405 2826 3601 2913; x_wconf 85' lang='lat' dir='ltr'><strong>anni;</strong></span> <span class='ocrx_word' id='word_1_442' title='bbox 3667 2826 3770 2894; x_wconf 78' lang='lat' dir='ltr'><strong>vel</strong></span> <span class='ocrx_word' id='word_1_443' title='bbox 3822 2842 3912 2910; x_wconf 75' lang='lat' dir='ltr'><strong>po-</strong></span> 
     </span>
     <span class='ocr_line' id='line_1_80' title="bbox 2363 2909 3912 2983; baseline -0.003 -2"><span class='ocrx_word' id='word_1_444' title='bbox 2363 2912 2483 2981; x_wconf 86' lang='lat' dir='ltr'><strong>tius</strong></span> <span class='ocrx_word' id='word_1_445' title='bbox 2532 2913 2880 2983; x_wconf 85' lang='lat' dir='ltr'><strong>omittenda</strong></span> <span class='ocrx_word' id='word_1_446' title='bbox 2924 2914 3005 2982; x_wconf 89' lang='lat' dir='ltr'><strong>sit</strong></span> <span class='ocrx_word' id='word_1_447' title='bbox 3051 2914 3279 2982; x_wconf 79' lang='lat' dir='ltr'><strong>infusio</strong></span> <span class='ocrx_word' id='word_1_448' title='bbox 3310 2914 3683 2983; x_wconf 80' lang='lat' dir='ltr'><strong>chrismatis</strong></span> <span class='ocrx_word' id='word_1_449' title='bbox 3711 2922 3778 2982; x_wconf 83' lang='lat' dir='ltr'><strong>et</strong></span> <span class='ocrx_word' id='word_1_450' title='bbox 3801 2909 3912 2981; x_wconf 85' lang='grc' dir='ltr'><strong>0Ιοί</strong></span> 
     </span>
     <span class='ocr_line' id='line_1_81' title="bbox 2356 3003 3911 3157; baseline -0.002 -87"><span class='ocrx_word' id='word_1_451' title='bbox 2356 3021 2564 3089; x_wconf 89' lang='lat' dir='ltr'><strong>usque</strong></span> <span class='ocrx_word' id='word_1_452' title='bbox 2608 3003 2762 3157; x_wconf 52' lang='lat' dir='ltr'><strong>gum</strong></span> <span class='ocrx_word' id='word_1_453' title='bbox 2811 3003 2966 3070; x_wconf 88' lang='lat' dir='ltr'><strong>haec</strong></span> <span class='ocrx_word' id='word_1_454' title='bbox 3011 3003 3399 3093; x_wconf 88' lang='lat' dir='ltr'><strong>accipiantur</strong></span> <span class='ocrx_word' id='word_1_455' title='bbox 3442 3016 3746 3072; x_wconf 88' lang='lat' dir='ltr'><strong>recenter</strong></span> <span class='ocrx_word' id='word_1_456' title='bbox 3788 3019 3911 3070; x_wconf 90' lang='lat' dir='ltr'><strong>con·</strong></span> 
     </span>
     <span class='ocr_line' id='line_1_82' title="bbox 2356 3101 2596 3158; baseline -0.008 0"><span class='ocrx_word' id='word_1_457' title='bbox 2356 3101 2596 3158; x_wconf 87' lang='lat' dir='ltr'><strong>secrata</strong></span> 
     </span>
    </p>

    <p class='ocr_par' dir='ltr' id='par_1_18' title="bbox 2355 3177 3910 3777">
     <span class='ocr_line' id='line_1_83' title="bbox 2490 3177 3909 3269; baseline -0.004 -23"><span class='ocrx_word' id='word_1_458' title='bbox 2490 3184 2558 3246; x_wconf 94' lang='grc'><strong>2.</strong></span> <span class='ocrx_word' id='word_1_459' title='bbox 2604 3182 2701 3248; x_wconf 84' lang='lat' dir='ltr'><strong>An</strong></span> <span class='ocrx_word' id='word_1_460' title='bbox 2764 3180 2829 3246; x_wconf 88' lang='lat' dir='ltr'><strong>in</strong></span> <span class='ocrx_word' id='word_1_461' title='bbox 2885 3179 3200 3269; x_wconf 89' lang='lat' dir='ltr'><strong>Baptismo</strong></span> <span class='ocrx_word' id='word_1_462' title='bbox 3262 3180 3535 3249; x_wconf 90' lang='lat' dir='ltr'><strong>solemni</strong></span> <span class='ocrx_word' id='word_1_463' title='bbox 3603 3177 3909 3247; x_wconf 76' lang='lat' dir='ltr'><strong>infantium</strong></span> 
     </span>
     <span class='ocr_line' id='line_1_84' title="bbox 2358 3263 3909 3357; baseline -0.002 -23"><span class='ocrx_word' id='word_1_464' title='bbox 2358 3268 2675 3335; x_wconf 89' lang='lat' dir='ltr'><strong>utendum</strong></span> <span class='ocrx_word' id='word_1_465' title='bbox 2715 3268 2795 3335; x_wconf 89' lang='lat' dir='ltr'><strong>sit</strong></span> <span class='ocrx_word' id='word_1_466' title='bbox 2825 3267 3189 3336; x_wconf 87' lang='lat' dir='ltr'><strong>huiusmodi</strong></span> <span class='ocrx_word' id='word_1_467' title='bbox 3221 3273 3396 3357; x_wconf 84' lang='lat' dir='ltr'><strong>Aqua</strong></span> <span class='ocrx_word' id='word_1_468' title='bbox 3430 3268 3768 3337; x_wconf 86' lang='lat' dir='ltr'><strong>benedicta</strong></span> <span class='ocrx_word' id='word_1_469' title='bbox 3794 3263 3909 3353; x_wconf 87' lang='lat' dir='ltr'><strong>qui·</strong></span> 
     </span>
     <span class='ocr_line' id='line_1_85' title="bbox 2355 3350 3905 3444; baseline -0.003 -20"><span class='ocrx_word' id='word_1_470' title='bbox 2355 3356 2506 3424; x_wconf 89' lang='lat' dir='ltr'><strong>dem</strong></span> <span class='ocrx_word' id='word_1_471' title='bbox 2554 3376 2699 3423; x_wconf 90' lang='lat' dir='ltr'><strong>cum</strong></span> <span class='ocrx_word' id='word_1_472' title='bbox 2743 3356 3007 3444; x_wconf 88' lang='lat' dir='ltr'><strong>reliquis</strong></span> <span class='ocrx_word' id='word_1_473' title='bbox 3046 3358 3476 3425; x_wconf 86' lang='lat' dir='ltr'><strong>caeremoniis</strong></span> <span class='ocrx_word' id='word_1_474' title='bbox 3504 3356 3784 3440; x_wconf 65' lang='lat' dir='ltr'><strong>missalis,</strong></span> <span class='ocrx_word' id='word_1_475' title='bbox 3814 3350 3905 3420; x_wconf 80' lang='lat' dir='ltr'><strong>sed</strong></span> 
     </span>
     <span class='ocr_line' id='line_1_86' title="bbox 2357 3442 3910 3530; baseline -0.003 -21"><span class='ocrx_word' id='word_1_476' title='bbox 2357 3442 2595 3530; x_wconf 88' lang='lat' dir='ltr'><strong>absque</strong></span> <span class='ocrx_word' id='word_1_477' title='bbox 2626 3445 3096 3513; x_wconf 88' lang='lat' dir='ltr'><strong>consecratione</strong></span> <span class='ocrx_word' id='word_1_478' title='bbox 3126 3464 3241 3512; x_wconf 87' lang='lat' dir='ltr'><strong>seu</strong></span> <span class='ocrx_word' id='word_1_479' title='bbox 3273 3446 3583 3512; x_wconf 83' lang='lat' dir='ltr'><strong>mixtione</strong></span> <span class='ocrx_word' id='word_1_480' title='bbox 3614 3457 3910 3513; x_wconf 87' lang='lat' dir='ltr'><strong>sacrorum</strong></span> 
     </span>
     <span class='ocr_line' id='line_1_87' title="bbox 2356 3531 3909 3621; baseline 0 -23"><span class='ocrx_word' id='word_1_481' title='bbox 2356 3531 2720 3600; x_wconf 87' lang='lat' dir='ltr'><strong>Chrismatis</strong></span> <span class='ocrx_word' id='word_1_482' title='bbox 2766 3544 2833 3599; x_wconf 90' lang='lat' dir='ltr'><strong>et</strong></span> <span class='ocrx_word' id='word_1_483' title='bbox 2884 3533 3066 3614; x_wconf 89' lang='lat' dir='ltr'><strong>Olei;</strong></span> <span class='ocrx_word' id='word_1_484' title='bbox 3126 3553 3206 3600; x_wconf 89' lang='lat' dir='ltr'><strong>an</strong></span> <span class='ocrx_word' id='word_1_485' title='bbox 3259 3551 3414 3599; x_wconf 83' lang='lat' dir='ltr'><strong>vero</strong></span> <span class='ocrx_word' id='word_1_486' title='bbox 3478 3538 3655 3621; x_wconf 74' lang='lat' dir='ltr'><strong>Aqua</strong></span> <span class='ocrx_word' id='word_1_487' title='bbox 3688 3531 3909 3600; x_wconf 80' lang='lat' dir='ltr'><strong>&#39;conse-</strong></span> 
     </span>
     <span class='ocr_line' id='line_1_88' title="bbox 2357 3620 3906 3709; baseline -0.003 -23"><span class='ocrx_word' id='word_1_488' title='bbox 2357 3631 2523 3686; x_wconf 89' lang='lat' dir='ltr'><strong>crata</strong></span> <span class='ocrx_word' id='word_1_489' title='bbox 2570 3622 2979 3708; x_wconf 83' lang='lat' dir='ltr'><strong>praecedenti</strong></span> <span class='ocrx_word' id='word_1_490' title='bbox 3010 3641 3198 3707; x_wconf 88' lang='lat' dir='ltr'><strong>anno,</strong></span> <span class='ocrx_word' id='word_1_491' title='bbox 3231 3640 3393 3709; x_wconf 89' lang='lat' dir='ltr'><strong>quae</strong></span> <span class='ocrx_word' id='word_1_492' title='bbox 3422 3622 3497 3689; x_wconf 88' lang='lat' dir='ltr'><strong>ad</strong></span> <span class='ocrx_word' id='word_1_493' title='bbox 3533 3620 3707 3689; x_wconf 91' lang='lat' dir='ltr'><strong>hunc</strong></span> <span class='ocrx_word' id='word_1_494' title='bbox 3737 3620 3906 3687; x_wconf 84' lang='lat' dir='ltr'><strong>finem</strong></span> 
     </span>
     <span class='ocr_line' id='line_1_89' title="bbox 2359 3708 2827 3777; baseline 0.002 -1"><span class='ocrx_word' id='word_1_495' title='bbox 2359 3708 2827 3777; x_wconf 76' lang='lat' dir='ltr'><strong>conservetur?</strong></span> 
     </span>
    </p>

    <p class='ocr_par' dir='ltr' id='par_1_19' title="bbox 2354 3791 3907 4596">
     <span class='ocr_line' id='line_1_90' title="bbox 2491 3791 3907 3901; baseline -0.001 -37"><span class='ocrx_word' id='word_1_496' title='bbox 2491 3800 2557 3864; x_wconf 98' lang='grc'><strong>3.</strong></span> <span class='ocrx_word' id='word_1_497' title='bbox 2604 3801 2829 3866; x_wconf 86' lang='lat' dir='ltr'><strong>Utrum</strong></span> <span class='ocrx_word' id='word_1_498' title='bbox 2886 3800 3214 3901; x_wconf 86' lang='lat' dir='ltr'><strong>supposito</strong></span> <span class='ocrx_word' id='word_1_499' title='bbox 3274 3798 3449 3885; x_wconf 88' lang='lat' dir='ltr'><strong>quod</strong></span> <span class='ocrx_word' id='word_1_500' title='bbox 3503 3801 3680 3887; x_wconf 76' lang='lat' dir='ltr'><strong>Aqua</strong></span> <span class='ocrx_word' id='word_1_501' title='bbox 3732 3797 3805 3863; x_wconf 87' lang='lat' dir='ltr'><strong>ba</strong></span> <span class='ocrx_word' id='word_1_502' title='bbox 3847 3791 3907 3857; x_wconf 90' lang='lat' dir='ltr'><strong>ti-</strong></span> 
     </span>
     <span class='ocr_line' id='line_1_91' title="bbox 2355 3884 3907 3957; baseline -0.004 -7"><span class='ocrx_word' id='word_1_503' title='bbox 2355 3884 2565 3951; x_wconf 88' lang='lat' dir='ltr'><strong>smalis</strong></span> <span class='ocrx_word' id='word_1_504' title='bbox 2622 3884 2952 3957; x_wconf 88' lang='lat' dir='ltr'><strong>benedicta</strong></span> <span class='ocrx_word' id='word_1_505' title='bbox 3006 3908 3126 3955; x_wconf 81' lang='lat' dir='ltr'><strong>iam</strong></span> <span class='ocrx_word' id='word_1_506' title='bbox 3175 3885 3367 3954; x_wconf 76' lang='lat' dir='ltr'><strong>suerit</strong></span> <span class='ocrx_word' id='word_1_507' title='bbox 3414 3906 3558 3955; x_wconf 90' lang='lat' dir='ltr'><strong>cum</strong></span> <span class='ocrx_word' id='word_1_508' title='bbox 3607 3885 3809 3955; x_wconf 80' lang='lat' dir='ltr'><strong>veteri</strong></span> <span class='ocrx_word' id='word_1_509' title='bbox 3848 3900 3907 3945; x_wconf 76' lang='lat' dir='ltr'><strong>us</strong></span> 
     </span>
     <span class='ocr_line' id='line_1_92' title="bbox 2354 3972 3904 4062; baseline -0.001 -22"><span class='ocrx_word' id='word_1_510' title='bbox 2354 3972 2548 4058; x_wconf 87' lang='lat' dir='ltr'><strong>Oleis,</strong></span> <span class='ocrx_word' id='word_1_511' title='bbox 2584 3992 2661 4040; x_wconf 90' lang='lat' dir='ltr'><strong>eo</strong></span> <span class='ocrx_word' id='word_1_512' title='bbox 2691 3977 2862 4062; x_wconf 87' lang='lat' dir='ltr'><strong>quod</strong></span> <span class='ocrx_word' id='word_1_513' title='bbox 2892 3978 3038 4044; x_wconf 86' lang='lat' dir='ltr'><strong>Olea</strong></span> <span class='ocrx_word' id='word_1_514' title='bbox 3071 3986 3370 4044; x_wconf 89' lang='lat' dir='ltr'><strong>recenter</strong></span> <span class='ocrx_word' id='word_1_515' title='bbox 3413 3986 3776 4044; x_wconf 81' lang='lat' dir='ltr'><strong>consecrata</strong></span> <span class='ocrx_word' id='word_1_516' title='bbox 3799 3988 3904 4038; x_wconf 85' lang='lat' dir='ltr'><strong>non</strong></span> 
     </span>
     <span class='ocr_line' id='line_1_93' title="bbox 2355 4059 3905 4151; baseline -0.002 -22"><span class='ocrx_word' id='word_1_517' title='bbox 2355 4061 2776 4151; x_wconf 75' lang='lat' dir='ltr'><strong>haberentur3</strong></span> <span class='ocrx_word' id='word_1_518' title='bbox 2828 4063 3078 4132; x_wconf 83' lang='lat' dir='ltr'><strong>infundi</strong></span> <span class='ocrx_word' id='word_1_519' title='bbox 3122 4062 3354 4132; x_wconf 89' lang='lat' dir='ltr'><strong>debeat</strong></span> <span class='ocrx_word' id='word_1_520' title='bbox 3384 4064 3447 4130; x_wconf 92' lang='lat' dir='ltr'><strong>in</strong></span> <span class='ocrx_word' id='word_1_521' title='bbox 3484 4059 3905 4132; x_wconf 85' lang='lat' dir='ltr'><strong>Piscinamdo·</strong></span> 
     </span>
     <span class='ocr_line' id='line_1_94' title="bbox 2355 4146 3903 4239; baseline -0.004 -23"><span class='ocrx_word' id='word_1_522' title='bbox 2355 4169 2474 4216; x_wconf 90' lang='lat' dir='ltr'><strong>nec</strong></span> <span class='ocrx_word' id='word_1_523' title='bbox 2521 4169 2679 4216; x_wconf 77' lang='lat' dir='ltr'><strong>nova</strong></span> <span class='ocrx_word' id='word_1_524' title='bbox 2725 4150 3112 4239; x_wconf 88' lang='lat' dir='ltr'><strong>recipiantur</strong></span> <span class='ocrx_word' id='word_1_525' title='bbox 3153 4154 3328 4236; x_wconf 90' lang='lat' dir='ltr'><strong>Olea,</strong></span> <span class='ocrx_word' id='word_1_526' title='bbox 3371 4161 3436 4218; x_wconf 89' lang='lat' dir='ltr'><strong>et</strong></span> <span class='ocrx_word' id='word_1_527' title='bbox 3480 4170 3629 4220; x_wconf 92' lang='lat' dir='ltr'><strong>cum</strong></span> <span class='ocrx_word' id='word_1_528' title='bbox 3675 4150 3769 4220; x_wconf 89' lang='lat' dir='ltr'><strong>his</strong></span> <span class='ocrx_word' id='word_1_529' title='bbox 3810 4146 3903 4214; x_wconf 79' lang='lat' dir='ltr'><strong>alia</strong></span> 
     </span>
     <span class='ocr_line' id='line_1_95' title="bbox 2355 4234 3903 4326; baseline -0.004 -22"><span class='ocrx_word' id='word_1_530' title='bbox 2355 4238 2771 4306; x_wconf 89' lang='lat' dir='ltr'><strong>benedicatur</strong></span> <span class='ocrx_word' id='word_1_531' title='bbox 2799 4243 2973 4326; x_wconf 87' lang='lat' dir='ltr'><strong>Aqua</strong></span> <span class='ocrx_word' id='word_1_532' title='bbox 3004 4241 3177 4309; x_wconf 89' lang='lat' dir='ltr'><strong>iuxta</strong></span> <span class='ocrx_word' id='word_1_533' title='bbox 3199 4242 3641 4309; x_wconf 85' lang='lat' dir='ltr'><strong>Caeremonias</strong></span> <span class='ocrx_word' id='word_1_534' title='bbox 3670 4234 3903 4307; x_wconf 75' lang='lat' dir='ltr'><strong>Hitualis</strong></span> 
     </span>
     <span class='ocr_line' id='line_1_96' title="bbox 2354 4322 3899 4418; baseline -0.004 -25"><span class='ocrx_word' id='word_1_535' title='bbox 2354 4322 2662 4393; x_wconf 71' lang='lat' dir='ltr'><strong>Romani?</strong></span> <span class='ocrx_word' id='word_1_536' title='bbox 2703 4346 2779 4393; x_wconf 90' lang='lat' dir='ltr'><strong>an</strong></span> <span class='ocrx_word' id='word_1_537' title='bbox 2812 4345 2963 4394; x_wconf 82' lang='lat' dir='ltr'><strong>vero</strong></span> <span class='ocrx_word' id='word_1_538' title='bbox 2996 4328 3100 4395; x_wconf 85' lang='lat' dir='ltr'><strong>illa</strong></span> <span class='ocrx_word' id='word_1_539' title='bbox 3130 4328 3336 4418; x_wconf 88' lang='lat' dir='ltr'><strong>prima</strong></span> <span class='ocrx_word' id='word_1_540' title='bbox 3379 4349 3535 4416; x_wconf 90' lang='lat' dir='ltr'><strong>aqua</strong></span> <span class='ocrx_word' id='word_1_541' title='bbox 3568 4322 3899 4396; x_wconf 74' lang='lat' dir='ltr'><strong>conservati</strong></span> 
     </span>
     <span class='ocr_line' id='line_1_97' title="bbox 2355 4411 3900 4503; baseline 0.001 -23"><span class='ocrx_word' id='word_1_542' title='bbox 2355 4424 2421 4480; x_wconf 94' lang='lat' dir='ltr'><strong>et</strong></span> <span class='ocrx_word' id='word_1_543' title='bbox 2466 4414 2560 4481; x_wconf 90' lang='lat' dir='ltr'><strong>uti</strong></span> <span class='ocrx_word' id='word_1_544' title='bbox 2620 4415 2850 4483; x_wconf 90' lang='lat' dir='ltr'><strong>debeat</strong></span> <span class='ocrx_word' id='word_1_545' title='bbox 2906 4436 3110 4503; x_wconf 91' lang='lat' dir='ltr'><strong>usque</strong></span> <span class='ocrx_word' id='word_1_546' title='bbox 3167 4417 3244 4484; x_wconf 91' lang='lat' dir='ltr'><strong>ad</strong></span> <span class='ocrx_word' id='word_1_547' title='bbox 3306 4415 3814 4484; x_wconf 88' lang='lat' dir='ltr'><strong>benedictionem</strong></span> <span class='ocrx_word' id='word_1_548' title='bbox 3851 4411 3900 4475; x_wconf 83' lang='lat' dir='ltr'><strong>in</strong></span> 
     </span>
     <span class='ocr_line' id='line_1_98' title="bbox 2354 4500 3894 4596; baseline -0.001 -26"><span class='ocrx_word' id='word_1_549' title='bbox 2354 4502 2581 4591; x_wconf 82' lang='lat' dir='ltr'><strong>Vigilia</strong></span> <span class='ocrx_word' id='word_1_550' title='bbox 2625 4507 3055 4590; x_wconf 87' lang='lat' dir='ltr'><strong>Pentecostes,</strong></span> <span class='ocrx_word' id='word_1_551' title='bbox 3107 4518 3297 4595; x_wconf 88' lang='lat' dir='ltr'><strong>prout</strong></span> <span class='ocrx_word' id='word_1_552' title='bbox 3341 4505 3406 4572; x_wconf 89' lang='lat' dir='ltr'><strong>in</strong></span> <span class='ocrx_word' id='word_1_553' title='bbox 3451 4500 3731 4572; x_wconf 71' lang='lat' dir='ltr'><strong>missali?</strong></span> <span class='ocrx_word' id='word_1_554' title='bbox 3884 4583 3894 4596; x_wconf 89' lang='lat'><strong>.</strong></span> 
     </span>
    </p>

    <p class='ocr_par' dir='ltr' id='par_1_20' title="bbox 2349 4584 3899 5123">
     <span class='ocr_line' id='line_1_99' title="bbox 2484 4584 3899 4685; baseline 0.001 -27"><span class='ocrx_word' id='word_1_555' title='bbox 2484 4594 2548 4658; x_wconf 75' lang='lat'><strong>4.</strong></span> <span class='ocrx_word' id='word_1_556' title='bbox 2601 4595 2827 4659; x_wconf 90' lang='lat' dir='ltr'><strong>Utrum</strong></span> <span class='ocrx_word' id='word_1_557' title='bbox 2867 4594 2929 4659; x_wconf 91' lang='lat' dir='ltr'><strong>in</strong></span> <span class='ocrx_word' id='word_1_558' title='bbox 2971 4595 3286 4682; x_wconf 86' lang='lat' dir='ltr'><strong>Baptismo</strong></span> <span class='ocrx_word' id='word_1_559' title='bbox 3329 4592 3598 4660; x_wconf 87' lang='lat' dir='ltr'><strong>solemni</strong></span> <span class='ocrx_word' id='word_1_560' title='bbox 3647 4584 3899 4685; x_wconf 55' lang='lat' dir='ltr'><strong>ungenth</strong></span> 
     </span>
     <span class='ocr_line' id='line_1_100' title="bbox 2349 4679 3899 4768; baseline -0.003 -23"><span class='ocrx_word' id='word_1_561' title='bbox 2349 4679 2474 4746; x_wconf 89' lang='lat' dir='ltr'><strong>sint</strong></span> <span class='ocrx_word' id='word_1_562' title='bbox 2505 4679 2776 4747; x_wconf 76' lang='lat' dir='ltr'><strong>infantes</strong></span> <span class='ocrx_word' id='word_1_563' title='bbox 2805 4681 2960 4748; x_wconf 84' lang='lat' dir='ltr'><strong>Oleo</strong></span> <span class='ocrx_word' id='word_1_564' title='bbox 2993 4692 3059 4748; x_wconf 92' lang='lat' dir='ltr'><strong>et</strong></span> <span class='ocrx_word' id='word_1_565' title='bbox 3088 4682 3441 4751; x_wconf 83' lang='lat' dir='ltr'><strong>cbrismate</strong></span> <span class='ocrx_word' id='word_1_566' title='bbox 3484 4682 3899 4768; x_wconf 77' lang='lat' dir='ltr'><strong>praecedentis</strong></span> 
     </span>
     <span class='ocr_line' id='line_1_101' title="bbox 2349 4766 3896 4862; baseline -0.001 -28"><span class='ocrx_word' id='word_1_567' title='bbox 2349 4769 2518 4855; x_wconf 89' lang='lat' dir='ltr'><strong>anui,</strong></span> <span class='ocrx_word' id='word_1_568' title='bbox 2566 4768 2722 4836; x_wconf 91' lang='lat' dir='ltr'><strong>dum</strong></span> <span class='ocrx_word' id='word_1_569' title='bbox 2768 4780 3068 4837; x_wconf 86' lang='lat' dir='ltr'><strong>recenter</strong></span> <span class='ocrx_word' id='word_1_570' title='bbox 3111 4781 3472 4836; x_wconf 90' lang='lat' dir='ltr'><strong>consecrata</strong></span> <span class='ocrx_word' id='word_1_571' title='bbox 3517 4788 3645 4835; x_wconf 90' lang='lat' dir='ltr'><strong>non</strong></span> <span class='ocrx_word' id='word_1_572' title='bbox 3691 4766 3896 4862; x_wconf 70' lang='lat' dir='ltr'><strong>haben-</strong></span> 
     </span>
     <span class='ocr_line' id='line_1_102' title="bbox 2353 4855 3896 4927; baseline -0.003 -6"><span class='ocrx_word' id='word_1_573' title='bbox 2353 4855 2499 4925; x_wconf 71' lang='lat' dir='ltr'><strong>tur?</strong></span> <span class='ocrx_word' id='word_1_574' title='bbox 2539 4877 2617 4925; x_wconf 89' lang='lat' dir='ltr'><strong>an</strong></span> <span class='ocrx_word' id='word_1_575' title='bbox 2648 4875 2802 4924; x_wconf 78' lang='lat' dir='ltr'><strong>vero</strong></span> <span class='ocrx_word' id='word_1_576' title='bbox 2835 4858 3185 4927; x_wconf 89' lang='lat' dir='ltr'><strong>omittenda</strong></span> <span class='ocrx_word' id='word_1_577' title='bbox 3213 4857 3296 4925; x_wconf 90' lang='lat' dir='ltr'><strong>sit</strong></span> <span class='ocrx_word' id='word_1_578' title='bbox 3325 4859 3479 4926; x_wconf 87' lang='lat' dir='ltr'><strong>haec</strong></span> <span class='ocrx_word' id='word_1_579' title='bbox 3522 4860 3896 4925; x_wconf 75' lang='lat' dir='ltr'><strong>eaeremoma</strong></span> 
     </span>
     <span class='ocr_line' id='line_1_103' title="bbox 2351 4944 3893 5036; baseline -0.002 -27"><span class='ocrx_word' id='word_1_580' title='bbox 2351 4955 2416 5011; x_wconf 87' lang='lat' dir='ltr'><strong>et</strong></span> <span class='ocrx_word' id='word_1_581' title='bbox 2462 4956 2679 5035; x_wconf 88' lang='lat' dir='ltr'><strong>postea</strong></span> <span class='ocrx_word' id='word_1_582' title='bbox 2729 4945 3112 5036; x_wconf 85' lang='lat' dir='ltr'><strong>supplenda,</strong></span> <span class='ocrx_word' id='word_1_583' title='bbox 3161 4964 3361 5032; x_wconf 88' lang='lat' dir='ltr'><strong>quum</strong></span> <span class='ocrx_word' id='word_1_584' title='bbox 3414 4965 3652 5014; x_wconf 81' lang='lat' dir='ltr'><strong>novum</strong></span> <span class='ocrx_word' id='word_1_585' title='bbox 3697 4944 3893 5012; x_wconf 83' lang='lat' dir='ltr'><strong>Oleum</strong></span> 
     </span>
     <span class='ocr_line' id='line_1_104' title="bbox 2349 5031 3509 5123; baseline 0.003 -25"><span class='ocrx_word' id='word_1_586' title='bbox 2349 5043 2414 5099; x_wconf 89' lang='lat' dir='ltr'><strong>et</strong></span> <span class='ocrx_word' id='word_1_587' title='bbox 2457 5052 2695 5100; x_wconf 76' lang='lat' dir='ltr'><strong>novum</strong></span> <span class='ocrx_word' id='word_1_588' title='bbox 2743 5037 3024 5104; x_wconf 88' lang='lat' dir='ltr'><strong>chrisma</strong></span> <span class='ocrx_word' id='word_1_589' title='bbox 3070 5031 3509 5123; x_wconf 71' lang='lat' dir='ltr'><strong>recipiantur?</strong></span> 
     </span>
    </p>

    <p class='ocr_par' dir='ltr' id='par_1_21' title="bbox 2345 5119 3890 5282">
     <span class='ocr_line' id='line_1_105' title="bbox 2474 5119 3889 5215; baseline -0.004 -26"><span class='ocrx_word' id='word_1_590' title='bbox 2474 5121 2843 5192; x_wconf 82' lang='lat' dir='ltr'><strong>Huiusmodi</strong></span> <span class='ocrx_word' id='word_1_591' title='bbox 2892 5123 3101 5193; x_wconf 89' lang='lat' dir='ltr'><strong>dubiis</strong></span> <span class='ocrx_word' id='word_1_592' title='bbox 3146 5143 3266 5215; x_wconf 90' lang='lat' dir='ltr'><strong>per</strong></span> <span class='ocrx_word' id='word_1_593' title='bbox 3310 5121 3774 5212; x_wconf 80' lang='lat' dir='ltr'><strong>infrascriptum</strong></span> <span class='ocrx_word' id='word_1_594' title='bbox 3802 5119 3889 5184; x_wconf 80' lang='lat' dir='ltr'><strong>Se·</strong></span> 
     </span>
     <span class='ocr_line' id='line_1_106' title="bbox 2345 5200 3890 5282; baseline 0.001 -9"><span class='ocrx_word' id='word_1_595' title='bbox 2345 5209 2681 5276; x_wconf 81' lang='lat' dir='ltr'><strong>cnetarium</strong></span> <span class='ocrx_word' id='word_1_596' title='bbox 2733 5213 2945 5280; x_wconf 88' lang='lat' dir='ltr'><strong>relatis</strong></span> <span class='ocrx_word' id='word_1_597' title='bbox 2999 5215 3062 5281; x_wconf 91' lang='lat' dir='ltr'><strong>in</strong></span> <span class='ocrx_word' id='word_1_598' title='bbox 3118 5212 3466 5282; x_wconf 86' lang='lat' dir='ltr'><strong>Ordinariis</strong></span> <span class='ocrx_word' id='word_1_599' title='bbox 3518 5208 3791 5278; x_wconf 76' lang='lat' dir='ltr'><strong>comitiis</strong></span> <span class='ocrx_word' id='word_1_600' title='bbox 3829 5200 3890 5269; x_wconf 78' lang='lat' dir='ltr'><strong>td</strong></span> 
     </span>
    </p>
   </div>
   <div class='ocr_carea' id='block_1_11' title="bbox 795 5289 3888 5388">
    <p class='ocr_par' dir='ltr' id='par_1_22' title="bbox 795 5289 3888 5388">
     <span class='ocr_line' id='line_1_107' title="bbox 795 5289 3888 5388; baseline 0 -32"><span class='ocrx_word' id='word_1_601' title='bbox 795 5289 1289 5358; x_wconf 87' lang='lat' dir='ltr'><strong>Perdurantibus</strong></span> <span class='ocrx_word' id='word_1_602' title='bbox 1333 5291 1489 5360; x_wconf 87' lang='lat' dir='ltr'><strong>belli</strong></span> <span class='ocrx_word' id='word_1_603' title='bbox 1536 5291 1734 5359; x_wconf 83' lang='lat' dir='ltr'><strong>civilis</strong></span> <span class='ocrx_word' id='word_1_604' title='bbox 1782 5294 2241 5362; x_wconf 87' lang='lat' dir='ltr'><strong>calamitatibus</strong></span> <span class='ocrx_word' id='word_1_605' title='bbox 2342 5295 2708 5364; x_wconf 78' lang='lat' dir='ltr'><strong>Vaticanum</strong></span> <span class='ocrx_word' id='word_1_606' title='bbox 2770 5299 2996 5367; x_wconf 88' lang='lat' dir='ltr'><strong>habitis</strong></span> <span class='ocrx_word' id='word_1_607' title='bbox 3053 5301 3276 5388; x_wconf 89' lang='lat' dir='ltr'><strong>quinto</strong></span> <span class='ocrx_word' id='word_1_608' title='bbox 3333 5301 3479 5370; x_wconf 82' lang='lat' dir='ltr'><strong>Idus</strong></span> <span class='ocrx_word' id='word_1_609' title='bbox 3530 5298 3725 5365; x_wconf 64' lang='lat' dir='ltr'><strong>Martii</strong></span> <span class='ocrx_word' id='word_1_610' title='bbox 3774 5310 3888 5360; x_wconf 79' lang='lat' dir='ltr'><strong>ver·</strong></span> 
     </span>
    </p>
   </div>
   <div class='ocr_carea' id='block_1_12' title="bbox 661 5376 2239 5467">
    <p class='ocr_par' dir='ltr' id='par_1_23' title="bbox 661 5376 2239 5467">
     <span class='ocr_line' id='line_1_108' title="bbox 661 5376 2239 5467; baseline 0.002 -21"><span class='ocrx_word' id='word_1_611' title='bbox 661 5376 729 5446; x_wconf 88' lang='lat' dir='ltr'><strong>in</strong></span> <span class='ocrx_word' id='word_1_612' title='bbox 772 5382 995 5467; x_wconf 84' lang='lat' dir='ltr'><strong>Regno</strong></span> <span class='ocrx_word' id='word_1_613' title='bbox 1037 5378 1495 5465; x_wconf 79' lang='lat' dir='ltr'><strong>Hispaniarum,</strong></span> <span class='ocrx_word' id='word_1_614' title='bbox 1543 5378 1771 5447; x_wconf 89' lang='lat' dir='ltr'><strong>accidit</strong></span> <span class='ocrx_word' id='word_1_615' title='bbox 1806 5391 1877 5446; x_wconf 91' lang='lat' dir='ltr'><strong>ut</strong></span> <span class='ocrx_word' id='word_1_616' title='bbox 1912 5387 2239 5451; x_wconf 80' lang='lat' dir='ltr'><strong>Reveren-</strong></span> 
     </span>
    </p>
   </div>
   <div class='ocr_carea' id='block_1_13' title="bbox 2345 5379 3887 5469">
    <p class='ocr_par' dir='ltr' id='par_1_24' title="bbox 2345 5379 3887 5469">
     <span class='ocr_line' id='line_1_109' title="bbox 2345 5379 3887 5469; baseline 0.001 -20"><span class='ocrx_word' id='word_1_617' title='bbox 2345 5382 2534 5449; x_wconf 87' lang='lat' dir='ltr'><strong>tentis</strong></span> <span class='ocrx_word' id='word_1_618' title='bbox 2593 5385 2763 5469; x_wconf 88' lang='lat' dir='ltr'><strong>anni,</strong></span> <span class='ocrx_word' id='word_1_619' title='bbox 2825 5387 3322 5456; x_wconf 57' lang='lat' dir='ltr'><strong>[eminentissimi</strong></span> <span class='ocrx_word' id='word_1_620' title='bbox 3385 5398 3449 5457; x_wconf 87' lang='lat' dir='ltr'><strong>et</strong></span> <span class='ocrx_word' id='word_1_621' title='bbox 3500 5379 3887 5456; x_wconf 75' lang='lat' dir='ltr'><strong>Reverendis·</strong></span> 
     </span>
    </p>
   </div>
  </div>
 </body>
</html>
