4042 5950
1570 242 1874 322 —261
1937 288 2041 303 —

151 395 403 461 Sacram
450 393 711 461 Rituum
737 396 1320 483 congregationem
1357 397 1735 468 humillimis

148 481 306 548 datis
355 481 659 570 precibus
704 486 986 572 supplex
1029 484 1263 570 adivit,
1312 505 1381 552 ac
1429 486 1594 553 circa
1643 487 1734 553 in-

145 569 486 656 sequentia
551 571 742 639 dubia
813 582 1203 662 opportunas
1272 574 1732 642 declarationes

145 660 334 725 enixe
386 659 804 748 efflagitavit3
853 662 1200 728 nimirum:

275 750 338 814 1.
391 750 603 826 Quum
650 747 846 834 aliqui
890 751 1259 818 conventus
1308 751 1602 819 Etruriae
1633 751 1733 817 Ti-

145 834 426 902 tularem
498 837 770 905 habeant
846 841 1150 906 Sanctum
1215 841 1554 927 Martyrem
1625 840 1729 906 vel

141 924 593 991 confessorem
655 925 762 991 vel
808 925 1140 1013 Virginem
1195 944 1343 994 cum
1402 926 1619 995 Officio
1667 938 1731 994 et

141 1011 317 1078 Missa
364 1013 654 1100 propria,
705 1022 771 1078 et
822 1014 888 1080 in
935 1014 1045 1081 die
1093 1025 1307 1082 octava
1355 1017 1730 1084 desideren-

142 1112 245 1167 tur
273 1101 620 1168 Lectiones
649 1102 916 1169 secundi
951 1113 1017 1175 et
1051 1104 1222 1170 tertii
1245 1105 1552 1171 Nocturni
1585 1123 1730 1192 pro-

137 1188 355 1277 priae3
409 1190 781 1274 quaeritur:
833 1193 928 1257 An
974 1190 995 1257 i
1076 1212 1109 1257 a
1138 1192 1243 1259 die
1275 1202 1490 1260 octava
1526 1192 1732 1259 omnia

138 1278 544 1346 desumenda
598 1278 725 1345 sint
788 1278 864 1345 ab
918 1282 967 1347 Ο
1037 1281 1134 1348 cio
1180 1279 1310 1348 diei
1370 1285 1569 1359 Festi3
1618 1281 1724 1346 vel

137 1365 360 1520 potius)
383 1366 726 1433 Lectiones
757 1367 931 1456 ipsae
956 1388 1096 1435 esse
1130 1368 1405 1436 debeant
1429 1369 1513 1436 de
1545 1373 1730 1438 com-

139 1474 313 1521 mum

264 1546 335 1609 2.
389 1543 606 1630 Aliqui
677 1543 886 1612 Sancti
956 1544 1191 1612 babent
1246 1546 1312 1611 in
1364 1544 1556 1613 tertio
1602 1547 1724 1611 No-

139 1644 366 1699 cturno
419 1632 754 1700 Lectiones
799 1633 1087 1788 prqprias
1112 1681 1131 1718 ,
1178 1633 1291 1701 sed
1339 1633 1404 1700 in
1448 1636 1725 1721 particu-

139 1720 377 1788 laribus
426 1720 716 1788 Rubricis
743 1739 872 1788 non
950 1721 1136 1789 icitur
1177 1741 1254 1787 an
1300 1740 1461 1788 nona
1507 1722 1724 1790 Lectio

138 1809 586 1898 coniungenda
651 1808 732 1874 sit
801 1829 950 1876 cum
1021 1820 1274 1894 octava,
1346 1818 1724 1879 occurrente

137 1898 413 1964 Romilia
454 1895 751 1983 vigiliae,
786 1898 1006 1965 Feriae
1051 1899 1155 1965 vel
1196 1898 1582 1985 Dominicae,
1617 1907 1725 1965 aut

139 1986 324 2053 etiam
373 1986 679 2053 Lectione
725 1987 933 2054 Sancti
963 1986 1303 2076 simplicis;
1354 1986 1501 2055 hinc
1533 2007 1724 2074 quae-

138 2076 424 2228 marvan
469 2074 839 2141 huiusmodi
903 2076 1052 2143 unio
1098 2095 1360 2164 semper
1421 2074 1563 2143 fleri
1611 2077 1722 2143 de-

137 2165 278 2231 beat
387 2207 398 2223 .

262 2256 328 2319 3.
388 2255 549 2317 Dum
579 2252 1124 2320 Hebdomadarius
1169 2253 1234 2320 in
1264 2254 1475 2322 Choro
1506 2254 1721 2342 pergit

137 2340 208 2407 ad
257 2339 609 2426 legendam
639 2340 976 2408 Homiliam
1007 2342 1143 2408 sive
1180 2342 1514 2410 Lectiones
1547 2341 1719 2409 tertii

137 2429 484 2512 Nocturni,
534 2428 731 2495 debet
776 2448 860 2497 ne
904 2431 979 2497 ad
1029 2429 1448 2518 Evangelium
1495 2440 1718 2497 tenere

137 2536 355 2585 manns
391 2535 588 2605 super
617 2517 1050 2600 Breviarium;
1092 2519 1196 2586 vel
1232 2520 1442 2607 potius
1475 2518 1718 2586 iunctas

137 2616 274 2672 ante
320 2602 603 2694 pectus?

261 2699 327 2762 4.
386 2699 484 2760 An
529 2693 595 2759 in
644 2693 919 2762 lectione
988 2696 1416 2784 Martyrologii
1474 2712 1715 2763 annun-

139 2783 350 2852 cianda
399 2782 525 2849 sint
569 2781 779 2850 Officia
822 2784 1032 2852 votiva
1076 2785 1497 2873 persolvenda
1552 2783 1717 2851 inse·

136 2871 480 2958 quentibus
525 2867 802 2937 diebus?

258 2967 323 3030 ὅ.
381 2960 478 3028 An
508 2958 665 3026 item
711 2961 1144 3032 annuncianda
1182 2961 1307 3030 sint
1337 2962 1546 3032 Officia
1593 2981 1713 3052 per

134 3050 424 3118 accidens
471 3046 815 3115 translata?

254 3142 318 3205 6.
377 3140 609 3205 Utrum
641 3137 1159 3206 Sanctimoniales
1189 3139 1436 3207 Ordinis
1468 3144 1550 3208 ca
1599 3161 1707 3208 uc·

135 3226 462 3311 cinerum,
524 3243 686 3309 quae
754 3226 1004 3294 Ordinis
1072 3226 1266 3315 ipsius
1336 3229 1528 3295 calen
1577 3229 1705 3295 ario

133 3323 438 3400 utuntur,
499 3313 744 3401 possint
813 3315 1115 3381 omittere
1180 3313 1388 3383 Officia
1453 3316 1709 3405 propria

131 3404 375 3472 Ordinis
419 3414 492 3470 ut
534 3403 904 3488 persolvant
948 3402 1155 3471 Officia
1202 3404 1554 3491 Dioecesis,
1603 3412 1710 3471 aut

132 3491 265 3559 vice
307 3489 546 3558 versa?
1515 3527 1518 3532 ·

254 3579 757 3648 Eminentissimi
802 3600 871 3646 ac
918 3579 1453 3648 Reverendissimi
1493 3586 1707 3648 Patres

132 3670 327 3737 Sacris
374 3668 633 3736 tuendis
680 3667 925 3737 Ritibus
982 3669 1367 3758 praepositi,
1417 3670 1481 3736 in
1525 3668 1703 3737 Ordi-

132 3758 312 3825 nariis
361 3756 643 3826 comitiis
689 3759 768 3826 ad
812 3758 1129 3836 Quirinale
1195 3756 1553 3846 subsignata
1600 3759 1703 3825 die

131 3846 499 3932 coadunati,
549 3846 841 3913 omnibus
908 3859 1156 3914 mature
1200 3846 1577 3935 perpensis,
1626 3846 1702 3913 ad

133 3935 503 4003 relationem
533 3933 917 4022 infrascripti
954 3933 1314 4020 secretarii,
1347 3935 1702 4002 rescriben-

131 4022 280 4091 dum
329 4032 757 4091 censuerunt:

251 4113 348 4180 Ad
402 4115 462 4178 1.
514 4133 553 4176 ‹
583 4112 917 4179 Lectiones
960 4112 1225 4180 secundi
1273 4124 1337 4179 et
1376 4111 1545 4179 tertii
1577 4116 1703 4180 No-

132 4201 333 4268 cturni
380 4200 447 4267 in
472 4219 619 4267 casu
649 4199 1069 4267 desumantur
1102 4219 1183 4266 ex
1212 4201 1535 4268 octavario
1580 4204 1701 4268 Ro·

132 4307 310 4357 mano
345 4311 406 4357 »-

249 4378 346 4446 Ad
393 4381 463 4444 Ξ.
520 4398 558 4442 ‹
591 4376 839 4445 Debent
873 4378 1050 4465 iungi
1081 4378 1131 4444 si
1165 4377 1288 4444 sint
1319 4377 1695 4466 historicae;

128 4486 332 4551 secus,
381 4473 646 4554 possunt
695 4465 1178 4534 convenientius
1210 4485 1272 4531 ».

249 4556 346 4623 Ad
391 4559 460 4622 3.
511 4574 548 4618 α
583 4554 679 4621 Ad
728 4554 980 4622 libitum
1027 4554 1508 4622 Hebdomadarii
1541 4575 1603 4622 ».

251 4644 347 4711 Ad
397 4645 458 4708 4.
513 4663 552 4706 ‹
584 4641 1011 4728 Affirmative,
1059 4643 1234 4710 iuxta
1287 4642 1585 4711 Rubricas
1634 4654 1699 4709 et

129 4730 269 4798 alias
316 4732 578 4799 decreta
610 4752 676 4797 ι.

247 4819 343 4887 Ad
394 4823 460 4884 5.
510 4840 548 4884 ι
581 4823 664 4887 Ut
709 4818 786 4886 ad
833 4818 1200 4907 proximum
1232 4841 1299 4887 ».

247 4909 344 4977 Ad
392 4911 456 4974 6.
506 4929 544 4973 ‹
578 4911 756 4976 quta
787 4912 936 4977 alias
966 4912 1258 4991 Decreta,
1287 4917 1547 4997 praeter
1589 4907 1690 4977 Οἱ-

127 4996 255 5063 ficia
313 4996 561 5063 Patroni
619 4995 988 5086 principalis
1036 4998 1154 5064 loci
1213 5007 1399 5085 atque
1461 4998 1690 5065 Titula-

129 5087 204 5148 ris
263 5095 327 5152 et
389 5083 817 5152 Dedicationis
879 5087 1198 5153 Ecclesiae
1261 5085 1692 5170 cathedralis,

129 5191 243 5240 non
275 5172 483 5241 teneri
516 5173 631 5239 nisi
665 5173 742 5240 ad
789 5175 1025 5260 Officia,
1061 5193 1224 5260 quae
1270 5173 1516 5242 indulta
1547 5184 1695 5241 sunt

126 5262 367 5352 utrique
414 5263 636 5342 Clero;
677 5282 796 5331 nec
844 5262 1109 5347 debere,
1160 5264 1367 5350 quoad
1415 5262 1554 5347 alia,
1599 5262 1695 5329 di-

127 5351 374 5420 mittere
396 5352 843 5420 Calendarium
865 5350 1140 5438 ordinis,
1167 5371 1294 5439 quo
1327 5362 1595 5419 utuntur
1621 5371 1684 5415 ν.

1962 405 2174 489 Atque
2234 402 2319 469 ita
2374 404 2840 493 rescripserunt
2901 427 2973 474 ac
3034 407 3424 476 servandum

1837 491 2242 559 mandarunt.
2289 492 2403 560 Die
2450 496 2492 561 8
2537 495 2807 582 Augusti
2859 499 3054 564 1835.

1837 653 2092 723 2736.
2433 657 2816 723 GASALEN.

2058 794 2440 861 Beatissimo
2484 790 2706 857 Pater.

3192 653 3418 743 (aves)

1967 933 2064 1000 Ad
2095 932 2297 1019 pedes
2320 933 2678 1000 sanctitatis
2704 938 2872 1000 Tuae
2905 934 3242 1003 humiliter
3271 957 3422 1024 pro-

1835 1021 2039 1088 voluti
2093 1021 2492 1107 Praepositus
2554 1032 2621 1089 et
2663 1021 2961 1090 canonici
3028 1025 3420 1113 collegiatae

1836 1109 2100 1197 insignis
2145 1111 2407 1175 Sanctae
2453 1109 2679 1177 Mariae
2718 1112 2930 1177 Novae
2959 1112 3191 1198 Oppidi
3225 1115 3420 1202 vulgo

1834 1201 1931 1264 Lu
1987 1196 2337 1265 casalensis
2386 1197 2727 1282 Dioecesis,
2771 1198 3174 1266 devotissime
3222 1218 3419 1289 expo-

1833 1298 1994 1353 nunt
2048 1307 2081 1351 a
2131 1299 2429 1373 suprema
2483 1285 2878 1373 benignitate
2930 1288 3260 1355 Benedicti
3311 1293 3417 1356 Pa-

1831 1391 1953 1460 pae
2013 1376 2152 1441 XlV
2208 1374 2326 1441 fel.
2389 1393 2520 1440 rec.
2583 1372 3093 1441 Praedecessoris
3146 1377 3261 1443 Tui
3320 1376 3416 1445 in-

1831 1463 2085 1530 dultum
2140 1461 2489 1529 obtinuisse
2536 1461 2853 1529 vestiendi
2909 1463 2975 1530 in
3027 1462 3416 1549 quibuslibet

1830 1549 2266 1617 functionibus
2297 1567 2642 1638 capparum
2668 1549 2934 1637 insignia
2967 1550 3267 1619 ormesini
3291 1552 3419 1619 vio-

1831 1639 1989 1706 lacei
2050 1638 2307 1722 coloris,
2355 1648 2426 1704 ut
2473 1658 2550 1705 ex
2600 1639 2779 1706 Bulla
2825 1642 2878 1706 V
2924 1640 3231 1707 Calendas
3276 1639 3414 1707 Maii

1829 1730 2305 1795 MDCCXLVIII.
2976 1738 2983 1747 ‘

1959 1819 2071 1882 Ast
2104 1816 2251 1903 (qua
2283 1816 2366 1881 de
2392 1834 2572 1881 causa
2597 1813 2908 1902 nescitur)
2934 1814 3230 1883 canonici
3257 1823 3409 1884 tunc

1829 1904 2138 1993 temporis
2186 1903 2327 1970 loco
2375 1903 2675 1969 ormesini
2715 1903 2979 1970 violacei
3028 1904 3283 1988 coloris,
3317 1923 3411 1971 se-

1826 1992 1959 2058 rico
2008 1992 2239 2059 coloris
2273 1991 2620 2075 cremisini,
2655 1992 2731 2059 ad
2765 1991 2961 2057 instar
2991 1992 3408 2079 cathedralis,

1825 2080 1923 2148 usi
1967 2090 2143 2165 sunt,
2194 2080 2388 2167 idque
2434 2090 2772 2147 servarunt
2816 2098 3021 2165 usque
3055 2080 3119 2147 in
3153 2078 3411 2147 hodier-

1827 2187 1982 2235 num
2030 2169 2244 2248 diem;
2294 2178 2484 2255 atque
2531 2169 2621 2235 sic
2669 2167 2871 2236 induti
2927 2167 3171 2256 pluries
3215 2167 3410 2234 adsti-

1823 2266 2088 2340 terunt,
2143 2270 2265 2323 tam
2309 2275 2525 2323 coram
2570 2256 2886 2344 Episcopo
2955 2274 3145 2341 quam
3192 2273 3407 2322 coram

1823 2345 2151 2413 Canonicis
2181 2344 2602 2430 cathedralis,
2637 2343 2894 2412 nemine
2927 2344 3408 2411 contradicente

1821 2445 1930 2501 aut
1980 2434 2425 2524 impugnante.

1894 2588 1898 2593 .
1952 2523 2301 2589 Occasione·
2314 2541 2471 2589 vero
2496 2516 2825 2610 pastoralis
2844 2518 3218 2588 visitationis
3241 2539 3404 2589 anno

1822 2611 2038 2698 elapso
2084 2620 2403 2698 peractae,
2436 2610 2729 2678 canonici
2761 2608 3155 2678 Cathedralis
3185 2626 3403 2676 recur-

1819 2718 1962 2765 sum
2033 2708 2463 2788 porrexerunt
2508 2699 2823 2786 Episcopo
2893 2707 3037 2764 actu
3084 2696 3399 2765 visitanti:

1819 2806 1945 2873 quo
2017 2788 2280 2853 istanter
2345 2787 2709 2874 petierunt,
2773 2796 2847 2854 ut
2906 2784 3201 2852 canonici
3252 2804 3400 2875 per·

1817 2875 2212 2964 stringantur
2256 2876 2333 2943 ad
2380 2875 2695 2942 utendum
2744 2875 2958 2943 colore
3004 2874 3290 2941 violaceo
3336 2872 3403 2941 in

1816 2964 1994 3031 Bulla
2054 2962 2473 3032 concessionis
2528 2964 2810 3052 signato,
2869 2973 2934 3031 et
2987 2962 3399 3032 cremisinum

1817 3053 2302 3141 deponendum.

1943 3141 2238 3222 Quamvis
2283 3139 2576 3208 canonici
2636 3139 3022 3227 collegiatae
3088 3139 3399 3228 praescri-

1812 3230 2103 3315 ptionem
2150 3228 2226 3295 ab
2264 3228 2750 3296 immemorabili
2782 3229 3062 3315 allegare
3108 3237 3392 3314 possent,

1813 3327 2092 3385 attamen
2125 3317 2325 3405 iurgia
2356 3317 2642 3384 devitare
2673 3317 3007 3404 cupientes
3037 3317 3207 3403 apud
3242 3318 3393 3385 San-

1813 3405 2101 3472 ctitatem
2147 3409 2342 3473 Tuam
2402 3405 2780 3492 suppliciter
2826 3404 3274 3493 expostulant,
3323 3412 3395 3470 ut

1813 3495 1954 3560 loco
1986 3493 2285 3561 ormesini
2319 3493 2587 3560 violacei
2618 3492 2874 3575 coloris,
2908 3491 3192 3559 colorem
3235 3511 3391 3595 pur-

1809 3600 2114 3668 pureum,
2150 3594 2221 3649 ut
2264 3601 2346 3648 ex
2393 3582 2572 3669 signo
2620 3583 2722 3651 hic
2767 3580 3077 3669 apposito,
3112 3582 3389 3671 bemgne

1812 3671 2194 3760 permittere
2257 3670 2579 3758 digneris,
2638 3668 3182 3758 quemadmodum
3243 3688 3391 3737 con-

1808 3759 2076 3846 spicitur
2121 3757 2261 3825 fieri
2308 3758 2371 3826 in
2418 3758 2709 3846 pluribus
2754 3756 3260 3826 Pedemontanae
3289 3757 3391 3825 Di-

1811 3846 1995 3913 tionis
2063 3847 2464 3935 collegiatis,
2542 3847 2856 3935 Episcopo
2931 3855 2997 3913 et
3063 3845 3392 3913 canonicis

1809 3935 2202 4003 Catbedralis
2248 3934 2815 4003 consentientibus·

1938 4024 2312 4092 Huiusmodi
2361 4024 2659 4122 precibus
2706 4021 2783 4090 ab
2829 4022 3228 4110 infrascripto
3275 4024 3384 4089 Se-

1807 4111 2076 4180 cretario
2125 4113 2340 4179 relatis
2371 4130 2435 4177 tn
2470 4110 2810 4179 ordinariis
2841 4109 3126 4179 comitiis
3161 4113 3386 4177 Sacrae

1805 4202 2065 4269 Rituum
2097 4198 2617 4301 congregationis
2659 4198 2735 4267 ad
2767 4198 3085 4277 Quirinale
3132 4197 3386 4265 hodier-

1803 4309 1878 4356 na
1925 4290 2031 4357 die
2078 4290 2344 4369 habit1s;
2401 4285 2895 4355 Eminentissimi
2945 4297 3010 4353 et
3055 4289 3380 4354 Reveren-

1804 4377 2043 4446 dissimi
2090 4382 2300 4445 Patres
2346 4375 2544 4445 Sacris
2595 4375 2846 4443 tuendis
2902 4375 3147 4442 Ritibus
3205 4392 3385 4461 prae-

1805 4465 2018 4553 positi,
2070 4464 2550 4534 rescribendum
2598 4475 3022 4532 censuerunt:
3082 4484 3120 4528 (
3154 4465 3385 4531 Serve·

1806 4565 1909 4621 tur
1942 4555 2268 4643 dispositio
2300 4552 2519 4620 Brevis
2565 4575 2617 4621 s.
2654 4573 2741 4620 m.
2779 4552 3106 4621 Benedicti
3141 4552 3280 4619 xtv
3313 4572 3376 4616 ι.

1802 4642 1915 4709 Die
1961 4650 2003 4712 8
2050 4643 2320 4730 Augusti
2373 4644 2562 4711 1835.

1802 4785 2042 4853 2737.
2376 4785 2795 4851 HIERACEN.
3152 4779 3379 4869 (4774)

1928 4905 2226 4974 Precibus
2273 4905 2629 4972 Sacerdotis
2674 4903 2875 4972 lacobi
2935 4903 3211 4971 Barillon
3273 4922 3378 4970 ex·

1800 4994 2112 5082 quirentis
2181 5004 2250 5060 ut
2297 5015 2330 5060 a
2387 4994 2574 5060 clero
2640 4991 3121 5061 communitatis
3177 4989 3380 5078 vulgo

1801 5087 1992 5151 Serra
2051 5082 2370 5149 Dioecesis
2423 5081 2792 5166 Hieracem,
2843 5080 3021 5148 cuius
3080 5080 3216 5169 ipse
3278 5091 3376 5147 est

1799 5176 2196 5253 Procurator,
2230 5168 2579 5237 continuari
2611 5169 2817 5236 valeat
2864 5188 3015 5237 usus
3054 5187 3371 5236 sacrarum

1797 5259 2297 5351 supellectilium
2344 5279 2422 5325 ex
2468 5258 2769 5347 gossypio
2801 5258 3277 5343 confectarum;

1928 5350 2113 5417 Sacra
2155 5347 2416 5416 Rituum
2460 5346 2907 5436 congregatio,
2944 5346 3010 5413 in
3038 5344 3366 5415 ordinario
