4042 5950
1573 250 1876 328 —431
1941 291 2046 308 --

293 411 566 480 Dubium
598 413 701 479 IV.
753 412 945 496 Num,
980 419 1218 477 attenta
1251 405 1748 491 consuetudine,

154 500 513 584 Canonicis,
577 497 1051 567 celebrantibus
1097 498 1201 565 vel
1247 496 1487 566 Archie
1533 494 1749 582 iscopo

152 587 692 668 ministrantibus,
742 587 929 654 liceat
973 586 1205 654 sedere
1249 586 1316 652 in
1349 585 1498 653 Sedi
1547 604 1622 651 us
1653 603 1752 649 ca-

154 672 564 744 moralibus?

291 764 566 832 Dubium
615 768 692 833 V.
743 763 1044 852 Exceptis
1088 761 1467 849 Presbytero
1513 771 1577 827 et
1616 759 1752 827 Dia-

155 852 427 920 conibns
484 850 947 935 assistentibus,
1010 852 1209 919 ceteri
1264 847 1561 919 canonici
1625 865 1755 914 non

153 950 489 1007 assumunt
532 961 703 1007 sacra
749 950 1120 1029 paramenta
1166 954 1367 1025 quum
1424 934 1755 1024 Arcbiepi·

151 1047 393 1115 scopus
450 1029 829 1098 solemniter
887 1027 1208 1110 celebrat,
1258 1026 1359 1093 vel
1410 1024 1558 1092 facit
1616 1024 1753 1091 illas

153 1115 527 1185 functiones
595 1115 659 1184 in
717 1114 949 1204 quibus
1007 1114 1071 1183 id
1133 1123 1453 1204 praestare
1516 1112 1754 1180 debent

154 1223 385 1272 omnes
443 1203 795 1292 Dignitates
856 1214 921 1271 et
978 1201 1302 1273 canonici.
1359 1200 1515 1269 Hinc
1562 1218 1753 1286 quae-

154 1292 365 1360 ritur:
398 1294 565 1360 Num
601 1293 858 1360 tolerari
890 1292 1089 1381 possit
1107 1293 1270 1360 baec
1314 1285 1758 1358 consuetudo?

295 1380 570 1448 Dubium
617 1384 719 1449 Vl.
769 1382 977 1459 Quum
1024 1379 1259 1448 concio
1321 1376 1592 1445 habetur
1651 1396 1754 1443 cn-

156 1487 302 1535 ram
344 1469 868 1557 Archiepiscopo,
919 1467 1327 1535 concionator
1370 1465 1616 1532 nuntiat
1661 1468 1756 1531 ln-

156 1557 552 1642 dulgentias,
604 1557 828 1623 omissa
875 1556 1272 1623 confessione
1308 1563 1374 1621 et
1404 1552 1540 1619 aliis
1574 1572 1756 1642 prae-

155 1644 416 1731 scriptis
486 1647 550 1711 in
617 1643 1070 1713 caeremoniali
1119 1642 1607 1731 Episcoporum.
1659 1645 1757 1707 ln-

157 1753 366 1821 super
411 1734 474 1800 in
523 1732 650 1800 fine
693 1733 940 1816 missae,
977 1750 1175 1818 quum
1222 1731 1757 1818 Archiepiscopus
1841 1799 1854 1814 ,

156 1820 489 1890 benedicit
596 1823 828 1910 opulo,
877 1839 1005 1886 non
1063 1821 1401 1906 Presbyter
1466 1815 1759 1883 assistens

157 1909 283 1977 sed
332 1841 760 1997 cappei'tanus
809 1919 977 1976 cotta
1029 1908 1290 1975 indutus
1336 1905 1617 1995 publicat
1662 1909 1758 1971 ln·

157 1998 559 2087 dulgentias.
608 1996 982 2077 Quaeritur:
1031 1999 1196 2063 Num
1245 1994 1555 2063 recensita
1608 2012 1757 2060 con·

156 2085 444 2154 suetudo
489 2084 799 2154 servanda
844 2082 981 2152 sit?

299 2173 576 2244 Dubium
623 2177 754 2242 Vll.
790 2175 1046 2240 Attenta
1078 2171 1570 2253 consuetudine,
1621 2188 1736 2259 pos

158 2275 317 2330 sunt
374 2281 458 2329 ne
510 2261 846 2346 canonici,
906 2262 1060 2328 licet
1124 2260 1330 2330 officio
1398 2259 1756 2347 Presbyteri

158 2350 513 2417 assistentis
558 2369 686 2417 non
729 2349 1099 2437 fungantur,
1136 2362 1271 2416 tum
1302 2347 1368 2416 in
1396 2346 1754 2416 cathedrali

160 2449 307 2507 tum
355 2448 533 2505 extra
578 2458 648 2505 ac
698 2438 886 2504 etiam
934 2446 1270 2525 praesente
1319 2435 1757 2589 Arcbiepisco-

159 2547 277 2615 po,
327 2526 712 2594 concionem
760 2525 971 2594 lacere
1017 2526 1282 2614 pluviali
1330 2523 1538 2591 induti

301 2613 579 2682 Dubium
627 2616 787 2692 vm.
835 2617 933 2681 An
978 2614 1087 2702 qui
1134 2623 1341 2682 cantat
1392 2610 1762 2700 Prophetias

159 2702 396 2793 possit,
431 2702 493 2768 vi
526 2703 1037 2788 consuetudinis,
1073 2722 1180 2772 eas
1224 2701 1618 2788 relinquere,
1651 2700 1759 2765 vix

160 2815 196 2859 a
245 2789 629 2859 celebrante
677 2809 895 2868 earum
944 2791 1136 2859 lectio
1182 2791 1466 2859 absoluta
1512 2785 1646 2855 sit?

301 2879 579 2946 Dubium
624 2881 729 2946 IX.
781 2883 878 2946 An
925 2879 1036 2947 ubi
1096 2878 1273 2968 viget
1332 2876 1755 2960 consuetudo,

163 2969 356 3038 liceat
386 2966 687 3056 Baptismi
720 2969 1199 3036 Sacramentum
1244 2964 1621 3045 solemniter
1651 2963 1759 3033 ad·

160 3057 530 3125 ministrare
576 3056 640 3122 in
685 3057 973 3124 Sacristia
1021 3055 1413 3125 cathedralis
1437 3051 1471 3121 ’ἓ

303 3142 581 3214 Dubium
627 3147 706 3213 X.
758 3146 948 3231 Num,
983 3155 1219 3212 attenta
1264 3143 1756 3227 consuetudine,

162 3232 498 3319 Canonici,
546 3233 655 3321 qui
689 3233 753 3299 in
784 3233 1293 3301 solemnitatibus
1333 3234 1758 3321 vesperarum

163 3319 763 3406 officium-iaciunt,
813 3322 1059 3409 possint
1093 3332 1363 3387 'manere
1424 3318 1486 3387 in
1545 3318 1759 3386 habitu

164 3409 410 3477 chorali
461 3427 665 3497 usque
709 3411 787 3477 ad
836 3409 1235 3510 Capitulum,
1287 3419 1351 3474 et
1411 3418 1565 3474 tunc
1626 3418 1761 3475 tan-

165 3511 313 3567 tum
373 3517 696 3565 assumere
759 3494 1095 3587 pluv1ale?
1137 3501 1341 3565 Item:
1406 3500 1504 3564 An
1573 3496 1761 3565 liceat

167 3586 328 3675 ipsis
376 3585 439 3652 in
470 3585 685 3653 Officio
731 3586 998 3654 solemni
1047 3585 1332 3653 matutini
1379 3595 1445 3654 et
1473 3585 1760 3653 Laudum

162 3691 500 3828 nunqua?
546 3693 616 3740 se
661 3674 930 3761 pluviali
987 3674 1256 3742 induere
1312 3684 1376 3741 et
1435 3673 1764 3753 incensare

170 3764 392 3829 Altare

304 3847 578 3918 Dubium
610 3855 716 3920 XI.
757 3855 853 3919 An
887 3850 1215 3919 toleranda
1248 3850 1328 3916 sit
1361 3849 1761 3918 consuetudo

166 3937 633 4007 Canonicorum
681 3939 1081 4027 aliorumque
1115 3939 1180 4005 in
1209 3940 1417 4006 choro
1462 3957 1762 4026 praesen-

170 4029 337 4094 tium
382 4046 710 4114 nunquam
756 4027 1168 4116 cooperiendi
1217 4038 1406 4117 caput
1452 4029 1607 4095 dum
1669 4028 1763 4095 di-

169 4114 318 4183 vina
362 4115 571 4183 Officia
618 4113 1065 4206 peraguntur?

307 4203 577 4271 Dubium
624 4207 760 4273 ΧΠ.
808 4205 932 4287 An,
979 4202 1042 4270 vi
1090 4215 1362 4272 assertae
1419 4216 1762 4275 consuetu·

169 4291 380 4375 dinis,
444 4293 640 4380 possit
709 4292 1149 4378 unusquisque
1218 4294 1569 4361 canonicus
1637 4294 1764 4360 sin-

171 4379 446 4469 gillatim
495 4380 589 4448 uti
635 4399 829 4469 cappa
877 4391 942 4446 et
988 4391 1343 4466 mozzetta,
1393 4392 1524 4449 tum
1582 4394 1762 4448 extra

171 4469 722 4557 Metropolitanam
759 4483 894 4534 tum
930 4470 1116 4536 etiam
1154 4481 1329 4537 extra
1360 4467 1768 4539 Dioecesim‘?

309 4557 584 4625 Dubium
631 4561 792 4627 xm.
850 4560 1082 4625 Utrum
1140 4552 1294 4624 ferri
1353 4559 1551 4647 possit
1618 4578 1767 4625 con-

172 4646 452 4714 suetudo
498 4645 783 4734 plurium
829 4643 1259 4712 Ecclesiarum
1305 4647 1493 4715 buius
1545 4645 1768 4714 Archi-

173 4734 590 4820 dioeceseos‚
640 4745 706 4801 et
751 4734 1127 4820 praesertim
1170 4735 1625 4822 Regularium,
1673 4755 1765 4801 as·

173 4822 470 4890 servandi
516 4822 982 4891 sanctissimam
1027 4821 1483 4892 Eucharistiam
1518 4825 1579 4891 iu
1613 4824 1769 4890 duo-

176 4911 294 4979 bus
355 4921 461 4978 aut
518 4912 720 4978 tribus
781 4908 1141 4989 Altaribus3
1193 4922 1259 4977 et
1310 4930 1764 4999 nonnunquam

173 4999 508 5067 occasione
552 4997 971 5067 novemdialis
1014 5012 1124 5067 aut
1167 4999 1435 5068 alicuius
1496 5000 1762 5067 Festivi·

176 5089 320 5155 tatis
368 5088 787 5156 transferendi
834 5088 1025 5155 etiam
1074 5089 1136 5156 in
1185 5089 1355 5157 aliud
1403 5090 1619 5156 Altare
1672 5087 1767 5155 di-

176 5196 439 5331 versum
485 5175 564 5244 ab
608 5175 758 5262 illis,
808 5177 873 5243 in
919 5177 1149 5263 quibus
1199 5177 1520 5245 ordinarie
1568 5195 1766 5244 asser-

180 5280 367 5334 vatur

310 5351 584 5422 Dubium
628 5356 794 5422 XlV.
844 5356 1069 5423 Utrum
1116 5355 1423 5422 servanda
1470 5353 1550 5422 sit
1615 5374 1764 5422 con-

1855 406 2131 474 suetudo
2180 404 2543 493 exponendi
2590 404 2881 495 publicae
2915 399 3445 472 adorationi‘San·

1860 492 2213 560 ctissimum
2258 496 2772 577 Sacramentum,
2823 503 2959 560 tum
3022 489 3083 559 in
3149 471 3446 559 Ecclesiis

1859 581 2268 669 Regularium
2296 592 2433 649 tum
2465 581 2526 648 in
2560 580 2634 647 iis
2665 580 2729 648 in
2761 581 2992 667 quibus
3023 578 3202 646 adest
3235 575 3445 647 indul·

1860 681 1996 737 tum
2048 669 2485 757 Apostolicnm
2538 668 2902 736 asservandi
2963 667 3443 750 Eucharistiam,

1857 758 2018 825 sine·
2040 757 2353 825 ordinarii
2404 756 2658 825 licentia
2678 754 2712 824 ’ἓ

1991 850 2156 913 Haec
2203 865 2394 935 porro
2425 845 2643 931 dubia,
2675 863 2876 931 super
2903 844 3133 932 quibus
3164 844 3328 911 altei-
3368 863 3444 910 ex

1858 935 2363 1022 Apostolicarum
2412 933 2968 1002 caeremoniarum
3002 931 3310 1019 Magistris
3340 951 3449 997 vo·
3526 964 3543 978 -

1860 1034 1997 1090 tum
2045 1041 2234 1089 suum
2280 1021 2531 1111 scriptis
2577 1023 2871 1107 dederat,
2905 1037 3108 1109 quum
3151 1024 3349 1087 Emus
3380 1029 3449 1085 et

1857 1115 2055 1181 Rflius
2085 1112 2254 1177 Dnus
2286 1112 2474 1179 Card.
2514 1113 2785 1212 Prosper
2831 1109 3103 1179 caterini
3153 1107 3452 1179 retulerit

1859 1200 1924 1266 in
1970 1198 2313 1267 ordinariis
2357 1200 2584 1267 Sacrae
2628 1204 2890 1267 Rituum
2929 1202 3181 1286 congre
3227 1196 3449 1266 ationis

1859 1287 2150 1356 comitiis
2198 1286 2505 1354 hodierna
2537 1287 2643 1356 die
2674 1288 2751 1354 ad
2786 1287 3156 1355 Vaticanum
3277 1284 3446 1369 bitis,

1861 1376 2002 1443 Emi
2052 1388 2119 1441 et
2161 1375 2301 1442 ami
2358 1378 2570 1443 Patres
2628 1376 2832 1443 Sacris
2893 1374 3148 1442 tuendis
3205 1373 3450 1441 Ritibus
3570 1451 3577 1464 ⁴

1860 1462 2231 1555 praepositi,
2279 1463 2573 1530 omnibus
2618 1474 2913 1531 accurate
2954 1461 3316 1551 perpensis,
3353 1480 3451 1528 re·
3488 1463 3492 1472 '

1859 1551 2275 1620 scribendum
2319 1563 2759 1620 censuerunt:

1996 1640 2091 1709 Ad
2140 1646 2191 1708 1.
2237 1659 2277 1703 s
2312 1642 2644 1729 Negative,
2696 1641 2759 1707 in
2808 1638 3102 1706 omnibus
3135 1659 3200 1705 ›.

1993 1731 2090 1797 Ad
2142 1731 2218 1796 11.
2266 1749 2305 1792 s
2339 1728 2646 1815 Negative
2681 1751 2744 1795 ›.

1997 1819 2092 1885 Ad
2142 1822 2242 1883 Ill.
2293 1837 2333 1881 s
2367 1816 2673 1904 Negative
2705 1841 2766 1882 ».

2001 1906 2096 1973 Ad
2146 1908 2251 1973 IV.
2301 1927 2340 1970 s
2372 1905 2681 1992 Negative
2724 1926 2783 1972 ›.

1998 1996 2092 2063 Ad
2141 1997 2217 2062 V.
2270 2015 2309 2058 α
2342 1993 2647 2081 Negative
2681 2018 2745 2059 ιν.

1994 2083 2090 2150 Ad
2140 2087 2244 2151 Vl.
2295 2103 2334 2146 α
2368 2083 2678 2149 Servetur
2721 2081 3195 2150 caeremoniale
3229 2105 3292 2150 ».

1994 2174 2089 2240 Ad
2141 2174 2274 2239 Vll.
2323 2193 2362 2236 s
2396 2172 2707 2259 Negative
2738 2193 2803 2239 ›.

1998 2262 2092 2329 Ad
2140 2264 2297 2328 vul.
2353 2280 2389 2323 «
2421 2258 2730 2347 Negative
2763 2282 2824 2327 ν.

1995 2351 2090 2417 Ad
2141 2352 2246 2418 IX.
2300 2371 2337 2412 αι
2371 2348 2719 2436 Negativ03
2783 2348 2899 2416 nisi
2959 2347 3118 2416 adsit
3189 2347 3453 2416 rationa-

1864 2440 2009 2509 bilis
2055 2457 2238 2504 causa
2282 2437 2359 2504 ab
2406 2435 2816 2524 Archiepisco
2864 2456 2902 2503 o
2947 2437 3352 2525 approbanda
3385 2459 3448 2503 ν.

1995 2527 2092 2594 Ad
2138 2529 2219 2593 X.
2269 2547 2308 2590 s
2341 2523 2687 2613 Negative,
2757 2546 2789 2592 a
2909 2538 3247 2612 utramque
3309 2545 3454 2613 par-

1868 2627 1891 2682 t
1933 2636 1999 2683 m
2034 2640 2096 2681 ».

1895 2637 1930 2686 θ
1992 2705 2089 2772 Ad
2135 2706 2245 2772 xl.
2292 2724 2331 2767 s
2365 2701 2782 2787 Affirmative,
2832 2722 2950 2806 pro
2998 2700 3071 2771 iis
3118 2701 3227 2790 qni
3261 2702 3454 2772 sacris

1863 2790 2247 2881 paramentis
2292 2809 2420 2858 non
2464 2801 2612 2857 sunt
2658 2791 2868 2860 induti
2901 2813 2963 2859 ›.

1993 2881 2088 2948 Ad
2137 2882 2272 2948 xll-
2319 2899 2359 2943 ι
2392 2879 2743 2965 Negative;
2793 2890 2857 2946 et
2889 2879 3082 2948 detur
3113 2883 3453 2948 Decretum

1861 2970 1994 3040 diei
2043 2974 2122 3039 31
2173 2966 2310 3036 Maii
2362 2970 2528 3036 1817
2579 2968 2641 3034 in
2687 2988 2811 3039 una
2841 2967 3219 3052 Dubiorum,
3256 2967 3319 3037 in
3353 2990 3454 3037 re-

1862 3058 2203 3159 sponsione
2271 3056 2348 3122 ad
2416 3054 2609 3122 dubia
2690 3055 3095 3125 additionalia
3173 3057 3249 3124 ad
3327 3069 3456 3124 ter-

1866 3159 2027 3215 tium
2061 3167 2125 3212 ›.

1996 3234 2093 3303 Ad
2141 3236 2301 3301 xm.
2352 3255 2391 3298 s
2423 3232 2729 3322 Negative
2764 3258 2827 3303 ι.

1995 3324 2093 3392 Ad
2137 3324 2299 3391 XIV.
2349 3343 2389 3387 s
2422 3322 2732 3409 Negative
2765 3343 2827 3387 ›.

1995 3415 2204 3500 Atque
2252 3411 2334 3477 ita
2384 3410 2851 3498 rescripserunt
2896 3430 2967 3477 ac
3010 3410 3246 3476 servari
3284 3429 3454 3479 man-

1867 3502 2125 3569 darunt.

2001 3588 2115 3655 Die
2167 3593 2246 3657 14
2293 3587 2496 3655 narni
2547 3590 2743 3657 1861.

1866 3731 2124 3800 3105.
2480 3734 2837 3800 emonem.
3225 3732 3453 3821 (ssia)

2000 3853 2286 3921 Vicarius
2308 3854 2635 3921 Generalis
2666 3854 2801 3923 limi
2834 3854 3135 3945 Episcopi
3166 3854 3455 3923 Briocen.

1866 3964 1900 4010 a
1948 3945 2169 4010 Sancta
2241 3942 2413 4010 Sede
2476 3943 2633 4010 haec
2703 3943 2815 4010 tria
2885 3942 3080 4010 dubia
3146 3944 3458 4011 declarari

1869 4030 2235 4099 humillime
2258 4029 2605 4119 postulavit
2629 4030 2792 4099 circa
2813 4031 3289 4103 ordinationem
3312 4036 3459 4099 Pre-

1866 4121 2318 4207 sbyterorum3
2368 4119 2719 4187 nimirum:

2001 4212 2050 4274 l.
2100 4210 2196 4273 An
2238 4219 2381 4296 post
2412 4206 2892 4296 impositionem
2924 4227 3255 4293 manuum,
3291 4207 3460 4275 dicta

1871 4296 2086 4382 (manu
2137 4295 2425 4381 extensa)
2475 4314 2671 4383 super
2715 4295 2862 4362 illos
2918 4296 3260 4365 Oratione:
3312 4293 3458 4364 Ore-

1867 4402 2011 4450 mus
2054 4385 2301 4468 [ratres
2349 4387 2683 4451 carissimi
2727 4386 3019 4453 coelestia
3066 4385 3233 4451 dona
3293 4385 3459 4452 mul-

1872 4472 2119 4558 tiplices
2178 4481 2299 4538 etc.
2366 4484 2431 4539 et
2477 4471 2703 4540 dictis:
2754 4470 3040 4555 oremus,
3095 4473 3459 4540 Flectamus
3535 4477 3539 4482 ’

1866 4579 2104 4647 genua,
2155 4563 2407 4643 Levato,
2457 4558 2736 4629 debeant
2779 4562 2994 4630 denuo
3038 4560 3331 4630 Pontifex
3394 4574 3459 4628 et

1870 4657 2240 4737 praesentes
2316 4649 2694 4717 Sacerdotes
2769 4668 3025 4718 manum
3102 4652 3458 4719 extendere

1867 4754 2070 4824 super
2110 4736 2532 4823 ordinandos,
2580 4737 2732 4806 dum
2775 4739 3014 4806 dicitur
3051 4740 3314 4806 Exaudi
3344 4757 3458 4805 nos

1868 4843 2263 4908 quaesumus
2290 4823 2323 4889 5
3011 4868 3022 4883 ·

2001 4918 2078 4981 ll.
2126 4918 2223 4981 An
2268 4915 2346 4983 ab
2392 4915 2735 5003 Episcopo,
2783 4926 3121 5003 antequam
3161 4919 3461 4984 commu-

1869 5002 2128 5069 nionem
2190 5002 2474 5070 conferat
2534 5004 2965 5092 Presbyteris,
3028 5005 3093 5072 in
3152 5005 3460 5072 ordinum

1870 5090 2214 5158 collatione
2260 5091 2529 5160 dicenda
2576 5090 2703 5159 sint
2752 5092 2859 5159 illa
2919 5091 3160 5160 verba:
3212 5096 3459 5178 corpu

1870 5182 2136 5246 Domini
2180 5182 2406 5249 Nostri
2451 5182 2593 5246 lesu
2643 5180 2894 5249 Christi
2939 5182 3264 5249 custodiat
3297 5192 3354 5248 to
3384 5184 3460 5248 in

1871 5271 2076 5336 vitam
2123 5269 2502 5336 aeternam?
2548 5267 2726 5338 Ratio
2769 5269 3097 5338 dubitandi
3145 5279 3241 5338 est
3286 5269 3459 5357 quod

1866 5356 1990 5423 iam
2061 5355 2421 5449 Presbyteri
2493 5376 2639 5426 cum
2718 5358 3032 5451 Episcopo
3108 5360 3455 5429 dixerunt:
