4042 5950
2078 238 2493 319 ...5ο-

653 396 1112 468 Canonicorum
1135 397 1341 467 dictae
1370 397 1754 485 collegiatae
1786 419 1817 463 a
1850 418 2046 466 cornu
2077 401 2225 484 Epi-
2328 414 2464 464 rem
2511 398 2846 496 actualiter
2893 396 3310 498 incipientem
3357 409 3421 464 et
3481 408 3905 486 peragentem

654 488 879 568 stolae,
948 487 1159 573 ibique
1211 487 1658 554 honorationes
1707 486 1996 571 recipere
2049 505 2234 572 prae-
2327 486 2719 552 functionem
2770 486 3196 553 processionis
3241 486 3502 552 deferre
3557 489 3804 553 stolam
3849 496 3908 549 et

649 575 799 639 stari
845 575 1055 641 solitas
1100 575 1272 642 dicto
1318 578 1399 642 ca
1450 574 1632 658 itulo,
1669 584 1734 639 et
1762 575 2228 659 praecedenter

653 680 850 749 super
893 661 1031 749 ipso
1075 661 1370 750 capitulo

779 753 860 815 Et
912 753 978 815 S.
1026 754 1100 817 B.
1150 753 1253 833 c.,
1302 762 1573 836 utraque
1617 760 1801 835 parte
1855 750 2106 836 scriptis
2159 762 2225 816 et

649 854 806 902 voce
864 836 1244 903 informante
1289 838 1525 919 audita,
1565 835 2046 903 rescribendum
2080 858 2230 905 cen-

654 922 823 989 suit:

780 1011 876 1077 Ad
930 1015 989 1077 1.
1039 1032 1077 1075 ‹
1110 1012 1417 1098 Negative
1446 1033 1514 1076 v.

779 1098 874 1164 Ad
922 1104 988 1165 2.
1042 1121 1080 1163 «
1109 1100 1520 1180 Affirmative,
1546 1099 1718 1166 iuxta
1748 1100 2012 1167 modum
2046 1121 2225 1189 prae·

648 1184 1061 1253 scribendum
1108 1188 1183 1254 ab
1232 1192 1390 1254 Emo
1437 1191 1743 1253 Ponente.
1820 1189 2044 1255 Modus
2092 1200 2224 1274 est,

650 1282 721 1337 ut
766 1275 981 1340 Patres
1026 1275 1497 1341 conventuales
1542 1274 1779 1341 habere
1810 1276 2091 1343 debeant
2138 1278 2229 1343 lo·

648 1378 793 1425 cum
841 1360 904 1428 in
949 1362 1156 1429 choro
1202 1373 1269 1428 et
1312 1364 1493 1428 stallo
1541 1363 1922 1450 collegiatae
1952 1385 1985 1429 a
2025 1384 2223 1430 cornu

650 1448 973 1535 Epistolae
1031 1449 1246 1533 ibique
1306 1449 1520 1515 solitas
1577 1451 2022 1517 honorationes
2065 1452 2223 1518 reci-

647 1554 831 1621 pere,
879 1536 992 1602 sed
1032 1535 1183 1622 'post
1226 1539 1592 1620 Canonicos,
1635 1538 1823 1604 etiam
1856 1558 1984 1604 non
2029 1539 2223 1606 inter·

652 1625 952 1689 veniente
997 1622 1362 1708 Praeposito
1395 1647 1457 1689 ν.

779 1714 859 1776 Et
907 1710 989 1775 ita
1035 1711 1319 1777 decrevit
1353 1723 1417 1776 et
1446 1713 1686 1778 servari
1733 1713 2079 1780 mandavit.
2112 1715 2222 1781 Die

654 1801 735 1863 15
779 1797 981 1863 Martii
1032 1799 1223 1864 1732.

650 1933 909 2005 2302.

779 2061 937 2125 Cum
984 2057 1048 2124 in
1101 2063 1291 2124 Terra
1341 2060 1566 2127 Montis
1593 2062 1851 2148 Georgii
1894 2063 2221 2130 Firmanae

647 2144 962 2210 Dioecesis
1008 2146 1167 2247 adsi-t
1212 2146 1496 2245 Ecclesia
1527 2148 1603 2214 ad
1636 2167 1935 2247 praesens
1980 2169 2225 2219 nuncu-

649 2243 790 2316 pata
836 2235 902 2299 S.
934 2236 1238 2299 Francisci
1272 2238 1565 2300 Fratrum
1593 2238 1904 2302 umorum
1936 2241 2224 2304 conven-

1267 1940 1639 2005 mmm.
1995 1942 2220 2029 (4009)

649 2319 939 2404 tualium,
987 2320 1062 2386 ad
1112 2339 1300 2405 quam
1352 2332 1477 2386 tam
1522 2322 2102 2423 Praepositi-quam
2127 2329 2227 2390 Pa-

650 2407 828 2474 rochi
875 2408 1141 2473 aliarum
1188 2408 1642 2492 Eccloeiamm,
1691 2430 2022 2476 occastone
2069 2432 2226 2479 non-

643 2495 964 2560 nullarum
997 2494 1503 2576 Processionum,
1536 2497 1809 2582 simplici
1846 2508 2089 2564 tantum
2121 2517 2224 2564 su-

645 2581 1044 2669 perpelliceo
1092 2582 1297 2649 induti
1344 2583 1655 2651 accedere
1699 2599 2218 2653 consueverunt:

643 2686 962 2756 cumque,
1012 2667 1379 2735 huiusmodi
1426 2671 1890 2737 consuetudine
1959 2673 2224 2739 minime

646 2754 933 2823 obstante
979 2759 1129 2821 Prae
1180 2757 1375 2824 ositus
1419 2759 1742 2824 Ecclesiae
1775 2762 1841 2826 S.
1870 2759 2110 2827 loannis
2158 2773 2222 2827 et

645 2847 710 2911 S.
761 2841 1085 2909 Benedicti
1184 2844 1239 2909 ie
1287 2849 1370 2910 ΞΒ
1402 2844 1637 2932 Aprilis
1672 2850 1838 2914 1729
1874 2848 1935 2913 in
1967 2853 2223 2914 Proces-

600 2987 607 2992 .
643 2931 827 2997 sione
874 2933 939 2999 S.
974 2930 1187 3015 Marci,
1223 2942 1287 2998 et
1333 2948 1493 2999 anno
1533 2937 1695 3000 1730
1730 2935 1792 3003 in
1822 2934 1937 3000 alia
1969 2940 2223 3003 Proces-

642 3019 819 3086 sione
850 3038 965 3107 pro
989 3019 1351 3087 Festivitate
1377 3023 1442 3087 S.
1466 3022 1817 3106 Benedicti,
1837 3025 2075 3090 Stolam
2101 3023 2225 3109 pri-

644 3125 823 3174 mum
856 3117 921 3172 et
970 3107 1383 3194 postmodum
1418 3109 1608 3175 etiam
1641 3109 1922 3196 pluviale
1957 3111 2019 3175 in
2053 3111 2220 3178 dicta

642 3194 927 3261 Ecclesia
971 3198 1045 3264 S.
1073 3194 1381 3261 Francisci
1414 3196 1637 3283 vigore
1667 3197 1929 3264 Ritualis
1958 3199 2218 3264 Romani

642 3282 912 3349 induere
956 3281 1282 3369 coeperit;
1335 3297 1700 3370 propterea,
1748 3286 1992 3352 ratione
2038 3305 2219 3386 prae-

643 3369 803 3436 fatae
876 3370 1209 3438 delationis
1274 3370 1488 3437 Stolae
1558 3382 1624 3438 et
1666 3374 1986 3461 pluvialis,
2050 3384 2218 3442 mter

640 3460 888 3522 Fratres
920 3458 1191 3523 Minores
1224 3460 1690 3525 conventuales
1730 3480 1811 3526 ex
1843 3481 1991 3545 una,
2027 3472 2216 3547 atque

640 3544 1037 3630 Praepositos
1080 3545 1506 3610 Ecclesiamm
1552 3550 1928 3614 Sanctorum
1973 3549 2217 3615 loannis

643 3638 710 3693 et
774 3630 1103 3695 Benedicti
1173 3650 1243 3696 ac
1312 3633 1379 3698 S.
1452 3633 1771 3700 Michaelis
1833 3636 2216 3721 Archangeli

643 3716 812 3781 illius
854 3720 1085 3782 Terrae
1124 3718 1441 3804 (Par-ochis
1470 3739 1502 3784 a
1537 3720 1650 3786 lite
1680 3722 2087 3809 postmodum
2121 3741 2220 3786 re·

642 3802 1044 3889 cedentibus)
1087 3804 1371 3890 partibus
1414 3825 1496 3870 ex
1530 3809 1750 3891 altera,
1779 3808 1932 3873 ortis
1964 3818 2215 3874 contro-

641 3890 862 3958 versiis
897 3889 1150 3975 illisque
1180 3894 1257 3958 ad
1292 3897 1357 3959 S.
1385 3897 1461 3960 B.
1497 3898 1568 3962 c.
1606 3893 1856 3978 delatis,
1905 3898 2104 3961 Emus
2152 3906 2215 3960 et

640 3981 833 4043 Rmus
865 3982 938 4043 Ι).
969 3979 1153 4044 card.
1190 3981 1398 4046 Porzia
1450 3980 1840 4069 infrascripta
1888 3982 2077 4049 dubia
2119 3983 2215 4048 in·

640 4075 740 4129 ter
784 4075 995 4152 partes
1027 4068 1403 4133 concordata
1449 4068 1823 4136 declaranda
1854 4070 2211 4156 proposuit:

775 4156 835 4216 1.
884 4157 979 4217 An
1026 4153 1366 4240 Praepositi
1424 4157 1798 4221 Sanctorum
1860 4156 2101 4220 loannis
2148 4168 2212 4222 et

640 4237 963 4307 Benedicti
1000 4257 1099 4304 'ac
1167 4242 1232 4307 S.
1296 4241 1614 4308 Michaelis
1680 4240 2060 4327 Archangeli
2119 4252 2211 4308 te·

636 4339 910 4394 neantur
962 4327 1270 4393 accedere
1340 4328 1415 4393 ad
1488 4329 1832 4395 Ecclesiam
1898 4327 2208 4395 Minoi-um

634 4414 1165 4483 conventualium
1238 4416 1459 4481 Montis
1520 4416 1822 4499 Georgii,
1884 4416 2208 4483 occasione

631 4501 981 4589 peragendi
1027 4503 1492 4584 Processiones,
1543 4522 1705 4589 quae
1736 4502 1899 4568 fiunt
1939 4501 2003 4566 in
2044 4503 2210 4568 dicta

635 4588 879 4656 Terra?
924 4599 989 4655 et
1034 4601 1346 4675 quatenus
1391 4589 1798 4671 affirmative,

765 4682 830 4743 2.
881 4683 977 4744 An
1024 4678 1287 4764 praefati
1312 4676 1653 4764 Praepositi
1679 4675 1919 4764 possint
1951 4676 2210 4744 deferre

631 4759 698 4824 in
742 4763 911 4827 dicta
955 4765 1234 4831 Ecclesia
1282 4765 1518 4832 Stolam
1567 4773 1634 4830 et
1679 4761 2016 4849 pluviale?

762 4851 839 4912 Et
889 4853 957 4913 S.
1004 4855 1080 4916 B.
1127 4855 1231 4934 c.,
1285 4852 1571 4939 partibus
1626 4849 1875 4937 scriptis
1931 4862 1995 4916 et
2050 4871 2204 4916 voce

633 4932 1116 5000 informantibus
1146 4939 1399 5020 auditiS,
1428 4936 1885 5005 rescribendun
1932 4938 2202 5003 censuit:

763 5019 857 5085 Ad
913 5022 974 5084 1.
1023 5040 1060 5082 ‹
1095 5023 1510 5105 Affirmative,
1545 5024 1718 5089 iuxta
1764 5027 2022 5090 solitum
2051 5045 2113 5089 ».

763 5106 857 5171 Ad
909 5109 973 5171 Ξ.
1025 5108 1300 5189 «Posse,
1353 5110 1524 5173 iuxta
1582 5110 2048 5195 praescriptum
2103 5110 2208 5173 Bi-

632 5193 818 5260 tualis
864 5190 1171 5272 Romani,
1221 5212 1419 5258 unum
1468 5214 1547 5258 ex
1616 5194 2030 5278 Praepositis,
2102 5195 2202 5255 vel

631 5281 820 5354 alium
882 5276 1293 5346 Sacerdotem
1357 5279 1722 5345 secularem
1777 5290 1884 5341 aut
1936 5277 2201 5358 Regula-

2329 575 3001 729 plusssslitacecrevit
3035 670 3100 728 et
3123 661 3363 728 servari
3395 661 3756 729 mandavit.
3805 660 3910 725 Die
4007 758 4008 773 χ

2333 752 2409 814 17
2457 747 2594 813 Maii
2647 754 2838 816 1732.

2333 889 2596 958 2303.
2895 893 3368 959 rAnEmmA.
3681 890 3908 975 (4010)
4007 926 4008 935 κ

2457 1017 2615 1079 cum
2654 1034 2735 1080 ex
2781 1024 2965 1102 parte
3009 1018 3084 1079 D.
3132 1014 3374 1081 loannis
3434 1012 3761 1098 Baptistae
3825 1010 3912 1076 ci-

2328 1100 2541 1167 cinelli
2603 1102 2844 1168 Patritii
2903 1101 3296 1188 Neapolitani
3355 1099 3663 1186 Principis
3735 1097 3911 1166 cursi

2327 1189 2495 1274 apud
2542 1192 2609 1255 S.
2661 1193 2735 1259 R.
2791 1192 2864 1256 c.
2915 1189 3246 1256 humiliter
3288 1186 3728 1275 supplicatum
3779 1185 3910 1252 fue·

2330 1277 2435 1357 rit,
2487 1286 2802 1360 quatenns
2835 1277 2951 1362 ipsi
3000 1277 3063 1341 in
3111 1277 3412 1342 Ecclesiis
3458 1279 3696 1340 Terrae
3762 1277 3916 1357 cry-

2325 1365 2676 1448 ptalearum
2720 1363 2881 1430 intra
2941 1363 3105 1430 fines
3148 1363 3461 1429 Dioecesis
3506 1362 3911 1442 Tarentinae,

2327 1470 2489 1537 quae
2535 1449 2599 1515 in
2665 1451 3124 1550 temporalibus
3190 1450 3401 1517 eidem
3460 1448 3726 1532 subest,
3783 1449 3912 1513 iura

2325 1536 2690 1621 honorifica,
2740 1539 2879 1604 aliis
2931 1538 3061 1604 suis
3106 1536 3718 1624 praedecessoribus
3767 1554 3916 1622 per·
4009 1612 4010 1625 χ

2329 1626 2512 1691 missa
2559 1626 2919 1693 concedere
2963 1625 3376 1714 dignaretur3
4009 1628 4010 1633 ’

2457 1716 2524 1779 S.
2573 1714 2796 1780 eadem
2856 1717 2931 1780 R.
2973 1717 3082 1799 c.,
3123 1712 3338 1779 audita
3391 1711 3710 1778 relatione
3771 1708 3916 1776 Bmi

2330 1799 2847 1888 Archiepiscopi:
2883 1823 2920 1865 ‹
2948 1804 3124 1868 quta
3158 1802 3421 1867 modum
3451 1800 3528 1865 ab
3561 1798 3699 1884 ipso
3731 1817 3917 1886 prae-

2327 1886 2638 1986 scriptum
2684 1889 3052 1974 supradicto
3093 1887 3336 1956 oratori
3382 1905 3572 1953 usum
3625 1885 3920 1971 genufle-

2325 1976 2488 2039 xorii
2535 1994 2744 2061 panno
2791 1977 2975 2042 laneo
3045 1974 3362 2065 cooperti,
3410 1973 3776 2041 dummodo
3823 1971 3918 2037 di-

2326 2073 2503 2128 ctum
2549 2082 2830 2148 pannum
2883 2063 3305 2151 genuflexorii
3357 2061 3517 2129 lines
3540 2080 3668 2128 non
3718 2078 3918 2128 exce·

2327 2150 2460 2234 dat,
2487 2169 2633 2215 cum
2678 2150 2930 2217 duobus
2975 2152 3167 2217 etiam
3210 2148 3426 2235 parvis
3471 2148 3920 2236 pulvinaribus

2323 2237 2513 2305 simili
2559 2257 2770 2324 panno
2814 2239 3146 2322 confectis,
3179 2247 3360 2304 extra
3390 2248 3605 2303 tamen
3653 2234 3920 2320 Presby-

2327 2325 2560 2390 terium
2596 2325 2687 2412 (in
2719 2326 3068 2412 Collegiata
3099 2325 3399 2412 tantum),
3435 2344 3565 2392 non
3594 2324 3660 2389 in
3693 2322 3918 2387 medio

2299 2412 2677 2496 Ecclesiae,
2704 2413 2817 2479 sed
2854 2414 2916 2479 in
2962 2433 3090 2479 uno
3137 2431 3218 2479 ex
3251 2412 3557 2478 lateribus
3587 2411 3650 2475 ei
3681 2409 3918 2476 melius

2328 2499 2504 2583 viso,
2552 2498 2636 2565 ita
2685 2512 2893 2567 tamen
2939 2512 3010 2567 ut
3060 2500 3152 2566 illi
3199 2518 3551 2584 numquam
3601 2497 3793 2563 liceat
3826 2495 3916 2561 uti

2326 2587 2808 2671 genuflexerio,
2876 2590 3242 2674 praesente‘
3287 2585 3799 2673 Archiepiscopo
3857 2583 3918 2647 in

2326 2676 2514 2739 Terra
2561 2677 3067 2762 cryptalearum,
3094 2694 3309 2761 neque
3356 2681 3608 2739 maneat
3649 2689 3918 2757 semper

2328 2770 2621 2827 ornatum
2667 2762 2733 2828 in
2785 2762 3092 2846 Ecclesia,
3139 2763 3255 2828 sed
3305 2781 3381 2827 eo
3427 2762 3676 2826 feratur
3721 2758 3916 2824 toties

2326 2845 2576 2933 quoties
2622 2848 2869 2915 dictum
2915 2846 3275 2937 Principem
3322 2849 3499 2914 illam
3545 2847 3728 2914 adire
3769 2864 3917 2911 con-

2327 2933 2588 3019 tigerit3
2653 2937 2919 3004 concedi
2983 2956 3166 3025 posse
3212 2959 3250 3003 »
3313 2935 3587 3003 censuit.
3652 2934 3771 3000 Die
3841 2936 3914 2998 17

2327 3023 2462 3088 Maii
2505 3028 2694 3091 ¹732.

2325 3180 2588 3251 2304.
2957 3183 3286 3247 NULLIUS

2725 3287 3036 3351 TERRAE
3083 3287 3504 3352 MELDULAE

2575 3392 3036 3457 PROWNOEAE
3089 3391 3651 3456 RAVENNATEN.

3678 3177 3914 3262 (40⁴7)

2453 3546 2863 3613 Consuetudo
2924 3545 3101 3632 viget
3170 3546 3235 3613 in
3302 3551 3493 3612 Terra
3557 3546 3911 3628 Meldulae,

2322 3642 2392 3697 ut
2441 3632 2692 3719 quoties
2723 3632 2910 3698 ‘illius
2947 3634 3233 3717 Clerum,
3284 3633 3349 3699 in
3379 3633 3592 3719 aliqua
3623 3632 3912 3699 Ecclesia

2321 3720 2398 3785 ad
2445 3739 2651 3785 sacras
2695 3721 3092 3808 peragendas
3139 3720 3503 3786 functiones
3562 3721 3917 3787 convenire

2322 3806 2658 3893 contingit,
2704 3817 2851 3890 post
2895 3807 3538 3894 Archipresbyterum
3612 3810 3682 3874 S.
3733 3807 3918 3872 Nico⁶

2320 3891 2401 3956 lai
2448 3905 2825 3978 ceterosque
2878 3895 3229 3961 animarum
3275 3898 3620 3978 Rectores,
3671 3893 3915 3979 reliqui

2317 3978 2678 4066 Presbyteri
2737 3992 2800 4046 et
2862 3983 3094 4048 Clerici
3161 3982 3686 4069 praecedentiam
3749 3981 3917 4049 obti-

2316 4077 2548 4148 neant,
2620 4066 2792 4132 iuxta
2852 4069 3282 4136 antianitatem
3344 4068 3776 4156 promotionis
3848 4087 3915 4133 ac

2314 4161 2561 4216 servata
2594 4153 2888 4220 ordinum
2912 4155 3317 4221 distinctione
3337 4171 3358 4233 ;
3391 4171 3540 4220 cum
3566 4175 3730 4221 vero
3754 4174 3918 4221 non-

2314 4238 2476 4305 nulli
2539 4258 2615 4304 ex
2678 4241 3113 4328 cappellanis,
3162 4262 3195 4306 a
3254 4246 3522 4310 caesare
3583 4245 3915 4308 Armanno

2316 4344 2539 4392 eorum
2571 4326 2935 4394 institutore
2964 4329 3298 4395 Armannis
3339 4330 3756 4417 nuncupatis,
3794 4328 3916 4395 sibi

2312 4411 2594 4480 debitam
2640 4423 2918 4479 asserant
2963 4416 3481 4500 praecedentiam
3526 4436 3724 4505 supra
3757 4417 3919 4485 alios

2310 4500 2720 4587 Presbyteros
2771 4509 2834 4564 et
2883 4500 3161 4568 clericos
3221 4503 3509 4587 quamvis
3569 4505 3756 4590 prius
3811 4525 3917 4571 or-

2312 4586 2609 4669 dinatos,
2659 4605 2779 4651 nec
2832 4605 2962 4651 non
3024 4605 3215 4673 supra
3271 4588 3428 4655 alios
3486 4591 3919 4679 cappellanos

2312 4677 2661 4739 Armannos
2723 4682 3049 4758 postremo
3097 4676 3368 4759 electos,
3418 4676 3574 4743 licet
3619 4679 3918 4744 seniores

2308 4762 2374 4828 in
2421 4761 2692 4838 ordine;
2739 4770 3109 4846 propterea,
3158 4764 3400 4827 exortis
3439 4763 3613 4830 inter
3639 4766 3916 4832 clerum

2310 4846 2712 4932 supradictae
2772 4850 3005 4913 Terrae
3063 4867 3143 4913 ex
3198 4866 3362 4931 una,
3423 4859 3492 4914 et
3555 4853 3919 4918 nonnullos

2312 4935 2728 5019 Cappellanos
2761 4933 3180 4999 Adunationis
3208 4935 3564 5002 Armannae
3615 4940 3916 5024 partibus

2308 5040 2390 5085 ex
2434 5022 2656 5104 altera,
2707 5019 3160 5085 controversiis
3204 5038 3402 5106 snper
3447 5024 3594 5090 iure
3639 5045 3915 5111 praece·

2307 5105 2499 5171 dendi
2549 5105 2612 5170 in
2657 5105 3174 5172 Processionibua
3201 5107 3564 5194 ceterisque
3605 5114 3916 5182 omnibus

2304 5196 2546 5259 actibus
2592 5199 2657 5254 et
2707 5190 3136 5258 functionibus
3199 5193 3653 5263 ecclesiasticis
3684 5249 3701 5283 ‚
3758 5200 3915 5268 illis·

2306 5297 2432 5362 que
2466 5278 2541 5339 ad
2577 5277 2641 5338 S.
2679 5279 2751 5339 R.
2790 5279 2860 5339 C.
2901 5276 3166 5357 delatis;
3214 5282 3412 5344 Effins
3451 5294 3518 5348 et
3551 5289 3756 5354 Rffius
3795 5292 3912 5353 Do·
