4042 5950
2057 229 2471 308 ..86-

633 395 744 461 sed
794 411 1114 477 nunquam
1164 392 1285 456 buc
1318 408 1520 475 usque
1553 387 1672 454 luit
1703 399 2050 454 ostensum.
2086 387 2203 454 Diu

635 481 784 547 felix
837 489 900 544 et
947 478 1277 544 incolumis
1321 477 1518 541 vivas,

764 572 994 634 Romae
1043 570 1121 633 31
1170 563 1367 631 Martii
1420 567 1611 632 1744.

638 709 873 778 2377.
1183 708 1640 773 TlRASONEN.
1976 706 2201 792 (4159)

761 830 1112 915 Episcopus
1136 827 1496 894 Tirasonen.
1526 826 1712 893 enixe
1739 829 1903 913 apud
1933 830 1995 893 S.
2026 831 2100 894 R.
2129 830 2199 894 C.

632 916 1007 1003 supplicavit
1040 935 1152 1002 pro
1186 916 1612 982 declaratione
1655 915 2060 998 sequentium
2090 916 2206 980 du-

636 1005 918 1086 biorum,
967 1002 1308 1068 videlicet:

769 1096 829 1157 1.
880 1094 975 1156 An
1023 1092 1205 1155 liceat
1257 1090 1598 1156 Abbatibus
1665 1089 1931 1175 aliisque
1998 1089 2206 1154 Ponti-

636 1179 830 1246 ficalia
863 1198 942 1244 ex
973 1178 1312 1265 privilegio
1340 1177 1784 1244 exercentibus
1817 1176 2204 1244 benedicere

633 1272 970 1352 Campanas
997 1316 1014 1349 ,
1063 1285 1206 1330 vasa
1262 1286 1430 1330 sacra
1480 1280 1543 1331 et
1588 1266 1749 1347 alia,
1814 1284 1974 1349 quae
2029 1283 2204 1329 sacro

632 1354 983 1421 Chrismate
1028 1352 1376 1428 liniuntur;
1425 1372 1544 1419 nec
1593 1372 1719 1418 non
1765 1364 1975 1417 vestes
2005 1372 2206 1416 sacras

634 1453 698 1507 et
729 1440 844 1507 alia
876 1441 939 1506 in
971 1458 1241 1526 quorum
1269 1439 1816 1506 benedictionibus
1840 1438 2205 1506 Chrismatis

599 1530 846 1595 ‘unctio
914 1547 1040 1593 non
1097 1527 1495 1612 requiritur?
1562 1539 1625 1593 et
1669 1539 1980 1613 quatenus
2041 1526 2202 1593 affir-

634 1617 865 1681 mative

764 1708 830 1769 2.
879 1666 975 1769 Itu
1021 1703 1140 1768 boc
1174 1703 1262 1767 eis
1298 1701 1478 1767 liceat
1527 1704 1713 1769 etiam
1749 1721 1865 1787 pro
1907 1701 2205 1768 Ecclesiis

632 1791 749 1856 sibi
798 1792 990 1874 pleno
1027 1791 1162 1855 iure
1212 1807 1336 1854 non
1380 1789 1731 1857 subiectis?

762 1883 826 1944 3.
878 1882 974 1944 An
1039 1875 1449 1963 Regularium
1518 1883 1853 1961 RectoreS,
1918 1878 2200 1958 PrioreS,

633 1964 990 2048 Guardiani,
1039 1964 1297 2030 Ministri
1330 1974 1396 2028 et
1427 1967 1526 2032 alii
1561 1965 1933 2052 Superiores
1965 1965 2204 2050 possint

635 2054 898 2138 explere
942 2051 1417 2118 benedictiones
1466 2073 1712 2135 omnes,
1748 2054 1810 2119 in
1852 2054 2081 2139 quibus
2111 2072 2202 2115 sa-

634 2159 811 2205 crum
858 2139 1136 2205 Chrisma
1183 2157 1310 2206 non
1357 2137 1749 2227 requiritur?
1798 2140 1887 2226 (1)

763 2232 827 2293 4.
876 2229 972 2292 An
1005 2227 1176 2293 idem
1212 2226 1582 2314 Episcopus,
1618 2227 1859 2293 utendo
1892 2226 2203 2292 ordinaria

633 2316 954 2398 facultate,
989 2315 1187 2401 possit
1219 2314 1353 2380 aliis
1401 2315 1464 2381 in
1496 2315 1813 2400 nignitate
1850 2312 2206 2381 constitutis

630 2402 933 2488 delegare
979 2412 1358 2487 potestatem
1409 2402 1822 2469 benedicendi
1894 2420 2064 2466 sacra
2112 2400 2205 2465 in·

632 2493 937 2556 (lumenta
1007 2499 1072 2554 et
1118 2489 1234 2554 alia
1283 2491 1345 2553 in
1391 2491 1619 2573 quibus
1649 2498 1686 2571 ,'
1718 2489 1890 2553 iuxta
1957 2487 2206 2553 Rituale

631 2583 1003 2658 Romanum,
1039 2579 1299 2643 Sacrum
1344 2576 1625 2642 chrisma
1657 2594 1780 2642 non
1826 2575 2204 2642 adhibetur:

633 2685 750 2730 nec
812 2682 939 2728 non
1002 2664 1156 2729 banc
1202 2663 1700 2749 delegationem·
1736 2665 1905 2729 idem
1953 2662 2205 2748 Episco-

631 2770 752 2837 pus
800 2754 991 2814 etiam
1048 2753 1124 2815 ad
1170 2753 1625 2836 campanarum
1693 2750 2205 2817 benedictionem

633 2838 935 2925 ampliare
980 2836 1230 2903 valeat?

764 2930 830 2992 5.
880 2927 1000 3010 An,
1049 2935 1357 3011 quatenus
1404 2928 1479 2993 ad
1517 2929 1808 2995 eamdem
1855 2926 2206 3012 delegatio-

632 3035 781 3083 nem
815 3016 1246 3102 Apostolicum
1270 3016 1629 3100 requiratur
1662 3016 2004 3098 indultum,
2033 3015 2200 3080 istud

630 3107 710 3170 sit
759 3104 1243 3171 concedendum
1289 3104 1568 3190 praelato
1620 3104 1930 3192 Episcopo
1960 3153 1978 3189 ‚
2029 3116 2098 3168 ut
2144 3104 2204 3169 in

634 3196 785 3260 locis
829 3189 1187 3279 praecipuis
1234 3204 1297 3258 et
1339 3191 1757 3261 nobilioribus
1822 3213 1972 3257 suae
2027 3192 2210 3257 Dioe-

633 3283 794 3349 cesis
846 3290 937 3346 tot
981 3283 1387 3368 Presbyteros
1434 3279 1500 3344 in
1546 3281 1856 3368 Dignitate
1905 3280 2207 3346 constitu-

635 3382 728 3436 tos
775 3371 847 3436 ad
897 3370 1017 3436 hoc
1065 3388 1225 3455 opus
1272 3368 1489 3454 eligat,
1525 3381 1679 3454 quot
1715 3369 2006 3434 aestimet
2037 3366 2204 3433 suffi-

635 3477 781 3523 cere
827 3475 945 3544 pro
997 3457 1281 3522 omnium
1339 3457 1766 3523 Ecclesiarum
1829 3476 1977 3521 suae
2026 3456 2209 3521 Dioe·

633 3546 794 3610 cesis
843 3541 1232 3629 indigentia?

764 3636 839 3696 Et
898 3634 965 3697 S.
1016 3634 1089 3695 R.
1139 3633 1241 3715 C.‚
1307 3632 1520 3698 audito
1580 3630 1756 3716 prius
1815 3641 1961 3697 voto
2023 3630 2209 3696 unius

635 3738 714 3783 ex
757 3718 1258 3803 Apostolicarum
1288 3719 1840 3786 caeremoniarum
1873 3719 2203 3804 Magistris,

632 3806 708 3871 ad
758 3806 1131 3871 relationem
1183 3807 1316 3872 Emi
1364 3819 1427 3871 et
1472 3808 1609 3872 Rfui
1669 3811 1744 3872 D.
1793 3809 1978 3874 Card.
2028 3810 2207 3871 Ta'm·

636 3892 874 3958 burrini
925 3895 1242 3975 ponentis,
1293 3895 1775 3960 rescribendum
1822 3893 2099 3960 censuit:

766 3981 861 4045 Ad
930 3986 987 4046 1.
1045 3983 1322 4060 «Quoad
1396 3983 1662 4070 primam
1732 3993 2012 4068 partem,
2080 4001 2209 4047 non

636 4069 857 4151 licere,
906 4068 1021 4133 nisi
1072 4071 1344 4136 habeant
1405 4073 1472 4136 S.
1521 4070 1699 4136 Sedis
1752 4068 2203 4155 privilegium3

633 4156 836 4241 quoad
884 4157 1227 4223 secundam
1272 4169 1545 4244 partem,
1600 4157 1794 4223 licere
1825 4179 1890 4221 ιν.

762 4243 856 4308 Ad
892 4248 954 4308 2.
986 4265 1023 4308 ‹
1057 4248 1184 4310 Hoc
1217 4246 1306 4310 eis
1342 4246 1534 4311 licere
1568 4265 1683 4331 pro
1731 4265 1846 4311 usu
1879 4245 2206 4311 dumtaxat

630 4350 886 4397 suarum
932 4332 1356 4399 Ecclesiarum
1418 4334 1520 4398 vel
1586 4334 2105 4399 Monasteriorum
2138 4354 2200 4396 ν.

765 4419 859 4484 Ad
909 4424 971 4486 3.
1022 4442 1059 4485 ‹
1093 4424 1277 4486 Posse
1325 4439 1440 4507 pro
1488 4421 1618 4487 suis
1661 4421 1960 4487 Ecclesiis
1992 4470 2008 4503 ‚
2059 4439 2205 4505 sup·

633 4507 840 4592 posito
888 4510 957 4575 S.
1006 4508 1186 4575 Sedis
1236 4507 1570 4596 privilegio
1605 4532 1667 4573 »-

545 4634 552 4641 ·
765 4596 858 4661 Ad
906 4599 968 4662 4.
1020 4618 1057 4661 ‹
1093 4598 1228 4663 Non
1275 4614 1459 4681 posse
1493 4619 1553 4662 ν.

764 4685 859 4750 Ad
902 4689 966 4751 ὃ.
1020 4707 1057 4749 «
1088 4687 1275 4750 Posse
1308 4684 1569 4750 concedi
1607 4684 1669 4771 in
1702 4684 1896 4750 forma
1927 4683 2111 4750 solita
2143 4707 2204 4751 ν.

767 4775 847 4837 Ει
894 4774 975 4838 ita
1022 4772 1386 4841 declaravit.
1439 4772 1549 4838 Die
1604 4776 1680 4838 16
1726 4774 1861 4838 Maii
1917 4776 2110 4839 1744.

640 4912 886 4979 2378.
1184 4915 1651 4980 cnacovlsN.
1979 4914 2202 4999 (4160)

765 5034 923 5096 Cum
972 5036 1253 5099 Decanus
1286 5045 1348 5100 et
1381 5034 1669 5100 Officialis
1709 5034 2026 5121 generalis
2072 5039 2214 5100 Cra-

635 5117 969 5199 coviensis,
1019 5120 1120 5184 cui
1168 5122 1573 5188 commissum
1624 5134 1719 5187 est
1763 5142 1994 5189 munus
2042 5124 2209 5188 ordi-

770 5311 852 5384 (t)
890 5314 948 5370 s.
989 5314 1126 5372 nub.
1164 5313 1215 5369 a.
1256 5345 1318 5353 -
1358 5314 1438 5386 (ι)
1475 5318 1534 5372 E.
1574 5316 1714 5373 ouh.
1739 5317 1789 5371 ⁷.

2307 388 2492 453 nandi
2543 387 2962 454 Directorium
3028 408 3144 474 pro
3189 388 3403 456 Officio
3450 389 3670 454 Divino
3713 390 3862 454 reci·

2308 477 2521 559 tando,
2570 476 2905 541 nonnullas
2951 477 3224 561 patiatur
3269 476 3710 557 difficultates,
3758 497 3864 542 nec

2307 581 2423 647 pro
2470 582 2688 629 earum
2737 564 3125 629 resolutione
3188 561 3612 629 sufficientem
3657 565 3869 630 habeat

2305 649 2768 733 auctoritatem,
2819 653 2984 736 apud
3034 654 3104 716 S.
3129 656 3204 717 R.
3235 655 3306 719 C.
3343 652 3531 716 enixe
3579 651 3869 736 supplica·

2304 737 2394 801 vit
2438 757 2557 823 pro
2605 738 3030 804 declaratione
3061 738 3608 823 infrascriptorum
3652 739 3865 806 dubio-

2307 844 2474 907 rum,
2523 843 2802 912 nempe:

2443 917 2503 979 1.
2553 916 2779 978 Utrum
2827 913 3089 981 sufficiat
3136 933 3286 978 usus
3335 913 3395 978 in
3441 917 3667 998 Regno
3711 915 3868 979 Polo-

2307 1001 2445 1067 niae
2496 1011 2790 1087 receptus
2835 1000 3235 1086 qualificandi
3287 1005 3463 1067 Festa
3511 1021 3640 1066 non
3685 1021 3867 1087 pauca

2306 1089 2491 1154 titulo
2548 1087 2819 1172 duplicis
2866 1089 3142 1170 maioriS,
3193 1109 3273 1153 ex
3323 1109 3394 1153 ea
3439 1089 3569 1153 sola
3640 1091 3867 1155 ratione

2307 1176 2449 1259 quia
2493 1186 2641 1241 sunt
2684 1176 2964 1243 celebria
3010 1176 3176 1260 apud
3226 1176 3585 1261 populum?

2437 1267 2499 1328 2.
2552 1266 2777 1329 Utrum
2826 1264 3066 1329 ratione
3097 1262 3471 1329 Festivitatis
3517 1282 3633 1329 seu
3680 1266 3871 1331 Feria-

2311 1349 2496 1417 tionis
2520 1350 2583 1416 in
2608 1352 3002 1417 occurrentia
3036 1370 3183 1417 cum
3215 1350 3579 1437 aequalibus
3607 1354 3873 1418 debeant
3994 1359 3995 1362 ’

2310 1442 2512 1519 Festa,
2562 1455 2722 1524 quae
2751 1451 2899 1504 sunt
2944 1438 3219 1504 celebria
3252 1439 3314 1503 in
3349 1439 3611 1525 populo,
3650 1440 3875 1505 babere

2308 1526 2583 1612 integras
2633 1525 2994 1611 vesperas?

2436 1616 2499 1679 3.
2551 1615 2777 1680 Utrum
2824 1614 3021 1679 Festis
3051 1635 3083 1676 a
3115 1633 3222 1678 sua
3255 1614 3410 1679 sede
3450 1626 3724 1701 propter
3770 1617 3873 1680 im-

2306 1700 2749 1785 pedimentum
2801 1715 3115 1785 perpetuo
3164 1700 3475 1767 translatis
3521 1705 3766 1789 possint
3792 1723 3875 1767 as-

2305 1787 2534 1874 signari
2584 1789 2719 1854 dies
2766 1789 3032 1875 proprii,
3080 1789 3187 1872 qui
3235 1789 3651 1874 reperiuntur
3703 1791 3873 1856 liberi

2308 1876 2371 1941 in
2417 1876 2787 1942 Calendario
2856 1879 3130 1941 Romano
3162 1924 3180 1956 ,
3230 1876 3752 1963 independenter
3809 1880 3876 1943 ab

2308 1964 2542 2028 octavis
2590 1962 3123 2048 particularibus?

2435 2053 2499 2116 4.
2537 2052 2793 2133 Utrum,
2830 2051 3299 2117 interveniente
3332 2053 3716 2118 necessitate
3753 2072 3877 2119 mo·
3994 2039 3995 2044 ἵ

2307 2137 2498 2203 vendi
2568 2138 2632 2204 in
2678 2149 3066 2225 perpetuum
3136 2139 3387 2223 aliquod
3456 2143 3717 2205 Festum
3785 2142 3877 2206 cui

2306 2225 2608 2309 assignata
2655 2226 2863 2292 fuerat
2914 2226 3052 2291 dies
3105 2225 3221 2290 alia
3276 2229 3577 2313 propria,
3638 2231 3875 2293 moveri

2306 2312 2497 2377 etiam
2545 2314 2822 2379 debeant
2868 2314 2984 2378 alia
3020 2318 3197 2378 Festa
3241 2313 3474 2397 quibus
3507 2317 3751 2403 pariter
3795 2335 3879 2380 as·

2305 2399 2528 2487 signati
2578 2400 2828 2467 fuerant
2875 2399 3011 2467 dies
3053 2402 3321 2486 proprii,
3358 2402 3441 2468 ita
3481 2417 3553 2468 ut
3604 2423 3723 2489 per
3753 2423 3877 2468 mo·

2304 2488 2462 2552 dum
2512 2489 2930 2555 translationis
2977 2488 3189 2554 omnia
3237 2489 3347 2553 ista
3396 2493 3626 2556 cedant
3669 2492 3875 2558 locum

2305 2573 2811 2660 antiquioribus?
3994 2623 3995 2632 κ

2438 2666 2500 2726 5.
2577 2666 2803 2729 Utrum
2874 2663 3155 2729 Ecclesia
3226 2665 3663 2750 particularis,
3724 2687 3876 2752 quae
3994 2671 3995 2742 ζ

2306 2767 2433 2813 non
2504 2762 2715 2835 potest
2783 2751 2991 2817 facere
3040 2752 3123 2818 de
3168 2756 3349 2817 Festo
3417 2752 3523 2820 die
3577 2755 3879 2840 assignata

2312 2847 2625 2921 tamquam
2677 2840 2927 2938 propria
2983 2860 3100 2926 pro
3149 2849 3273 2903 tota
3318 2840 3640 2923 Dioecesi,
3691 2841 3880 2926 possit

2307 2943 2375 2989 ac
2423 2926 2653 2992 debeat
2718 2915 2861 2992 huic
2930 2931 3114 2992 Festo
3159 2925 3343 2992 aliam
3394 2927 3568 2994 diem
3639 2931 3881 3016 eligere

2312 3024 2627 3099 tamquam
2675 3013 3043 3101 propriam?
3994 3074 3995 3089 ,

2439 3106 2501 3167 6.
2553 3103 2648 3168 Ab
2694 3105 2951 3189 antiquo
3022 3109 3278 3169 Festum
3348 3107 3721 3171 Sanctorum
3770 3111 3881 3171 Co·
3994 3158 3995 3183 1

2307 3209 2478 3255 smae
2529 3201 2593 3256 et
2640 3192 2916 3258 Damiani
2964 3203 3279 3279 perpetuo
3311 3213 3344 3256 a
3375 3212 3485 3256 sua
3533 3192 3642 3258 die
3692 3206 3885 3260 trans·
3994 3218 3995 3221 ¹

2312 3279 2507 3344 latum
2556 3281 2618 3344 in
2665 3280 2911 3344 Polonia
2958 3279 3317 3366 appositum
3366 3280 3483 3346 fuit
3519 3300 3634 3366 pro
3680 3300 3885 3367 prima
3994 3328 3995 3333 η

2308 3365 2415 3432 die
2479 3366 2805 3445 Octobris3
2880 3382 3092 3452 postea
3163 3371 3414 3433 Festum
3484 3372 3549 3434 S.
3613 3368 3884 3455 Remigii

2310 3472 2676 3520 concessum
2708 3455 2826 3520 fuit
2864 3455 3265 3538 semiduplex
3296 3456 3374 3521 ad
3409 3455 3687 3522 libitum.
3730 3460 3885 3522 Non·

2307 3560 2387 3606 ne
2437 3542 2735 3608 convenit
2778 3542 3090 3629 assignare
3130 3544 3303 3609 diem
3343 3543 3524 3608 aliam
3568 3542 3706 3610 istis
3738 3550 3882 3611 San·

2310 3629 2473 3711 ctis,
2545 3640 2695 3715 puta
2743 3635 2779 3696 3
2827 3632 3156 3712 Octobris,
3220 3642 3289 3695 ut
3356 3630 3547 3717 possit
3616 3633 3757 3698 fieri
3804 3633 3883 3697 de

2309 3718 2372 3781 S.
2423 3715 2757 3803 Remigio?
2800 3730 2864 3781 et
2910 3720 2972 3784 in
3022 3719 3138 3783 hoc
3197 3738 3377 3800 casu,
3426 3736 3641 3784 nonne
3694 3720 3883 3786 satius

2304 3813 2475 3868 'esset
2544 3816 2615 3870 ut
2686 3806 2747 3870 in
2804 3805 3158 3871 Cathedrali
3225 3817 3490 3892 propter
3550 3825 3882 3873 occursum

2308 3890 2437 3956 diei
2505 3892 2656 3957 infra
2706 3904 2985 3957 octavam
3034 3895 3101 3959 S.
3152 3893 3498 3960 wenceslai
3547 3894 3739 3960 fieret
3784 3895 3887 3961 die

2312 3977 2508 4065 prima
2540 3979 2825 4045 Octobris
2853 3982 3366 4047 commemoratio
3402 3991 3645 4047 tantum
3671 3986 3742 4049 S.
3770 3987 3884 4049 Re·

2310 4066 2483 4150 migii
2535 4066 2595 4132 in
2644 4067 2857 4135 Officio
2910 4069 2992 4134 de
3050 4068 3210 4134 infra
3262 4079 3590 4151 octavam,
3640 4083 3883 4156 protra-

2309 4155 2521 4220 hendo
2569 4154 2729 4221 illud
2780 4161 3148 4223 Sanctorum
3191 4159 3452 4221 Cosmae
3500 4169 3564 4220 et
3610 4157 3882 4224 Damiani

2308 4242 2384 4308 ad
2434 4242 2608 4307 diem
2656 4247 2721 4326 3,
2770 4263 2851 4309 ne
2898 4242 3414 4329 multiplicentur
3458 4244 3594 4309 dies
3641 4244 3883 4331 proprii

2310 4330 2669 4418 respective
2714 4332 2790 4397 ad
2838 4332 3251 4417 particulares
3296 4330 3651 4397 Ecclesias?
3698 4336 3798 4418 (²)

2442 4422 2503 4483 7.
2557 4422 2715 4485 Usus
2783 4419 2957 4504 viget
3025 4418 3087 4481 in
3154 4419 3404 4484 Polonia
3473 4419 3731 4486 dicendi
3780 4421 3880 4484 vel

2312 4505 2520 4593 potius
2566 4508 2853 4572 cantandi
2901 4507 3189 4591 quotidie
3235 4526 3354 4590 per
3402 4515 3602 4572 totum
3633 4508 3885 4573 Adven-

2312 4606 2448 4658 tum
2495 4595 2737 4659 Missam
2805 4598 3038 4659 Rorate
3104 4595 3187 4660 de
3234 4599 3304 4660 B.
3356 4598 3433 4661 M.
3479 4598 3586 4677 V.,
3638 4608 3701 4659 et
3751 4595 3883 4679 qui-

2309 4682 2459 4748 dem
2491 4682 2889 4747 solemniter.
2938 4682 3310 4759 Quaeritur:
3360 4702 3436 4748 an
3472 4683 3581 4747 ista
3613 4684 3676 4747 in
3709 4686 3880 4749 Missa

2306 4770 2617 4835 dicendus
2662 4769 2743 4835 sit
2787 4788 3043 4856 semper
3089 4773 3370 4855 Hymnus
3421 4769 3643 4837 Gloria
3675 4775 3749 4836 in
3779 4792 3883 4836 σω·

2310 4857 2491 4923 celsis
2553 4870 2618 4921 et
2666 4856 2856 4922 etiam
2906 4860 3141 4938 Crede,
3207 4860 3458 4941 quando
3524 4859 3699 4924 Missa
3760 4857 3882 4925 diei

2308 4945 2623 5011 currentis
2676 4947 2832 5012 illud
2886 4944 3143 5032 exigat?

2440 5039 2501 5100 8.
2533 5039 2600 5100 ln
2634 5035 2928 5099 Ecclesiis
2961 5032 3334 5116 minoribus,
3373 5034 3433 5098 in
3466 5034 3695 5119 quibus
3726 5054 3876 5098 nou-

2307 5120 2423 5188 nisi
2472 5122 2653 5187 unica
2701 5122 2875 5187 Missa
2943 5122 3157 5187 baberi
3204 5132 3413 5207 potest
3443 5168 3475 5203 ,.
3511 5122 3877 5206 quaeritur:
