4042 5950
1981 266 2401 342 ..16-

545 427 663 491 sub
708 425 837 491 ritu
868 427 1050 512 dupl.
1079 426 1266 501 min.;
1318 424 1605 509 itemque
1653 423 1715 491 in
1763 423 1988 489 eadem
2037 421 2132 490 Ci-

550 514 745 580 vitate
801 524 865 579 et
933 512 1211 581 Dioecesi
1280 512 1387 579 die
1443 516 1527 579 24
1574 509 1972 597 Septembris
2032 529 2135 576 oc-

551 601 750 667 currit
782 604 1036 668 Festum
1073 605 1137 669 S.
1168 599 1444 667 Terentii
1480 604 1659 666 Mart.
1688 598 1933 665 Patroni
1968 599 2139 686 prin-

549 688 770 775 cipalis
801 688 1083 756 civitatis
1115 699 1179 753 et
1213 689 1532 754 Dioecesis
1574 687 1694 753 sub
1737 687 1862 753 ritu
1895 687 2138 775 duplici

551 777 791 864 primae
836 777 1048 842 classis
1094 776 1573 858 celebrandum,
1626 785 1692 841 et
1747 776 1974 842 eadem
2030 776 2135 843 die

550 867 628 932 ab
681 865 1020 932 universali
1067 863 1349 930 Ecclesia
1396 863 1466 929 lit
1511 862 1802 931 Officium
1836 867 1905 929 Β.
1936 867 2017 928 Μ.
2054 867 2129 930 V.

551 955 635 1020 de
685 952 978 1019 Mercede
1024 952 1144 1018 sub
1192 952 1319 1019 ritu
1366 951 1550 1052 dupl.
1602 951 1789 1037 mai.;
1847 971 1878 1016 a
1938 955 2138 1019 cano-

527 1041 707 1108 ·nicis
753 1040 1082 1107 Ecclesiae
1127 1038 1518 1106 Cathedralis
1587 1038 1870 1107 civitatis
1930 1040 2137 1107 Pisau-

553 1148 691 1194 ren.
741 1128 1138 1214 supplicatur
1183 1147 1299 1214 pro
1362 1126 1790 1194 declaratione
1824 1125 2141 1194 infrascri-

552 1217 643 1302 pti
706 1215 920 1299 dubii,
985 1216 1330 1281 nimirum:
1935 1242 1937 1245 ¹

683 1306 803 1388 An,
844 1305 904 1391 ‘si
952 1324 1027 1369 su
1075 1302 1313 1370 radicta
1347 1309 1525 1370 Festa
1552 1302 1792 1369 altioris
1837 1304 1998 1371 ritus
2030 1323 2140 1371 ve-

552 1392 764 1461 nerint
811 1393 918 1459 die
964 1395 1037 1457 Sa
1089 1391 1241 1473 bati,
1292 1390 1501 1458 Officia
1549 1395 1614 1458 S.
1666 1393 2021 1478 Raymundi
2072 1406 2138 1460 et

551 1487 621 1549 B.
673 1482 896 1547 Mariae
946 1480 1028 1546 de
1075 1479 1373 1546 Mercede
1420 1480 1545 1545 sint
1596 1479 1976 1547 celebranda
2035 1483 2139 1549 die

552 1568 870 1637 Dominica
928 1566 1252 1652 sequenti,
1321 1579 1634 1652 tamquam
1683 1569 1791 1633 die
1850 1571 2135 1657 propria,

552 1658 656 1724 vel
726 1656 1006 1722 debeant
1064 1654 1393 1721 transferri
1444 1655 1506 1721 in
1554 1655 1771 1722 feriam
1846 1659 2138 1744 proxime

552 1767 680 1813 non
737 1742 1159 1832 impeditam?

682 1836 762 1897 Et
809 1835 971 1899 S.R.
995 1835 1065 1898 c.
1091 1832 1618 1917 respondendum
1656 1833 1937 1899 censuit:
1972 1837 2138 1900 ‹Fa-

553 1921 854 1987 ciendum
904 1939 1042 1985 esse
1088 1920 1172 1984 de
1232 1919 1468 1985 Officiis
1516 1920 1600 1985 de
1649 1919 1882 2005 quibus
1925 1924 2138 2009 agitur

551 2008 670 2075 sub
752 2006 979 2075 diebus
1050 2007 1407 2093 respective
1481 2021 1797 2094 perpetuo
1868 2014 2141 2097 assigna-

554 2097 655 2179 tis,
706 2096 896 2163 etiam
964 2096 1023 2161 in
1073 2115 1341 2161 occursu
1387 2096 1747 2163 Dominicae
1796 2120 1862 2162 ι».
1923 2100 2037 2165 Die
2099 2105 2138 2167 2

554 2185 691 2250 Iulii
745 2189 936 2251 1712.

550 2361 799 2430 2215.
1111 2362 1597 2429 PLAGENTINA
1904 2365 2131 2450 (3848)

678 2534 1022 2621 Propositis
1050 2535 1110 2598 in
1136 2536 1201 2600 S.
1221 2537 1295 2600 R.
1313 2537 1385 2601 c.
1418 2554 1534 2619 per
1560 2538 1786 2601 Emum
1816 2549 1882 2602 et
1904 2541 2136 2605 Rmum

547 2629 621 2691 D.
657 2621 842 2690 card.
884 2624 952 2689 S.
987 2621 1339 2687 Clementis
1384 2621 1595 2687 dubiis
1653 2623 1820 2690 inter
1875 2626 2137 2691 Mansio·

546 2713 752 2780 uarios
803 2710 1123 2775 Ecclesiae
1170 2709 1560 2796 collegiatae
1607 2713 1675 2778 S.
1715 2715 2019 2780 Antonini
2074 2727 2137 2780 et

545 2799 893 2867 Canonicos
949 2797 1154 2864 dictae
1220 2797 1606 2883 collegiatae
1666 2799 1949 2868 Civitatis
2003 2803 2135 2868 Pla-

549 2887 879 2967 centinae,
928 2905 1127 2973 snper
1194 2905 1451 2952 accessu
1521 2889 1989 2957 canonicorum
2060 2892 2134 2957 ad

548 2974 865 3042 Lectorile
914 2975 1183 3056 exortis,
1233 2974 1580 3041 videlicet:

684 3068 743 3129 1.
814 3065 911 3127 An
980 3062 1275 3129 canonici
1348 3062 1736 3147 collegiatae
1812 3068 2139 3134 Ecclesiae

548 3156 616 3221 S.
653 3149 977 3233 Antonini,
1017 3163 1311 3237 tempore
1357 3149 1719 3218 divinorum
1766 3154 2133 3222 officiorum

548 3242 612 3307 in
659 3240 900 3320 choro,
956 3251 1298 3306 teneantur
1345 3241 1420 3305 ab
1476 3259 1701 3307 eorum
1760 3243 1960 3309 stallis
2023 3246 2137 3311 de-

546 3328 861 3397 scendere
894 3336 960 3392 et
991 3347 1114 3392 una
1165 3346 1310 3394 cum
1344 3328 1743 3396 Beneficiatis
1789 3330 1994 3399 dictae
2027 3337 2134 3400 Ec-

547 3417 775 3483 clesiae
826 3434 1055 3480 canere
1105 3417 1181 3481 ad
1230 3415 1550 3481 Lectorile
1599 3436 1902 3504 magnum
1940 3420 2134 3487 situm

548 3505 609 3569 in
658 3503 873 3569 medio
920 3502 1113 3569 Chori
1137 3502 1451 3587 quidquid
1507 3504 1589 3568 ibi
1639 3510 1998 3576 canendum
2033 3527 2136 3574 oc·

545 3592 772 3671 currit,
824 3590 1013 3654 etiam
1058 3590 1425 3656 accedendo
1473 3593 1551 3658 ad
1607 3592 1850 3661 dictum
1914 3599 2135 3662 Lecto-

549 3676 714 3744 rile‘?
758 3689 824 3743 et
870 3689 1181 3762 quatenus
1227 3677 1633 3761 affirmative,
1688 3739 1695 3746 .

679 3770 742 3832 2.
795 3767 917 3845 An,
966 3767 1220 3850 quando
1254 3776 1319 3831 et
1351 3767 1412 3831 in
1444 3766 1674 3852 quibus
1708 3770 2139 3840 functionibus

548 3865 614 3919 et
644 3855 970 3939 quomodo
1008 3863 1347 3920 teneantur
1378 3855 1455 3921 ad
1496 3857 1738 3923 dictum
1773 3858 2140 3926 accessum?

682 3946 745 4009 S.
784 3947 859 4010 R.
897 3946 998 4024 c.,
1035 3955 1305 4028 utraque
1354 3956 1535 4029 parte
1586 3945 1965 4014 informante
2011 3959 2138 4015 tam

550 4051 707 4096 voce
752 4048 940 4115 quam
990 4030 1240 4118 scriptis
1286 4031 1525 4114 audita,
1570 4035 1938 4119 respondit:

680 4119 773 4183 Ad
831 4122 891 4183 1.
944 4139 981 4180 ‹
1016 4120 1326 4204 Negative
1363 4142 1428 4183 ».

649 4207 777 4272 ‘Ad
826 4211 893 4272 2.
946 4227 983 4268 ιι
1018 4207 1344 4272 Provisum
1400 4209 1460 4276 in
1511 4209 1719 4294 primo
1755 4235 1821 4278 ι».

678 4297 759 4359 Et
807 4293 887 4359 ita
945 4295 1293 4360 declaravit
1353 4306 1418 4361 et
1486 4299 1722 4363 servari
1786 4302 2133 4368 mandavit.

551 4385 661 4451 Die
712 4387 751 4447 2
803 4382 939 4448 lulii
996 4386 1191 4449 1712.

553 4560 801 4632 2216.
1132 4562 1576 4627 CORCYREN.
1905 4563 2133 4651 (3851)

681 4744 842 4805 Cum
915 4758 995 4804 ex
1056 4748 1239 4824 parte
1310 4737 1449 4804 Rmi
1510 4741 1585 4803 D.
1651 4738 2134 4826 Archiepiscopi

549 4827 833 4895 civitatis
881 4830 1235 4912 corcyren.
1282 4826 1545 4896 nomine
1608 4827 1801 4892 etiam
1858 4826 2131 4911 capituli

553 4928 618 4979 et
677 4912 1146 4979 canonicorum
1203 4914 1529 4980 Ecclesiae
1587 4914 1980 4981 cathedralis
2042 4914 2138 4980 di-

552 5016 691 5068 ctae
734 4999 1018 5067 civitatis
1063 5020 1180 5085 pro
1228 5003 1662 5069 declaratione
1710 5003 2138 5089 infrascripto·

554 5108 694 5155 rum
763 5088 1109 5154 dubiorum
1172 5091 1337 5176 apud
1412 5094 1480 5157 S.
1516 5094 1593 5156 R.
1629 5094 1702 5156 c.
1767 5091 2134 5158 humillime

549 5177 981 5263 supplicatum
1024 5177 1245 5259 fuerit,
1296 5179 1643 5262 nimirum:

687 5271 748 5332 1.
798 5266 893 5332 An
955 5267 1016 5332 in
1086 5268 1387 5350 vesperis
1455 5266 2135 5350 semipontificalibus,

550 5355 779 5441 quibus
826 5353 1182 5439 Episcopus
1230 5353 1460 5420 assistit
1512 5352 1573 5420 in
1623 5353 1885 5437 pluviali
1921 5364 1987 5419 et
2018 5355 2136 5419 mi-

2238 433 2332 489 tra
2377 441 2526 488 cum
2557 433 2831 507 quatuor
2877 432 2985 488 aut
3032 439 3146 488 sex
3177 422 3509 489 canonicis
3555 420 3819 509 pluviali

2243 510 2519 587 indutis;
2570 528 2719 577 cum
2778 509 3020 576 istivde
3068 509 3357 577 Sacristia
3402 508 3832 609 pervenerint

2239 597 2802 684 processionaliter
2849 608 2997 665 ante
3030 598 3249 664 Altare
3296 616 3525 680 maiuS,
3569 609 3632 663 et
3679 596 3831 682 Epi-

2239 705 2471 772 scopus
2518 685 2951 771 genuflexerit
3023 686 3083 753 in
3153 685 3508 753 faldistorio
3579 684 3835 754 duobus

2240 774 2569 842 Canonicis
2615 792 2761 840 cum
2794 783 2959 839 cotta
2993 772 3140 841 hinc
3173 773 3325 840 inde
3356 771 3830 856 assistentibus;

2241 861 2360 949 ipsi
2409 862 2708 929 Canonici
2761 862 2956 949 parati
3009 862 3072 927 in
3118 861 3382 948 pluviali
3437 860 3721 928 debeant
3770 869 3835 925 et

2243 950 2357 1037 ipsi
2406 948 2733 1037 ge‘nuflexi
2769 952 2828 1015 in
2874 949 3064 1034 plano
3111 950 3453 1037 cappellae
3503 958 3646 1036 post
3681 948 3836 1035 Epi-

2242 1057 2507 1124 scopum
2558 1050 2624 1103 et
2668 1056 2817 1104 cum
2866 1039 3181 1127 Episcopo
3231 1037 3465 1104 orare?
3559 1052 3566 1071 ¹

2374 1132 2443 1193 2.
2490 1131 2586 1193 An
2646 1124 2846 1192 iidem
2904 1127 3201 1193 canonici
3270 1127 3508 1213 parati,
3556 1125 3838 1192 sedente

2241 1214 2658 1303 Episcopoin
2692 1215 2861 1281 Sede
2893 1213 3268 1301 episcopali,
3295 1213 3528 1280 sedere
3553 1214 3839 1281 debeant

2241 1302 2308 1370 in
2353 1303 2623 1370 scamnis
2676 1302 2814 1367 sive
2875 1301 3112 1387 podiis,
3169 1320 3383 1368 coram
3447 1303 3664 1368 Altare
3728 1302 3835 1368 vel

2240 1410 2450 1457 coram
2499 1388 2931 1478 Episcopum?
3231 1420 3240 1423 ‘

2375 1484 2441 1547 3.
2490 1481 2587 1545 An
2633 1478 2840 1563 prima
2901 1479 3243 1567 antiphona
3292 1500 3374 1545 ex
3431 1478 3837 1566 praescripto

2239 1568 2728 1636 Caeremonialis
2774 1566 3006 1633 debeat
3048 1567 3474 1656 praeintonari
3507 1567 3835 1654 Episcopo

2237 1680 2268 1721 a
2316 1655 2630 1723 canonico
2679 1654 2954 1741 digniori
3004 1666 3146 1741 post
3193 1655 3588 1740 Dignitates,
3639 1656 3750 1721 vel
3805 1676 3838 1720 a

2243 1743 2535 1831 Magistro
2582 1742 2995 1812 scholastico:
3024 1743 3159 1809 aliis
3191 1762 3346 1808 vero
3379 1743 3705 1811 canonicis
3759 1742 3839 1808 ab

2244 1853 2319 1897 eo
2352 1832 2431 1898 ad
2462 1851 2654 1917 quem
2697 1842 2948 1921 spectet
2981 1833 3064 1896 de
3098 1830 3569 1899 consuetudine
3600 1831 3838 1897 Eccle-

2240 1920 2392 2002 siae,
2428 1920 2538 1986 sed
2575 1940 2702 1985 non
2748 1919 2824 1983 ab
2872 1920 3106 1984 eodem
3138 1919 3246 2003 qui
3281 1919 3596 2006 Episcopo
3642 1937 3837 2007 ppe-

2243 2005 2604 2074 intonavit?
3387 2026 3394 2031 ·

2305 2114 2314 2125 ’
2372 2099 2435 2161 4.
2488 2097 2583 2162 An
2633 2095 2829 2162 iidem
2876 2094 3170 2163 canonici
3223 2094 3444 2177 parati,
3481 2095 3638 2161 dum
3675 2096 3834 2181 Epi·

2238 2204 2468 2271 scopus
2519 2183 2840 2251 thurificat
2887 2185 3102 2249 Altare
3148 2183 3224 2249 ad
3288 2184 3619 2250 canticum
3689 2186 3839 2250 Πα-

2237 2273 2528 2357 gnificat,
2580 2286 2747 2337 stare
2795 2271 3076 2339 debeant
3126 2272 3188 2337 in
3239 2272 3424 2359 plano
3479 2271 3837 2358 cappellae

2240 2370 2387 2426 ante
2437 2358 2662 2425 idem‘?
2903 2434 2906 2437 ,
3105 2420 3112 2427 .
3323 2398 3337 2419 .

2370 2449 2440 2513 S.
2478 2449 2701 2515 eadem
2749 2453 2825 2515 R.
2860 2453 2938 2516 c.
2988 2450 3511 2533 respondendum
3546 2446 3833 2513 censuit:

2371 2537 2463 2600 Ad
2522 2541 2585 2601 1.
2621 2539 3028 2604 «canonicos
3057 2536 3310 2601 debere
3354 2555 3536 2601 orare
3583 2536 3648 2602 iu
3694 2535 3835 2601 suis

2244 2623 2395 2689 locis
2443 2624 2508 2688 in
2555 2624 2789 2709 choro,
2843 2644 2968 2690 non
3015 2635 3159 2709 post
3205 2623 3594 2708 Episcopum
3624 2646 3692 2688 ι».

2291 2799 2301 2809 .
2374 2711 2468 2776 Ad
2519 2716 2582 2777 2.
2634 2733 2672 2773 ι
2706 2712 2954 2778 Debere
3005 2714 3239 2778 sedere
3287 2712 3350 2783 in
3397 2710 3596 2778 stallis
3626 2714 3834 2779 Cano-

2241 2818 2534 2865 nicorum
2571 2821 2639 2865 ».

2370 2887 2464 2953 Ad
2517 2893 2586 2954 3.
2655 2909 2692 2952 ‹
2736 2888 3124 2977 Antiphonas
3194 2887 3436 2954 debere
3505 2886 3836 2974 praeinte-

2240 2976 2370 3077 nari
2421 2974 2498 3042 ab
2545 2979 2806 3061 eodem,
2860 2990 2984 3044 tam
3034 2976 3349 3064 Episcopo
3397 2995 3589 3061 quam
3628 2979 3835 3043 cano-

2243 3083 2400 3130 nicis
2434 3086 2495 3130 ι».
3611 3111 3616 3122 .

2373 3153 2467 3219 Ad
2518 3157 2583 3219 t.
2621 3174 2658 3217 α
2696 3157 2946 3220 Manere
2994 3155 3242 3220 debent
3275 3155 3337 3220 in
3368 3152 3833 3240 propriisstal·

2242 3240 2344 3323 lis,
2391 3241 2548 3307 dum
2597 3243 2674 3308 ab
2722 3243 3039 3328 Episcopo
3076 3241 3477 3308 thurificatur
3522 3240 3831 3306 Altare».

2372 3333 2449 3394 Et
2495 3331 2577 3395 ita
2638 3330 2987 3396 declaravit
3048 3341 3113 3397 et
3173 3329 3412 3395 servari
3478 3328 3828 3394 mandavit.

2240 3416 2353 3482 Die
2402 3420 2443 3482 8
2487 3418 2725 3503 Aprilis
2777 3422 2966 3485 1713.

2245 3556 2485 3629 2217.
2844 3561 3240 3627 FUNDANA.
3596 3555 3833 3647 (assa)

2369 3685 2515 3749 Orta
2574 3683 2743 3749 inter
2786 3684 3153 3770 capitulum
3216 3683 3542 3751 Ecclesiae
3602 3683 3834 3749 cathe-

2240 3769 2434 3835 dralis
2466 3771 2805 3837 Fundanae
2840 3790 2961 3838 nec
3003 3789 3128 3837 non
3178 3770 3827 3858 Archipresbyterum

2244 3858 2563 3924 Ecclesiae
2611 3859 3002 3945 collegiatae
3050 3863 3115 3928 S.
3153 3860 3380 3927 Mariae
3407 3860 3488 3926 de
3522 3861 3731 3924 Platea
3764 3869 3833 3924 et

2238 3946 2837 4014 confraternitatem
2909 3969 2938 4011 a
3006 3950 3206 4014 Morte
3273 3953 3698 4035 nuncupatam
3766 3947 3833 4012 in

2243 4034 2471 4100 eadem
2517 4036 2814 4101 Fundana
2871 4036 3139 4103 civitate
3188 4035 3660 4102 controversia:
3735 4036 3828 4099 An

2241 4122 2546 4189 nimirum
2592 4124 2918 4191 ordinario
2969 4125 3196 4190 liceret
3257 4124 3624 4189 facultatem
3681 4141 3832 4188 con·

2242 4211 2504 4294 cedere,
2556 4223 2628 4276 ut
2673 4212 2994 4298 praedicta
3043 4211 3538 4281 confraternitas
3571 4210 3678 4277 die
3711 4215 3829 4276 Do-

2242 4299 2468 4365 minica
2530 4299 2689 4364 infra
2736 4310 3016 4365 octavam
3064 4301 3362 4386 corporis
3408 4298 3642 4365 christi
3681 4301 3829 4364 Pro-

2242 4386 2595 4453 cessionem
2648 4407 2794 4453 cum
2843 4387 3167 4453 delatione
3216 4388 3391 4456 Ssmi
3439 4387 3828 4453 Sacramenti

2155 4533 2164 4540 .
2243 4474 2483 4541 habere
2502 4484 2741 4560 posset,
2772 4485 2836 4540 et
2863 4488 3012 4542 tuuc
3047 4475 3408 4542 Parochiam
3437 4474 3832 4541 cathedralis

2243 4562 2559 4628 Ecclesiae
2600 4575 2664 4629 et
2704 4563 3068 4649 respective
3099 4563 3417 4630 Ecclesiae
3437 4561 3831 4647 collegiatae

2241 4649 2606 4733 praedictae
2663 4650 2866 4738 spatio
2926 4650 3154 4736 viginti
3195 4669 3494 4737 passuum
3554 4651 3829 4737 attinge-

2246 4758 2342 4821 re,
2395 4737 2606 4802 invitis
2654 4736 2989 4804 Parochis‘?

2373 4828 2653 4910 S.R.C.,
2693 4826 3018 4894 referente
3065 4831 3223 4893 Eme
3249 4836 3314 4892 et
3344 4830 3504 4894 limo
3529 4831 3602 4893 Ι).
3632 4826 3826 4893 card.

2241 4915 2328 4982 de
2371 4914 2595 4980 Abdua
2643 4916 3167 5002 respondendum
3219 4915 3508 4981 censuit:
3570 4935 3607 4978 α
3643 4912 3828 4980 Affir-

2240 5002 2514 5069 mative:
2567 5015 2631 5067 et
2677 5004 2756 5069 ad
2803 5016 3126 5081 mentem;
3190 5019 3371 5068 mens
3429 5015 3642 5069 autem
3706 5001 3824 5067 fuit

2241 5092 2410 5177 quod
2475 5092 2837 5157 ordinarius
2909 5092 3330 5178 imposterum
3397 5089 3748 5156 abstineret
3794 5110 3825 5153 a

2241 5180 2650 5245 concessione
2700 5178 3066 5245 huiusmodi
3113 5181 3627 5259 processionum,
3664 5196 3826 5262 quae

2243 5268 2479 5333 limites
2524 5267 2767 5332 alienae
2806 5269 3144 5335 Parochiae
3176 5267 3637 5351 quoquomodo
3680 5283 3827 5350 per-

2237 5357 2569 5421 vadant».
2623 5356 2737 5419 Die
2783 5359 2824 5421 8
2873 5355 3108 5442 Aprilis
3160 5358 3351 5421 1713.
