4042 5950
2040 278 2515 360 ..404-

628 439 989 532 gregationi
1035 438 1368 526 sequentia
1430 439 1551 508 tria
1596 439 1784 509 dubia
1848 440 2221 510 declaranda

630 530 1010 618 proposuit3
1060 528 1364 596 nimirum
1397 553 1413 595 z

763 624 812 686 1.
863 622 959 685 An
1008 618 1206 705 possit
1269 616 1533 685 retineri
1596 637 1749 685 usus
1793 616 2222 685 benedicendi

627 707 946 795 populum
1016 725 1164 773 cum
1227 705 1633 774 Sanctissimo
1696 709 2105 772 sacramento
2160 705 2225 771 in

630 795 810 862 initio
858 807 924 860 et
972 794 1035 861 in
1082 793 1212 861 fine
1259 793 1773 883 Expositionum,
1825 794 1889 860 in
1936 793 2112 860 Missa
2161 803 2225 859 et

630 879 997 951 Laudibus?

763 975 836 1039 11.
888 972 986 1038 An
1033 971 1152 1037 hae
1185 970 1668 1038 benedictiones
1699 970 2056 1038 necessario
2087 968 2225 1037 dari

634 1059 914 1126 debeant
972 1059 1090 1126 sub
1151 1057 1406 1125 silentio
1467 1057 1685 1145 chori,
1735 1060 1818 1125 ita
1864 1069 1935 1125 ut
1980 1057 2225 1124 interea

633 1146 787 1214 nihil
838 1146 1096 1213 omnino
1142 1145 1490 1213 cantetur?

764 1238 864 1302 111.
935 1237 1031 1301 An
1099 1234 1428 1322 supposito
1491 1234 1664 1321 quod
1736 1236 1919 1302 unica
1980 1244 2225 1301 tantum

635 1323 701 1390 in
748 1322 876 1390 fine
944 1323 1161 1389 nissae
1225 1334 1289 1388 et
1349 1324 1671 1408 Laudum,
1727 1323 1922 1410 idque
1980 1324 2099 1391 sub
2144 1322 2226 1388 si·

636 1412 873 1495 lentio,
970 1409 1122 1477 ossit
1181 1410 1315 1478 dari
1377 1409 1738 1479 benedictio
1767 1462 1783 1494 ‚
1831 1414 1990 1479 hanc
2046 1430 2225 1500 prae-

634 1498 867 1567 cedere
964 1499 1146 1565 ebeat
1195 1510 1412 1566 cantus
1465 1501 1869 1585 stropharum
1943 1503 2227 1566 Tantum

633 1606 777 1671 erqo
839 1597 903 1653 et
970 1590 1266 1654 Genitori
1330 1603 1475 1654 cum
1534 1585 1611 1670 v.
1659 1591 1902 1656 Panem
1946 1589 2019 1654 de
2066 1588 2229 1653 coelo

638 1684 702 1739 et
746 1675 1039 1742 Oratione
1087 1676 1168 1743 de
1217 1675 1620 1742 Sanctissimo
1666 1679 2104 1760 sacramente,
2153 1687 2226 1743 ut

633 1762 1091 1849 praescribitur
1144 1763 1207 1831 in
1266 1764 1495 1830 Rituali
1561 1768 1842 1832 Romano
1891 1775 1956 1832 et
2000 1765 2225 1833 caere-

634 1849 891 1916 moniali
918 1850 1379 1938 Episcoporum
1404 1864 1547 1938 post
1571 1853 2049 1920 processionem
2080 1871 2226 1919 cum

637 1938 1078 2019 Sanctissim03
1114 1958 1312 2025 quum
1347 1940 1466 2006 iam
1499 1940 1563 2007 in
1592 1940 1784 2007 Missis
1818 1952 1884 2007 et
1907 1940 2226 2008 Laudibus

635 2028 1173 2094 Commemoratio
1228 2029 1312 2097 de
1373 2029 1606 2096 eodem
1668 2029 2072 2095 Sanctissimo
2120 2032 2224 2096 Sa·

636 2126 964 2269 ἓῃωεᾷηῑο
1007 2117 1087 2183 sit
1141 2117 1377 2202 habita,
1439 2119 1542 2183 vel
1605 2118 1831 2183 saltem
1888 2118 2098 2185 Oratio
2145 2117 2225 2184 sit

684 2213 806 2269 tcta

766 2293 933 2369 Quae
980 2292 1246 2378 quidem
1295 2292 1483 2361 dubia
1514 2312 1715 2378 quum
1748 2297 1931 2361 Sacra
1962 2294 2223 2361 Rituum

570 2404 577 2409 ·
636 2381 1089 2468 congregatio,
1124 2382 1200 2448 ad
1234 2381 1556 2459 Quirinale
1601 2381 1907 2449 hodierna
1946 2382 2054 2448 die
2089 2401 2226 2450 coa-

636 2465 870 2534 dunata
901 2472 965 2534 in
997 2469 1343 2536 ordinariis
1374 2469 1687 2553 comitiis,
1722 2469 2047 2535 referente
2078 2470 2227 2537 sub·

636 2553 876 2643 scripto
925 2557 1323 2642 Secretario,
1371 2568 1663 2623 accurate
1726 2575 1807 2623 ex
1858 2557 2115 2624 enderit
2160 2578 2228 2624 ac

637 2654 884 2711 mature
932 2643 1450 2728 consideraverit,
1482 2664 1679 2731 super
1711 2644 1785 2710 iis
1837 2664 1940 2711 em
1974 2658 2229 2713 senten·

638 2729 788 2798 tiam
835 2748 1041 2814 suam,
1090 2743 1163 2799 ut
1207 2734 1525 2819 sequitur,
1571 2733 1865 2820 proferre
1914 2746 2044 2799 rata
2090 2745 2223 2803 est=

767 2820 864 2887 Ad
913 2824 958 2887 1.
1009 2841 1048 2885 α
1081 2822 1387 2907 Negative
1423 2844 1486 2887 ›.

769 2907 867 2977 Ad
914 2911 992 2977 11.
1039 2930 1078 2975 α
1110 2909 1499 2978 Affirmative
1534 2932 1599 2977 ›.

769 2997 866 3064 Ad
917 3002 1017 3066 ΙΙΙ.
1069 3020 1107 3063 ‹
1143 2999 1534 3067 Affirmative
1580 3000 1644 3066 in
1692 3000 1985 3068 omnibus
2018 3025 2079 3069 x».

770 3089 983 3173 Atque
1029 3087 1111 3153 ita
1158 3088 1512 3176 rescripsit.

770 3174 884 3241 Die
937 3180 1012 3242 11
1063 3176 1202 3246 ΙιιΙίἰ
1257 3180 1447 3244 1857.

639 3314 906 3385 3059.
1244 3322 1612 3388 nomnen.
1998 3325 2224 3409 (5251)

771 3440 975 3516 Quum
1022 3441 1336 3508 Canonico
1370 3446 1617 3510 Decano
1649 3444 1970 3511 Ecclesiae
2002 3445 2230 3511 Cathe-

640 3526 833 3592 dralis
880 3528 1212 3615 Molinen„
1264 3530 1372 3616 qui
1440 3550 1521 3597 ex
1575 3550 1846 3599 munere
1890 3532 2007 3599 sibi
2061 3552 2231 3599 com-

642 3614 833 3679 misso
879 3634 913 3679 a
957 3619 1115 3682 Rmo
1164 3617 1333 3685 illius
1379 3618 1699 3686 Dioecesis
1744 3620 2060 3711 Episcopo
2126 3623 2230 3687 Sa-

641 3701 765 3768 cris
810 3701 1054 3770 Ritibus
1101 3704 1166 3769 in
1211 3705 1433 3772 eadem
1480 3707 1763 3774 Dioecesi
1821 3707 2230 3777 observandis

642 3787 983 3876 advigilat,
1042 3790 1108 3857 id
1173 3793 1363 3860 fuerit
1420 3796 1722 3862 continue
1781 3796 1843 3862 in
1900 3797 2100 3881 votis,
2160 3809 2233 3864 ut

642 3879 848 3942 omnia
894 3878 1066 3946 iuxta
1114 3881 1284 3948 Pauli
1331 3884 1619 3969 Apostoli
1678 3886 2062 3952 sententiam
2119 3887 2231 3953 ho·

643 3976 826 4032 neste
874 3979 937 4033 et
982 3969 1340 4037 secundum
1385 3971 1681 4039 ordinem
1716 3972 1898 4058 liant;
1934 3974 2012 4040 ad
2046 3974 2110 4041 id
2144 3973 2231 4041 l'a-

641 4052 826 4122 cilius
896 4065 961 4121 et
1028 4059 1315 4125 securius
1388 4061 1855 4145 assequendum
1922 4063 2230 4130 nonnulla

641 4141 835 4209 dubia
880 4146 1104 4211 Sacrae
1150 4146 1411 4214 Rituum
1459 4150 1950 4237 congregationi
1999 4169 2233 4238 propo·

642 4231 793 4316 suit,
847 4230 1220 4301 humillimis
1278 4236 1507 4304 additis
1570 4239 1866 4324 precibus
1911 4247 1984 4305 ut
2037 4258 2232 4326 super

644 4318 718 4384 iis
762 4320 1069 4389 iudicium
1113 4343 1302 4390 suum
1361 4324 1763 4394 manifestare
1828 4327 2225 4415 dignaretur.

641 4407 860 4474 Omnia
907 4409 1120 4495 itaque
1167 4412 1354 4480 dubia
1401 4416 1478 4482 ab
1527 4414 1664 4502 ipso
1712 4417 2036 4503 proposita
2083 4425 2233 4482 sunt

644 4514 806 4581 quae
851 4511 1255 4584 sequuntur:

774 4588 822 4650 1.
873 4588 1080 4664 Quum
1110 4586 1176 4653 in
1206 4591 1530 4679 plerisque
1566 4591 1915 4659 Missalibus
1947 4591 2012 4657 in
2044 4596 2230 4659 Festo

644 4672 946 4741 Dolorum
992 4679 1217 4742 Beatae
1255 4679 1478 4747 Uatiae
1510 4679 1785 4767 Virginis
1813 4679 1903 4745 sic
1938 4682 2227 4768 legatur:

642 4762 770 4826 Hoc
834 4764 1068 4829 Crucis
1132 4766 1264 4850 fert
1322 4769 1717 4854 supplicium
1777 4773 1950 4836 vitae
2007 4772 2230 4855 factus

641 4849 863 4931 hom05
925 4852 988 4917 in
1057 4852 1370 4939 aliquibus
1438 4867 1689 4924 autem=
1756 4861 1999 4925 Auctor
2056 4861 2231 4925 vitae

640 4941 862 5023 factus
929 4940 1108 5007 homo
1131 4964 1161 5022 ,-
1218 4947 1589 5030 quaeritur:
1652 4947 1969 5024 Quaenam
2039 4947 2228 5012 lectio

642 5027 722 5092 sit
770 5027 1155 5098 retinenda?

776 5118 851 5180 ll.
898 5119 1065 5183 Num
1111 5122 1174 5187 in
1222 5121 1399 5188 Missa
1452 5142 1665 5190 coram
1716 5125 2031 5213 Episcopo
2083 5143 2230 5191 can-

645 5213 767 5269 tata
797 5250 814 5285 ,
864 5207 1180 5275 Diaconus
1255 5229 1503 5277 cessare
1565 5213 1799 5280 debeat
1859 5213 1935 5280 ab
1996 5212 2228 5279 osculis

646 5309 867 5357 manus
926 5294 1320 5363 celebrantis
1378 5320 1409 5364 a
1458 5299 1726 5366 Rubi-ica
1773 5301 2224 5387 praescriptis:

648 5399 757 5456 ex.
782 5395 887 5480 gr.
912 5383 1203 5448 Patenam
1238 5387 1336 5451 vel
1374 5386 1774 5452 thuribulum
1797 5385 2228 5472 porrigendo?

2453 444 2553 507 ΙΙΙ.
2616 441 2779 506 Num
2845 441 2909 506 in
2966 438 3076 507 die
3134 440 3487 507 Palmamm
3559 439 3885 528 Episcopus

2324 529 2540 594 Missae
2585 530 2878 595 assistens
2935 527 3167 595 debeat
3231 529 3451 616 legere
3507 526 3889 596 Passionem?

2324 626 2389 682 et
2451 626 2764 703 quatenus
2824 614 3237 699 affirmative,
3305 624 3400 683 An
3462 616 3702 684 sedens
3757 619 3889 683 dum

2322 704 2572 858 canitipr
2616 708 2916 785 Tractus;
2963 705 3068 771 vel
3115 715 3286 771 stans
3331 704 3488 772 dum
3532 704 3739 772 Passio
3767 723 3890 770 can-

2325 801 2494 859 tatur

2454 883 2558 948 IV.
2597 885 2825 948 Utrum
2852 880 2916 947 in
2940 880 3156 947 Officio
3180 880 3397 949 Tridui
3431 880 3661 948 mortis
3683 881 3891 948 Christi

2320 988 2569 1054 omnes,
2604 968 2711 1056 qui
2744 968 3120 1054 ceteroquin
3150 968 3340 1036 Cruci
3386 969 3628 1037 faciunt
3674 980 3890 1035 tantum

2327 1057 2708 1145 profundam
2769 1057 3232 1141 reverentiam,
3280 1069 3476 1145 prout
3537 1058 3890 1145 Episcopus,

2322 1146 2645 1228 canonici,
2694 1144 3038 1214 celebrans
3085 1156 3244 1229 etc.,
3293 1144 3569 1212 debeant
3629 1144 3892 1234 genufle-

2325 1246 2538 1320 ctere;
2590 1255 2665 1301 an
2713 1236 2872 1301 haec
2916 1233 3384 1320 genuflexionis
3427 1235 3658 1322 regula
3707 1234 3892 1300 locum

2325 1321 2551 1390 habeat
2582 1322 2986 1390 solummodo
3017 1342 3050 1386 a
3081 1321 3188 1388 die
3213 1326 3552 1391 Parasceve
3585 1334 3735 1409 post
3764 1325 3894 1388 eru·

2325 1410 2414 1477 cis
2459 1410 2899 1478 adorationem
2943 1429 3150 1497 usque
3193 1411 3273 1478 ad
3318 1411 3556 1478 Nonam
3611 1408 3894 1477 inclusive

2328 1499 2576 1566 Sabbati
2624 1495 2888 1568 Sancti?

2459 1590 2534 1654 V.
2587 1591 2814 1655 Utrum
2878 1586 3132 1672 quando
3191 1585 3420 1672 aliquis
3478 1586 3772 1654 muneris
3812 1586 3894 1652 sui

2325 1675 2720 1761 adimplendi
2748 1695 2930 1741 causa
2953 1694 3075 1762 per
3087 1675 3371 1742 cborum
3397 1676 3671 1742 ventilat
3697 1694 3893 1761 ex.gr.

2324 1762 2896 1843 Caeremoniarius,
2930 1764 3033 1829 vel
3085 1763 3522 1831 Subdiaconus
3567 1763 3654 1831 ad
3687 1763 3894 1831 Sedena

2327 1850 2625 1941 Episcopi
2682 1870 2799 1940 pro
2908 1849 3513 1918 raeintonationibus
3571 1850 3788 1919 sexies
3847 1850 3897 1915 in

2330 1940 2632 2027 vesperis
2676 1940 2854 2005 Ponti
2905 1937 3143 2006 calibus
3202 1954 3518 2027 pergens,
3567 1959 3794 2007 omnes
3831 1940 3898 2006 de

2328 2028 2537 2095 choro
2584 2025 2862 2114 aequalis
2906 2028 3009 2093 vel
3061 2026 3384 2094 inferioris
3445 2027 3778 2115 dignitatis
3829 2048 3901 2093 as·

2327 2133 2598 2204 surgere
2648 2126 2712 2182 et
2757 2126 2921 2180 stare
2970 2114 3301 2182 debeant?

2462 2208 2566 2273 Ἡ.
2616 2207 2786 2272 Num
2830 2203 3129 2271 Ministris
3173 2204 3404 2270 Altaris
3463 2215 3529 2271 et
3587 2209 3902 2272 caeremo-

2329 2294 2556 2378 niario,
2604 2291 2891 2360 chorum
2936 2291 3353 2359 salutantibus
3399 2293 3462 2359 in
3508 2294 3697 2360 Missa
3729 2291 3902 2357 etOi·

2331 2382 2498 2465 ficio,
2533 2382 2781 2448 cborus
2811 2380 3320 2467 correspondet-e
3366 2380 3649 2448 debeat?
3677 2390 3745 2447 et
3772 2398 3902 2467 qua·

2333 2484 2519 2536 tenus
2567 2468 2980 2536 affirmative:
3031 2472 3258 2535 Utrum
3321 2469 3714 2557 deponendo
3759 2468 3903 2534 bire-

2333 2569 2468 2625 tum
2518 2565 2800 2636 tantum;
2848 2575 2926 2623 an
2973 2556 3164 2622 etiam
3209 2555 3666 2644 assurgendo?

2464 2648 2592 2713 vn.
2643 2647 2809 2711 Num
2860 2644 3264 2712 tolerandum
3309 2646 3414 2731 sit,
3473 2657 3543 2713 ut
3605 2663 3748 2712 mos
3795 2664 3902 2710 non

2332 2746 2589 2821 geratur
2619 2732 2904 2800 Decretis
2935 2736 3159 2801 Sacrae
3204 2734 3734 2822 congregationis
3763 2734 3902 2802 duos

2333 2823 2647 2889 ministros
2696 2822 2759 2889 in
2810 2823 2986 2888 Missa
3033 2822 3196 2889 lecta
3261 2822 3792 2910 prohibentibus,
3838 2840 3902 2887 eo

2334 2912 2452 2979 sub
2498 2919 2840 3000 praetextu
2885 2911 3058 2996 quod
3106 2909 3172 2979 bi
3215 2909 3488 2980 ministri
3537 2929 3670 2978 non
3723 2910 3900 2979 intro·

2333 3001 2649 3068 ducantur
2695 2999 2938 3065 ratione
2984 2998 3311 3086 diguitatis
3353 3000 3777 3083 celebrantis,
3807 2998 3901 3064 sed

2332 3089 2575 3155 ratione
2644 3086 3032 3155 celebritatis
3098 3099 3206 3155 aut
3267 3087 3722 3176 frequentioris
3779 3086 3903 3152 assi·

2334 3176 2636 3243 stentiae:
2690 3197 2798 3244 ex.
2829 3191 2930 3261 gr.
2966 3177 3017 3241 si
3057 3174 3236 3243 Missa
3282 3179 3365 3246 sit
3408 3175 3788 3243 Parecbialis
3813 3187 3904 3240 aut

2333 3265 2819 3333 communitatis
2837 3265 2870 3333 ⁶?

2467 3356 2623 3420 Vlll.
2671 3355 2994 3431 Quatenus
3039 3354 3318 3422 officium
3351 3352 3614 3420 ministri
3649 3353 3718 3420 in
3749 3352 3904 3420 mssa

2332 3445 2497 3509 lecta
2545 3441 2711 3509 inter
2757 3443 2919 3509 duos
2963 3443 3146 3510 nullo
3191 3443 3385 3509 modo
3437 3441 3666 3531 partiri
3713 3443 3901 3520 liceat,

2334 3530 2700 3617 quaeritur:
2759 3533 2924 3598 Num
2984 3530 3271 3618 permitti
3331 3531 3578 3630 possit,
3654 3526 3904 3597 celebri·

2338 3620 2479 3685 tatis
2546 3631 2652 3685 aut
2715 3619 3169 3705 frequentioris
3235 3619 3626 3686 assistentiae
3696 3636 3899 3696 causa,

2337 3717 2529 3792 prout
2594 3707 2658 3773 in
2730 3707 2928 3775 dubio
2995 3706 3447 3794 praecedenti,
3508 3706 3903 3775 introducere

2335 3798 2496 3863 duos
2540 3796 2822 3863 Clericos
2868 3796 3179 3863 intorticia
3226 3816 3260 3861 a
3303 3794 3623 3882 principio
3654 3791 3904 3862 canonis

2335 3903 2541 3969 usque
2585 3885 2663 3950 ad
2723 3885 3250 3952 communionem
3311 3883 3743 3967 sustinenteS,
3788 3900 3900 3947 ser·

2333 3982 2468 4038 vata
2514 3972 2795 4058 alioquin
2840 3973 3086 4039 unitate
3132 3969 3449 4038 ministri?

2463 4061 2572 4126 IX.
2605 4063 2772 4128 Num
2803 4061 3037 4129 diebus
3064 4059 3554 4127 solemnioribus
3598 4081 3718 4149 pro
3750 4059 3900 4128 lissa

2333 4148 2498 4214 lecta
2567 4148 2908 4216 Parochiali
2976 4160 3082 4216 aut
3144 4149 3668 4235 communitatis,
3735 4156 3899 4238 prout

2332 4254 2546 4322 supra,
2581 4238 2845 4305 accendi
2878 4239 3120 4326 possint
3150 4238 3487 4324 plusquam
3519 4237 3655 4305 duo
3685 4229 3902 4306 cerei?

2464 4328 2544 4392 X.
2609 4329 2772 4393 Num
2844 4327 3150 4393 Sacerdos
3211 4326 3276 4391 in
3340 4326 3517 4392 Missa
3587 4338 3899 4416 postquam

2330 4433 2401 4480 se
2447 4413 3040 4498 communicaverit,
3141 4415 3458 4501 riusquam
3513 4414 3900 4482 Communic-

2333 4520 2481 4569 nem
2512 4503 2900 4571 adstantibus
2925 4502 3108 4571 distri
3157 4513 3289 4587 uat,
3328 4503 3524 4590 possit
3554 4516 3901 4570 sermonem

2335 4591 2412 4657 ad
2462 4592 2775 4681 populum
2825 4588 3116 4660 habere?

2466 4682 2574 4747 XI.
2621 4685 2718 4747 An
2756 4680 3011 4748 tolerari
3040 4679 3241 4766 possit
3269 4692 3340 4747 ut
3375 4692 3673 4771 tempore
3706 4680 3898 4747 nissae

2334 4778 2400 4834 et
2429 4768 2793 4835 Officiorum
2823 4768 3208 4836 candelabra
3239 4769 3490 4854 Alta-is,
3527 4788 3608 4836 ne
3650 4770 3899 4856 pulvere

2332 4857 2698 4923 sordescant
2765 4859 2978 4943 aliquo
3040 4875 3253 4945 panno
3319 4858 3425 4924 vel
3483 4858 3607 4926 tela
3666 4873 3899 4945 perma-

2334 4956 2526 5011 neant
2571 4946 2837 5026 vestita3
2887 4948 3015 5011 imo
3061 4957 3134 5013 ut
3181 4956 3247 5011 et
3294 4947 3425 5032 ipsa
3469 4950 3646 5014 crux
3687 4946 3899 5013 eodem

2333 5033 2527 5100 modo
2575 5034 2972 5122 involvatur,
3021 5033 3224 5125 posita
3267 5036 3390 5102 alia
3435 5037 3640 5103 cruce
3686 5031 3899 5101 minori

2331 5141 2451 5209 pro
2510 5125 2716 5277 cruce
2775 5125 3004 5192 Altaris
3066 5123 3445 5213 pretiosiore
3507 5124 3627 5190 iam
3679 5124 3769 5190 sic
3810 5118 3899 5185 ob-

2339 5221 2497 5278 tecta

2462 5302 2597 5366 Xll.
2648 5304 2824 5368 iuxta
2872 5301 3406 5370 consuetudinem
3456 5302 3779 5369 Ecclesiae
3806 5305 3899 5370 ca·

2333 5388 2638 5458 thedralis
2685 5390 3011 5481 molinen„
3063 5395 3234 5459 Nona
3282 5392 3520 5460 dicitur
3579 5401 3726 5458 ante
3786 5409 3899 5460 me-
