4042 5950
1548 252 1964 332 ...37-

154 426 283 475 nem
326 407 784 495 Episcoporum
832 420 895 474 et
936 409 1349 497 Regularium
1394 428 1688 491 recursu,

154 497 431 563 adversus
473 496 962 581 prohibitionem
998 517 1116 584 per
1146 497 1462 565 Vicarium
1497 500 1697 562 Gene-

155 586 328 650 ralem
374 582 545 651 illius
572 584 794 651 Curiae
826 584 1046 651 factam
1091 586 1357 671 losepho
1400 585 1699 651 Aniculae

152 670 373 737 clerico
418 670 625 738 dictae
669 668 1059 739 cathedralis
1106 674 1169 739 in
1217 672 1566 739 minoribus
1596 691 1696 738 or-

151 758 381 825 dinibus
423 760 792 842 constituto,
844 779 1037 847 super
1082 760 1271 826 modo
1310 760 1693 828 inserviendi

151 846 341 913 eidem
386 845 585 913 Priori
611 846 673 914 in
703 847 904 930 Missa,
938 849 1180 932 illoque
1215 867 1337 913 una
1370 867 1514 914 cum
1550 848 1692 934 Epi·

128 932 299 1020 'scopi
342 933 787 1002 informatione
831 935 905 1001 ad
955 940 1020 1003 S.
1055 940 1131 1002 R.
1165 938 1234 1002 C.
1284 937 1547 1002 remisso
1606 946 1697 1000 at-

151 1041 258 1106 que
302 1022 539 1098 relato;

260 1112 319 1174 S.
355 1108 583 1176 eadem
633 1113 705 1175 R.
741 1115 841 1195 G.,
870 1111 1174 1199 inspectis
1205 1111 1497 1177 omnibus
1529 1130 1693 1198 quae

150 1197 201 1261 in
239 1196 257 1261 i
404 1195 853 1265 informatione
898 1197 1408 1280 notificabantur,
1456 1218 1692 1286 nempe

147 1303 251 1367 quo
336 1284 657 1369 praefatus
713 1286 927 1368 Prior,
978 1298 1236 1373 praeter
1295 1285 1691 1371 peculiarem

148 1369 277 1439 dicti
316 1371 549 1439 Clerici
596 1372 1038 1457 assistentiam,
1064 1373 1142 1439 ab
1174 1374 1284 1441 illo
1308 1374 1552 1441 Missale
1571 1374 1691 1439 sibi

146 1459 499 1543 substineri,
550 1460 697 1526 folia
754 1461 959 1544 verti,
1007 1461 1318 1528 orationes
1380 1462 1687 1546 indicari,

144 1546 389 1613 Calicem
436 1546 569 1632 tegi
618 1559 684 1613 et
713 1548 973 1636 detegi,
1008 1568 1076 1614 ac
1125 1549 1191 1616 in
1238 1549 1421 1616 illum
1467 1548 1686 1615 vinum

146 1643 200 1698 st
234 1653 448 1718 aquam
498 1635 778 1719 infundi,
812 1656 883 1702 ac
915 1656 1173 1703 manum
1207 1655 1387 1702 more
1435 1637 1690 1723 Episco-

144 1739 346 1805 porum
403 1722 758 1791 deosculari
826 1723 1015 1808 facit3
1094 1724 1488 1791 inhaerendo
1555 1723 1690 1789 aliis

146 1808 628 1877 Resolutionibns
694 1812 759 1877 in
815 1811 1125 1881 similibus
1172 1812 1385 1895 editis,
1433 1812 1688 1878 manda-

146 1895 248 1960 vit:
292 1897 569 1963 ‹Omnia
618 1898 935 1986 praedicta
970 1900 1032 1964 in
1056 1912 1393 1986 posterum
1424 1900 1686 1966 minime

150 1983 549 2069 permittenda
597 2004 771 2071 esse,
821 1997 885 2053 et
944 1992 1287 2055 Decretum
1342 1986 1689 2074 praecipue

146 2073 195 2135 in
234 2074 459 2138 Senen.
489 2076 575 2139 20
606 2073 749 2141 lulii
782 2077 947 2142 1686
972 2076 1218 2143 editum
1252 2075 1504 2141 debitae
1537 2094 1688 2140 exe-

145 2158 350 2255 cutioni
394 2179 513 2259 pro
564 2161 958 2227 observantia
1012 2163 1375 2231 demandari
1436 2181 1690 2249 praece-

146 2256 219 2331 pit
248 2269 307 2312 ».
351 2252 463 2313 Dte
512 2252 598 2315 27
649 2249 788 2315 {ulii
837 2253 1029 2316 1720.

146 2384 369 2455 2269.
758 2391 1079 2457 unum.
1456 2388 1681 2478 (3943)

250 2513 310 2575 S.
341 2515 410 2578 R.
448 2516 554 2597 C.,
602 2512 978 2579 instantibus
1023 2512 1394 2580 monialibus
1440 2511 1682 2577 Profes-

147 2596 212 2660 sis
250 2601 596 2667 nonasterii
657 2619 857 2687 prope
918 2602 981 2667 S.
1033 2602 1464 2666 Sebastianum
1520 2598 1686 2666 Civi-

148 2684 263 2749 tatis
302 2690 558 2755 tanuen.
609 2686 729 2754 sub
757 2689 999 2775 Regula
1028 2691 1095 2755 S.
1114 2686 1474 2776 Augustini,
1506 2686 1683 2753 Ordi-
1774 2694 1782 2703 ‘

148 2770 291 2838 nario
309 2784 516 2842 tamen
549 2774 875 2857 subiectis,
901 2794 1020 2862 pro
1050 2776 1476 2849 declaratione
1508 2774 1683 2842 dubii

146 2857 280 2924 circa
319 2862 760 2929 recitationem
804 2861 1001 2929 Officii
1061 2865 1129 2930 S.
1175 2863 1508 2950 Augustini
1567 2882 1682 2950 pro

147 2944 229 3012 die
267 2951 461 3017 semel
512 2951 578 3018 in
622 2968 841 3017 mense
887 2951 1100 3020 eidem
1128 2950 1348 3020 Ordini
1377 2950 1681 3034 concessi,

146 3033 494 3105 declaravit:
546 3060 585 3103 ι
620 3042 701 3106 Ut
746 3037 1043 3110 Honiales
1096 3041 1481 3127 praedictae,
1531 3058 1681 3123 qua·

146 3130 298 3188 tenus
352 3128 672 3211 gaudeant
724 3126 1059 3214 privilegio
1112 3127 1418 3194 recitandi
1473 3125 1681 3192 Officia

145 3210 480 3282 Sanctorum
510 3214 786 3296 Ordinis,
823 3215 1061 3301 possint
1095 3215 1364 3282 recitare
1394 3214 1679 3281 Officium

145 3297 195 3361 S.
236 3301 559 3385 Augustini
603 3303 805 3367 semel
855 3302 917 3368 in
963 3322 1209 3386 mense,
1235 3303 1349 3369 sed
1397 3302 1504 3368 die
1550 3319 1679 3366 non

146 3384 414 3480 impedita
440 3389 661 3456 Officio
692 3388 930 3477 duplici
975 3392 1079 3457 vel
1124 3389 1560 3475 semiduplici,
1587 3397 1681 3453 et-

144 3475 286 3538 iamsi
323 3476 403 3542 sit
449 3481 826 3545 Sanctorum
873 3477 1222 3556 Dioecesis;
1269 3477 1440 3562 quod
1496 3476 1679 3542 omit-

146 3569 257 3625 tere
303 3583 424 3631 non
470 3575 761 3651 possunt,
796 3566 1079 3651 quamvis
1122 3574 1438 3652 perpetuo
1484 3579 1677 3629 trans·

143 3646 329 3731 latum,
372 3653 489 3720 sed
537 3652 834 3719 omittere
878 3652 1121 3720 debent
1180 3672 1256 3719 eo
1315 3671 1532 3719 mense
1577 3653 1678 3717 Of-

144 3733 323 3830 licium
387 3742 450 3807 S.
517 3739 854 3825 Augustini
902 3761 966 3803 t.
1028 3744 1110 3806 Et
1174 3741 1256 3805 ita
1303 3740 1668 3806 declaravit.

142 3822 229 3887 Die
274 3829 346 3891 15
389 3827 593 3895 Martii
647 3831 836 3894 1721.

143 3963 358 4037 2270.
721 3971 1081 4036 MELITEN.
1446 3965 1670 4055 (3945)

242 4092 712 4180 Exponentibns
756 4091 1078 4159 nonnullis
1136 4090 1522 4177 Presbyteris
1562 4094 1672 4158 Ca·

140 4177 256 4244 salis
305 4181 558 4269 Zebbug
617 4180 933 4247 Dioecesis
978 4179 1287 4262 Meliten„
1340 4177 1547 4243 habito
1593 4177 1667 4243 ad

140 4265 190 4329 S.
218 4270 279 4333 R.
309 4273 376 4336 C.
424 4288 715 4352 recursu,
778 4267 1111 4336 inductum
1160 4266 1356 4333 fuisse
1407 4263 1673 4350 per-Vi-

140 4358 565 4424 ce-Parochnm
595 4355 750 4423 dicti
770 4355 997 4422 casalis
1026 4355 1291 4422 abusum
1324 4352 1675 4440 peragendi

140 4443 438 4510 wcundam
484 4444 997 4510 benedictionem
1020 4443 1358 4508 domorum
1379 4451 1521 4526 post
1545 4439 1672 4526 pri·

140 4543 276 4594 mam
304 4533 375 4598 ab
406 4534 542 4620 ipso
586 4532 857 4599 Pan-ocho
890 4531 1238 4617 expletam,
1276 4528 1562 4614 quamvis
1607 4528 1670 4592 in

139 4615 663 4687 constitutionibus
708 4618 1109 4707 synodalibus
1173 4635 1289 4704 per
1335 4617 1416 4682 cl.
1468 4632 1667 4682 mem.

140 4703 469 4774 lichaelem
538 4706 994 4793 Hieronymum
1052 4706 1133 4772 de
1201 4704 1463 4786 Melina,
1515 4703 1668 4769 olim

48 4829 49 4838 κ
140 4792 482 4893 Episcopum
541 4795 873 4877 Melitam,
928 4812 1089 4859 anno
1157 4796 1321 4860 1690
1366 4792 1554 4859 editis
1604 4801 1669 4855 et

140 4895 233 4960 per
283 4883 427 4949 alios
494 4888 540 4949 E
592 4882 837 4969 iscopos
891 4891 1109 4968 postea
1163 4878 1541 4946 confirmatis
1604 4878 1667 4944 id

139 4966 490 5046 prohibitum
562 4969 793 5048 uisset;
843 4980 909 5035 et
962 4968 1425 5055 praetendente
1486 4964 1667 5032 Paross

142 5051 233 5116 cbo
274 5074 346 5122 ex
392 5078 467 5124 eo
513 5057 686 5143 quod
734 5057 797 5124 in
844 5056 1043 5124 casali
1090 5054 1417 5142 praedicto
1455 5052 1669 5119 existit

139 5139 289 5226 Cura,
334 5148 395 5212 in
438 5148 618 5214 cuius
666 5145 999 5227 auxilium,
1046 5144 1182 5208 sive
1238 5143 1314 5209 ad
1374 5140 1667 5229 proprio-

1797 408 2308 477 benedictionem
2374 430 2493 498 per
2555 432 2742 479 suum
2817 414 3364 485 Vice-Parochum

1790 498 1997 564 adhuc
2049 500 2261 586 peragi
2310 499 2570 566 deberi:
2644 501 2720 566 ad
2784 501 3139 569 instantiam
3195 524 3365 573 nunc

1796 585 2039 651 loannis
2083 586 2346 668 Bonicii,
2373 588 2536 653 Petri
2571 586 2903 672 Pollicinii,
2929 592 3170 656 loannis
3193 593 3368 658 Pauli

1796 685 1861 738 et
1893 672 2120 760 Angeli
2150 674 2397 739 Attardi
2423 693 2505 739 ex
2529 694 2679 755 una,
2706 684 2895 762 atque
2934 681 3230 745 loannem
3255 684 3366 747 Ba·

1793 760 2433 846 ptistamSagnanum
2465 762 2806 829 Parocbum
2839 764 3063 829 Casalis
3107 767 3365 855 Zebbug

1793 847 2060 932 eiusque
2106 849 2649 917 vice-Parochum
2695 850 2975 937 partibus
3020 870 3100 917 ex
3140 854 3362 937 altera,

1794 953 2003 1001 coram
2051 939 2205 1002 Emo
2255 947 2319 1000 et
2365 940 2518 1002 Rmo
2564 942 2637 1003 D.
2689 937 2999 1005 Cardinali
3044 940 3363 1006 Zondada-

1792 1022 1886 1087 rio
1917 1025 2223 1106 Ponente,
2260 1022 2650 1110 infrascripta
2696 1024 2886 1091 dubia
2933 1026 3102 1093 inter
3151 1038 3362 1114 partes

1793 1110 2209 1203 concordata,
2258 1112 2324 1177 in
2383 1114 2449 1178 S.
2502 1115 2577 1178 R.
2619 1116 2690 1179 C.
2743 1114 3152 1195 examinanda
3212 1133 3360 1201 pro·

1795 1197 1993 1284 posita
2042 1198 2343 1265 fuerunt:

1928 1289 1986 1350 1.
2040 1288 2135 1350 An
2192 1287 2447 1371 expleta
2513 1305 2631 1372 per
2689 1289 3036 1354 Parecbum
3096 1289 3364 1358 benedi-

1789 1373 1998 1438 ctione
2027 1372 2394 1456 domorum,
2429 1374 2625 1459 possit
2656 1393 2774 1460 per
2812 1375 3359 1445 vice-Parocbum

1792 1459 1930 1525 lieri
1973 1459 2249 1525 secunda
2310 1459 2714 1527 benedictio?
2770 1473 2836 1527 et
2880 1475 3189 1547 quatenus
3250 1484 3362 1530 ne·

1791 1547 2027 1633 gative,

1920 1638 1982 1701 2.
2034 1641 2130 1700 An
2176 1634 2342 1701 dicta
2390 1636 2749 1704 benedictio
2809 1638 2949 1704 fieri
3003 1640 3198 1723 possit
3241 1658 3363 1726 per

1789 1723 2338 1791 Vice-Parocbum
2368 1724 2571 1810 quoad
2606 1726 3014 1811 parochianos
3062 1726 3238 1792 illam
3261 1745 3359 1792 re-

1790 1811 2121 1895 quirentes
2147 1810 2180 1876 Ῥ

1920 1901 1999 1963 Et
2067 1901 2130 1966 S.
2175 1903 2248 1966 R.
2308 1903 2430 1981 C.,
2487 1909 2612 1964 tam
2658 1918 2814 1966 voce
2860 1920 3050 1985 quam
3111 1901 3362 1990 scriptis

1786 1996 2056 2069 utraque
2103 1999 2279 2083 parte
2342 1986 2717 2053 informante
2777 1988 3023 2070 audita,
3084 1988 3360 2074 visisque

1786 2070 2029 2138 iuribus
2074 2074 2220 2140 hinc
2267 2074 2413 2142 iude
2460 2074 2779 2158 deductis,
2825 2075 2902 2142 ad
2958 2081 3016 2141 1.
3055 2084 3122 2140 et
3153 2080 3217 2141 2.
3252 2094 3352 2140 re-

1785 2159 2197 2226 scribendum
2230 2162 2510 2227 censuit:
2555 2165 2914 2249 ‹Negative
2938 2162 3003 2228 in
3036 2163 3354 2244 omnibus;

1788 2258 1851 2313 et
1882 2247 2152 2333 amplius
2185 2271 2249 2313 ›.
2283 2252 2363 2314 Et
2395 2250 2477 2314 ita
2508 2250 2796 2316 decrevit
2823 2269 2894 2315 ac
2921 2249 3160 2316 servari
3191 2267 3360 2315 man-

1788 2334 1981 2401 davit.
2036 2335 2148 2402 Die
2200 2341 2280 2402 15
2323 2337 2521 2402 Martii
2575 2341 2764 2404 1721.

1788 2509 2023 2580 2271.
2116 2513 2676 2579 Pisron1EN.s·1·
2707 2514 3032 2581 PnArnN.
3127 2513 3354 2600 (asts)

1913 2687 2073 2754 Cum
2121 2685 2466 2773 Episcopus
2497 2686 2828 2753 Pistorien.
2866 2698 2930 2753 et
2960 2691 3209 2755 Praten.
3247 2708 3358 2754 ex-

1783 2773 2092 2861 posuerit,
2129 2774 2454 2839 occasione
2480 2775 2896 2841 Dioecesanae
2919 2776 3158 2861 Synodi
3190 2794 3356 2843 com-

1785 2861 2049 2945 periisse
2096 2859 2395 2944 abusum,
2445 2880 2570 2947 quo
2617 2861 2940 2949 simplices
2978 2865 3353 2931 Sacerdotes

1785 2946 2028 3015 Missam
2093 2948 2449 3015 solemnem
2516 2949 2949 3034 celebrantes,
3023 2949 3212 3018 etiam
3293 2953 3356 3019 in

1784 3036 2092 3119 Dioecesi,
2126 3037 2203 3104 ad
2239 3056 2460 3103 eorum
2509 3036 2757 3104 libitum
2806 3039 2971 3104 ultra
3013 3038 3355 3106 Diaconum

1783 3133 1849 3189 et
1895 3123 2387 3210 subdiaconum,
2419 3126 2536 3192 sub
2627 3135 2914 3192 raetextu
2950 3126 3352 3192 immemora-

1783 3210 1927 3276 bilis
1973 3211 2472 3295 consuetudinis,
2536 3230 2568 3274 a
2619 3211 2841 3277 hibent
2898 3212 3352 3299 Presbyterum

1780 3297 1898 3363 sibi
1943 3316 2091 3364 cum
2138 3299 2400 3385 pluviali
2445 3298 2880 3379 assistentem3
2947 3300 3230 3384 ideoque
3289 3300 3354 3365 in

1781 3387 1850 3452 S.
1898 3389 1974 3452 R.
2021 3390 2096 3452 C.
2146 3387 2332 3452 enixe
2389 3406 2462 3452 su
2513 3385 2842 3488 plicaverit
2904 3405 3022 3474 pro
3070 3387 3350 3456 declara-

1779 3474 1952 3539 tione
1983 3473 2346 3539 huiusmodi
2382 3405 2586 3540 dagni:
2642 3475 2739 3538 An
2784 3492 2936 3541 usus
2988 3471 3352 3561 praedictus

1778 3560 1859 3626 sit
1917 3559 2439 3645 permittendus?

1908 3651 1977 3714 S.
2002 3651 2078 3713 R.
2105 3650 2206 3731 c„
2237 3647 2625 3714 inhaerendo
2671 3647 2812 3714 aliis
2857 3643 3355 3716 resolutionibus

1777 3735 1843 3801 in
1865 3735 2180 3803 similibus
2211 3736 2434 3801 editis:
2468 3736 2877 3802 «praefatum
2907 3754 3093 3803 usum
3115 3755 3355 3821 nequa·

1775 3841 1965 3907 quam
2011 3824 2546 3908 permittendum,
2579 3822 2695 3889 sed
2734 3823 2992 3889 omnino
3037 3835 3352 3909 tamquam

1775 3910 2042 3982 abusum
2087 3910 2563 3997 prohibendum
2609 3930 2747 3977 esse
2791 3911 3114 3980 mandavit
3153 3930 3212 3977 ›.
3277 3915 3353 3976 Et

1775 3997 1859 4063 ita
1905 3997 2218 4065 decrevit.
2270 3999 2382 4064 Die
2434 4003 2512 4064 15
2557 3997 2755 4064 Martii
2810 4002 2996 4065 1721.

1782 4173 2026 4243 2272.
2371 4174 2780 4241 ΡΑΤΑἯΝΑ.
3125 4133 3352 4262 (asts)

1902 4348 2224 4416 Abbatissa
2284 4349 2636 4417 nonasterii
2697 4354 2759 4419 S.
2793 4351 3047 4439 Georgii
3103 4351 3354 4418 Ordinis

1773 4440 1836 4505 S.
1880 4436 2234 4519 Benedicti,
2284 4437 2567 4505 Civitatis
2612 4439 2960 4522 Patavinae,
2994 4457 3113 4525 pro
3141 4439 3352 4506 decla-

1774 4524 2013 4590 ratione
2068 4524 2250 4592 dubii
2295 4526 2460 4591 circa
2504 4525 2768 4592 modum
2830 4525 3196 4592 celebrandi
3254 4543 3352 4590 se-

1772 4613 2008 4679 cundas
2055 4616 2365 4700 vesperas
2410 4614 2473 4679 in
2519 4616 2704 4679 Festo
2770 4616 2835 4680 S.
2886 4612 3142 4697 Georgii
3186 4611 3354 4677 'ritu-

1772 4701 1917 4766 laris
1977 4701 2255 4790 ipsarum
2318 4700 2676 4783 Ecclesiae,
2727 4709 3137 4766 occurrentes
3205 4716 3351 4765 cum

1772 4788 1993 4876 primis
2042 4788 2342 4876 vesperis
2387 4786 2810 4854 Dedicationis
2877 4786 3193 4853 Ecclesiae
3239 4789 3353 4852 Ga·

1770 4877 2074 4943 thedralis
2098 4926 2115 4960 ,
2163 4876 2329 4963 apud
2361 4877 2428 4940 S.
2466 4879 2540 4941 R.
2578 4878 2646 4941 C.
2685 4872 3049 4939 humillime
3108 4874 3352 4962 suppli-

1772 4973 1998 5044 cante3

1901 5053 1967 5115 S.
2019 5050 2244 5117 eadem
2291 5052 2362 5114 R.
2399 5049 2481 5115 G:
2516 5071 2554 5114 ‹
2581 5048 2903 5118 Secundae
2927 5050 3242 5136 Vesperas
3270 5050 3351 5116 de

1770 5141 1835 5204 S.
1884 5138 2158 5223 Georgio
2191 5157 2272 5203 ex
2305 5137 2557 5224 integro
2588 5136 2999 5204 celebrandas
3029 5155 3172 5203 esse
3203 5154 3356 5203 cun

142 5243 255 5294 mm
274 5235 783 5317 parochianorum
814 5231 1253 5314 commodum,
1278 5247 1538 5316 semper
1561 5228 1663 5294 Vi·
1766 5226 2368 5294 commemoratione
2416 5225 2842 5292 Dedicationis
2889 5223 3206 5291 Ecclesiae
3236 5227 3362 5290 Ca-

142 5319 561 5390 eo-Parochum
606 5320 885 5391 retinere
932 5320 1286 5402 consuevit,
1320 5316 1665 5384 secundam

1768 5315 2073 5383 thedralis
2099 5335 2136 5379 »
2182 5313 2570 5381 declaravit.·
2602 5315 2715 5381 Die
2760 5316 2801 5380 9
2838 5311 3105 5398 Augusti
3144 5315 3348 5387 1721.
