4042 5950
2050 280 2522 365 —336-

642 444 779 513 lulii
832 444 1154 513 transferri
1208 443 1406 515 debet
1457 444 1534 514 ad
1601 445 2053 545 insequentem
2111 447 2231 511 Do·

644 535 974 613 minicam3
1011 535 1072 601 in
1105 552 1227 620 qua
1251 534 1502 621 quoties
1539 543 1819 600 occurrit
1850 532 2231 602 Solemnitas

645 624 1018 690 Sanctorum
1064 622 1518 711 Apostolorum
1565 619 1733 688 Petri
1767 632 1832 687 et
1865 621 2062 706 Pauli,
2112 620 2231 687 du·

644 710 881 778 bitatur
941 712 1026 778 de
1085 729 1215 796 quo
1279 709 1455 798 prius
1523 710 1846 797 agendum
1904 709 2006 775 sit.
2073 713 2232 777 Nam

644 799 818 865 iuxta
864 799 1013 865 alias
1059 799 1321 866 decreta
1356 817 1388 863 a
1420 800 1606 865 Sacra
1654 797 1915 867 Rituum
1946 802 2230 887 Congre-

643 885 925 974 gatione,
991 885 1357 954 solemnitas
1406 886 1720 954 inferioris
1770 885 2096 974 dignitatis
2149 885 2228 952 ad

639 987 1021 1061 sequentem
1054 974 1444 1043 Dominicam
1488 975 1920 1043 transferenda
1971 985 2108 1060 est;
2159 993 2228 1039 ac

641 1063 913 1153 proinde
962 1065 1025 1131 in
1072 1083 1215 1130 casu
1262 1062 1639 1155 quaeritur:
1699 1066 1848 1130 Utra
1909 1083 1989 1129 ex
2043 1081 2225 1149 prae·

640 1152 871 1220 notatis
901 1151 1406 1220 solemnitatibus
1437 1149 1517 1216 sit
1550 1150 1865 1219 inferioris
1900 1149 2228 1238 dignitatis

640 1262 710 1309 ac
755 1261 876 1330 per
920 1258 1322 1327 consequens
1365 1239 1441 1307 ad
1491 1239 1880 1306 Dominicam
1931 1238 2228 1327 proxime

639 1341 1022 1416 sequentem
1068 1325 1564 1396 transferenda?

769 1423 851 1486 Et
897 1422 1079 1488 Sacra
1125 1417 1385 1484 Rituum
1432 1415 1884 1503 Congregatio,
1932 1416 2009 1482 ad
2061 1415 2229 1483 Vati-

643 1527 870 1575 canum
927 1506 1288 1593 subsignata
1349 1503 1457 1571 die
1518 1503 1582 1570 in
1639 1503 1967 1571 Ordinario
2020 1505 2227 1572 Coetu

642 1597 1027 1680 coadunata,
1089 1592 1300 1660 audita
1361 1613 1391 1657 a
1454 1591 1812 1681 subscripto
1874 1590 2228 1660 Secretario

641 1683 819 1752 fideli
884 1682 1192 1751 relatione
1253 1701 1322 1748 ac
1382 1679 1549 1748 serio
1615 1680 1907 1750 examine
1961 1681 2236 1769 singulis

642 1771 998 1860 perpensis,
1047 1769 1530 1837 rescribendum
1578 1768 1870 1838 censuit:

774 1861 868 1928 Ad
917 1866 966 1927 1.
1013 1881 1052 1923 α
1084 1857 1419 1946 Negative,
1481 1856 1559 1922 ad
1608 1859 1881 1948 primam
1937 1868 2225 1944 partem;

640 1948 1057 2031 Affirmative,
1105 1949 1182 2017 ad
1227 1946 1571 2014 secundam
1603 1970 1667 2013 ».

773 2038 867 2106 Ad
902 2041 978 2104 11.
1014 2058 1052 2101 c
1076 2035 1289 2117 Quoad
1314 2036 1585 2122 primam
1609 2035 2076 2127 quaestionem,
2102 2053 2232 2099 ser-

642 2139 834 2194 vetur
874 2125 1242 2209 indultum3
1293 2123 1502 2210 quoad
1552 2125 1924 2208 secundam,
1974 2121 2230 2211 quoties

642 2215 707 2283 in
753 2214 1004 2282 indulto
1049 2212 1681 2299 comprehendantur
1736 2214 2063 2279 Ecclesiae
2109 2214 2227 2277 Re·

530 2322 535 2329 ’
642 2303 962 2392 gularium
1011 2312 1074 2368 et
1119 2300 1516 2383 Monialium,
1572 2300 1748 2365 Missa
1796 2300 2229 2367 solemnitatis

640 2412 900 2480 semper
953 2388 1332 2459 celebranda
1396 2388 1519 2454 erit
1578 2406 1725 2454 cum
1782 2398 2015 2473 cantu3
2082 2406 2223 2453 nam

644 2482 818 2547 Missa
867 2475 1318 2548 conventualis
1375 2495 1636 2562 semper
1688 2495 1826 2543 esse
1889 2476 2084 2544 debet
2144 2477 2227 2540 de

640 2567 858 2636 Officio
905 2575 1288 2634 occurrente
1320 2588 1388 2631 ».
1962 2582 1971 2587 ’

775 2654 871 2723 Ad
899 2658 995 2722 111.
1025 2675 1063 2718 c
1089 2653 1266 2720 Prius
1289 2653 1611 2740 agendum
1635 2652 1718 2718 de
1744 2657 1970 2720 Sancto
1995 2657 2226 2719 loanne

644 2743 912 2832 Baptista
946 2767 1012 2809 ».

775 2836 983 2918 Atque
1017 2830 1098 2897 ita
1130 2829 1482 2916 rescripsit,
1518 2829 1812 2898 definivit
1856 2849 1926 2896 ac
1972 2848 2230 2895 servan-

643 2922 798 2990 dum
830 2939 968 2987 esse
1001 2918 1343 2987 mandavit.
1382 2918 1491 2986 Die
1524 2922 1606 2987 23
1640 2917 1780 2986 Maii
1817 2921 2010 2987 1846.

644 3064 893 3136 2915.
1287 3062 1577 3130 runem.
1994 3060 2226 3148 (soso)

774 3190 855 3255 Ut
925 3186 1011 3267 in,
1055 3188 1240 3253 Sacra
1306 3183 1587 3271 Liturgia
1657 3184 2228 3269 ecclesiasticisque

641 3275 1061 3345 caeremoniis
1107 3272 1362 3343 debitus
1408 3273 1648 3359 ubique
1692 3282 1992 3339 servetur
2038 3272 2225 3356 ordo,

642 3386 711 3432 ac
771 3363 1045 3452 proinde
1101 3362 1259 3429 nihil
1317 3360 1574 3434 omnino
1634 3371 1989 3446 exequatur
2052 3361 2224 3444 quod

640 3454 748 3519 vel
798 3455 862 3519 in
907 3449 1174 3518 minimo
1220 3471 1252 3515 a
1299 3449 1650 3539 praefinitis
1694 3448 2021 3536 discrepet
2069 3450 2226 3534 legi-

643 3543 795 3620 bus;
854 3539 1162 3607 Sacerdos
1221 3542 1444 3630 Petrus
1498 3537 1826 3624 Reynaldo
1884 3548 1948 3603 et
2006 3540 2228 3605 Gonde

641 3627 1197 3695 Caeremoniarum
1248 3626 1542 3713 Magister
1597 3626 1658 3691 in
1721 3626 2065 3714 collegiata
2108 3630 2226 3694 Ec-

644 3717 834 3783 clesia
894 3715 1105 3784 Sancti
1165 3716 1330 3782 Petri
1374 3714 1448 3780 de
1494 3716 1820 3782 Grecientc
1863 3714 2028 3780 intra
2068 3713 2229 3782 lines

641 3804 959 3872 Dioecesis
1015 3805 1295 3886 Tuden„
1344 3805 1567 3870 Sacrae
1627 3802 1885 3869 Rituum
1945 3806 2228 3891 Congre-

642 3892 876 3981 gationi
924 3891 1257 3979 sequentia
1305 3890 1637 3977 proposuit
1680 3890 1897 3974 dubia,
1931 3901 2003 3958 ut
2034 3911 2230 3978 super

641 3981 872 4049 iisdem
908 3990 1196 4046 mentem
1226 3998 1403 4045 suam
1436 3979 1687 4066 aperire
1722 3997 1925 4065 eaque
1957 3978 2229 4046 definire

643 4071 1058 4158 dignaretur3
1108 4067 1458 4135 nimirums

656 4217 665 4222 .
779 4164 841 4226 1.
891 4163 986 4225 An
1017 4157 1082 4223 in
1111 4155 1412 4224 Ecclesiis
1460 4154 1951 4241 parochialibus,
1993 4157 2058 4221 in
2089 4154 2228 4240 qui-

642 4251 760 4318 bus
803 4248 1020 4314 nullus
1082 4256 1256 4311 extat
1301 4244 1560 4326 Clerus,
1609 4244 1723 4310 sed
1783 4243 1994 4310 solum
2048 4247 2227 4310 Paro-

644 4338 824 4421 chus,
873 4334 1074 4423 possit
1118 4333 1222 4400 vel
1265 4333 1497 4400 debeat
1544 4333 1664 4398 iste
1712 4331 1923 4398 facere
1970 4330 2230 4399 benedi-

641 4425 923 4493 ctionem
983 4422 1426 4504 candelarum,
1476 4419 1792 4503 cinerum,
1845 4419 2227 4506 palmarum,

642 4512 790 4580 novi
854 4511 1050 4601 ignis,
1114 4509 1298 4577 Cerei
1359 4508 1702 4594 Paschalis,
1751 4508 1965 4576 Fontis
2023 4507 2230 4596 Bapti-

548 4620 553 4626 ’
639 4601 857 4669 smalis
921 4610 988 4667 et
1053 4611 1422 4666 ceterorum
1493 4596 1907 4675 huiusmodi;
1979 4614 2232 4664 necnon

642 4690 980 4757 instituere
1024 4686 1313 4756 Officium
1373 4687 1590 4754 Feriae
1637 4689 1689 4753 V
1737 4687 1801 4752 in
1845 4688 2057 4752 Coena
2111 4689 2231 4752 Do·

643 4778 796 4845 mini
846 4789 911 4845 et
957 4776 1136 4845 Feria
1181 4779 1261 4844 Ἦ
1306 4775 1369 4843 in
1424 4780 1795 4858 Parasceve,
1845 4774 1984 4840 sine
2044 4783 2231 4840 cantu

644 4878 709 4934 et
768 4868 975 4935 solum
1040 4866 1283 4955 privata
1344 4883 1540 4947 voce,
1609 4872 1801 4952 prout
1870 4861 2234 4931 celebratur

645 4956 824 5023 Missa
873 4951 1168 5045 privata?
1858 5037 1867 5042 -

726 5083 733 5090 -
774 5047 842 5110 2.
893 5045 1026 5112 Sub
1072 5044 1182 5112 die
1234 5045 1311 5109 12
1355 5040 1731 5110 Novembris
1784 5044 1946 5108 1831
1990 5041 2063 5106 in
2107 5058 2232 5106 una

643 5134 990 5199 Marsorum
1021 5134 1097 5201 ad
1142 5130 1409 5199 dubium
1444 5135 1531 5199 35
1564 5133 1745 5196 Sacra
1777 5131 2038 5197 Rituum
2069 5132 2231 5195 Con-

644 5217 937 5306 gregatio
966 5221 1259 5290 decrevit
1288 5242 1306 5286 ε
1355 5240 1393 5283 c
1429 5226 1497 5287 ln
1542 5218 1869 5301 Ecclesiis,
1900 5217 1965 5284 in
1997 5217 2229 5303 quibus

784 5412 866 5486 (ι)
903 5415 963 5471 s.
1000 5412 1141 5471 nub.
1176 5414 1228 5478 s,
1267 5414 1298 5471 7
1334 5418 1390 5467 οι
1428 5411 1510 5468 ic.

2334 461 2461 511 non
2504 443 2670 511 solet
2715 440 3004 530 quotidie
3041 447 3220 513 mssa
3248 447 3569 515 decantari
3603 451 3709 517 vel
3739 453 3912 520 adest

2332 532 2508 598 solus
2552 532 2892 618 Parochus,
2927 534 2992 602 in
3028 538 3214 601 Festo
3244 537 3452 604 Sancti
3499 540 3686 606 Marci
3717 548 3804 607 *ac
3849 540 3910 607 in

2333 620 2548 687 triduo
2578 620 3025 708 Rogationum,
3056 623 3298 690 etiamsi
3332 638 3626 693 occurrat
3655 632 3910 695 Festum

2333 708 2608 796 duplex,
2656 711 2708 775 si
2755 710 2861 777 fiat
2906 711 3253 796 Processio,
3302 713 3574 800 legenda
3613 726 3710 782 est
3741 717 3911 783 Missa

2331 799 2803 883 Rogationum3
2854 817 3038 866 secus
3080 800 3166 867 de
3214 804 3399 867 Festo
3446 821 3594 868 cum
3639 823 3910 871 comme·

2332 885 2685 951 moratione
2734 886 3106 954 earumdem
3140 909 3202 953 ».
3252 890 3588 969 Quaeritur
3619 911 3816 980 ergot
3849 894 3906 960 Si

2332 983 2474 1062 post
2533 974 3011 1042 processionem
3070 978 3321 1062 legatur
3379 978 3558 1044 Missa
3623 983 3908 1066 Rogatio-

2332 1080 2515 1144 num,
2566 1062 2893 1130 debentne
2938 1063 3004 1130 in
3059 1083 3132 1130 ea
3193 1063 3333 1132 fleri
3393 1070 3906 1134 commemoratio

2330 1150 2501 1216 Festi
2557 1151 2980 1235 occurrentis,
3041 1163 3108 1219 et
3167 1171 3389 1220 omnes
3430 1154 3593 1221 aliae
3636 1175 3907 1223 comme-

2333 1238 2718 1305 morationes
2763 1258 2927 1326 quae
2972 1239 3283 1309 dicendae
3338 1253 3554 1310 essent
3616 1242 3680 1310 in
3742 1244 3904 1311 flissa

2330 1324 2517 1393 diei?
2576 1328 2680 1393 vel
2751 1329 2849 1395 his
2908 1327 3204 1396 omnibus
3264 1331 3543 1415 omissis,
3607 1331 3908 1400 dicendae

2332 1426 2480 1481 sunt
2534 1416 2814 1483 secunda
2859 1425 2925 1483 et
2974 1417 3154 1484 tertia
3211 1417 3570 1503 Orationes,
3630 1439 3793 1507 quae
3851 1422 3907 1488 in

2331 1504 2505 1569 Missa
2552 1505 2972 1591 Rogationum
3032 1504 3344 1573 dicendae
3399 1508 3912 1596 praescribuntur

2332 1590 2398 1657 in
2448 1589 2723 1658 Missali‘?

2463 1684 2526 1747 3.
2579 1682 2674 1748 An
2734 1699 2958 1748 omnes
3005 1682 3329 1749 Ecclesiae
3374 1685 3801 1773 parochiales,
3851 1687 3910 1752 in

2330 1767 2560 1854 quibus
2595 1769 2796 1845 ,adest
2858 1770 3033 1836 solus
3087 1771 3429 1855 Parochus,
3479 1773 3586 1840 vel
3635 1773 3911 1843 vicarius

2330 1875 2447 1944 pro
2505 1856 2770 1923 servitio
2836 1858 3364 1958 parochianorum
3423 1861 3540 1928 sed
3596 1862 3914 1928 subiectus

2330 1944 2609 2011 Parocho
2669 1945 2733 2012 in
2790 1948 2908 2013 alia
2964 1945 3247 2013 Ecclesia
3307 1951 3760 2032 commoranti,
3829 1962 3915 2016 te-

2330 2043 2607 2099 neantur
2649 2032 2768 2120 ipsi
2815 2037 2918 2100 vel
2969 2035 3208 2122 possint
3255 2035 3587 2104 celebrare
3628 2036 3914 2104 Officium

2329 2140 2400 2185 ac
2424 2120 2667 2188 Missam
2692 2121 2777 2187 de
2810 2126 2993 2188 Festo
3024 2122 3286 2189 'l'itulari
3316 2124 3664 2209 Ecclesiae,
3697 2138 3766 2191 et
3789 2127 3918 2211 qui·

2329 2210 2480 2278 dem
2536 2212 2656 2277 sub
2717 2210 2846 2278 ritu
2899 2210 3144 2296 primae
3199 2211 3418 2278 classis
3465 2232 3613 2280 cum
3660 2224 3914 2299 octava;

2331 2298 2523 2364 etiam
2567 2298 2620 2364 si
2666 2298 2754 2364 de
2798 2319 2915 2365 suo
2962 2301 3192 2365 Sancto
3221 2300 3485 2368 Titulari
3526 2306 3788 2368 Festum
3819 2322 3918 2369 ce·
4005 2370 4006 2375 ,

2332 2386 2623 2452 lebretur
2652 2387 2770 2451 alia
2801 2386 2936 2472 die,
2972 2387 3075 2453 vel
3111 2407 3462 2476 numquam
3507 2390 3571 2457 in
3611 2402 3744 2456 toto
3779 2393 3918 2457 anni
4005 2406 4006 2483 ζ

2330 2475 2610 2543 decursu
2659 2475 2722 2540 in
2769 2475 2907 2541 aliis
2950 2475 3252 2542 Ecclesiis
3300 2476 3671 2545 Dioecesis‘?

2465 2566 2529 2629 4.
2565 2566 2682 2629 Ista
2718 2564 2999 2629 Ecclesia
3027 2563 3374 2652 Collegiata
3423 2566 3613 2633 babet
3644 2578 3924 2652 quatuor

2331 2651 2480 2719 alias
2509 2650 2822 2718 Ecclesias
2867 2651 2986 2718 sibi
3033 2650 3350 2719 subiectas
3396 2664 3462 2721 et
3508 2654 3785 2721 totidem
3821 2659 3919 2723 Sa·

2329 2739 2652 2823 cerdotes,
2689 2759 2889 2806 unum
2921 2739 2998 2806 ab
3026 2739 3149 2806 alio
3195 2740 3754 2829 independentem
3807 2763 3920 2831 pro

2329 2827 2590 2895 servitio
2620 2828 2844 2895 harum
2876 2841 3151 2915 quatuor
3176 2830 3623 2897 Ecclesiarum.
3653 2834 3790 2900 Sed
3825 2834 3920 2899 isti

2328 2916 2702 2984 Sacerdotes
2737 2917 2802 2983 in
2831 2917 2962 2984 suis
2992 2918 3353 3005 respective
3378 2919 3701 3005 Ecclesiis,
3731 2922 3922 2989 dum·

2329 3015 2503 3071 taxat
2542 3025 2661 3094 pro
2708 3007 3163 3074 commoditate
3193 3009 3415 3096 populi
3449 3009 3920 3090 concurrentis,

2331 3095 2577 3163 Missam
2625 3094 2976 3180 celebrant,
3026 3097 3462 3163 Poenitentiae
3510 3108 3575 3163 et
3621 3097 3923 3164 Euchari-

2328 3182 2487 3249 stiae
2548 3184 2946 3249 Sacramenta
3004 3182 3481 3270 administrant,
3529 3183 3920 3252 concionem

2328 3269 2586 3354 habent,
2613 3270 3084 3339 Catechismum
3109 3272 3432 3359 explicant
3462 3285 3528 3339 et
3556 3272 3671 3340 alia
3703 3276 3922 3341 eccle·

2330 3360 2575 3427 siastica
2640 3358 2851 3426 munia
2915 3360 3209 3448 explent.
3272 3364 3511 3428 Verum
3580 3375 3922 3448 nequeunt

2329 3446 2771 3516 administrare
2818 3450 3295 3516 Sacramentum
3343 3449 3669 3536 Baptismi,
3727 3453 3924 3518 Com-

2330 3537 2702 3603 munionem
2769 3536 3166 3621 Paschalem,
3231 3537 3542 3604 Viaticum
3613 3536 3918 3623 infirmis,

2331 3625 2743 3712 Sepulturam
2796 3624 3117 3691 defunctis
3170 3625 3355 3710 dare,
3405 3644 3621 3711 neque
3675 3626 3918 3694 habere

2328 3712 2834 3780 'sabernaculum
2868 3712 3252 3780 Sanctissimi
3285 3713 3693 3782 Sacramenti.
3733 3715 3918 3782 Unde

2328 3801 2558 3869 fideles
2626 3801 2724 3867 his
2790 3810 3063 3888 quatuor
3129 3801 3578 3870 Sacerdotibus
3643 3801 3919 3870 subiecti

2333 3901 2634 3957 tenentur
2677 3888 2852 3957 adire
2899 3890 3248 3956 Ecclesiam
3295 3889 3708 3979 Collegiatam
3754 3891 3915 3958 utin

2331 3978 2629 4045 Paschate
2674 3976 3050 4044 satisfaciant
3080 3988 3426 4065 praecepto
3456 3997 3701 4045 annuae
3735 3982 3910 4048 Gom·

2331 4066 2671 4150 munionis,
2709 4076 2779 4132 ut
2827 4065 3095 4132 infantes
3141 4066 3549 4153 baptizentur
3578 4078 3646 4132 et
3679 4065 3912 4133 infirmi

2331 4157 2521 4221 Sacro
2579 4153 2948 4220 reficiantur
3000 4153 3277 4237 Viatico,
3332 4166 3405 4220 ut
3464 4153 3571 4221 flat
3628 4155 3911 4223 Officium

2332 4244 2716 4328 sepulturae
2773 4252 2839 4308 et
2894 4242 3296 4308 tumulentur
3349 4242 3666 4310 defuncti.
3723 4245 3912 4323 Quae-

2332 4329 2498 4396 ritur
2551 4346 2744 4415 ergo:
2807 4332 2905 4395 An
2949 4329 2992 4395 ii
3039 4339 3309 4415 quatuor
3352 4330 3740 4399 Sacerdotes
3797 4330 3910 4398 sint

2331 4416 2471 4484 veri
2516 4416 2828 4486 Parochi?
2870 4421 2952 4484 Et
2997 4437 3075 4486 an
3122 4418 3276 4483 istae
3324 4417 3648 4485 Ecclesiae
3676 4419 3913 4506 possint

2335 4504 2666 4574 celebrare
2709 4505 2999 4574 Officium
3045 4525 3190 4573 cum
3231 4506 3409 4574 Missa
3437 4507 3522 4574 de
3551 4526 3671 4573 suo
3701 4526 3913 4606 respe-

2334 4594 2502 4662 ctive
2563 4596 2789 4660 Sancto
2853 4594 3148 4679 Titulari,
3210 4604 3531 4680 tamquam
3599 4596 3913 4663 Ecclesiae

2335 4681 2752 4771 parochiales,
2803 4696 2869 4749 et
2915 4680 3179 4771 quidem
3211 4682 3329 4749 sub
3360 4683 3489 4749 ritu
3520 4683 3771 4770 duplici
3803 4683 3914 4769 pri·

2335 4789 2475 4838 mae
2507 4771 2718 4837 classis
2750 4789 2898 4838 cum
2931 4782 3182 4859 octava3
3220 4771 3326 4837 vel
3359 4771 3570 4858 potius
3610 4772 3912 4839 dicendae

2332 4859 2459 4927 sint
2503 4859 2849 4949 cappellae
2878 4859 3203 4947 publicae,
3238 4859 3301 4925 in
3332 4859 3563 4946 quibus
3593 4859 3772 4927 iuxta
3801 4863 3915 4926 De·

2333 4958 2581 5014 cretum
2631 4953 2856 5016 Sacrae
2901 4947 3162 5015 Rituum
3220 4947 3748 5035 congregationis
3792 4947 3913 5014 diei

2342 5040 2421 5102 12
2467 5036 2842 5104 Novembris
2895 5040 3097 5105 1831:
3149 5058 3187 5101 c
3219 5040 3478 5102 Festum
3538 5035 3909 5103 Titularis...

2335 5143 2464 5190 uon
2510 5124 2707 5193 debet
2753 5126 3059 5194 celebrari
3094 5123 3214 5212 sub
3246 5124 3372 5190 ritu
3403 5123 3647 5212 duplici
3727 5124 3914 5189 rimae

2336 5214 2548 5280 classis
2581 5234 2728 5283 cum
2759 5226 3002 5300 octava,
3036 5232 3249 5301 neque
3277 5230 3424 5280 cum
3459 5213 3655 5278 Credo
3727 5233 3766 5278 »
3792 5213 3911 5296 (1).
