4042 5950
80 463 83 510 l

1509 309 1986 390 -147—

261 469 345 536 Ad
396 473 494 537 19.
562 494 598 532 s
632 471 727 537 Ad
792 476 1019 536 Emum
1081 473 1466 552 Ponentem,
1526 469 1701 534 iuxta

80 549 81 608 ἓ
160 568 399 623 nentem
432 582 467 621 ι
530 568 595 623 et
659 578 840 624 mens
902 570 1043 625 est:
1105 579 1143 621 s
1180 569 1253 624 ut
1304 557 1700 640 Ordinarius,

80 1123 81 1192 ἰ
157 1137 359 1206 2523.

157 644 401 729 utrisque
444 646 745 712 Ecclesiis
797 659 861 712 et
907 666 1128 714 earum
1186 646 1432 730 iuribus
1490 645 1701 732 inspe-

158 734 267 815 ctis,
297 737 497 801 locum
530 737 640 802 vel
674 736 806 800 loca
840 736 1139 822 designet
1170 734 1277 799 ubi
1327 735 1550 800 concio
1582 753 1703 821 per

155 822 653 908 Quadragesimam
677 824 779 889 vel
806 825 1175 890 Adventum
1207 822 1288 888 sit
1321 822 1609 889 habenda
1633 847 1695 885 ».

254 914 321 974 Et
362 912 441 975 ita
502 912 854 978 declaravit
919 932 989 977 ac
1050 911 1291 978 servari
1350 911 1699 977 mandavit.

156 996 237 1066 Die
281 1002 352 1065 10
394 999 793 1086 Septembris
847 1004 1038 1067 1782.

616 1142 1185 1207 SENOGALLlEN:
1468 1139 1696 1227 (4412)

251 1264 562 1350 Proposito
612 1265 675 1331 in
708 1270 774 1332 S.
812 1274 892 1336 Β.
920 1238 1059 1335 Cra
1095 1266 1417 1333 Fratribus
1445 1263 1697 1331 Ordinis

154 1351 409 1416 llinorum
441 1355 981 1423 conventualium
1018 1360 1081 1424 S.
1119 1353 1433 1422 Francisci
1466 1356 1697 1419 Terrae

154 1440 329 1505 llontis
355 1441 510 1506 Novi
542 1440 867 1510 Dioecesis
899 1441 1399 1532 senogalliensis
1434 1461 1515 1507 ex
1549 1460 1696 1523 una,

80 1573 81 1582 κ
154 1537 199 1590 et
239 1529 304 1592 ab
350 1530 598 1596 Abbate
658 1534 990 1600 Francisco
1051 1532 1357 1599 Festarini
1419 1529 1696 1595 Parocho

154 1615 419 1682 Ecclesiae
468 1621 539 1684 S.
576 1620 802 1685 Mariae
851 1622 932 1688 de
982 1623 1188 1689 Platea
1222 1620 1430 1686 dictae
1464 1623 1700 1684 Terrae

153 1723 209 1766 ex
234 1704 406 1770 altera
454 1706 769 1794 partibuS,
808 1710 1207 1798 infrascripto
1253 1707 1449 1775 dubio
1485 1725 1696 1772 coram

153 1794 269 1856 Brito
324 1805 385 1859 et
440 1800 607 1862 Βιῑιο
669 1798 934 1864 Domino
1005 1797 1321 1866 cardinali
1389 1793 1697 1862 Archinto

80 1931 81 1938 ,
152 1880 420 1948 Praefecto
470 1896 536 1952 et
588 1888 872 1953 Ponente
920 1888 1339 1954 concordate:

246 1973 350 2053 An,
399 1971 461 2037 in
510 1967 846 2041 funeribus
892 1975 1233 2063 explendis
1297 1973 1360 2040 in
1416 1972 1695 2040 Ecclesia

80 2021 83 2044 *
153 2058 230 2120 ΡΡ.
272 2061 579 2127 Hinorum
648 2064 1188 2130 conventualium
1256 2067 1322 2129 S.
1380 2059 1693 2128 Francisci

80 2181 83 2198 ›
151 2146 326 2210 llontis
355 2149 540 2232 Novi,
579 2152 643 2215 in
675 2150 954 2239 digniori
1005 2153 1144 2218 loco
1193 2150 1541 2217 consistere
1581 2148 1696 2214 de-

150 2233 256 2297 beat
282 2237 444 2302 crux
484 2239 816 2305 Ecclesiae
864 2240 1278 2318 tumulantis;
1326 2240 1432 2305 vel
1482 2236 1695 2326 potius

80 2391 81 2424 ζ
148 2323 279 2386 Crux
320 2325 649 2392 Ecclesiae
696 2329 1040 2395 Abbatialis
1089 2338 1152 2395 et
1201 2326 1631 2414 Parochialis?

246 2415 304 2477 S.
334 2418 406 2481 Β.
441 2419 551 2498 c.,
593 2425 865 2501 utraque
913 2428 1094 2503 parte
1140 2417 1377 2505 scripto
1425 2427 1490 2482 et
1540 2436 1693 2483 voce

148 2498 475 2570 informante
507 2505 752 2588 audita,
780 2505 1060 2592 visisque
1088 2504 1332 2572 iuribus
1363 2505 1512 2586 binc
1544 2505 1694 2572 inde

80 2601 81 2688 {
146 2586 429 2689 deductis,
480 2593 565 2659 ad
617 2593 995 2660 relationem
1054 2593 1347 2660 eiusdem
1394 2592 1536 2659 Emi
1580 2597 1693 2660 Po-

80 2731 81 2752 ,
146 2691 331 2761 nentis,
362 2680 860 2749 rescribendum
893 2683 1174 2748 censuit:
1212 2703 1250 2745 s
1276 2682 1692 2764 Affirmative,

146 2765 200 2831 ad
247 2768 503 2851 primam
572 2782 870 2856 partem3
935 2771 1279 2856 Negative,
1329 2772 1407 2837 ad
1465 2789 1692 2836 secun-

147 2852 342 2922 dam».
403 2862 484 2923 Et
552 2859 635 2924 ita
697 2859 1044 2925 declaravit
1102 2881 1171 2927 ac
1226 2858 1468 2926 servari
1517 2878 1692 2925 man-

80 3030 83 3047 *
146 2941 297 3009 davit.
343 2946 455 3013 Die
507 2951 553 3014 2
599 2948 869 3035 Augusti
923 2951 1114 3016 1783.

80 3116 83 3123 >
146 3086 355 3159 2524.
693 3093 1102 3159 Lusium.
1464 3089 1690 3177 (4414)

243 3218 323 3277 Ex
370 3227 558 3302 parte
605 3214 867 3281 Antonii
907 3217 991 3282 de
1036 3214 1239 3281 Padua
1302 3218 1537 3281 correa
1580 3217 1691 3280 ca·

80 3322 81 3391 i
145 3301 309 3365 nonici
354 3303 821 3369 canonicorum
870 3303 1270 3369 Secularium
1333 3305 1397 3368 S.
1451 3301 1696 3368 loannis

80 3400 83 3485 l
146 3390 549 3474 Evangelistae
577 3392 642 3458 in
674 3391 990 3457 Lusitania
1020 3393 1187 3480 apud
1225 3394 1293 3458 S.
1326 3394 1402 3457 R.
1438 3394 1508 3457 c.
1544 3410 1693 3477 sup-

80 3492 83 3605 ΐ
144 3474 401 3558 plicatum
448 3480 577 3546 fuit
626 3501 739 3567 pro
793 3480 1225 3547 declaratione
1283 3479 1695 3564 sequentium

143 3564 443 3634 dubiorum
476 3593 496 3634 z

80 3644 83 3667 '
247 3660 302 3721 1.
345 3660 515 3727 Num
580 3657 645 3723 in
705 3657 1005 3724 Ecclesiis
1076 3659 1283 3725 choro
1353 3657 1693 3741 adstrictis,

80 3676 83 3817 i
142 3741 327 3810 diebus
374 3746 505 3811 illis
554 3745 617 3811 in
663 3745 897 3831 quibus
940 3746 1231 3814 Officium
1276 3758 1386 3813 aut
1428 3751 1695 3814 Noctur-

80 3832 83 3861 ²
143 3848 261 3897 unm
313 3835 770 3901 defunctorum
835 3834 1145 3902 recitatur
1202 3836 1264 3901 in
1324 3839 1510 3901 Festo
1580 3835 1695 3900 du-

142 3919 259 4000 plici
320 3923 544 3989 maiori
614 3924 714 3989 vel
786 3924 1013 3990 minori
1083 3925 1186 3990 vel
1258 3923 1692 4011 semiduplici,

144 4021 355 4087 praeter
402 4012 654 4078 nissam
700 4011 783 4077 de
832 4012 1169 4096 Requiem,
1210 4011 1442 4078 debeat
1488 4031 1694 4079 necne

144 4096 280 4163 lissa
323 4101 438 4167 alia
486 4100 798 4166 celebrari
848 4100 931 4166 de
975 4101 1191 4169 Officio
1238 4100 1406 4166 illius
1438 4098 1611 4167 diei?

246 4193 306 4252 2.
356 4194 417 4255 ln
451 4190 563 4256 die
599 4189 1243 4255 Commemorationis
1271 4188 1559 4257 omnium
1593 4190 1698 4256 de-

147 4270 496 4363 functorum,
535 4296 683 4343 cum
730 4297 847 4363 pro
897 4297 1022 4343 uno
1071 4288 1316 4345 tantum
1364 4277 1541 4343 Missa
1589 4298 1695 4366 ap-

146 4363 405 4450 plicetur,
468 4366 849 4451 quaeritur:
908 4368 1002 4432 An
1051 4366 1178 4433 dici
1224 4366 1459 4433 debeat
1519 4368 1695 4433 Missa

146 4452 359 4538 propria
412 4455 575 4539 diei,
629 4475 709 4521 an
752 4473 909 4519 vero
963 4455 1130 4521 Missa
1177 4454 1534 4521 communis
1579 4455 1699 4521 sub

145 4537 241 4603 ritu
283 4538 749 4631 semiduplici?

251 4632 306 4693 3.
354 4634 587 4698 Utrum
649 4632 712 4698 in
771 4631 1071 4700 Ecclesiis
1127 4631 1329 4719 Regni
1391 4632 1695 4717 Lusitani,

145 4714 230 4782 ubi
270 4720 440 4785 Feria
490 4720 705 4806 quinta
766 4720 1167 4787 Ascensionis
1227 4721 1475 4787 Domini
1527 4724 1699 4787 Noua

146 4816 394 4873 cantatur
438 4809 744 4875 solemnis
790 4820 934 4895 post
981 4807 1324 4875 meridiem
1369 4828 1576 4895 usque
1622 4812 1698 4877 ad

148 4893 376 4975 primam
411 4896 657 4978 horam,
683 4900 921 4984 absque
946 4897 1143 4964 Officii
1177 4897 1699 4984 interpolatione,

147 4980 345 5048 debeat
375 4988 616 5052 cereus
649 4986 954 5054 Pascbalis
988 4986 1283 5071 extingui
1314 4988 1527 5053 statim
1561 4998 1703 5077 post

148 5069 531 5158 Evangelium
577 5075 797 5139 Missae
846 5074 1191 5151 solemnis;
1227 5084 1335 5139 aut
1366 5094 1518 5142 vero
1553 5098 1699 5145 con·

148 5163 351 5252 servari
398 5180 603 5247 usque
649 5164 725 5229 ad
776 5162 966 5229 linem
1018 5164 1260 5245 Nonae,
1295 5175 1358 5229 et
1406 5175 1559 5231 tuuc
1594 5185 1705 5230 ex-

151 5251 358 5334 ltussui,
420 5250 589 5316 finita
636 5251 974 5338 antiphona
1037 5250 1403 5338 praedictae
1458 5250 1706 5319 borae?

258 5340 315 5403 t.
365 5345 456 5405 An
506 5341 687 5406 Feria
736 5344 785 5407 V
834 5339 896 5405 in
957 5342 1168 5405 coena
1226 5340 1500 5422 Domini,
1550 5342 1704 5406 dum

150 5425 422 5495 solemnis
448 5429 629 5497 Missa
671 5440 982 5510 cantatur,
1018 5435 1186 5497 crux
1236 5440 1533 5516 cooperta
1567 5450 1705 5497 esse

1806 469 2035 536 debeat
2085 473 2228 536 velo
2276 472 2447 555 albo,
2483 470 2725 536 ratione
2757 468 3179 539 solemnitatis
3226 474 3394 550 diei;

1806 557 1910 622 vel
1940 561 2151 644 potius
2174 559 2460 626 violaceo
2485 570 2756 646 propter
2774 559 3080 626 Passionis
3104 562 3400 651 tempus?

1939 650 2019 712 Et
2066 649 2130 713 S.
2163 651 2236 713 Β.
2266 652 2369 730 c.,
2405 647 2625 714 audito
2659 648 2834 734 prius
2880 657 3030 712 voto
3080 649 3268 717 unius
3318 672 3398 717 ex

1804 736 2314 819 Apostolicarum
2336 735 2892 802 Caeremoniarum
2914 737 3221 823 Magistris
3243 741 3398 805 scri-

1804 822 1931 906 ptis
1961 837 2217 890 exarato
2255 824 2548 912 typisque
2583 826 2867 908 vulgatu,
2903 824 2980 889 ad
3022 826 3397 908 relationem
3479 839 3490 860 ⁸

1807 911 1945 975 Emi
1996 924 2061 977 et
2108 913 2247 978 Rmi
2298 912 2545 979 Domini
2592 912 2943 980 cardinalis
2991 912 3401 982 vicecomitis

1805 1000 2129 1082 Ponentis,
2179 1001 2669 1067 rescribendum
2717 1000 3012 1067 censuit:

1940 1089 2036 1155 Ad
2083 1094 2142 1154 1.
2195 1110 2233 1152 «
2266 1088 2687 1168 Affirmative;
2722 1090 2862 1175 quia
2897 1089 3074 1156 Missa
3105 1094 3396 1158 conven-

1804 1176 1993 1242 tualis
2018 1177 2101 1242 de
2128 1177 2343 1245 Officio
2370 1178 2654 1244 currenti
2687 1179 2892 1264 omitti
2926 1197 3053 1244 non
3088 1189 3393 1265 potest».

1933 1266 2032 1331 Ad
2083 1269 2145 1331 2.
2198 1286 2236 1328 s
2272 1269 2433 1332 cum
2487 1267 2765 1333 Lusitani
2827 1268 3147 1352 gaudeant
3198 1268 3397 1355 privi-

1806 1352 1977 1438 legio
2028 1366 2157 1420 tres
2206 1355 2414 1420 Missas
2461 1355 2826 1422 celebrandi
2867 1356 2928 1422 in
2964 1354 3070 1421 die
3101 1359 3397 1422 comme-

1802 1442 2170 1528 morationis
2218 1443 2507 1508 omnium
2554 1442 3048 1526 defunctorum,
3108 1445 3395 1528 qualem-

1802 1549 2081 1615 cumque
2132 1532 2324 1597 trium
2372 1551 2403 1594 a
2452 1531 2802 1619 Benedicto
2833 1534 2971 1597 XIV
3019 1534 3169 1617 ipsis
3214 1552 3394 1621 prae-

1800 1618 2184 1706 scriptarum
2247 1630 2512 1706 possunt
2572 1621 2824 1705 dicere,
2890 1621 3042 1687 licet
3099 1640 3219 1707 pro
3266 1641 3393 1688 uno

1805 1717 2049 1774 tantum
2100 1709 2276 1774 Missa
2323 1709 2687 1795 applicetur
2721 1732 2785 1774 ».

1921 1799 2038 1864 Λᾶ·
2075 1803 2140 1864 3.
2190 1819 2228 1861 s
2262 1796 2678 1881 Affirmative‚
2707 1798 2913 1883 quoad
2948 1798 3222 1886 primam
3257 1820 3396 1887 par-

1802 1896 1972 1964 tem;
2022 1886 2358 1973 Negative,
2395 1886 2605 1971 quoad
2654 1887 3044 1972 secundam;
3097 1888 3241 1972 quia
3273 1891 3397 1954 Ru-

1799 1974 1974 2041 brica
2021 1973 2283 2040 missalis
2330 1974 2712 2041 adamussim
2759 1974 3000 2041 servari
3047 1974 3246 2041 debet
3271 1997 3333 2042 ».

1931 2065 2029 2129 Ad
2080 2067 2142 2128 4.
2196 2084 2234 2126 s
2266 2062 2402 2129 Albi
2454 2062 2684 2128 coloris
2731 2064 3116 2130 debetesse
3177 2063 3395 2130 velum
3447 2143 3452 2150 ,

1800 2152 2020 2218 crucis
2081 2151 2351 2235 Altaris,
2419 2150 2483 2217 in
2544 2170 2671 2236 quo
2735 2153 2910 2218 Missa
2981 2150 3395 2231 celebratur3

1798 2239 2066 2305 violacei
2115 2258 2271 2305 vero
2319 2242 2538 2307 crucis
2585 2241 3008 2306 processionis
3057 2252 3122 2304 et
3170 2242 3401 2306 Altaris

1801 2329 2056 2396 lotionis
2089 2351 2156 2394 ιν.
3057 2397 3064 2404 ‚

1932 2423 2012 2485 Et
2060 2419 2145 2485 ita
2188 2417 2481 2485 decrevit
2512 2439 2581 2484 ac
2614 2418 2851 2485 servari
2903 2417 3243 2484 mandavit.
3281 2419 3396 2485 Die

1799 2510 1884 2574 20
1931 2508 2303 2587 Decembris
2357 2511 2549 2574 1783.

1802 2650 2033 2718 2525
2047 2699 2062 2714 .
2405 2651 2755 2715 ΑΜΕΒΙΝΑ
2770 2697 2785 2714 .

1925 2771 2241 2837 Porrectis
2290 2790 2490 2858 penes
2539 2773 2604 2837 S.
2649 2775 2727 2837 Β.
2768 2774 2868 2856 c.,
2904 2790 3022 2859 per
3053 2771 3398 2838 canonicos

1796 2860 2186 2945 Collegiatae
2237 2859 2558 2925 Ecclesiae
2599 2860 3065 2947 Assumptionis
3098 2864 3169 2925 B.
3201 2864 3283 2926 Μ.
3317 2863 3391 2925 V.

1798 2949 2031 3038 Oppidi
2078 2947 2340 3015 Luniani
2386 2948 2710 3016 Dioecesis
2757 2945 3125 3031 A'merinae,
3163 2947 3399 3015 humil-

1801 3039 1969 3104 limis
2014 3036 2318 3125 precibus
2356 3057 2474 3124 pro
2508 3036 2939 3104 declaratione
2985 3035 3395 3122 sequentium

1799 3126 2197 3194 dubiorum:

1936 3219 1999 3281 1.
2051 3218 2174 3297 An,
2223 3224 2405 3279 extra
2465 3233 2678 3279 casum
2727 3214 3146 3297 necessitatis,
3195 3215 3396 3301 possit

1795 3303 2089 3390 permitti
2137 3323 2168 3366 a
2217 3302 2668 3388 Superioribus
2716 3313 2788 3368 ut
2833 3302 3184 3368 Canonicus
3246 3322 3395 3368 con-

1796 3391 2061 3457 stitutus
2107 3392 2170 3458 in
2219 3390 2569 3457 minoribus
2600 3390 2940 3457 Ordinibus
2985 3400 3200 3456 cantet
3245 3391 3396 3479 Epi-

1796 3479 2027 3546 stolam
2078 3480 2140 3545 in
2188 3479 2385 3545 Missis
2433 3479 2826 3545 solemnibus
2875 3491 3127 3568 paratus
3157 3477 3396 3564 absque

1801 3565 2183 3655 manipulo?
2228 3579 2293 3633 et
2341 3578 2655 3652 quatenus
2701 3568 3027 3655 negative,

1933 3662 2001 3723 2.
2052 3658 2149 3722 An
2197 3675 2314 3741 pro
2364 3674 2438 3721 eo
2487 3656 2797 3744 supplere
2844 3654 3079 3723 debeat
3126 3656 3232 3742 qui
3285 3655 3397 3722 im-

1796 3746 2077 3815 mediate
2127 3744 2219 3811 illi
2265 3745 2648 3832 praecedit3
2701 3756 2766 3810 et
2813 3745 2927 3811 illo
2963 3744 3250 3831 legitime
3286 3744 3397 3810 im-

1797 3835 2046 3923 pedito,
2109 3854 2186 3899 an
2247 3835 2524 3901 debeant
2576 3834 2887 3918 supplere
2949 3832 3052 3899 alii
3101 3832 3396 3900 Canonici

1795 3924 2294 4008 subsequentes,
2326 3923 2464 3987 sive
2512 3922 2574 3987 in
2624 3922 2937 3989 Diaconali
2968 3921 3104 3988 sive
3140 3921 3201 3988 in
3238 3923 3399 3989 Sub-

1798 4012 2108 4081 diaconali
2155 4012 2392 4078 Ordine
2438 4010 2564 4075 sint
2610 4011 2963 4094 constituti,
3008 4010 3180 4076 iuxta
3230 4009 3397 4075 ordi-

1802 4120 1953 4168 nem
2000 4097 2430 4167 antianitatis‘?

1934 4192 1998 4254 S.
2037 4189 2264 4255 eadem
2310 4193 2387 4256 Β.
2424 4192 2526 4271 c.,
2577 4186 2784 4255 habita
2834 4184 3012 4274 prius
3057 4187 3196 4253 Βιῖιί
3245 4186 3394 4275 Epi·

1799 4278 1972 4365 scopi
2021 4276 2502 4359 informatione,
2553 4275 2900 4361 auditoque
2963 4276 3154 4341 etiam
3210 4276 3398 4341 unius

1800 4387 1884 4431 ex
1931 4366 2442 4451 Apostolicarum
2488 4364 3050 4430 Caeremoniarum
3089 4362 3400 4448 magistris

1801 4465 1951 4521 voto
1996 4452 2251 4540 scriptis
2312 4464 2565 4519 exarato
2632 4452 2930 4539 typisque
2981 4451 3267 4537 vulgato,
3318 4452 3396 4517 ad

1804 4544 2184 4609 relationem
2240 4542 2383 4608 Efni
2429 4553 2496 4609 et
2542 4543 2681 4608 Rmi
2740 4540 2989 4606 Domini
3052 4539 3398 4606 cardinalis

1804 4630 2092 4697 Archinti
2143 4634 2207 4698 S.
2247 4635 2324 4696 Β.
2357 4635 2428 4697 c.
2464 4628 2772 4697 Praefecti
2825 4639 2889 4694 et
2935 4628 3259 4711 PonentiS,
3301 4648 3399 4692 re-

1798 4718 2211 4786 scribendum
2258 4719 2551 4786 censuit:

1937 4807 2031 4873 Ad
2086 4813 2145 4873 1.
2197 4829 2235 4871 s
2269 4807 2623 4893 Negative;
2688 4816 2752 4871 et
2807 4805 3161 4905 Episcopus
3215 4815 3398 4871 curet

1804 4897 2182 4964 abscindere
2246 4894 2814 4977 consuetudinem,
2869 4905 2992 4959 tam
3049 4913 3115 4960 tn
3174 4893 3399 4959 Cathe-

1804 4986 1967 5051 drali
2026 5002 2215 5070 quam
2277 4983 2344 5050 in
2401 4982 2796 5067 collegiata:
2861 4981 3168 5048 videlicet
3222 4987 3402 5048 extra

1807 5094 2018 5140 casum
2075 5073 2402 5140 absolutae
2465 5083 2529 5137 et
2585 5069 2905 5156 praecisae
2976 5070 3398 5154 necessitatis,

1805 5182 1933 5229 non
1984 5182 2167 5250 posse
2204 5184 2235 5227 a
2277 5158 2625 5248 Superiora
2655 5159 2971 5246 permitti,
3009 5172 3080 5226 ut
3111 5159 3399 5226 Clericus

1808 5252 1871 5316 in
1931 5250 2284 5316 minoribus
2341 5266 2461 5337 pro
2524 5248 2921 5315 Subdiacono
2975 5248 3276 5334 suppleat
3339 5246 3400 5311 in

1807 5338 2009 5423 Missis
2067 5339 2460 5406 solemnibus
2519 5349 2772 5424 paratus
2826 5336 2964 5401 sine
3021 5336 3395 5423 manipulo:

1812 5441 1875 5492 et
1934 5449 2052 5515 pro
2113 5426 2478 5497 huiusmodi
2539 5427 2775 5493 effectu
2837 5444 2954 5511 per
3015 5427 3398 5509 Episcopum

3162 2647 3389 2737 (4418)
