4042 5950
2033 293 2395 367 ..2.-

575 452 674 516 vel
710 450 955 538 pluries
988 450 1051 516 in
1083 450 1350 538 singulis
1397 449 1810 515 hebdomadis
1844 448 1951 523 vel,
1982 468 2158 515 men·

573 538 748 604 sibus
795 536 1210 603 celebrentur
1255 537 1425 601 varia
1483 536 1695 603 Officia
1743 555 1862 623 per
1922 553 2155 602 annum

573 644 641 691 V.
677 643 776 711 gr.
815 626 899 691 de
947 628 1142 692 ssmo
1190 628 1597 692 Sacramento
1646 624 1748 689 vel
1800 625 1883 689 de
1919 626 2161 691 Sanctis

572 712 636 779 in
683 713 913 781 diebus
957 730 1084 778 non
1135 712 1457 800 impeditis
1523 712 1736 795 aliquo
1796 716 1980 777 Festo
2044 712 2160 777 du-

622 800 723 866 lici
757 801 861 865 vel
893 799 1325 888 semiduplici,
1364 800 1549 866 liceat
1597 799 1913 867 eiusmodi
1943 798 2156 866 Officia

597 908 782 954 acere
830 886 1019 953 etiam
1071 888 1133 953 in
1181 888 1406 954 diebus
1438 887 1995 974 Quadi-agesimo,
2032 887 2157 953 Ad-

571 986 830 1058 ventus„
883 974 1255 1062 Vigiliarum
1305 986 1383 1041 et
1415 988 1687 1060 quatuor
1733 978 2152 1060 Temporum,

573 1064 814 1130 etiamsi
865 1064 945 1129 de
993 1062 1089 1128 his
1133 1063 1363 1129 diebus
1423 1062 1595 1128 nulla
1657 1064 1737 1127 sit
1797 1062 1957 1127 facta
2013 1081 2155 1147 spe-

571 1151 744 1217 cialis
793 1149 1032 1216 mentio
1092 1151 1156 1216 in
1213 1150 1529 1235 aliquibus
1583 1149 1947 1218 officim-um
2007 1169 2155 1216 con-

570 1235 1021 1304 cessionibus?
1066 1238 1160 1324 (1)

702 1330 771 1392 2.
818 1329 913 1392 An
960 1326 1310 1411 Regulares
1357 1327 1595 1408 absque
1644 1326 1903 1412 speciali
1962 1324 2157 1411 privi-

573 1414 768 1500 legio,
817 1413 930 1479 sed
980 1414 1111 1479 sola
1159 1414 1733 1480 communicatione
1781 1414 2152 1499 privilegio-

571 1520 712 1567 rum
783 1503 1046 1566 aliarum
1108 1501 1556 1588 Religionum,
1610 1502 1851 1589 possint
1910 1502 2155 1567 addere

570 1608 805 1656 nomen
850 1592 916 1657 S.
971 1589 1346 1656 Fundatoris
1392 1590 1453 1655 in
1500 1589 1754 1656 Litaniis
1817 1600 1881 1654 et
1949 1590 2155 1674 Confi-

572 1689 730 1758 teor,
780 1675 1069 1761 itemque
1118 1676 1390 1743 recitare
1420 1676 1632 1744 Officia
1666 1688 1729 1743 et
1764 1676 1973 1743 Missas
2004 1696 2151 1742 con-

571 1784 772 1831 cessas
816 1763 952 1828 aliis
996 1764 1486 1852 Religionibus?

702 1856 781 1918 Et
821 1853 884 1917 S.
921 1855 996 1918 R.
1034 1854 1139 1934 C.,
1173 1852 1250 1917 ad
1303 1851 1680 1919 relationem
1728 1852 1866 1919 Efni
1918 1861 1983 1916 et
2014 1851 2152 1918 Ruti

570 1942 641 2005 D.
693 1939 879 2005 Card.
931 1939 1300 2022 Colloredo,
1352 1940 1729 2027 respondit:

701 2026 795 2091 Ad
853 2030 913 2092 1.
962 2048 1000 2090 ‹
1028 2027 1371 2114 Negative;
1407 2036 1471 2093 et
1503 2027 1872 2095 huiusmodi
1902 2026 2153 2093 indulta

568 2133 695 2181 non
744 2114 983 2182 babere
1033 2115 1242 2183 locum
1277 2115 1343 2180 in
1376 2116 1576 2182 Feriis
1607 2117 1964 2193 Adventus„
1998 2116 2154 2191 Qua-

566 2200 992 2290 dragesimae‚
1041 2217 1312 2288 quatuor
1358 2205 1746 2289 Temporum
1797 2213 1862 2267 et
1894 2202 2152 2287 Vigilia-

570 2309 738 2373 rum,
774 2289 907 2355 sive
940 2309 1087 2357 cum
1138 2290 1374 2357 ieiunio
1422 2291 1555 2355 slve
1603 2289 1840 2375 absque
1887 2288 2152 2370 ieiunio,

567 2396 686 2443 nec
748 2378 813 2444 in
870 2379 1049 2444 Feria
1110 2382 1157 2446 ΙΙ
1222 2378 1685 2463 Rogationum,
1736 2398 1855 2445 nec
1914 2378 1976 2443 in
2048 2376 2150 2440 illa

567 2467 772 2548 Feria,
812 2465 874 2532 in
921 2485 1043 2549 qua
1064 2467 1445 2565 ,secundum
1492 2467 1791 2531 Rubricas
1836 2466 1916 2531 sit
1966 2482 2150 2548 repo·

569 2552 857 2618 nendum
903 2554 1193 2620 Officium
1239 2551 1597 2619 Dominicae
1633 2577 1699 2619 ».

699 2642 791 2706 Ad
842 2645 909 2708 2.
957 2661 995 2703 ‹
1029 2641 1336 2727 Negative
1386 2640 1446 2707 in
1493 2642 1784 2707 omnibus
1816 2661 1884 2707 ».

703 2730 780 2792 Et
827 2730 907 2793 ita
956 2729 1245 2794 decrevit
1294 2740 1359 2792 et
1403 2729 1639 2794 servari
1686 2728 1914 2794 voluit.

703 2816 790 2880 Ac
838 2816 1139 2901 insuper,
1190 2826 1262 2881 ut
1324 2816 1787 2882 declarationes
1856 2834 1971 2880 seu
2035 2818 2153 2880 De-

568 2912 739 2967 creta
786 2904 1107 2989 praedicta
1157 2901 1452 2969 omnibus
1517 2903 1951 2987 innotescant,
1990 2901 2157 2989 typis

567 3006 638 3054 ea
687 2990 963 3078 imprimi
1014 2992 1362 3059 mandavit.
1411 2992 1524 3057 Die
1571 2996 1655 3058 20
1704 2991 1900 3058 Martii
1959 2995 2148 3057 1706.

571 3164 812 3233 2167.
978 3168 1721 3236 CENTUMGELLARUM
1733 3214 1750 3232 .
1920 3166 2149 3253 (3742)

696 3345 1034 3411 Praefectis
1097 3344 1455 3414 triremium
1525 3348 1769 3416 Summi
1830 3344 2150 3412 Pontificis

567 3432 1134 3517 praetendentibus
1165 3453 1197 3496 a
1230 3433 1551 3499 Fratribus
1575 3435 1828 3501 Ordinis
1850 3435 2152 3518 Capucci·

564 3535 793 3584 norum
841 3520 1216 3585 earumdem
1263 3520 2054 3609 triremiumCappellanis
2090 3521 2150 3586 in

566 3603 878 3692 principio
929 3618 994 3671 et
1042 3618 1184 3691 post
1229 3605 1421 3673 finem
1474 3609 1689 3673 Missae
1734 3607 2030 3685 salutari;
2072 3608 2149 3674 ad

564 3693 1030 3759 consulendum
1069 3694 1366 3781 propriae
1399 3696 1849 3778 conscientiae,
1883 3695 2151 3780 cappel-

566 3780 685 3845 lani
734 3779 1041 3867 praedicti
1089 3782 1393 3865 quidnam
1458 3782 1605 3868 ipsis
1665 3783 1730 3847 in
1790 3802 1933 3848 casu
1999 3784 2149 3847 lice·

563 3878 690 3950 ret,
740 3866 1081 3955 praescribi
1131 3889 1161 3932 a
1209 3871 1277 3934 S.
1327 3874 1399 3936 R.
1451 3872 1523 3935 C.
1577 3869 1850 3936 demisse
1905 3869 2146 3956 suppli-

564 3965 868 4020 caverunt
899 3977 915 4019 z

696 4044 773 4107 Et
821 4045 885 4108 S.
914 4045 988 4107 R.
1018 4045 1089 4109 G.
1128 4045 1456 4130 respondit
1486 4067 1501 4108 ε
1544 4066 1582 4108 ‹
1609 4044 1997 4112 observetur
2029 4048 2149 4111 Ru-

564 4129 1011 4284 ?ric}x)}salis
1036 4141 1100 4195 et
1125 4133 1603 4199 caeremoniale
1631 4154 1694 4199 ν.
1723 4136 1836 4198 Die
1861 4136 1947 4198 24
1971 4132 2150 4220 Apri·

593 4236 641 4278 is
872 4262 894 4283 .

564 4393 818 4463 2168.
997 4395 1379 4460 CIVITATIS
1426 4396 1718 4461 PLEBlS.
1922 4396 2149 4481 (3743)

698 4567 1008 4657 Episcopo
1060 4568 1346 4637 Civitatis
1389 4569 1594 4636 Plebis
1635 4591 1666 4633 a
1714 4574 1777 4638 S.
1816 4573 1889 4635 R.
1925 4573 1994 4636 C.
2036 4570 2146 4636 de-

563 4659 751 4723 misse
797 4658 1123 4723 declarare
1166 4657 1547 4745 supplicanti
1579 4680 1595 4723 z

694 4746 789 4810 An
837 4745 1064 4811 Clerus
1109 4745 1458 4813 Saecularis
1490 4757 1557 4812 et
1587 4745 1919 4833 Regularis
1949 4764 2147 4832 quan-

563 4834 645 4898 do
721 4834 991 4898 recurrit
1060 4833 1559 4904 anniversarium
1647 4834 2149 4900 consecrationis

562 4919 856 5005 Episcopi
909 4931 1208 4985 teneatur
1252 4920 1580 4987 celebrare
1614 4922 1821 4986 missas
1853 4922 1938 4987 de
1971 4922 2145 4987 dicto

560 5005 987 5071 anniversario
1035 5008 1101 5073 in
1149 5018 1276 5073 tota
1322 5007 1663 5076 Dioecesi'?

694 5096 757 5158 S.
805 5093 1030 5158 eadem
1064 5099 1137 5161 R.
1167 5098 1238 5159 C.
1279 5095 1648 5184 respondit:
1685 5118 1723 5160 ι
1749 5098 2052 5184 Negative
2081 5120 2140 5162 ».

566 5182 674 5246 Die
707 5184 792 5247 24
822 5179 1055 5266 Aprilis
1093 5184 1283 5285 1706.

705 5374 783 5444 (l)
825 5375 881 5429 E.
927 5373 1062 5430 nub.
1100 5371 1148 5432 2.

2262 449 2511 521 2169.
2902 451 3238 516 Nunnius
3626 449 3855 535 (3745)

2466 556 2906 620 Teum-tart.
2960 557 3108 620 ssu
3168 555 3644 619 mvssNACEN.

2394 715 2513 776 Per
2553 713 2870 779 Vicarium
2913 712 3293 779 Generalem
3329 711 3663 777 Terlitien.
3698 710 3860 776 Nul-

2264 798 2384 865 lius
2423 818 2536 866 seu
2587 806 2967 867 luvenacen.
3007 800 3320 867 Dioecesis
3355 799 3643 885 exposito
3677 798 3850 884 quod

2266 887 2562 953 Moniales
2612 889 2963 954 nonasterii
3015 890 3077 953 S.
3117 889 3331 953 Clarae
3381 889 3609 953 Terrae
3675 906 3856 974 prae—

2263 974 2471 1040 dictae
2528 975 2593 1041 in
2657 977 2975 1042 Dominica
3037 976 3389 1041 Palmarum
3442 986 3504 1040 et
3553 976 3723 1041 Feria
3775 976 3854 1039 vt

2264 1062 2326 1126 in
2377 1064 2713 1128 parasceve
2764 1064 3016 1128 maioris
3065 1063 3511 1128 Hebdomadae
3563 1062 3856 1147 proxime

2260 1151 2645 1236 praeteritae
2693 1170 2877 1216 ausae
2924 1152 3188 1232 suerint,
3228 1152 3395 1215 iuxta
3433 1168 3674 1215 morem
3709 1150 3854 1217 Col-

2259 1238 2638 1323 legiatarum
2675 1251 2740 1303 et
2771 1239 3035 1304 aliarum
3073 1238 3499 1304 Ecclesiarum
3551 1250 3673 1302 tam
3708 1240 3857 1302 Sae-

2260 1325 2571 1391 cularium
2622 1345 2810 1411 quam
2858 1326 3299 1412 Regularium‚
3336 1326 3399 1391 in
3445 1326 3639 1391 Missis
3685 1325 3853 1389 sole·

2263 1413 2514 1479 mnibus
2588 1414 2646 1478 in
2712 1418 3084 1479 earumdem
3149 1414 3444 1479 Ecclesiis
3515 1412 3856 1479 celebratis

2264 1502 2508 1566 turbam
2561 1515 3111 1586 repraesentantes
3158 1512 3410 1567 cantare
3457 1503 3516 1567 in
3564 1500 3855 1566 Passione

2261 1598 2508 1674 partem
2560 1588 2635 1654 ad
2689 1592 2938 1657 turbam
2993 1598 3414 1673 spectantem,
3473 1611 3503 1654 a
3550 1591 3615 1654 S.
3656 1593 3727 1655 B.
3777 1592 3850 1653 C.

2268 1677 2541 1741 demisse
2589 1677 3015 1764 supplicatum
3071 1676 3187 1742 luit
3234 1677 3583 1743 declarari:

2396 1766 2492 1829 An
2540 1763 2726 1830 dictis
2771 1764 3139 1830 Monialibus
3201 1764 3524 1851 praedicta
3572 1762 3861 1830 liceant?

2263 1862 2328 1916 et
2392 1862 2705 1950 quatenus
2763 1853 3099 1937 negative,
3165 1871 3284 1935 qua
3344 1870 3547 1937 poena
3597 1853 3856 1917 veniant

2264 1937 2682 2026 pumendae?
3847 1998 3858 2007 .

2393 2029 2473 2092 Et
2521 2030 2746 2092 eadem
2794 2031 2857 2094 S.
2905 2032 2976 2094 R.
3015 2031 3085 2093 C.
3130 2027 3508 2113 respondit:
3561 2051 3600 2091 ι
3639 2028 3856 2092 Probi-

2261 2113 2405 2180 beat
2437 2118 2554 2181 sub
2586 2134 2789 2200 poena
2823 2117 3281 2200 suspensioniS,
3316 2126 3382 2179 et
3416 2115 3477 2180 in
3520 2126 3852 2203 posterum

2261 2221 2387 2269 non
2438 2203 2863 2290 permittat».
2915 2205 3027 2268 Die
3084 2208 3157 2269 17
3211 2205 3365 2269 lunii
3421 2207 3611 2271 1706.

2261 2379 2510 2451 2170.
2886 2381 3227 2446 TRANEN.
3623 2380 3851 2467 (3746)

2389 2558 2548 2619 Cum
2595 2564 2832 2619 attenta
2865 2573 2990 2619 non
3024 2554 3271 2619 modica
3306 2555 3599 2621 distantia
3633 2558 3848 2644 palatii

2258 2641 2631 2728 episcopalis
2699 2641 2775 2705 ab
2823 2642 3096 2707 Ecclesia
3161 2643 3637 2729 metropolitana
3683 2645 3852 2711 Civi-

2261 2728 2400 2795 tatis
2449 2731 2721 2795 Tranen.
2772 2728 3142 2799 invaluisset
3192 2731 3311 2811 ibi,
3362 2743 3554 2815 prout
3607 2753 3852 2798 assere-

2258 2818 2441 2882 batur
2499 2818 2575 2880 ab
2641 2816 3171 2904 Archiepiscopo,
3221 2820 3615 2884 consuetudo
3673 2821 3844 2905 quod

2254 2901 2755 2992 Archiepiscopo
2804 2904 2867 2971 in
2914 2904 3303 2971 solemnibus
3337 2906 3665 2974 accedenti
3701 2927 3848 2973 cum

2257 3001 2569 3060 mozzetta
2618 3006 2684 3058 et
2734 2994 3027 3060 rochetto
3075 2995 3150 3061 ad
3199 2994 3548 3060 Ecclesiam
3617 2999 3849 3061 Metro-

2254 3080 2598 3170 politanam
2632 3081 3053 3167 praedictam,
3093 3101 3253 3147 unus
3301 3101 3379 3146 ex
3427 3083 3850 3169 Dignitatibus

2255 3168 2359 3234 vel
2401 3185 2566 3233 unus
2599 3188 2679 3235 ex
2711 3169 3041 3235 canonicis
3088 3169 3395 3256 gradatim
3448 3170 3674 3237 ordine
3704 3191 3850 3236 suc-

2253 3254 2497 3322 cessivo
2543 3257 2618 3321 ad
2668 3256 2914 3322 ianuam
2965 3256 3260 3323 eiusdem
3307 3258 3632 3324 Ecclesiae
3667 3277 3850 3324 acce-

2255 3356 2428 3431 ptam
2478 3360 2513 3406 e
2564 3343 2848 3409 manibus
2887 3344 3211 3410 familiaris
3243 3346 3530 3411 eiusdem
3582 3366 3845 3433 cappam

2256 3428 2688 3518 pontificalem
2726 3432 2826 3496 vel
2860 3433 3220 3519 imponeret
3248 3432 3339 3496 illi
3367 3433 3469 3499 vel
3499 3445 3844 3520 reaptaret;

2255 3537 2417 3584 anno
2471 3523 2639 3587 1698
2688 3520 2853 3584 inter
2917 3520 3485 3606 Arcbiepiscopum
3538 3533 3604 3585 et
3645 3523 3851 3588 Cano-

2207 3641 2214 3650 ·
2252 3609 2426 3672 nicos
2459 3608 2821 3690 praedictos
2849 3620 3106 3672 exortae
3141 3620 3289 3674 sunt
3317 3608 3661 3673 nonnullae
3697 3628 3850 3675 con-

2259 3694 2635 3777 troversiae,
2687 3707 2752 3759 et
2808 3693 3184 3781 praesertim
3243 3713 3440 3780 super
3501 3710 3847 3782 praetenso

2253 3782 2390 3847 iure
2438 3782 2514 3848 ab
2563 3781 3061 3870 Arcbiepiscopo
3103 3782 3406 3867 exigendi
3441 3805 3470 3846 a
3503 3782 3850 3867 praedictis

2250 3869 2670 3956 Dignitatibus
2715 3890 2828 3935 seu
2877 3869 3206 3936 Canonicis
3252 3869 3629 3955 obsequium
3663 3891 3850 3957 prae-

2254 3958 2498 4024 dictum
2551 3957 2966 4043 impositionis
3014 3975 3251 4043 cappae
3296 3959 3372 4024 ad
3430 3958 3678 4023 ianuam
3723 3961 3846 4023 Ec-

2252 4044 2483 4112 clesiae
2509 4044 3055 4130 metropolitanae.
3087 4050 3204 4111 lsta
3236 4065 3392 4126 vero
3415 4046 3844 4111 controversia

2252 4133 2329 4197 ab
2378 4151 2453 4196 eo
2507 4145 2796 4218 tempore
2845 4134 2920 4198 ad
2971 4137 3191 4218 plures
3235 4151 3427 4198 annos
3473 4133 3677 4217 siluit,
3727 4135 3846 4198 do-

2249 4239 2367 4287 nec
2417 4219 2650 4285 iterum
2704 4222 2975 4287 excitata
3030 4233 3094 4284 et
3147 4220 3222 4284 ad
3279 4225 3342 4284 S.
3387 4224 3461 4286 R.
3507 4223 3578 4287 C.
3631 4240 3847 4306 nuper

2250 4306 2484 4389 delata,
2535 4319 2728 4393 atque
2776 4307 3175 4393 infrascripto
3223 4306 3418 4372 dubio
3463 4327 3580 4397 per
3613 4313 3846 4373 Etimm

2256 4409 2322 4462 et
2367 4397 2591 4460 Rl‘itum
2643 4399 2712 4462 Ι).
2763 4393 2949 4461 Card.
3010 4393 3418 4460 Barbarinum
3464 4395 3841 4483 proposito:

2386 4483 2481 4547 An
2526 4483 2820 4548 Canonici
2878 4483 2982 4548 vel
3039 4478 3388 4565 Dignitates
3449 4482 3846 4551 cathedralis

2253 4569 2574 4636 Ecclesiae
2622 4574 2891 4636 Tranen.
2948 4580 3289 4636 teneantur
3342 4571 3674 4656 imponere
3735 4574 3839 4638 vel

2251 4668 2469 4743 aptare
2520 4676 2784 4745 cappam
2831 4674 3120 4742 magnam
3155 4661 3312 4723 [1ῶο
3343 4657 3844 4744 Arcbiepiscopo

2251 4744 2696 4812 Cathedralem
2761 4745 3516 4811 Ecclesiamintroeunti
3571 4746 3634 4812 in
3694 4765 3842 4811 casu

2255 4844 2319 4899 et
2365 4832 2441 4898 ad
2493 4832 2791 4899 effectum
2843 4835 2924 4900 de
2973 4851 3099 4919 quo
3149 4830 3403 4921 agitur?

2382 4923 2452 4988 S.
2494 4924 2571 4986 R.
2604 4924 2707 5004 C.,
2768 4935 2891 5003 tam
2948 4940 3105 4986 voce
3165 4940 3352 5006 quam
3400 4920 3652 5006 scriptis
3699 4940 3843 5008 par-

2256 5008 2419 5075 tibus
2462 5008 2947 5092 informantibus
2980 5007 3234 5091 auditis,
3287 5008 3531 5075 censuit
3578 5028 3844 5108 respon-

2252 5097 2587 5162 dendum:
2661 5117 2699 5159 ι
2753 5099 3097 5183 Negative3
3176 5106 3241 5161 et
3301 5115 3428 5162 non
3507 5109 3712 5162 tenen
3770 5121 3835 5162 ».

2256 5187 2335 5248 Et
2384 5184 2465 5249 ita
2511 5184 2878 5250 declaravit.
2931 5185 3042 5249 Die
3096 5185 3169 5250 17
3224 5183 3356 5248 lulii
3412 5186 3600 5250 1706.
