4042 5950
1595 254 2069 336 -421-

149 410 488 497 peculiari
519 424 584 480 et
613 412 884 513 positiva
907 412 1324 502 dispositione
1349 416 1769 500 Statutorum,

151 519 342 586 quae
404 518 523 588 per
581 503 951 570 diutumam
1009 520 1321 569 annorum
1382 503 1619 570 seriem
1677 502 1769 569 vi-

152 600 461 676 guerunt
506 599 571 655 et
616 588 863 675 vigent.
916 592 1007 658 Ac
1051 609 1133 656 ne
1176 588 1293 657 sibi
1324 592 1583 677 suisque
1616 594 1769 659 Suc-

152 675 534 745 cessoribus
567 697 647 746 ex
679 678 801 745 hoc
849 677 1311 765 praeiudicium
1363 698 1640 766 unquam
1674 679 1767 746 in-

153 763 441 849 feratur,
492 768 829 834 Sacrorum
872 766 1135 834 Rituum
1187 768 1764 855 congregationem

151 850 372 919 adivit
395 854 669 941 supplici
702 855 915 922 oblato
948 854 1199 937 libello,
1226 873 1353 941 quo
1390 856 1452 922 in
1485 855 1551 921 id
1584 875 1766 943 prae·

150 939 365 1028 cipue
411 940 755 1010 intendens
779 991 797 1027 ,
845 951 918 1009 ut
961 952 1125 1010 sarta
1170 953 1467 1030 tectaque
1524 942 1768 1011 Consti-

149 1027 495 1096 tutionum
541 1033 626 1098 Ca
676 1031 1006 1098 itularium
1061 1030 1391 1117 dispositio
1444 1041 1763 1117 servetur,

146 1117 507 1202 sequentia
555 1119 644 1187 du
692 1119 745 1185 ia
791 1118 1169 1207 proposuit:

223 1257 246 1274 .
305 1205 578 1273 Dubium
626 1211 672 1274 1.
726 1206 1007 1274 Abseute
1052 1207 1156 1273 vel
1203 1207 1472 1275 nolente
1503 1208 1764 1276 Archio-

149 1291 434 1393 piscopo
480 1293 860 1363 Pontificalia
895 1294 1252 1379 celebrare,
1284 1305 1644 1397 spectatus
1685 1297 1764 1363 ad

149 1381 563 1467 Capitulum,
599 1402 835 1471 nempe
866 1385 944 1451 ad
979 1383 1114 1451 eius
1153 1385 1501 1471 Dignitates
1533 1385 1761 1452 ordine

149 1470 537 1555 respectivo
583 1470 792 1558 primo
836 1470 1046 1558 siquid
1060 1491 1163 1539 em
1194 1474 1270 1541 ad
1303 1473 1763 1561 Archipresby-

147 1567 423 1643 terum3
489 1560 589 1626 vel
640 1560 853 1648 potius
910 1562 988 1628 ad
1049 1560 1434 1662 Episcopum
1483 1561 1762 1629 Auxilia-

149 1664 336 1729 rem,
394 1647 512 1714 etsi
557 1650 982 1733 canonicum,
1031 1669 1160 1716 non
1220 1670 1424 1736 prima
1483 1650 1758 1737 Capituli

149 1732 487 1821 Dignitate
531 1736 953 1821 praeditum?

298 1821 576 1890 Dubium
607 1827 679 1890 11.
714 1830 785 1892 ln
814 1824 1383 1913 supplicationibus
1412 1825 1546 1891 sive
1579 1824 1754 1892 ssmi

146 1909 772 1997 Corporiscbristi,
818 1913 954 1982 sive
1001 1914 1208 1982 Sancti
1256 1914 1465 1998 Clavi,
1515 1923 1760 1999 spectat

147 2017 287 2081 ne,
336 2000 600 2067 absente
645 2001 1184 2090 Archiepiscopo,
1231 2003 1310 2071 ad
1368 2002 1760 2070 Auxiliarem

150 2086 557 2175 Episcopum
607 2088 1038 2169 canonicum
1087 2093 1192 2159 vel
1239 2091 1315 2157 ad
1364 2089 1756 2179 Capitulum,

152 2186 232 2274 et
278 2193 401 2274 pro
447 2194 524 2241 eo
570 2177 649 2245 ad
680 2176 1481 2266 ArchipresbyterumSS.
1518 2179 1761 2246 Eucha-

149 2272 409 2329 risttam
459 2274 524 2331 et
567 2275 1034 2333 sacrosanctum
1067 2268 1333 2334 Clavum
1363 2267 1619 2336 deferre
1642 2265 1675 2332 ⁴?

298 2350 576 2418 Dubium
605 2357 706 2421 111.
741 2355 1231 2439 Aegrotantibus
1261 2354 1589 2424 Canonicis
1620 2358 1763 2423 Sau-

149 2438 519 2506 ctissimum
566 2442 915 2525 viaticum,
964 2453 1316 2511 extremam
1376 2442 1759 2511 Unctiouem

151 2538 231 2594 et
280 2537 493 2594 cetera
540 2548 705 2616 quae
751 2531 872 2597 rite
910 2532 1462 2618 praescribuntur,
1495 2542 1758 2599 suntne

147 2613 540 2702 praestanda
584 2616 662 2684 ab
709 2626 758 2686 E
809 2618 1024 2708 iscopo
1056 2619 1363 2688 Auxiliari
1395 2620 1755 2699 Canonico;

149 2703 395 2859 velhab
422 2705 783 2860 {Archipres
826 2718 1056 2795 ytero,
1105 2709 1217 2794 qui
1265 2720 1363 2777 est
1407 2707 1596 2776 etiam
1651 2712 1758 2775 Pa-

153 2810 278 2860 roc
329 2811 403 2858 us

298 2880 570 2950 Dubium
616 2886 724 2951 lv.
775 2883 1132 2952 Funeribus
1185 2895 1262 2952 et
1297 2884 1602 2971 Exequiis
1646 2887 1757 2951 Ca·

149 2967 543 3038 nonicorum
606 2971 886 3071 praeerit
945 2992 1030 3041 ne
1095 2974 1265 3042 Stola
1326 2975 1586 3043 indutus
1645 2977 1755 3045 Ca-

149 3056 433 3125 nonicus
461 3058 799 3127 Auxiliaris
841 3060 1228 3151 Episcopus;
1277 3082 1355 3130 an
1395 3062 1611 3151 potius
1639 3066 1756 3129 Ar-

151 3144 615 3235 chipresbyter
672 3149 877 3233 prima
935 3148 1215 3235 Dignitas
1263 3160 1328 3217 et
1390 3145 1760 3220 Parocbus'?

296 3234 575 3303 Dubium
622 3239 700 3304 V.
749 3240 846 3305 An
891 3238 1158 3324 qualitas
1216 3237 1521 3307 Praefecti
1573 3236 1755 3325 Capi-

152 3322 280 3390 tuli
330 3333 397 3388 et
440 3324 632 3391 Chori
677 3343 885 3411 usque
932 3324 1125 3393 modo
1174 3326 1418 3415 primae
1481 3325 1753 3413 Capituli

151 3410 463 3496 Dignitati
509 3412 760 3496 collata,
796 3425 862 3480 et
908 3424 1044 3480 acta
1091 3413 1604 3483 iurisdictionalia
1650 3434 1751 3481 re-

149 3499 449 3589 spective
482 3519 600 3587 per
629 3500 1019 3586 Apostolicas
1064 3501 1442 3589 provisionis
1486 3504 1755 3573 Litteras

151 3586 463 3674 generice
495 3588 887 3670 confirmata,
915 3603 1214 3676 respectu
1245 3590 1622 3660 Pontificalis
1652 3590 1752 3659 Di·

151 3675 416 3764 gnitatis
464 3676 762 3743 Canonici
806 3678 1104 3767 Episcopi
1150 3678 1484 3746 Auxiliaris
1544 3679 1749 3746 immi-

151 3774 311 3832 nuta
358 3764 462 3831 vel
509 3763 755 3832 sublata
804 3769 1054 3834 censeri
1100 3765 1389 3854 queant?

290 3852 569 3920 Dubium
601 3856 707 3921 Vl.
756 3854 1110 3943 Episcopus
1140 3855 1479 3923 Auxiliaris
1509 3854 1748 3924 medio-

154 3939 439 4009 lanensis
512 3940 703 4008 titulo
743 3947 1257 4031 ..Famaugustam
1332 3942 1395 4010 in
1511 3944 1750 4011 artibus

149 4047 368 4097 annua
411 4047 693 4116 congrua
723 4031 1129 4119 Episcopatui
1161 4033 1407 4099 adnexa
1495 4042 1749 4116 ouatur‚

151 4129 229 4184 ut
279 4117 345 4183 in
389 4117 881 4203 Pontificalibus‚
935 4138 1175 4206 nempe
1220 4119 1526 4188 exercitio
1570 4121 1750 4189 Ordi-

151 4206 282 4288 niS,
310 4204 876 4294 Arcbiepiscopum
907 4206 1229 4275 sublevet.
1260 4208 1625 4287 Quaeriturz
1652 4212 1748 4276 An

152 4293 412 4381 quoties
483 4292 842 4363 huiusmodi
906 4295 1103 4362 Officii
1171 4316 1351 4363 causa
1415 4296 1750 4364 Auxiliaris

153 4382 513 4469 Episcopus
576 4383 926 4451 Canonicus
992 4382 1152 4451 absit
1217 4406 1247 4450 a
1309 4385 1558 4469 Chore,
1622 4383 1747 4452 frui

152 4467 517 4539 identidem
623 4472 771 4539 ossit
828 4482 966 4539 tum
1025 4491 1226 4541 annua
1285 4490 1566 4558 congrua
1611 4485 1748 4539 tum

151 4556 586 4626 distributiom
635 4579 710 4626 us
771 4558 1192 4647 quotidianis;
1255 4570 1320 4627 et
1378 4580 1455 4628 an
1518 4561 1599 4627 sit
1663 4562 1748 4629 de

154 4648 301 4713 iure
350 4646 623 4734 Capituli
668 4666 819 4715 eum
879 4646 1232 4733 absentem,
1283 4658 1353 4714 ut
1397 4668 1612 4736 supra,
1667 4649 1744 4716 ad

152 4732 643 4801 distributiones
688 4737 1028 4806 admittere
1075 4754 1195 4803 nec
1239 4734 1378 4803 ne?

286 4822 419 4900 Quo
465 4832 682 4892 autem
727 4827 912 4893 Sacra
958 4825 1383 4913 congregatio
1431 4823 1602 4893 iniis
1633 4826 1747 4892 de·

151 4910 453 4978 finiendis
514 4914 936 4997 procederet,
985 4930 1207 4978 omnes
1273 4915 1579 4981 interesse
1639 4914 1745 4980 ha-

153 5001 387 5067 bentes
415 5018 535 5088 per
567 5001 881 5069 vicarium
918 5001 1297 5075 Generalem
1328 5002 1748 5071 Mediolanen-

151 5105 295 5154 sem
340 5091 407 5153 in
462 5088 714 5178 scriptis
776 5089 982 5157 audiri
1047 5090 1276 5157 voluit.
1341 5091 1551 5176 Atque
1599 5090 1744 5156 hinc

152 5174 578 5262 prodierunt:
626 5183 684 5244 1.
721 5176 1154 5246 Deductiones
1185 5176 1480 5246 Canonici
1528 5177 1746 5245 Primi-

153 5261 310 5331 cerii
357 5264 650 5353 Episcopi
699 5265 989 5334 Titularis
1035 5287 1067 5332 a
1127 5268 1458 5334 sacrarum
1518 5270 1745 5334 Caere-

151 5352 508 5423 moniarum
537 5355 1054 5443 Metropolitauae
1087 5353 1409 5423 Ecclesiae
1440 5353 1734 5444 Magistro

1873 423 2200 482 exaratae:
2271 418 2340 484 2.
2396 417 2631 482 Votum
2695 413 2972 502 Capituli
3031 435 3067 482 a
3130 413 3333 484 tribus
3376 414 3467 483 de

1872 522 2143 572 numero
2189 502 2693 587 Canonicorum,
2743 521 2903 601 quos
2947 501 3309 573 ordinarios
3371 503 3465 571 di-

1874 601 2026 659 cunt
2072 592 2149 658 ab
2195 591 2334 679 ipso
2382 590 2606 657 electis
2652 609 2954 658 emissum
3000 601 3065 658 et
3111 590 3188 657 ab
3236 592 3466 658 eodem

1870 678 2162 765 Capitulo
2208 680 2670 764 approbatum:
2720 682 2787 746 3.
2825 680 3037 746 Novae
3068 679 3465 748 animadver-

1870 766 2079 834 siones
2109 765 2403 833 Canonici
2435 766 2824 853 Archipresb
2874 768 3032 833 teri:
3086 771 3148 834 4.
3193 772 3469 834 Demum

1867 855 2147 923 Litterae
2173 854 2354 924 datae
2390 873 2470 920 ex
2494 853 2678 921 Curia
2704 859 2823 920 Arc
2876 855 3265 943 iepiscopali,
3302 874 3466 941 quae

1870 943 2201 1010 continent
2235 940 2457 1009 Vicarii
2484 941 2809 1008 Generalis
2841 960 3038 1030 super
3061 953 3281 1009 exorta
3313 961 3464 1010 con-

1872 1031 2175 1098 troversia
2199 1030 2606 1096 sententiam.
2638 1030 2857 1097 Omnia
2890 1030 3043 1098 baec
3076 1050 3227 1116 prae
3261 1030 3463 1097 oculis

1867 1119 2105 1186 habeus
2151 1121 2332 1185 Sacra
2395 1118 2864 1203 congregatio,
2916 1118 3224 1205 requisito
3283 1118 3462 1206 prius

1867 1207 2151 1294 desuper
2179 1219 2330 1273 voto
2361 1206 2625 1272 alterius
2657 1224 2736 1271 ex
2771 1209 3275 1292 Apostolicarum
3308 1208 3461 1273 Cae-

1869 1294 2296 1361 remouiarum
2344 1293 2651 1382 magistris
2679 1342 2697 1376 ,
2746 1293 2919 1379 quod
2971 1315 3094 1363 una
3139 1313 3287 1362 cum
3346 1295 3458 1362 do·

1868 1382 2183 1450 cumeutis
2248 1402 2440 1470 supra
2510 1380 2859 1450 enunciatis
2925 1382 3190 1469 aliisque
3217 1431 3235 1467 ,
3298 1401 3460 1469 quae

1866 1484 2225 1558 opportuna
2273 1469 2401 1537 visa
2458 1479 2645 1554 sunt,
2699 1470 2863 1557 typis
2926 1472 3257 1558 vulgatum
3331 1480 3453 1555 est,

1861 1559 1927 1625 iu
1971 1557 2313 1627 ordinariis
2359 1558 2545 1626 buius
2591 1557 2722 1624 diei
2771 1558 3056 1626 Comitiis
3100 1559 3179 1627 ad
3213 1557 3459 1627 Vatica-

1863 1665 2018 1714 num
2090 1645 2354 1732 habitis,
2401 1645 2728 1714 referente
2790 1650 2948 1715 Emo
3017 1657 3083 1714 et
3148 1653 3308 1716 Rmo
3378 1651 3454 1713 D.

1862 1736 2052 1803 Card.
2103 1738 2409 1820 Prospero
2456 1733 2761 1817 Cateriui,
2813 1735 3309 1804 controversiam
3358 1744 3452 1800 to-

1864 1835 1990 1890 tam
2036 1844 2105 1890 ac
2151 1821 2345 1890 dubia
2390 1833 2638 1889 mature
2674 1822 3084 1908 examinavit,
3118 1822 3455 1910 utriusque

1862 1911 2056 1999 partis
2103 1911 2262 1994 iura,
2300 1910 2662 1998 privilegia,
2697 1909 3123 1979 deductiones
3168 1910 3340 1978 omni
3375 1929 3457 1978 ex

1863 2009 2042 2085 parte
2114 1997 2598 2085 diligentissime
2661 1998 2993 2079 discussit3
3052 2009 3117 2067 et
3179 1995 3458 2066 unanimi

1863 2085 2189 2174 suffragio,
2238 2085 2762 2173 respondendum
2808 2086 3098 2156 censuit:

1996 2176 2094 2241 Ad
2138 2179 2185 2241 1.
2259 2197 2298 2240 α
2331 2174 2759 2258 Affirmative,
2835 2174 2912 2242 ad
2973 2175 3246 2264 primam
3310 2196 3452 2265 par-

1867 2275 2048 2342 tem;
2096 2261 2426 2350 Negative,
2475 2264 2552 2330 ad
2600 2263 2945 2330 secundam
2981 2286 3045 2330 ».

1996 2351 2094 2419 Ad
2142 2355 2220 2419 11.
2266 2373 2305 2416 α
2339 2350 2675 2438 Negative,
2723 2349 2800 2418 ad
2852 2351 3122 2441 primam
3165 2364 3451 2438 partem;

1862 2438 2281 2526 affirmative,
2329 2440 2406 2505 ad
2454 2439 2803 2520 secundam
2838 2462 2900 2505 ιν.

1992 2529 2091 2596 Ad
2140 2532 2239 2595 lIl.
2295 2549 2331 2592 «
2362 2527 2695 2614 Negative,
2729 2528 2807 2594 ad
2842 2526 3112 2615 primam
3158 2539 3450 2616 partem;

1861 2615 2289 2700 Affirmative,
2337 2615 2414 2682 ad
2476 2617 2864 2695 secundam;
2925 2627 3171 2682 servata
3240 2629 3452 2683 tamen

1861 2704 2121 2791 vigente
2170 2703 2634 2772 consuetudine
2669 2728 2731 2771 ιν.

1993 2791 2090 2859 Ad
2139 2795 2244 2860 IV.
2294 2814 2330 2857 «
2364 2792 2698 2880 Negative,
2730 2794 2809 2861 ad
2857 2791 3128 2881 primam
3174 2804 3449 2879 partem;

1861 2879 2286 2965 Affirmative,
2334 2883 2412 2949 ad
2457 2881 2806 2949 secundam
2841 2904 2905 2948 ».

1993 2968 2091 3037 Ad
2141 2973 2216 3037 V.
2267 2991 2306 3034 c
2338 2970 2647 3055 Negative
2681 2992 2744 3036 ν.

1992 3059 2089 3213 mli
2138 3061 2243 3126 Vl.
2300 3080 2339 3123 ι
2385 3059 2481 3125 Ad
2551 3061 2804 3126 Sacram
2873 3058 3449 3146 Congregationem

1859 3147 2052 3215 Conci
2083 3145 2126 3212 ii
2160 3168 2222 3213 ».

1988 3238 2200 3321 Atque
2248 3233 2331 3300 ita
2377 3234 2604 3301 eadem
2651 3238 2715 3302 S.
2753 3233 3177 3322 Congregatio
3221 3234 3449 3300 rescri-

1858 3323 2012 3391 bere
2044 3321 2293 3389 censuit
2322 3334 2513 3409 atque
2548 3322 2612 3390 in
2645 3335 2976 3411 posterum
3005 3321 3243 3391 servari
3274 3340 3449 3395 man-

1860 3412 2063 3481 davit.

1988 3500 2103 3567 Die
2155 3501 2235 3569 19
2282 3499 2679 3585 Septembris
2732 3502 2926 3568 1859.

1858 3642 2118 3711 3091.
2436 3643 2876 3710 messarim.
3216 3641 3443 3731 (52⁹3)

1982 3769 2187 3847 Quum
2233 3767 2519 3835 Ecclesia
2562 3767 2808 3837 adiecta
2855 3767 3181 3837 Asceterio
3215 3766 3449 3837 Sancti-

1855 3855 2227 3924 monialium
2250 3854 2500 3923 Ordinis
2527 3859 2595 3924 S.
2626 3856 2847 3923 Clarae
2879 3857 2945 3923 in
2968 3856 3217 3945 Oppido
3248 3855 3444 3945 vulgo

1858 3944 2263 4012 Casti-areale
2307 3941 2623 4011 Dioecesis
2653 3947 3002 4012 Messaneu.
3044 3943 3446 4031 reparatione

1856 4032 2198 4119 indigeret,
2248 4033 2312 4101 in
2360 4033 2572 4119 operis
2620 4033 2952 4100 molitione
2997 4050 3261 4100 necesse
3323 4031 3445 4100 fuit

1858 4140 1998 4189 eam
2043 4120 2312 4189 interius
2360 4121 2532 4188 omni
2566 4142 2647 4189 ex
2678 4131 2858 4209 parte
2907 4122 3294 4200 instaura-03
3328 4119 3443 4187 sed

1854 4208 1932 4276 ad
2008 4209 2525 4296 praecavendum
2595 4209 3015 4277 execrationis
3081 4208 3445 4297 periculum

1857 4296 2169 4366 eiusmodi
2216 4297 2580 4365 instauratio
2626 4297 2986 4365 successive
3037 4308 3101 4364 et
3146 4316 3265 4386 per
3303 4316 3445 4384 par-

1856 4396 1950 4452 tes
1995 4385 2079 4452 ita
2127 4385 2284 4452 facta
2331 4385 2477 4469 luit,
2525 4396 2596 4453 ut
2644 4404 2762 4451 nec
2813 4388 3051 4453 Cruces
3098 4404 3135 4451 e
3181 4383 3443 4474 proprio

1856 4476 1997 4541 loco
2044 4492 2323 4556 unquam
2372 4472 2609 4540 fuerint
2639 4472 2943 4558 dimotae,
2977 4472 3221 4541 duabus
3253 4491 3445 4540 exce·

1903 4561 2001 4645 tis,
2052 4580 2215 4647 quae
2259 4562 2671 4649 symmetriae
2718 4580 2900 4628 causa
2943 4558 3091 4627 alibi
3139 4558 3438 4629 collocari

1852 4581 2258 4749 debuerunt,
2308 4660 2374 4717 et
2435 4649 2633 4716 maior
2695 4649 3015 4735 parietum
3078 4667 3222 4735 pars
3278 4667 3442 4716 nun·

1852 4755 2043 4824 quam
2089 4735 2285 4803 fuerit
2329 4738 2718 4805 decrustata.
2789 4737 2975 4803 uodo
3022 4747 3273 4821 autem,
3323 4736 3443 4804 du·

1852 4825 2155 4893 bitatione
2201 4825 2571 4892 Monialibus
2616 4826 2899 4909 suborta,
2947 4843 3105 4892 num
3160 4823 3444 4893 Ecclesia

1852 4913 2394 4980 consecrationem
2423 4911 2727 4997 amiserit,
2758 4931 2894 4980 rem
2926 4931 3185 4985 omnem
3216 4915 3441 4982 Sacrae

1850 5001 2112 5073 Rituum
2156 5001 2646 5090 congregationi
2694 5012 3160 5088 exposuerunt,
3204 5000 3467 5069 humil-s

1852 5087 2020 5155 limis
2050 5088 2343 5156 -adiectis
2399 5088 2736 5178 precibus,
2786 5099 2857 5155 ut
2904 5099 3192 5158 mentem
3261 5106 3441 5157 suam

1852 5179 2135 5266 desuper
2179 5176 2580 5243 manifestare
2629 5176 3032 5263 dignaretur.

1982 5268 2167 5333 Sacra
2211 5284 2405 5354 porro
2449 5265 2712 5335 Rituum
2757 5265 3208 5353 Congregatio,
3243 5263 3444 5333 omni-

1851 5352 1966 5422 bus
2010 5365 2261 5422 mature
2306 5353 2641 5443 perpensis
2685 5352 3029 5440 auditoque
3075 5373 3196 5443 pro
3241 5352 3441 5423 infor-
