4042 5950
1576 289 2048 366 —165—

188 447 354 516 maiia
418 446 799 534 Episcopum
867 447 1329 530 Tusculanum,
1400 445 1757 513 Sanctitatis

186 541 331 604 Suae
364 534 424 602 in
450 531 618 602 Urbe
644 532 964 604 vicarium
998 535 1381 602 Generalem
1405 544 1471 600 et
1496 536 1561 601 S.
1582 536 1663 600 R.
1680 538 1753 602 C.

186 624 595 705 Praefectum,
642 624 819 692 idem
864 626 1060 688 Emus
1126 622 1465 704 Dominus,
1516 631 1755 689 attenta

185 710 561 798 remissione,
593 723 657 778 et
689 710 911 795 vigore
942 709 1318 797 specialium
1352 709 1755 790 facultatum,

186 798 440 885 benigne
485 800 705 866 annuit
753 798 1076 886 precibus,
1116 797 1288 865 iuxta
1319 799 1626 876 modum;
1663 799 1756 863 vi·

186 888 449 955 delicet:
514 887 777 956 indulsit
833 896 907 954 ut
946 885 1035 952 <in
1086 887 1372 952 Ecclesia
1419 891 1492 953 B.
1528 886 1753 951 Mariae

188 973 439 1059 Virginis
464 978 862 1042 Lauretanae
902 974 980 1041 ad
1026 975 1402 1041 Columnam
1435 973 1755 1041 Traianam

188 1065 355 1129 liceat
398 1063 688 1147 quotidie
739 1081 929 1129 unam
975 1063 1307 1129 dumtaxat
1351 1062 1600 1127 Missam
1635 1065 1758 1127 Vo-

187 1151 359 1217 tivam
390 1151 472 1217 de
504 1152 694 1218 SSma
726 1148 1031 1218 Trinitate
1064 1151 1374 1217 celebrari
1416 1149 1481 1216 in
1526 1149 1757 1215 diebus

186 1237 517 1322 ferialibus,
570 1238 727 1307 ritus
773 1239 1021 1326 simpl„
1066 1238 1414 1325 semidupl.
1453 1258 1522 1304 ac
1563 1237 1751 1303 etiam

185 1327 348 1411 dupl.
382 1326 569 1394 mim:
605 1329 671 1396 in
711 1325 849 1393 aliis
898 1325 1128 1392 diebus
1173 1326 1333 1393 ritus
1380 1327 1565 1413 dupl.
1603 1326 1749 1391 mai.

186 1414 277 1480 vel
325 1415 645 1482 secundae
702 1416 916 1481 classis
975 1413 1152 1479 Missa
1212 1414 1336 1480 erit
1395 1415 1481 1480 de
1539 1413 1755 1482 Officio

189 1513 543 1569 occurrente
581 1514 646 1571 et
673 1500 951 1571 Orationi
982 1501 1129 1568 addi
1178 1502 1415 1590 poterit
1461 1505 1757 1569 Comme·

188 1590 427 1656 mot-atio
450 1591 535 1658 de
562 1596 749 1660 SSma
774 1590 1103 1674 Trinitate,
1132 1610 1297 1677 quae
1329 1602 1540 1657 tamen
1571 1593 1757 1657 Com·

189 1679 537 1746 memoratio
599 1699 726 1748 non
792 1677 1193 1765 permittitur
1239 1679 1305 1745 in
1351 1677 1580 1745 diebus
1639 1683 1757 1744 Do-

188 1764 410 1833 minicis
455 1769 701 1856 primae
748 1766 959 1835 classis
997 1766 1262 1852 aliisque
1278 1766 1526 1836 ,diebus
1558 1764 1757 1834 Officii

189 1855 353 1942 dupl.
399 1854 646 1941 primae
695 1853 931 1924 classis.
983 1853 1253 1923 Indulsit
1299 1865 1639 1941 praeterea
1685 1865 1756 1920 ut

189 1943 241 2008 in
268 1943 557 2011 omnibus
588 1944 954 2014 indistincte
985 1942 1249 2027 diebus,
1284 1944 1542 2030 expleta
1577 1942 1754 2008 Missa

188 2031 386 2097 votiva
430 2034 536 2098 vel
588 2034 674 2100 de
716 2031 933 2099 Officio
997 2042 1406 2114 occurrente,
1455 2052 1489 2096 a
1535 2034 1755 2098 Sacer-

186 2119 321 2186 dote
367 2120 767 2207 (priusquam
811 2122 888 2188 ab
932 2120 1129 2187 Altari
1191 2120 1503 2205 discedat)
1553 2129 1620 2185 et
1678 2120 1755 2185 ab

186 2206 447 2275 adstante
508 2208 756 2296 populo
817 2207 1071 2277 recitari
1120 2207 1365 2297 possint
1410 2206 1754 2294 suprascri-

189 2306 314 2393 ptae
356 2315 612 2382 preces,
662 2296 740 2362 ab
784 2297 922 2384 ipso
969 2298 1127 2365 Ειῑιο
1175 2296 1440 2363 Domino
1488 2306 1554 2362 et
1586 2315 1620 2360 a
1650 2313 1755 2360 me

190 2384 564 2474 infrascripto
637 2389 707 2454 S.
753 2389 831 2454 R.
874 2388 945 2452 C.
999 2386 1331 2452 Assessore
1387 2384 1631 2451 revisae
1691 2392 1758 2448 et

190 2470 570 2540 reformatae.
642 2473 1159 2558 Quibuscumque
1236 2472 1300 2539 in
1370 2471 1757 2539 contrarium

190 2576 301 2627 non
341 2560 761 2629 obstantibus.

301 2649 473 2725 Quod
504 2649 692 2737 pium
724 2650 1110 2717 exercitium
1142 2659 1364 2736 postea
1397 2647 1515 2715 sub
1541 2648 1645 2715 die
1673 2651 1758 2717 28

190 2735 457 2806 eiusdem
502 2737 744 2806 mensis
789 2738 1025 2824 Aprilis
1072 2748 1331 2804 auctum
1362 2738 1501 2804 -fuit
1550 2737 1759 2804 indul-

189 2824 398 2910 gentiis
460 2838 602 2894 tum
665 2827 968 2916 plenariis
1038 2836 1175 2891 tum
1237 2825 1604 2913 partialibus
1659 2825 1756 2891 lu·

189 2913 413 2981 crandis
442 2936 476 2982 a
510 2914 1047 2985 Christifiuelibus
1097 2915 1219 2983 rite
1266 2912 1612 3002 dispositis,
1648 2914 1761 2998 qui

189 3000 381 3069 eidem
408 3005 821 3089 interessent,
852 3003 1056 3071 veluti
1080 3022 1161 3069 ex
1187 3008 1458 3071 Decreto
1483 3007 1547 3072 S.
1568 3006 1642 3069 C.
1662 3006 1758 3068 ln-

188 3091 652 3179 dulgentiarum
696 3091 1027 3177 sequentis
1078 3092 1354 3170 tenoris;
1403 3091 1756 3160 videlicet:

190 3202 223 3243 c
249 3182 337 3247 Ex
379 3180 800 3269 subdelegata
845 3181 1206 3267 Apostolica
1252 3181 1646 3248 Auctoritate
1693 3200 1759 3245 o-

190 3268 422 3336 mnibus
453 3271 795 3356 utriusque
824 3288 1019 3339 sexus
1050 3268 1615 3350 christifidelibus,
1650 3267 1759 3353 qui

190 3359 488 3511 praefatae
518 3358 740 3425 Missae
788 3376 907 3425 nec
955 3376 1084 3424 non
1128 3356 1508 3443 supradictis
1556 3356 1761 3443 preci·

228 3464 292 3512 us
334 3446 399 3513 in
443 3446 768 3515 antedicta
821 3445 1107 3513 Ecclesia
1158 3444 1547 3533 peragendis
1602 3462 1761 3530 quo·

193 3532 332 3600 tidie
381 3535 826 3617 interfuerint,
879 3534 1351 3620 indulgentiam
1412 3533 1762 3602 Plenariam

192 3624 582 3693 concedimus
628 3624 722 3692 bis
768 3623 832 3690 in
880 3623 1168 3707 quolibet
1229 3641 1447 3689 mense
1514 3625 1759 3689 lucran-

190 3709 345 3793 dam,
379 3712 443 3781 in
490 3713 741 3782 duobus
788 3712 1094 3779 videlicet
1142 3711 1484 3778 cuiuslth
1528 3707 1762 3778 mensis

192 3797 427 3886 diebus,
456 3820 684 3868 eorum
716 3799 974 3867 arbitrio
1010 3797 1365 3887 eligendisz
1409 3798 1761 3867 dummodo

193 3906 330 3955 vere
372 3890 780 3976 poenitentes
811 3889 1081 3956 confessi
1120 3908 1190 3955 ac
1222 3901 1429 3956 sancta
1461 3892 1762 3956 Commu·

194 3975 365 4043 nione
407 3979 640 4045 refecti
702 3976 943 4044 fuerint
990 3989 1055 4043 et
1102 3996 1220 4063 per
1281 3977 1538 4062 aliquod
1603 3986 1762 4040 tem-

195 4067 349 4151 poris
377 4068 655 4155 spatium
686 4065 863 4139 iuxta
897 4076 1180 4133 mentem
1215 4064 1569 4132 sanctitatis
1601 4068 1766 4130 Suae

197 4152 287 4237 pie
331 4153 675 4222 oraverint.
740 4159 805 4221 ln
850 4154 1113 4240 reliquis
1160 4173 1315 4220 vero
1372 4152 1601 4220 diebus
1650 4151 1765 4217 eis·

196 4241 330 4308 dem
374 4240 909 4311 Christifidelibus
967 4246 1166 4311 corde
1212 4243 1441 4308 saltem
1489 4240 1764 4308 contrito

196 4347 255 4394 ac
297 4332 525 4399 devote
571 4331 975 4419 supradictae
1020 4342 1270 4398 sanctae
1310 4329 1624 4397 functioni
1672 4329 1765 4394 in·

201 4422 637 4488 teressentibus
697 4430 797 4503 et,
849 4430 920 4486 ut
983 4439 1208 4506 supra,
1259 4417 1620 4500 orantibus,
1672 4422 1764 4483 ln·

200 4508 580 4597 dulgentiam
658 4519 1024 4577 tercentum
1092 4507 1349 4575 dierum
1416 4508 1619 4574 semel
1691 4504 1767 4571 ab

202 4616 573 4685 unoquoque
618 4598 686 4664 in
733 4595 1018 4683 qualibet
1065 4597 1175 4664 die
1224 4596 1617 4678 lucrandam,
1669 4614 1770 4681 pa·

202 4683 341 4752 riter
395 4686 831 4776 impertimur.
894 4684 1217 4753 Praesenti
1265 4687 1328 4750 in
1375 4704 1497 4771 per
1546 4697 1768 4750 etunm

204 4773 488 4859 valituro,
552 4773 792 4861 absque
861 4774 990 4841 ulla
1046 4773 1261 4841 Brevis
1326 4792 1453 4859 exp
1546 4772 1764 4858 itione,

203 4878 331 4927 cum
373 4863 670 4933 facultate
717 4863 1076 4952 applicandi
1127 4862 1385 4928 easdem
1418 4862 1767 4948 indulgen-

204 4948 303 5015 tias
346 4951 411 5018 in
455 4953 828 5040 suffragium
876 4950 1171 5019 fidelium
1218 4948 1765 5037 defunctorum).

318 5042 475 5105 Cum
536 5050 753 5107 autem
822 5041 1129 5108 devotum
1190 5037 1310 5117 hoc
1357 5039 1768 5125 exercitium,

206 5128 360 5209 quod
404 5147 611 5214 usque
655 5131 825 5197 dum·
860 5130 925 5195 in
972 5147 1092 5195 una
1144 5134 1386 5194 tantum
1432 5125 1617 5193 Urbis
1655 5130 1772 5192 Ec-

208 5213 381 5281 clesia
424 5217 694 5303 obtinet,
744 5219 821 5285 ad
871 5216 1259 5304 respectivas
1320 5234 1544 5281 eorum
1586 5216 1773 5281 ‘Dioc-

209 5319 368 5368 ceses
428 5305 647 5393 plures
709 5307 1047 5394 Episcopi,
1111 5304 1226 5370 rati
1283 5303 1453 5389 quod
1522 5314 1776 5390 gratum

209 5403 653 5480 acceptumque
700 5398 831 5461 Deo
875 5394 956 5461 sit
1002 5414 1072 5463 ac
1120 5392 1451 5480 Deiparae,
1510 5392 1777 5461 extendi

1863 456 2092 534 optent
2138 458 2203 513 et
2251 448 2620 533 postulent;
2671 447 2816 515 ideo
2866 448 3196 514 memorati
3229 450 3447 514 Sacer-

1863 535 2050 603 dotes
2079 536 2220 602 Piae
2245 534 2503 603 Unionis
2535 540 2601 602 S.
2619 535 2799 610 ,Pauli
2826 536 3137 624 Apostoli,
3163 537 3448 624 ipsorum

1866 623 2026 688 votis
2074 624 2479 708 plaudenteS,
2528 624 2850 713 supplices
2881 642 3112 710 preces
3142 643 3448 711 porrexe-

1865 721 2012 776 runt
2039 714 2232 779 Ssmo
2257 711 2525 777 Domino
2549 715 2775 779 Nostro
2801 712 2903 778 Pio
2925 716 3030 780 vll
3054 716 3233 778 Pont.
3256 713 3446 796 Max„

1864 802 2028 863 Eum
2075 800 2436 867 humillime
2474 802 2896 886 deprecantes
2928 810 3001 866 11ι
3032 798 3446 887 privilegium

1865 886 1987 950 iam
2036 906 2405 954 concessum
2454 908 2572 975 pro
2619 887 2902 954 Ecclesia
2949 893 3018 953 B.
3059 891 3137 953 n.
3167 891 3244 954 V.
3290 891 3447 953 Lau·

1863 984 2116 1041 retanae
2166 975 2349 1042 Urbis
2394 977 2469 1041 ad
2519 978 2895 1044 Columnam
2942 974 3289 1060 Traianam,
3340 994 3450 1040 ex-

1863 1062 2137 1130 tendere
2205 1065 2578 1152 dignaretur
2643 1065 2721 1130 ad
2791 1062 3068 1130 universi
3138 1062 3449 1130 Catholici

1861 1149 2041 1216 Orbis
2087 1151 2443 1234 Dioeceses,
2493 1151 2656 1217 facta
2702 1161 3014 1238 potestate
3059 1150 3355 1217 omnibus
3388 1160 3454 1216 et

1861 1236 2132 1325 singulis
2159 1239 2495 1328 Episcopis
2540 1239 2853 1340 seligendi
2899 1258 3089 1306 unam
3121 1241 3451 1305 dumtaxat

1861 1327 2142 1393 Civitatis
2164 1336 2271 1393 aut
2297 1328 2415 1393 loci
2441 1328 2818 1411 Ecclesiam,
2839 1326 2903 1392 in
2927 1346 3049 1412 qua
3079 1326 3273 1415 possit
3297 1345 3452 1410 quo·

1862 1414 2021 1482 tidie
2052 1434 2253 1481 unum
2298 1419 2560 1482 Sacrum
2607 1416 2711 1482 vel
2751 1414 3272 1482 commemoratio
3308 1413 3450 1482 fieri

1862 1505 1942 1571 de
1975 1505 2166 1570 SSma
2211 1503 2513 1570 Trinitate
2560 1504 2912 1572 dummodo
2960 1502 3238 1585 licuerit,
3275 1503 3448 1568 iuxta

1860 1592 2144 1658 diversas
2190 1591 2642 1675 occurrentia,
2693 1592 2771 1659 ad
2820 1593 3086 1657 formam
3136 1589 3455 1658 enunciati

1862 1679 2144 1760 Decreti,
2179 1696 2326 1746 cum
2377 1679 2751 1746 extensione
2797 1678 2985 1745 simul
3021 1678 3454 1764 Indulgentia-

1863 1786 2006 1834 rum
2053 1769 2128 1834 ab
2173 1767 2696 1835 interessentibus
2743 1768 3216 1849 lucrandarum,
3251 1767 3450 1834 adim-

1864 1856 2056 1945 pletis
2088 1853 2557 1923 conditionibus
2590 1856 2652 1921 in
2676 1876 2866 1943 supra
2892 1856 3143 1923 laudato
3168 1859 3234 1924 S.
3251 1858 3323 1921 C.
3353 1860 3454 1921 ln-

1864 1944 2342 2029 dulgentiarum
2388 1947 2659 2010 Decreto
2721 1941 3064 2031 expressis.
3118 1943 3243 2010 Sed
3291 1962 3453 2028 quo-

1862 2032 2030 2099 niam
2077 2031 2371 2098 accidere
2418 2030 2629 2098 forsan
2676 2042 2888 2121 potest
2920 2040 2991 2096 ut
3033 2031 3097 2097 in
3134 2030 3454 2117 aliquibus

1867 2121 2019 2188 locis
2051 2130 2328 2206 nequeat
2357 2119 2801 2203 quotidianum
2831 2118 3200 2186 huiusmodi
3230 2118 3455 2207 peragi

1861 2211 2042 2297 pium
2087 2207 2528 2293 devotumque
2586 2206 2966 2275 exercitium
3012 2206 3206 2273 nullis
3255 2208 3454 2275 inter-

1862 2296 2070 2385 ceptis
2115 2295 2365 2380 diebus,
2415 2306 2608 2381 queat
2653 2294 2966 2363 tamenin
2999 2314 3122 2361 una
3166 2295 3453 2361 alterave

1862 2385 2202 2453 cuiuslibet
2256 2384 2714 2452 hebdomadae·
2744 2385 2887 2469 die,
2936 2382 3176 2449 idcirco
3233 2393 3456 2471 postu·

1863 2475 2075 2541 larunt
2099 2484 2171 2538 ut
2203 2492 2320 2559 pro
2352 2471 2584 2539 iisdem
2618 2473 2768 2538 locis
2800 2470 3215 2561 privilegium
3249 2468 3453 2558 prosit

1866 2572 1932 2628 et
1978 2561 2225 2644 valeat,
2285 2561 2337 2626 si
2397 2560 2569 2626 Missa
2614 2562 2698 2629 de
2759 2563 2945 2628 SSma
2992 2560 3297 2626 Trinitate
3343 2556 3451 2623 vel

1863 2652 2060 2717 altera
2093 2651 2178 2717 de
2209 2648 2423 2718 Officio
2473 2649 2600 2716 diei
2649 2666 2796 2715 cum
2830 2648 2935 2715 vel
2982 2647 3123 2714 sine
3170 2664 3451 2714 comme·

1863 2738 2218 2806 moratione
2266 2737 2353 2803 de
2398 2737 2648 2820 eadem,
2687 2738 2860 2803 iuxta
2900 2736 3185 2803 diversas
3232 2754 3453 2802 occur·

1865 2826 2126 2908 rentias,
2179 2836 2249 2893 ut
2295 2844 2508 2912 supra,
2560 2825 2957 2908 celebretur,
3007 2835 3073 2890 et
3118 2824 3454 2892 adiunctae

1864 2932 2090 3006 preces
2137 2913 2519 3004 approbatae
2568 2926 2712 3000 post
2757 2914 3004 2980 Missam
3071 2912 3454 2994 recitentur,

1861 3013 2056 3093 prout
2107 3003 2169 3070 in
2217 3012 2567 3071 memorato
2599 3005 2894 3085 Decreto,
2932 3002 2995 3068 in
3025 3000 3296 3088 singulis
3330 3011 3459 3066 tan-

1863 3105 2002 3160 tum
2063 3091 2344 3159 Sabbatis
2392 3099 2457 3155 et
2502 3089 2701 3157 Festis
2763 3093 2832 3154 B.
2877 3093 2959 3155 Μ.
3012 3088 3310 3173 Virginis.
3364 3091 3455 3155 Ac

1864 3181 2123 3248 tandem
2168 3179 2499 3267 petierunt
2533 3191 2602 3244 ut
2635 3196 2861 3267 preces
2894 3177 3017 3245 iam
3064 3177 3452 3264 adprobatae

1865 3268 2107 3358 possint
2153 3287 2271 3354 pro
2319 3266 2684 3333 diversitate
2734 3265 3071 3352 regionum
3119 3264 3446 3330 transferri

1866 3370 1931 3425 et
1961 3356 2243 3440 recitari,
2281 3356 2454 3422 iuxta
2486 3354 2809 3442 peculiare
2860 3354 3147 3420 locorum
3194 3350 3455 3418 idioma.

1866 3450 1945 3512 Et
1992 3444 2297 3511 Sanctitas
2326 3446 2475 3526 Sua,
2510 3444 2588 3510 ad
2619 3440 2998 3510 relationem
3045 3440 3185 3507 Emi
3221 3450 3286 3506 et
3314 3440 3457 3509 limi

1868 3533 2116 3602 Domini
2163 3531 2510 3599 cardinalis
2556 3531 2697 3597 lulii
2753 3512 2977 3597 Maride
3040 3529 3124 3596 de
3185 3527 3458 3596 Somalia

1872 3620 2167 3709 Episcopi
2215 3619 2575 3702 Tusculani,
2627 3623 2692 3685 S.
2728 3623 2804 3685 R.
2841 3623 2915 3687 C.
2963 3617 3299 3700 Praefecti,
3348 3617 3458 3683 be-

1867 3714 2063 3797 nigne
2109 3709 2353 3791 annuit,
2415 3710 2588 3774 iuxta
2645 3708 2884 3794 petita;
2935 3702 3185 3773 servatii
3233 3716 3462 3771 tenore

1868 3805 2329 3879 Decretorum,
2395 3805 2519 3863 tam
2671 3816 2703 3871 ι·
2771 3812 3079 3882 organum
3141 3798 3209 3862 S.
3257 3796 3332 3860 R.
3383 3795 3455 3859 C.

1868 3887 1987 3954 suh
2034 3888 2139 3955 die
2193 3889 2272 3951 ¹5
2312 3883 2547 3972 Aprilis
2641 3884 2783 3950 nius
2829 3884 2972 3950 anni
3027 3887 3219 3967 1815,
3271 3898 3461 3967 quam

1920 3995 1990 4041 er
2068 3993 2379 4064 organum
2447 3975 2508 4040 S.
2581 3975 2656 4038 C.
2725 3970 3275 4056 indulgentiarum
3343 3968 3460 4035 sub

1870 3999 2112 4133 gie-28
2170 4061 2405 4153 Aprilis
2468 4059 2655 4126 huius
2717 4060 2953 4151 pariter
3007 4058 3150 4125 anni
3205 4068 3466 4126 verten-

1874 4155 1973 4223 tis.
2023 4150 2236 4232 Quoad
2287 4171 2440 4217 vero
2489 4169 2740 4239 preces,
2778 4147 2950 4214 iuxta
2996 4147 3320 4236 peculiare
3361 4165 3464 4212 re-

1872 4244 2137 4330 gionum
2203 4239 2432 4308 idioma
2491 4239 2867 4319 recitandas,
2970 4237 3164 4305 ariter
3215 4234 3458 4319 annuit,

1872 4330 2227 4401 dummodo
2278 4340 2490 4394 tamen
2551 4327 2762 4393 versio
2809 4328 2890 4393 sit
2980 4326 3149 4393 delis
3206 4334 3272 4389 et
3317 4320 3461 4388 lite·

1873 4418 2018 4487 ralis
2051 4420 2189 4484 sine
2223 4417 2351 4483 ulla
2384 4434 2641 4504 prorsus
2673 4414 3022 4498 additione,
3062 4408 3466 4479 detractione

1874 4520 1982 4576 aut
2032 4505 2406 4573 variatione.

1883 4650 2143 4720 2570.
2436 4644 2904 4712 LucssomssN.
3238 4642 3464 4731 (4523)

2007 4772 2185 4839 Circa
2217 4767 2729 4857 praecedentiam
2752 4765 2818 4832 in
2842 4765 3300 4832 Ecclesiasticis
3326 4767 3467 4833 fun·

1876 4861 2189 4930 ctionibus
2252 4859 2423 4924 inter
2484 4853 2908 4924 Seminarium
2964 4864 3028 4919 et
3080 4855 3344 4921 Clerum
3400 4854 3466 4920 in

1874 4947 2235 5027 Cathedrali
2278 4964 2406 5012 non
2439 4942 2970 5033 praebendatnm,
3004 4943 3278 5008 instante
3315 4943 3466 5030 Epi·

1877 5058 1983 5105 sco
2091 5052 2112 5115 ;
3435 5072 3446 5084 -

1990 5056 2195 5195 lli'tssit
2226 5126 2291 5191 S.
2328 5125 2403 5188 R.
2437 5125 2509 5187 C.
2549 5118 2800 5206 exquiri
2835 5129 3059 5186 votum
3090 5116 3353 5186 alterius
3387 5138 3469 5185 ex

1880 5213 2391 5302 Apostolicarum
2410 5208 2966 5276 Caeremoniarum
2988 5207 3320 5296 Magistris,
3339 5225 3467 5310 quo

1878 5305 2122 5386 audite,
2172 5300 2250 5366 ad
2301 5297 2678 5365 relationem
2726 5299 2866 5364 Emi
2914 5308 2979 5362 et
3026 5296 3166 5363 Rmi
3212 5295 3461 5363 Domini

1884 5391 2072 5461 Card.
2117 5387 2376 5457 Antonii
2419 5385 2497 5451 ab
2542 5386 2755 5471 Auria,
2806 5384 3175 5471 respondit:
3224 5405 3261 5450 41
3288 5388 3466 5453 quta
