4042 5950
1576 234 1888 318 ·-=2?!39
1942 276 2049 296 ...

305 392 812 463 Eminentissimi
862 406 927 461 et
961 394 1498 462 Reverendissimi
1543 398 1757 461 Patres

151 481 377 548 Sacris
427 481 683 550 tuendis
728 483 975 551 Ritibus
1020 482 1389 571 praepositi,
1430 483 1507 549 ad
1555 482 1759 561 Quiri-

150 570 320 637 nale
365 568 732 657 subsignata
792 571 899 639 die
961 571 1330 656 coadunati,
1380 570 1458 637 ad
1509 569 1761 637 relatio-

151 675 323 724 nem
354 662 433 726 lt.
469 661 540 726 P.
572 662 652 725 D.
684 657 1048 744 secretarii,
1083 658 1570 728 rescribendum
1611 677 1760 725 cen-

151 756 481 813 suerunt:

302 835 402 901 Ad
460 840 521 903 1.
571 856 610 901 ‹
641 835 950 923 Negative
984 857 1050 902 ι.

305 922 404 990 Ad
449 927 516 990 2.
582 945 621 990 ‹
654 923 960 1014 Superior
1029 923 1320 992 celebret
1380 924 1446 991 in
1512 921 1760 1012 privato

150 1009 461 1077 Oratorio
524 1011 604 1080 ad
649 1011 1129 1080 ministrandam
1184 1010 1518 1101 Religiosis
1571 1014 1757 1079 Com-

153 1098 587 1167 munionem:
636 1113 703 1166 et
746 1100 796 1166 si
853 1098 1020 1167 desit
1081 1100 1475 1184 oratorium,
1524 1098 1632 1166 fiat
1691 1099 1758 1165 in

153 1187 454 1253 Ecclesia
503 1188 705 1255 ianuis
752 1188 975 1255 clausis
1007 1210 1071 1256 ν.

304 1277 406 1344 Ad
430 1279 493 1343 3.
524 1297 563 1342 ‹
591 1275 1003 1361 Affirmative,
1032 1276 1202 1343 iuxta
1226 1276 1375 1342 alias
1401 1276 1663 1343 decreta
1688 1296 1750 1341 ».

300 1365 401 1431 Ad
453 1367 517 1432 4.
570 1385 609 1430 ‹
641 1367 778 1432 Non
825 1365 1033 1431 teneri
1081 1365 1253 1431 iuxta
1299 1368 1642 1431 Decretum
1690 1362 1754 1429 in

153 1450 556 1519 Sulmoneu.
606 1451 710 1520 die
757 1456 842 1521 20
886 1452 1255 1520 Decembris
1305 1455 1511 1535 totto,
1560 1452 1612 1518 si
1658 1452 1754 1518 di-

151 1550 345 1607 stent
376 1561 410 1606 a
441 1540 711 1608 Civitate
757 1541 923 1610 ultra
971 1541 1255 1608 medium
1289 1540 1563 1607 milliare
1595 1561 1657 1607 ι.

305 1629 421 1696 Die
455 1632 536 1696 31
586 1629 854 1719 Augusti
906 1633 1097 1698 1839.

154 1769 446 1841 2800.
758 1771 1202 1838 CATHAREN.

303 1896 373 1961 ln
418 1893 761 1962 ordinariis
815 1896 1042 1961 Sacrae
1085 1892 1342 1961 Rituum
1390 1897 1643 1982 congre
1691 1914 1752 1959 a-

157 1980 365 2049 tionis
386 1980 671 2050 Comitiis
693 1982 768 2049 ad
791 1979 1111 2060 Quirinale
1140 1981 1497 2068 subsignata
1522 1981 1628 2050 die
1699 2003 1756 2048 a·

155 2069 343 2153 bitis,
371 2089 567 2157 quum
601 2069 769 2137 inter
793 2078 1005 2138 cetera
1035 2070 1287 2158 negotia
1319 2080 1529 2138 actum
1562 2070 1751 2137 etiam

155 2158 367 2225 luerit
413 2158 499 2225 de
567 2157 842 2247 supplici
911 2157 1157 2225 Libello
1204 2177 1236 2222 a
1282 2159 1754 2227 Reverendissi·

155 2265 280 2315 mo
308 2246 629 2336 Episcopo
661 2246 993 2315 catharen.
1022 2247 1375 2335 proposito,
1402 2266 1527 2333 quo
1553 2267 1634 2314 ex
1685 2266 1748 2313 e·

157 2336 346 2404 tebat
395 2334 867 2403 immutationes
912 2333 1228 2403 iaciendas
1258 2334 1321 2401 in
1355 2335 1629 2403 Orationi
1675 2354 1750 2402 us

154 2442 291 2511 pro
336 2427 730 2513 imperatore
782 2427 1059 2492 Romano
1117 2424 1293 2490 Feria
1339 2426 1421 2491 Vl
1465 2425 1528 2490 in
1574 2428 1751 2491 Para-

156 2531 402 2599 sceve3
451 2530 595 2579 nam
636 2509 997 2579 rauciacus
1039 2512 1281 2578 Primus
1312 2512 1598 2579 Austriae
1627 2517 1750 2580 lm-

157 2609 433 2686 perator
488 2600 832 2669 defunctus
880 2599 984 2666 die
1030 2604 1072 2665 6
1120 2599 1389 2687 Augusti
1442 2603 1609 2669 1806
1660 2600 1750 2668 di-

159 2686 399 2776 gnitati
455 2685 858 2775 Imperatoris
902 2687 1162 2753 Romani
1209 2688 1630 2771 renunciavit,
1681 2697 1746 2752 et

163 2776 311 2843 eius
354 2794 682 2843 successor
725 2780 1078 2862 Imperator
1121 2775 1410 2842 Austriae
1461 2784 1742 2860 vocatur;

158 2862 668 2930 Eminentissimi
714 2871 780 2929 et
824 2862 1359 2931 Reverendissimi
1406 2866 1618 2930 Patres
1647 2866 1749 2930 Sa-

162 2950 297 3018 cris
357 2951 613 3019 tuendis
674 2950 921 3021 Ritibus
977 2951 1363 3040 praepositi,
1426 2951 1748 3020 referente

162 3040 558 3124 secretario,
593 3040 1075 3108 rescribendum
1104 3049 1531 3108 censuerunt:
1567 3062 1605 3104 ι
1631 3042 1748 3105 Ne-

162 3125 383 3214 gative
417 3148 484 3195 ι.
531 3128 641 3195 Die
688 3131 769 3196 31
817 3127 1086 3215 Augusti
1137 3131 1327 3198 1839.

164 3306 400 3376 2801

1523 1770 1749 1859 (4878)

408 3351 427 3370 .
811 3307 1116 3375 ORDINIS

449 3412 803 3480 molum
847 3412 1469 3479 CAPnccmonmt.

306 3567 684 3657 Saepissime
744 3586 943 3655 quum
1005 3568 1330 3656 contingat
1376 3578 1448 3634 ut
1493 3567 1745 3636 Alumni

161 3655 422 3726 Ordinis
463 3656 775 3725 uiuorum
823 3656 1032 3725 Sancti
1078 3655 1386 3724 Francisci
1441 3656 1744 3744 Capucci·

162 3763 404 3811 norum
449 3742 527 3810 ab
569 3764 697 3812 uno
741 3746 819 3812 ad
867 3744 1039 3813 aliud
1085 3744 1477 3813 coenobium
1545 3753 1746 3812 trans-

163 3833 449 3921 migrare
495 3832 806 3914 debeaut;
854 3834 1228 3921 praesertim
1278 3833 1433 3900 dum
1481 3852 1548 3899 se
1597 3851 1746 3900 con-

165 3923 393 3989 ferunt
437 3921 512 3988 ad
560 3922 845 3989 Verbum
892 3921 1003 3988 Dei
1042 3920 1605 4005 disseminandum,
1640 3922 1744 3988 vel

166 4009 333 4077 dum
365 4009 490 4076 iter
517 4007 854 4079 instituunt
885 4021 1076 4096 atque
1107 4027 1225 4097 per
1247 4009 1487 4096 aliquot
1518 4009 1652 4077 dies
1681 4018 1745 4075 ct

166 4098 245 4165 ad
295 4115 584 4165 mensem
632 4096 850 4182 etiam,
885 4107 1065 4164 extra
1093 4097 1528 4183 coenobium,
1562 4097 1744 4165 cuius

164 4183 465 4252 Familiae
512 4205 594 4252 ex
641 4184 1004 4253 obedientia
1064 4197 1211 4253 sunt
1255 4185 1527 4270 addicti,
1575 4204 1747 4252 com-

169 4283 537 4352 morantur3
578 4272 893 4340 diversam
929 4274 1364 4360 unusquisque
1399 4283 1580 4340 tenet
1603 4292 1744 4361 pra-

169 4361 305 4428 xim
351 4361 561 4447 quoad
604 4379 876 4448 pensum
925 4361 1125 4429 Divini
1170 4360 1392 4428 Officii.
1442 4360 1745 4429 Nonnulli

167 4449 624 4605 a*
665 4447 1745 4625 saara}&assasse

168 4644 300 4712 quo
345 4624 722 4706 discedunt;
793 4624 1083 4694 nonnulli
1128 4624 1403 4691 alterum
1464 4644 1744 4712 sequun-

169 4725 279 4781 tur
320 4713 624 4782 coenobii
672 4713 750 4780 ad
798 4713 970 4800 quod
1002 4712 1424 4799 perveniunt;
1457 4732 1745 4801 praeser-

1517 3303 1743 3394 (48⁷4)

170 4803 289 4870 tim
335 4801 544 4890 quoad
592 4801 1030 4872 translationes
1073 4799 1273 4867 varias
1316 4819 1478 4887 quae
1523 4820 1778 4868 neces·-

169 4891 332 4958 sario
379 4889 518 4958 fleri
567 4890 809 4957 debent
854 4888 1167 4973 diversae,
1218 4888 1390 4955 iuxta
1442 4888 1741 4956 coenobii

170 4978 635 5062 diversitatem,
660 4987 732 5045 ut
780 4977 973 5045 detur
1005 4976 1181 5043 locus
1225 4973 1451 5044 Officiis
1497 4977 1740 5043 Patroni

169 5066 318 5135 Loci
367 5076 431 5133 et
475 5066 900 5135 Dedicationis
947 5063 1267 5132 Ecclesiae
1322 5063 1738 5131 cathedralis.

171 5158 252 5221 Ut
297 5165 517 5223 autem
559 5164 732 5224 certa
777 5172 998 5221 norma
1042 5153 1106 5219 in
1144 5164 1472 5242 posterum
1504 5153 1742 5219 unifor-

312 5348 396 5421 (ι)
428 5349 490 5405 n.
527 5349 668 5408 nuh.
708 5349 738 5405 ι
774 5357 831 5407 οι
863 5350 914 5408 s

381 5473 596 5520 nosset·
619 5471 933 5519 authentica
959 5474 1007 5518 Β.
1037 5473 1097 5517 R.
1127 5473 1177 5517 0.
1205 5493 1260 5505 -
1283 5470 1394 5517 vol.
1422 5472 1484 5516 11.

1864 395 2059 479 miter
2101 396 2427 484 sequenda
2474 386 2802 479 tradatur,
2852 401 3169 465 Extensor
3220 396 3444 465 Galen-

1865 483 2023 550 darii
2072 485 2368 552 recensiti
2413 485 2664 553 Ordinis
2705 484 2768 552 in
2798 501 3030 571 magno
3078 488 3318 551 Ducatu
3364 484 3447 550 Ε-

1864 569 2132 655 truriae,
2181 572 2267 639 de
2313 591 2626 640 consensu
2664 576 2739 640 R.
2777 579 2843 641 P.
2881 571 3144 640 Ministri
3189 572 3446 638 Provin-

1866 658 2062 743 cialis,
2112 664 2336 728 Sacrae
2361 660 2622 727 Rituum
2654 659 3144 748 Congregationi
3173 678 3446 746 sequen-

1866 748 1950 813 tia
1980 745 2171 815 dubia
2221 748 2550 817 enodanda
2598 748 2964 837 proposuit3
3009 747 3353 815 nimirum:

2001 838 2064 900 1.
2127 839 2354 904 Utrum
2413 835 2726 903 Alumnus
2788 836 3082 904 Familiae
3145 836 3443 925 capucci-

1861 942 2094 990 norum
2127 922 2249 990 iter
2295 924 2530 992 iaciens
2562 933 2886 1007 teneatur,
2923 934 3103 990 extra
3131 922 3438 1007 chorum,

1860 1012 1938 1079 ad
1984 1011 2276 1081 Officium
2336 1012 2507 1099 quod
2566 1013 2875 1080 recitatur
2919 1012 2981 1079 in
3029 1011 3238 1080 Choro
3282 1014 3442 1078 Coe·

1860 1100 2031 1168 uobii
2080 1119 2114 1165 a
2206 1121 2287 1168 uo
2334 1102 2662 1181 discessit3
2711 1120 2788 1167 an
2832 1099 3094 1168 alterius
3139 1098 3219 1165 ad
3268 1098 3439 1187 quod

1860 1119 2205 1276 pervenit}

1992 1281 2057 1345 2.
2107 1280 2334 1345 Utrum
2401 1288 2696 1365 tempore
2753 1275 3277 1363 Quadragesimae
3334 1273 3438 1342 Di·

1859 1364 1988 1432 vini
2007 1366 2200 1433 Verbi
2223 1370 2571 1433 Praecones
2596 1375 3061 1433 commorantes
3085 1374 3264 1431 extra
3287 1366 3441 1431 Coe·

1859 1453 2121 1520 nobium
2169 1463 2511 1520 teneantur
2537 1472 2607 1519 se
2641 1452 3019 1522 conformari
3065 1452 3436 1522 Calendario

1857 1540 2159 1608 coenobii
2207 1541 2557 1626 vicinioris;
2607 1562 2685 1609 an
2733 1542 2871 1609 eius
2915 1561 2997 1609 ex
3043 1560 3169 1628 quo
3200 1540 3435 1609 disces-

1855 1638 2080 1784 {3⁰2²
2124 1641 2189 1696 et
2233 1631 2308 1697 ad
2359 1629 2532 1717 quod
2595 1630 2810 1697 redire
2861 1639 3004 1716 post
3055 1630 3279 1697 Pascha
3324 1629 3437 1698 de-

1941 1727 2013 1783 nt

1989 1810 2057 1873 3.
2105 1810 2201 1873 An
2254 1807 2483 1875 eodem
2533 1806 3061 1894 Quadragesimae
3117 1817 3432 1894 tempore,

1856 1894 2113 1980 quando
2144 1894 2215 1979 lit
2243 1895 2527 1966 Officium
2561 1895 2952 1981 Feriale,cui
2985 1897 3306 1963 adnexum
3341 1905 3437 1960 est

1853 1980 2140 2049 Officium
2181 2001 2446 2069 parvum
2491 1987 2716 2051 Beatae
2764 1984 2987 2050 Mariae
3020 1982 3298 2072 Virginis
3328 1980 3433 2048 vel

1854 2069 2078 2137 Psalmi
2142 2071 2484 2138 Graduales
2538 2080 2644 2138 aut
2702 2070 3229 2157 Poenitentiales,
3278 2071 3434 2138 haec

1855 2157 2259 2226 additionalia
2318 2157 2643 2246 anticipari
2703 2159 2947 2246 possint
3004 2158 3112 2227 die
3171 2178 3433 2247 praece-

1855 2246 2032 2315 denti
2162 2257 2220 2312 st
2265 2247 2796 2334 completorium,
2830 2248 2880 2315 si
2916 2246 3297 2335 anticipetur
3329 2245 3429 2313 Di·

1855 2334 1986 2401 vini
2032 2337 2081 2403 O
2150 2334 2228 2402 cii
2278 2332 2693 2403 matutinum?

1985 2426 2067 2490 Et
2097 2426 2279 2491 Sacra
2315 2424 2572 2491 Rituum
2624 2426 2754 2490 Con
2804 2422 3068 2512 regatio,
3109 2421 3185 2489 ad
3229 2420 3430 2501 Quiri-

1853 2511 2031 2578 nales
2076 2511 2286 2577 Aedes
2343 2509 2692 2601 subscripta
2751 2441 2858 2578 gie
2903 2511 3291 2594 coadunata,
3349 2511 3427 2578 ad

1851 2599 2231 2665 relationem
2289 2598 2664 2688 infrascripti
2732 2597 3066 2667 Secretarii
3114 2610 3179 2665 et
3230 2600 3429 2665 omni·

1853 2687 1970 2753 bus
2007 2696 2257 2753 mature
2293 2685 2732 2772 consideratis,
2757 2685 3244 2755 rescribendum
3283 2704 3429 2753 cen·

1851 2773 2003 2859 suit,
2065 2773 2237 2840 iuxta
2285 2774 2434 2841 alias
2478 2774 2775 2841 decreta:
3224 2796 3233 2807 ·

1983 2862 2079 2929 Ad
2136 2866 2193 2928 1.
2247 2884 2285 2926 ‹
2320 2866 2385 2928 ln
2432 2862 2661 2930 itinere
2716 2873 3020 2965 sequatur
3079 2862 3281 2930 Divini
3326 2861 3430 2930 Oi-

1850 2950 1975 3020 flcii
2025 2951 2469 3018 calendarium
2524 2949 2823 3019 Coenobii
2882 2970 2961 3019 ex
3015 2970 3143 3038 quo
3197 2949 3429 3018 disces-

1848 3038 1961 3118 sit3
2011 3040 2165 3107 dum
2217 3039 2513 3140 pervenit
2556 3049 2622 3105 et
2666 3051 2881 3106 manet
2923 3040 2989 3106 in
3026 3038 3226 3105 altero
3271 3042 3427 3105 Coe-

1849 3127 2069 3210 nobio,
2118 3136 2238 3194 etsi
2283 3128 2359 3194 ad
2408 3136 2686 3213 tempus,
2738 3126 2927 3194 huius
2982 3126 3426 3195 calendarium

1847 3224 2157 3302 sequatur
2185 3236 2250 3281 ν.

1980 3303 2076 3372 Ad
2125 3307 2192 3371 2.
2241 3325 2279 3367 ι
2314 3303 2410 3370 Ad
2454 3312 2756 3370 neutrum
2804 3312 3146 3388 tenentur3
3193 3301 3306 3368 sed
3353 3319 3423 3366 se

1850 3391 2249 3459 conformare
2294 3389 2534 3459 debent
2578 3391 2655 3457 ad
2703 3389 3066 3458 Provinciae
3126 3389 3423 3458 Calenda-

1849 3482 2058 3566 rium‚
2105 3478 2243 3546 sine
2301 3480 2430 3546 ulla
2498 3479 3069 3566 diversitate,‚pro
3129 3476 3424 3545 omnibus

1850 3567 2142 3654 quolibet
2187 3587 2348 3634 anno
2380 3577 2718 3635 extensum
2749 3589 2813 3634 ν.

1981 3656 2078 3725 Ad
2127 3660 2191 3723 3.
2246 3677 2283 3720 «
2315 3657 2573 3723 Seclusa
2617 3654 2925 3743 peculiari
2960 3652 3422 3722 consuetudine

1851 3743 2187 3830 servanda,
2234 3743 2543 3811 recensita
2589 3742 2989 3812 additionalia
3039 3741 3317 3842 obligant
3359 3739 3423 3808 in

1849 3832 2058 3899 Choro
2105 3841 2384 3918 tantum;
2437 3851 2598 3920 quae
2643 3850 2770 3899 non
2815 3842 2963 3899 sunt
3006 3829 3424 3917 anticipanda,

1848 3918 1992 4006 quia
2039 3931 2187 3987 sunt
2233 3920 2411 3987 affixa
2443 3919 2570 3987 diei
2607 3942 2669 3986 ».

1982 4012 2189 4094 Atque
2223 4008 2305 4075 ita
2339 4007 2666 4096 rescripsit
2703 4028 2772 4075 ac
2801 4007 3039 4075 servari
3070 4004 3414 4072 mandavit.

1978 4096 2090 4164 Die
2138 4099 2218 4164 31
2265 4096 2533 4183 Augusti
2584 4100 2775 4165 1839.

1850 4271 2113 4341 2802.
2380 4270 2901 4339 BARCINONEN.

1976 4446 2572 4518 Reverendissimus
2601 4445 3015 4513 Barcinonen.
3065 4444 3418 4532 Episcopus

1848 4536 1996 4601 totis
2039 4533 2279 4602 viribus
2325 4546 2546 4624 optans
2576 4546 2648 4601 ut
2680 4536 2789 4601 Dei
2839 4534 3048 4600 cultus
3094 4533 3159 4599 in
3208 4544 3416 4598 exter·

1847 4623 1945 4689 nis
1988 4622 2425 4706 caeremoniis,
2475 4633 2611 4690 tum
2656 4622 2721 4688 in
2753 4624 3154 4690 Sacrosancto
3201 4618 3416 4685 Missae

1848 4710 2165 4778 Sacrificio
2210 4721 2347 4777 tum
2391 4710 2457 4776 in
2486 4710 2703 4779 Officio
2750 4709 2965 4777 divino
3003 4709 3079 4776 ab
3127 4706 3417 4775 omnibus

1847 4796 1969 4865 sub
1998 4798 2222 4865 eadem
2253 4816 2468 4864 norma
2503 4798 2677 4864 iuxta
2709 4795 3004 4864 Rubricas
3035 4807 3211 4863 recte
3233 4813 3419 4882 pera-

1847 4897 2071 4974 gatur,
2132 4885 2228 4952 sui
2292 4887 2573 4951 muneris
2644 4903 2780 4951 esse
2838 4885 3023 4953 duxit
3088 4880 3417 4969 sequentia

1846 4971 2037 5042 dubia
2084 4975 2304 5042 Sacrae
2350 4973 2607 5040 Rituum
2656 4970 3143 5061 congregationi
3172 4985 3417 5057 propo-

1845 5080 2005 5130 nere
2073 5081 2191 5236 prp
2261 5069 2615 5148 opportuna
2683 5059 3165 5139 dilucidatione;
3234 5056 3417 5123 nimi·

1850 5168 2031 5218 rums
2083 5151 2147 5236 (1

3054 5466 3106 5514 1⁹

3193 4267 3418 4357 (4878)
3548 4294 3552 4299 ·
