4042 5950
1453 198 2035 337 ¹-357—

280 408 379 477 Ad
422 415 484 476 1.
536 432 574 475 ‹
600 411 1159 483 'thurificationem
1193 434 1329 483 esse
1359 434 1615 503 semper
1645 415 1736 483 in·

152 496 519 654 (cipi-endam
562 519 596 566 a
640 512 849 587 parte,
884 502 949 568 in
985 521 1109 587 qua
1154 503 1340 573 sedet
1384 503 1737 574 Hebdoma-

195 605 364 655 arnus
398 609 465 654 t.

279 675 379 742 Ad
430 679 503 743 2.
552 698 590 742 ‹
624 675 720 742 Ab
767 677 1060 745 omnibus
1098 680 1209 766 qui
1253 681 1496 748 suntin
1527 681 1735 748 Cboro

150 763 544 862 sedendum,
591 777 851 851 praeter
895 784 1085 853 quam
1129 767 1195 834 in
1240 767 1465 837 diebus
1508 768 1737 835 Nativi-

156 859 287 917 tatns
338 851 598 921 Domini
646 864 712 919 et
765 853 1274 922 Annuntiationis
1330 860 1556 923 Beatae
1614 859 1737 923 Ma-

151 937 274 1005 riae
308 939 621 1026 Virginis,
660 940 726 1008 in
771 940 1002 1027 quibus
1046 942 1124 1010 ab
1168 943 1461 1013 omnibus
1498 955 1594 1011 est
1625 962 1736 1032 ge-

150 1026 640 1096 nuflectendum
676 1050 737 1096 ιν.

274 1116 372 1184 Ad
427 1120 499 1185 3.
548 1138 586 1182 c
617 1121 794 1185 quta
853 1117 1189 1205 Rubricas,
1252 1120 1315 1187 in
1377 1120 1735 1188 elevatione

150 1203 489 1271 oculorum
535 1208 806 1275 Crucem
860 1225 997 1274 esse
1043 1207 1461 1295 aspiciendam
1494 1229 1555 1277 ι».

276 1293 375 1360 Ad
428 1295 497 1360 4.
546 1314 587 1356 ι
618 1295 968 1362 servandas
1016 1315 1154 1363 esse
1200 1296 1497 1365 Rubricas
1528 1297 1735 1397 quoad

150 1399 499 1449 numerum
559 1381 882 1450 Bissarum
939 1385 1509 1470 conventualium,
1558 1394 1731 1450 iuxta

150 1467 589 1537 diversitatem
655 1470 907 1539 dierum
978 1482 1043 1537 et
1110 1476 1301 1540 Horas
1363 1472 1502 1540 illas
1565 1471 1734 1539 cele·

151 1556 415 1635 brandi;
469 1556 819 1628 nimirum-z
871 1559 954 1627 de
988 1562 1196 1645 Festo,
1230 1571 1372 1646 post
1416 1560 1730 1637 Tertiam3

150 1645 228 1712 de
273 1643 688 1734 simplicibus
741 1657 808 1713 et
858 1647 1056 1714 Feriis
1101 1668 1219 1736 per
1262 1667 1532 1732 annum,
1590 1658 1732 1735 post

150 1735 447 1886 ἒοιιωη
499 1732 583 1801 de
629 1734 808 1802 Feria
838 1734 1057 1803 maiori
1091 1747 1154 1803 et
1185 1737 1269 1805 de
1301 1735 1552 1823 vigilia,
1588 1745 1732 1823 post

200 1839 383 1889 onam
417 1844 484 1888 ν.

214 1992 217 1997 Ι
271 1912 492 1996 Atque
537 1911 621 1977 ita
666 1909 994 1999 rescripsit
1045 1922 1109 1980 et
1155 1911 1522 1980 declaravit.

274 1996 390 2064 Die
440 2002 529 2065 22
576 1998 714 2067 Iulii
771 2000 960 2067 1848.

154 2172 401 2244 2961.
736 2178 1143 2245 AmmNEN.
1502 2179 1730 2265 (5122)

271 2349 578 2431 Quolibet
618 2351 778 2419 intra
809 2370 1044 2420 annum
1076 2353 1341 2423 Sabbato
1371 2355 1732 2442 Capitulum

152 2438 545 2507 Cathedralis
591 2439 942 2509 Ariminen.
981 2442 1302 2509 Ecclesiae
1348 2461 1433 2510 ex
1478 2443 1731 2530 antiqua

149 2528 637 2612 consuetudine,
674 2528 738 2596 in
762 2528 1023 2597 statutis
1055 2529 1245 2597 etiam
1277 2533 1727 2619 contemplata,

150 2614 373 2681 assolet
418 2616 668 2683 Missam
713 2615 1002 2685 votivam
1048 2621 1275 2684 Beatae
1321 2619 1542 2686 Mariae
1590 2619 1731 2686 Vir-

153 2699 305 2788 ginis
349 2703 721 2771 decantare.
770 2706 883 2771 Ast
927 2723 1124 2790 quum
1174 2705 1423 2774 diversa
1477 2707 1559 2774 sit
1616 2710 1729 2775 Ca-

154 2789 329 2876 pituli
377 2790 599 2878 opinio
630 2792 791 2860 circa
826 2792 987 2860 banc
1018 2792 1217 2879 ipsam
1266 2794 1536 2879 nissam,
1571 2814 1728 2882 quo-

154 2877 265 2944 ties
310 2879 730 2968 pervigilium
775 2880 1241 2968 Assumptionis
1285 2882 1588 2973 Deiparae
1634 2882 1728 2950 in·

156 2963 297 3034 cidit
338 2966 407 3036 in
453 2967 762 3057 Sabbat03
810 2988 1087 3055 sequens
1132 2968 1405 3040 dubium
1454 2991 1570 3060 pro
1616 2991 1728 3059 op·

157 3064 414 3141 portuna
459 3057 781 3125 solutione
822 3058 1156 3146 superiore
1202 3077 1365 3128 anno
1416 3063 1584 3128 1847
1620 3059 1729 3127 da·

158 3153 282 3207 tum
322 3143 448 3213 fuit
496 3147 715 3212 Sacrae
744 3144 1004 3214 Rituum
1056 3146 1583 3234 congregationi3
1632 3147 1726 3215 ni·

157 3228 417 3300 mirumz
470 3234 568 3301 An
597 3232 664 3300 in
694 3233 1031 3336 pervigilio
1064 3236 1231 3303 Festi
1262 3236 1725 3322 Assumptionis

156 3319 365 3386 Beatae
397 3320 625 3389 Mariae
662 3322 940 3408 Virginis
971 3322 1296 3390 incidente
1335 3323 1401 3390 in
1432 3321 1726 3405 sabbato,

155 3417 398 3490 praeter
457 3408 704 3477 nissam
768 3412 851 3479 de
910 3411 1037 3497 ipsa
1088 3410 1348 3497 Vigilia,
1408 3411 1726 3479 decantari

155 3492 333 3561 etiam
391 3496 625 3564 debeat
683 3497 860 3565 Missa
906 3498 1127 3567 votiva
1184 3499 1513 3588 Deiparae,
1561 3517 1728 3586 quae

160 3599 232 3646 ex
291 3583 546 3653 invecta
611 3585 1077 3656 consuetudine
1145 3586 1561 3666 decantatum
1620 3588 1725 3653 vel

156 3668 319 3736 lissa
351 3673 624 3762 Vigiliae
655 3675 945 3741 votivam
982 3674 1225 3742 Missam
1257 3673 1600 3742 excludat?

279 3759 649 3829 Huiusmodi
696 3780 854 3828 vero
899 3762 1168 3830 dubium
1212 3779 1412 3849 quum
1458 3783 1578 3851 per
1616 3766 1726 3832 Se·

159 3848 490 3916 cretarium
512 3850 914 3939 propositum
944 3850 1138 3918 fuerit
1169 3850 1234 3918 in
1255 3850 1597 3918 Ordinariis
1619 3854 1729 3919 Co-

158 3931 335 4001 mitiis
365 3937 602 4005 eodem
631 3937 967 4026 superiore
998 3957 1161 4006 anno
1193 3938 1301 4007 die
1330 3942 1406 4006 11
1434 3942 1726 4029 Septem-

160 4017 273 4086 bris
316 4024 569 4111 babitis‚
601 4025 842 4127 placuit
874 4025 1399 4094 Eminentissimis
1441 4027 1727 4096 Patribus

158 4109 345 4207 Sacris
389 4113 653 4181 tuendns
710 4114 958 4183 Ritibus
1015 4114 1392 4204 praepositis
1438 4114 1729 4182 informa·

160 4205 385 4268 tionem
426 4201 771 4288 exquirere
801 4202 1340 4270 Reverendissimi
1371 4203 1723 4273 Ariminen.

163 4285 468 4390 Episcopi,
517 4301 590 4356 ut
638 4290 874 4358 certior
916 4290 1305 4359 redderetur
1349 4294 1533 4358 Sacra
1564 4294 1726 4359 Con·

160 4386 434 4462 gregatio
473 4397 629 4446 num
658 4382 762 4446 vel
798 4400 878 4447 ex
908 4378 1273 4468 Apostolico
1306 4379 1582 4464 indulto,
1619 4381 1721 4446 vel

164 4477 237 4560 01}
277 4465 380 4554 pio
423 4469 661 4568 Legato
721 4468 1084 4557 Capitulum
1144 4466 1534 4536 Catbedralis
1589 4466 1725 4533 Ari-

160 4563 387 4620 minen.
439 4555 813 4643 adigeretur
855 4556 933 4623 ad
980 4555 1220 4621 Missam
1258 4573 1448 4642 saepe
1494 4554 1727 4622 dictam

164 4637 439 4711 votivam
484 4647 709 4712 Beatae
754 4644 981 4711 Mariae
1029 4642 1328 4731 Virginis.

281 4732 513 4798 lterum
561 4730 775 4818 itaque
821 4732 897 4802 ab
941 4730 1175 4802 eodem
1230 4731 1585 4800 Secretario
1631 4731 1724 4798 in-

164 4810 479 4911 frascripto
524 4820 851 4909 proposito
898 4818 1095 4887 dubio
1140 4820 1205 4887 in
1249 4820 1429 4887 novis
1472 4818 1726 4887 Ordina-

163 4917 262 5000 rus
301 4907 584 4976 Comitiis
628 4909 706 4976 ad
753 4908 1073 4987 Quirinale
1136 4907 1362 4974 habitis
1422 4906 1727 4975 hodierna

164 4984 282 5073 dte,
313 5014 431 5062 una
465 5014 613 5065 cum
658 4997 938 5064 dilucida
977 4995 1388 5081 numerisque
1435 4993 1725 5062 omnibus

165 5074 435 5150 absoluta
478 5083 922 5153 informatione
982 5082 1518 5152 Reverendissimi
1578 5082 1727 5171 Epi·

166 5170 321 5255 scopi
367 5172 752 5252 Ariminen.;

281 5258 456 5328 Sacra
522 5261 782 5330 Rituum
836 5262 1258 5349 Congregatio
1325 5260 1720 5350 responden-

166 5337 304 5411 dum
345 5350 635 5420 censuit:
697 5371 735 5414 α
768 5353 836 5416 ln
879 5369 1028 5417 casu
1074 5367 1256 5438 posse
1309 5348 1542 5416 cantari
1587 5348 1720 5414 sola

1839 417 2017 482 Missa
2064 416 2148 484 de
2195 415 2447 504 vigilia,
2488 436 2688 503 quum
2733 417 2984 485 nullum
3030 416 3193 486 adsit
3229 435 3423 506 pecn-

1849 504 2001 571 liare
2048 524 2207 574 onus
2254 504 2471 573 Missae
2516 506 2769 572 votivae
2803 527 2865 571 ι.

1973 592 2088 659 Die
2136 598 2221 661 22
2269 594 2407 661 lulii
2462 596 2652 662 1848.

1843 771 2108 841 2962.
2425 773 2831 840 BELLICEN.
3192 772 3422 860 (5123)

1971 947 2188 1014 Altare
2234 949 2430 1015 maius
2477 947 2732 1032 Sacelli,
2767 947 2921 1015 iuris
2967 945 3109 1015 lulii
3155 968 3192 1015 e
3237 954 3423 1016 Baro·

1840 1035 2025 1103 nibus
2083 1034 2168 1102 de
2232 1035 2628 1122 Serphanion
2681 1035 2747 1102 in
2814 1038 3031 1102 Castro
3089 1035 3287 1122 vulgo
3352 1038 3427 1104 dc

1838 1126 2075 1210 Epirrc
2140 1122 2304 1190 intra
2368 1122 2528 1191 fines
2578 1123 2895 1191 Dioecesis
2953 1122 3292 1208 Bellicen„
3340 1144 3424 1192 ex

1842 1210 2244 1280 concessione
2288 1231 2344 1278 s.
2380 1230 2466 1278 m.
2504 1211 2788 1296 Gregorii
2835 1214 3034 1298 Papae
3080 1214 3216 1280 xvl
3263 1230 3422 1299 quo·

1840 1296 2078 1366 tidiano
2138 1299 2372 1386 gaudet
2433 1298 2983 1385 indulgentiarum
3050 1298 3284 1386 privile
3333 1300 3418 1367 io.

1839 1388 2045 1466 Quum
2092 1397 2305 1455 autem
2352 1388 2798 1474 supponereti
2880 1404 2918 1452 e
2949 1391 3106 1454 Baro
3137 1407 3264 1473 quo
3342 1388 3420 1456 ad

1839 1474 2207 1543 lucrandam
2255 1475 2723 1562 Indulgentiam
2759 1478 2811 1542 A
2842 1474 2988 1543 taris
3037 1473 3419 1562 privilegiati

1839 1561 2653 1719 gffffi‘sshiissffiss‘222riss
2685 1560 3421 1737 assissfflssfflfssf’ssst

1837 1739 2070 1807 debeat
2102 1739 2384 1805 colorem
2415 1737 2698 1826 nigrum,
2732 1738 2824 1807 uti
2857 1736 3124 1825 exigunt
3154 1742 3418 1806 Decreta

1839 1830 2065 1896 Sacrae
2130 1824 2391 1896 Rituum
2457 1829 2589 1894 Con
2638 1846 2708 1893 re
2756 1826 3025 1911 ationis,
3095 1824 3158 1892 id
3228 1845 3421 1914 grave

1837 1912 2188 1982 admodum
2248 1913 2533 2002 experiri
2617 1924 2719 1981 ate
2765 1925 2944 1993 atur;
3013 1933 3083 1980 ac
3146 1913 3420 2001 proinde

1838 2004 2105 2070 SSmum
2135 2000 2476 2069 Dominum
2506 2004 2807 2070 Nostrum
2834 2002 3013 2068 Pium
3043 2004 3126 2070 IX
3163 2000 3419 2069 Pontifi-

1838 2108 1980 2157 cem
2002 2088 2341 2156 Maximum
2376 2089 2577 2156 enixis
2599 2088 2896 2179 precibus
2931 2108 3001 2155 ro
3048 2098 3135 2174 at,
3162 2098 3235 2157 ut
3257 2090 3421 2188 Apo-

1835 2176 2132 2246 stolicum
2164 2177 2439 2263 elargire
2467 2177 2842 2265 dignaretur
2863 2175 3019 2245 indu
3052 2185 3215 2261 tum,
3241 2194 3422 2244 cuius

1835 2266 2059 2420 iffi?
2093 2265 2839 2421 ..zizttffilfflnfiaifflsss
2846 2264 3418 2420 “diffamat-‘12

1835 2440 2067 2510 coloris
2110 2439 2328 2508 Officio
2374 2440 2503 2508 diei
2563 2440 3036 2530 respondentis,
3087 2450 3151 2507 et
3194 2441 3416 2529 plena-

1836 2529 1992 2597 riam
2037 2527 2327 2627 quotidie
2372 2528 2842 2614 Indulgentiam
2889 2526 3141 2596 lucrari.

1964 2615 2343 2685 Huiusmodi
2390 2635 2615 2705 preces
2659 2633 2861 2703 quum
2898 2615 3293 2684 secretarius
3323 2613 3416 2682 in-

1834 2704 2204 2794 frascriptus
2258 2704 2556 2772 retulerit
2616 2705 2682 2771 iu
2733 2703 3073 2773 Ordinariis
3130 2702 3418 2773 comitiis

1835 2794 2126 2862 eiusdem
2185 2796 2521 2861 Sacrorum
2580 2793 2838 2861 Rituum
2892 2789 3418 2881 congregationis

1833 2881 1911 2948 ad
1957 2881 2279 2963 Quirinale
2326 2881 2630 2949 hodierna
2678 2879 2786 2947 die
2832 2878 3105 2960 babitis3

1964 2973 2149 3037 Sacra
2213 2968 2475 3038 Rituum
2534 2968 2958 3058 congregatio
3024 2968 3416 3058 responden-

1832 3058 1987 3126 dum
2045 3057 2336 3127 censuit:
2397 3079 2435 3122 α
2470 3057 2816 3125 Enunciata
2869 3061 3135 3126 Decreta
3179 3054 3415 3124 intelli-

1833 3147 2042 3234 genda
2086 3163 2226 3212 esse
2271 3145 2355 3212 de
2397 3145 2576 3212 Missa
2632 3143 3117 3228 Defunctorum,
3166 3163 3284 3212 seu
3329 3144 3414 3211 de

1831 3234 2169 3321 Requiem,
2203 3252 2367 3320 quae
2407 3231 2667 3301 omnino
2714 3233 2778 3299 in
2824 3251 2968 3299 casu
3015 3230 3286 3301 dicenda
3320 3240 3416 3298 est

1830 3323 2084 3408 quando
2131 3342 2163 3387 a
2209 3320 2475 3388 Rubrica
2529 3319 2974 3406 permittitur;
3037 3337 3185 3387 nam
3239 3319 3414 3386 iuxta

1831 3409 2327 3478 Constitutiones
2388 3410 2795 3476 Summorum
2852 3406 3229 3475 Pontificum
3290 3409 3413 3473 Ro·

1831 3514 2163 3565 manorum
2222 3494 2567 3564 Alexandri
2629 3498 2759 3579 vu,
2821 3495 3172 3564 Clementis
3217 3498 3298 3562 lx
3345 3501 3412 3562 et

1831 3584 2184 3654 innocentii
2226 3587 2335 3669 XI,
2397 3584 2796 3670 Indulgentia
2855 3582 3086 3651 Altaris
3147 3581 3413 3671 privile-

1829 3673 1977 3763 giati
2026 3673 2090 3741 in
2134 3672 2505 3762 Duplicibus
2551 3672 2836 3739 lucratur
2878 3690 2998 3758 per
3043 3670 3414 3740 celebratio-

1829 3780 1981 3829 nem
2012 3761 2229 3829 Missae
2250 3760 2465 3829 Officio
2495 3759 2629 3827 diei
2663 3760 3136 3848 respondentis,
3169 3768 3235 3829 et
3264 3776 3411 3827 cum

1829 3850 2045 3918 colore
2089 3859 2601 3938 paramentorum
2649 3848 3074 3916 conveniente
3109 3865 3258 3917 cum
3305 3865 3411 3933 ap-

1877 3938 2169 4005 licatione
2224 3935 2522 4005 sacrificii
2559 3958 2621 4003 ι.
2683 3937 2889 4022 Atque
2946 3935 3028 4002 ita
3090 3934 3412 4023 rescripsit

1876 4025 2327 4111 eclaravitque.

1960 4113 2074 4182 Die
2120 4117 2204 4181 22
2249 4112 2388 4181 lulii
2443 4115 2636 4180 ¹848.

1833 4292 2095 4360 2963.
2458 4288 2785 4359 COLLEN.
3179 4283 3408 4373 (5124)

1957 4468 2165 4545 Quum
2210 4462 2797 4534 Reverendissimus
2850 4461 3097 4529 Collen.
3148 4460 3407 4549 Episco-

1829 4573 1950 4644 pus
1993 4558 2219 4622 Sacrae
2262 4552 2522 4620 Rituum
2553 4548 3042 4640 Congregationi
3092 4567 3410 4636 exposue-

1829 4642 1937 4727 rit,
1971 4642 2144 4729 quod
2191 4644 2254 4709 in
2299 4660 2409 4709 sua
2441 4639 2799 4707 cathedrali
2831 4637 3118 4707 Officium
3151 4641 3408 4706 Sancto-

1828 4749 1972 4797 rum
2006 4733 2349 4818 Martyrum
2390 4725 2662 4795 Faustini
2709 4737 2775 4795 et
2820 4725 3051 4793 lovitae
3099 4724 3409 4794 recitetur

1826 4818 1946 4885 sub
1992 4819 2120 4886 ritu
2167 4818 2255 4885 du
2306 4814 2441 4883 licis
2470 4815 2712 4904 primae
2745 4813 2955 4881 classis
2985 4831 3134 4882 cum
3164 4822 3407 4896 octava,

1829 4906 2085 4974 insimul
2152 4907 2230 4975 ad
2300 4904 2396 4972 dit
2464 4902 2633 4989 quod
2701 4900 2987 4970 Officium
3055 4900 3408 4969 cathedrae

1832 4996 1897 5061 S.
1944 4992 2115 5061 Petri
2161 4991 2617 5073 Antiochenae,
2665 4999 2890 5077 utpote
2938 4988 3222 5057 incidens
3276 4987 3409 5076 ipsa

1830 5082 1935 5150 die
1972 5091 2215 5164 octava,
2249 5079 2627 5167 assignatum
2659 5078 2779 5145 fuit
2810 5089 3130 5165 tamquam
3160 5077 3224 5144 in
3253 5075 3410 5143 sede

1828 5168 2083 5258 propria
2142 5168 2246 5237 die
2307 5171 2391 5235 215
2451 5166 2797 5234 Februarii.
2868 5165 3195 5233 interdum
3253 5181 3407 5230 vero

1827 5256 2326 5347 superveniente
2391 5255 2915 5344 Quadragesima,
2984 5274 3054 5321 ac
3122 5260 3405 5321 cessante

1827 5358 2070 5431 octava,
2117 5362 2316 5434 quum
2361 5344 2501 5413 dies
2546 5346 2631 5412 22
2679 5342 2998 5413 Februarii
3058 5340 3260 5412 libera
3304 5358 3409 5407 re·
