4042 5950
1540 272 1802 352 ...gyy
1858 318 1958 333 .-.

111 431 218 494 dos
266 441 478 496 tamen
525 429 635 515 qui
682 451 753 495 se
797 429 889 494 illi
937 430 1338 497 conformare
1369 430 1683 514 student,

113 516 217 582 nisi
265 517 438 582 alind
499 518 576 581 ab
634 517 979 585 Ordinariis
1040 518 1328 592 locorum
1381 528 1690 584 statutum

111 605 180 667 sit
213 628 272 669 ».
322 607 441 671 Die
493 610 572 672 ¹2
621 606 762 672 Iulii
814 609 1004 672 1749.

115 783 366 854 2404.
697 785 1090 850 lAURlNEN.
1457 785 1684 869 (4205)

227 966 390 1028 Cum
463 961 774 1047 Episcopo
854 958 1165 1026 taurinen.
1240 958 1303 1025 in
1380 960 1689 1044 Huugaria

115 1050 408 1115 nonnulla
453 1047 852 1115 occurrerint
898 1047 1088 1113 dubia
1137 1048 1300 1112 circa
1336 1066 1544 1111 sacros
1589 1051 1692 1113 Ri-

117 1151 200 1202 tus
249 1148 320 1202 et
366 1136 696 1218 Rubricas,
743 1136 910 1218 apud
962 1138 1027 1200 S.
1077 1138 1153 1201 R.
1204 1138 1274 1200 C.
1328 1134 1689 1201 humillime

115 1224 513 1312 supplicavit,
562 1237 878 1308 quatenus
925 1243 995 1288 ea
1044 1222 1323 1308 benigne
1365 1222 1690 1287 resolvere

117 1313 480 1399 dignaretur
528 1310 920 1397 infrascripta
969 1310 1207 1376 dubiae

239 1407 300 1466 1.
350 1404 448 1465 An
494 1399 855 1484 Presbyteri
889 1397 1223 1464 ordinandi
1258 1398 1334 1464 ab
1368 1398 1543 1463 initio
1588 1400 1689 1463 vel

117 1491 310 1554 solum
357 1510 386 1552 a
435 1487 700 1570 suscipe
747 1489 980 1552 Sancte
1011 1489 1210 1553 Pater
1249 1497 1372 1552 etc.
1420 1486 1694 1564 debeant

121 1578 402 1642 inchoare
450 1576 696 1641 Missam
752 1594 896 1640 cum
966 1575 1336 1639 celebrante
1399 1587 1461 1638 et
1524 1571 1693 1640 ordi-

121 1679 294 1730 nante
343 1660 722 1749 Episcopo?

120 1752 194 1838 ff}
233 1758 299 1820 2.
350 1756 446 1818 An
494 1750 851 1834 Presbyteri
902 1747 1235 1816 ordinandi
1282 1751 1557 1816 debeant
1604 1748 1694 1814 le-

121 1859 258 1925 gere
304 1841 553 1907 Missam
600 1845 838 1904 stantes
881 1836 986 1902 vel
1037 1835 1402 1922 genuflexi?

235 1933 300 1995 3.
350 1932 445 1993 An
493 1925 851 2012 Presbyteri
899 1923 1232 1991 ordinandi
1277 1926 1552 1991 debeant
1606 1924 1693 1990 fa-

124 2036 252 2082 cere
313 2034 539 2080 omnes
600 2012 736 2078 illas
799 2012 1076 2078 actiones
1123 2032 1277 2096 quas
1344 2013 1695 2097 Episcopus

123 2104 401 2169 ordinans
462 2102 525 2167 in
593 2099 766 2165 Missa
837 2100 1022 2182 lacit,
1081 2098 1384 2164 scilicet:
1456 2103 1694 2165 Cruces

121 2210 289 2257 manu
352 2209 550 2275 super
602 2187 816 2256 Oblata
867 2206 1201 2274 peragere,
1252 2187 1692 2272 genuflectere

125 2293 178 2343 et
220 2278 422 2344 omnia
476 2277 606 2358 illa,
656 2295 817 2360 quae
867 2274 1220 2361 Episcopus
1266 2275 1423 2361 agit,
1459 2271 1699 2359 agere?

237 2371 296 2433 4.
348 2366 526 2433 Idem
576 2363 907 2449 quaeritur
952 2363 1034 2428 de
1095 2361 1409 2447 Episcopo
1471 2380 1692 2427 conse-

127 2455 363 2520 crand0.
421 2451 516 2541 (1)

239 2547 298 2608 δ.
349 2547 446 2607 An
483 2539 802 2628 Episcopi,
829 2557 956 2604 non
992 2537 1297 2603 babentes
1329 2537 1694 2603 facultatem

125 2628 442 2717 specialem
497 2626 888 2693 concedendi
956 2622 1273 2690 licentiam
1332 2623 1696 2690 celebrandi

129 2717 348 2782 Missam
399 2718 463 2781 in
508 2713 807 2781 Oratoriis
837 2711 1099 2802 privatis
1130 2724 1194 2776 et
1225 2712 1547 2799 cappellis
1579 2730 1696 2798 pro

128 2803 499 2869 secularibus
565 2815 627 2868 et
682 2800 855 2884 aliis,
927 2799 1165 2886 possint
1223 2799 1543 2866 licentiam
1600 2799 1693 2865 di-

130 2903 272 2957 ctam
322 2889 694 2978 petentibus
740 2884 1154 2955 concedere?

241 2983 306 3045 6.
356 2983 517 3045 Cum
563 2977 626 3042 in
659 2976 950 3043 Rubi-icis
983 2975 1065 3040 de
1098 2978 1501 3043 sacramento
1531 2978 1692 3041 Gon-

132 3067 481 3133 firmationis
527 3066 812 3137 dicatur:
862 3062 1080 3130 Adulti
1127 3083 1239 3128 seu
1288 3063 1392 3128 alii
1425 3063 1694 3129 maiores

133 3165 348 3239 ponant
395 3157 632 3241 pedem
683 3168 865 3217 suum
929 3168 1128 3236 super
1184 3152 1423 3237 pedem
1470 3152 1694 3216 dexte-

133 3261 257 3307 rum
301 3240 530 3307 Patrini
577 3240 700 3316 sui,
752 3236 1117 3325 quaeritur:
1167 3242 1261 3303 An
1320 3237 1587 3305 sufficiat
1645 3238 1694 3301 si

134 3330 391 3396 Patrinus
423 3340 615 3416 ponat
649 3346 905 3399 manum
937 3345 1112 3391 suam
1145 3326 1473 3392 dexteram
1503 3343 1698 3412 super

133 3418 452 3484 humerum
501 3417 842 3482 dexterum
891 3412 1376 3482 confirmandi?

248 3509 306 3571 7.
358 3510 455 3570 An
499 3503 984 3571 confirmandos
1019 3511 1311 3587 tempore
1352 3500 1696 3569 Confirma-

139 3591 324 3677 tionis,
358 3593 612 3679 quando
646 3590 997 3679 Episcopus
1043 3588 1237 3655 dicit:
1287 3593 1368 3655 N.
1405 3595 1587 3673 siquo
1621 3591 1698 3651 Te

137 3684 293 3762 siquo
341 3684 576 3746 crucis
619 3690 771 3753 etc„
810 3688 1062 3765 praeter
1101 3696 1337 3743 nomen
1375 3695 1564 3742 suum
1596 3675 1697 3740 ba-

137 3767 433 3852 ptismale,
471 3768 666 3856 possit
715 3784 950 3832 nomen
996 3766 1154 3831 alius
1187 3765 1392 3832 Sancti
1425 3764 1542 3830 sibi
1583 3763 1699 3827 im·

140 3857 268 3938 poni
313 3852 592 3922 curare?

251 3948 325 4010 Et
368 3947 434 4011 S.
494 3948 569 4010 R.
636 3947 738 4026 C„
807 3942 1024 4011 audito
1081 3940 1257 4027 prius
1316 3950 1462 4005 voto
1511 3941 1696 4005 unius

142 4048 206 4092 ex
235 4031 732 4117 Apostolicarum
765 4029 1319 4098 caeremoniarum
1369 4024 1700 4116 magistris,

145 4118 202 4180 ad
247 4119 620 4185 relationem
669 4119 804 4184 Emi
855 4132 920 4184 et
965 4117 1103 4184 Rmi
1162 4120 1240 4182 D.
1290 4116 1474 4182 Card.
1527 4120 1712 4180 'ram-2

147 4204 321 4272 but-ini
369 4206 694 4289 Ponentis,
745 4204 991 4273 censuit
1036 4203 1559 4270 rescribendum:

252 4296 340 4361 Ad
398 4299 459 4360 1.
510 4317 547 4358 ‹
584 4294 810 4363 'reneri
856 4295 1062 4363 solum
1111 4314 1140 4355 a
1180 4294 1440 4377 Suscipc
1472 4295 1704 4357 Sancte

152 4382 317 4448 Pater
348 4407 413 4448 ».

255 4472 344 4539 Ad
389 4475 456 4537 2.
510 4492 547 4533 ι
582 4469 912 4557 Negative‚
948 4470 1025 4535 ad
1054 4469 1369 4554 primam;
1418 4468 1700 4534 Affirma-

69 4642 70 4645 ,
151 4554 276 4643 tire,
321 4559 396 4625 ad
445 4560 793 4626 secundam
844 4570 1089 4645 partem
1123 4580 1188 4621 ».

256 4649 344 4715 Ad
392 4652 458 4714 3.
511 4670 548 4711 α
580 4648 886 4732 Negative
921 4669 982 4711 ».

255 4734 344 4801 Ad
393 4738 460 4801 4.
509 4758 546 4799 ‹
583 4736 980 4802 Servandum
1017 4752 1154 4797 esse
1187 4732 1552 4798 Pontificate
1583 4736 1703 4796 Ro-

153 4836 376 4887 manum
409 4846 475 4887 ».

257 4912 344 4976 Ad
396 4916 457 4977 ὅ.
512 4934 549 4975 ‹
582 4910 890 4998 Negative
924 4931 988 4974 ι.

261 4999 346 5063 Aa
397 5004 460 5063 6.
515 5022 552 5063 ‹
588 4999 892 5065 Sullicere
929 5020 995 5062 ».

265 5088 346 5150 Ad
400 5090 463 5152 7.
516 5109 553 5150 ι
588 5089 774 5152 Posse
809 5107 873 5151 ».

263 5176 334 5237 Et
361 5174 440 5239 ita
466 5175 835 5241 declaravit.
859 5175 970 5239 Die
989 5179 1072 5240 20
1095 5172 1490 5258 Septembris
1517 5175 1703 5238 1749.

278 5367 349 5433 (ι)
385 5368 441 5422 Β.
481 5368 618 5423 nub.
656 5368 692 5422 ὅ
727 5374 780 5423 et
817 5368 867 5424 c.

345 5491 553 5535 Decreta
579 5490 895 5536 Anthontioe
922 5492 971 5534 8.
998 5493 1060 5535 R.
1087 5494 1139 5534 C.
1167 5514 1220 5523 —
1247 5492 1355 5537 Vol.
1386 5492 1446 5536 11.

1795 433 2060 501 2405.
2394 438 2758 503 MELITEN.
3142 441 3365 525 (4206)

1926 614 2099 676 luter
2159 612 2532 679 Sacerdotes
2593 617 2886 680 loannem
2950 625 3016 678 et
3059 615 3379 683 Andream

1796 699 2018 764 fratres
2066 698 2150 763 de
2198 699 2392 766 Casba
2432 720 2507 766 ex
2543 719 2692 783 una,
2729 711 2793 765 et
2825 701 3166 786 losepbum
3201 704 3379 770 Vella

1787 787 2142 852 Parocbum
2175 785 2404 874 Oppidi
2437 788 2596 853 Pinti
2630 789 2947 855 Dioecesis
2979 789 3271 857 Meliten.
3299 812 3379 855 ex

1795 875 1988 967 altera
2037 873 2560 958 partibus,.ortis
2618 877 3070 942 controversiis
3124 877 3381 963 illisque

1795 962 1869 1027 ad
1920 964 1988 1028 S.
2039 964 2234 1033 R.‘G.
2286 961 2536 1043 dotatis,
2589 967 2782 1028 Emus
2829 973 2892 1028 et
2941 968 3132 1030 Rmus
3194 969 3375 1031 nom.

1796 1050 1982 1115 Card.
2034 1049 2392 1116 Gavalcbini
2443 1053 2689 1117 Ponens
2739 1051 3131 1139 infrascripta
3192 1053 3384 1119 dubia

1795 1138 1964 1202 inter
1990 1147 2201 1223 partes
2234 1137 2607 1204 concordata
2639 1138 2996 1205 decidenda
3023 1138 3380 1227 proposuit,

1796 1241 2071 1311 nempe:

1933 1317 1991 1378 1.
2043 1315 2138 1380 An
2186 1311 2373 1379 liceat
2420 1311 2719 1380 fratribus
2779 1314 2861 1380 de
2909 1316 3104 1382 Casba
3154 1316 3218 1380 in
3266 1319 3384 1380 Ec-

1795 1401 1980 1468 clesia
2030 1401 2114 1465 de
2161 1413 2394 1465 asserta
2442 1418 2666 1465 eorum
2712 1393 3082 1467 fundatione
3128 1402 3247 1468 sub
3306 1403 3383 1469 ti-

1797 1490 1932 1556 tulo
1979 1490 2047 1554 S.
2097 1487 2406 1553 Francisci
2453 1487 2535 1553 de
2582 1489 2767 1553 Paula
2798 1487 2959 1553 intra
2994 1489 3233 1555 limites
3265 1495 3382 1556 Ec·

1796 1576 2026 1642 clesiae
2094 1574 2468 1673 parochialis
2530 1574 2758 1662 Oppidi
2824 1575 2983 1641 Pinti
3054 1577 3385 1644 celebrare

1796 1663 2211 1730 Novemdiale
2257 1662 2387 1747 (vel
2439 1681 2556 1750 per
2605 1663 2914 1728 tredecim
2962 1663 3127 1746 dies)
3176 1664 3382 1731 Sancti

1796 1751 2089 1818 Titularis
2134 1749 2532 1835 aliorumque
2579 1752 2980 1834 Sanctorum,
3031 1771 3234 1837 eaque
3280 1771 3384 1818 oc-

1794 1839 2048 1905 casione
2079 1837 2214 1902 sive
2236 1855 2354 1921 per
2383 1857 2455 1902 se
2486 1838 2655 1924 ipsos
2694 1839 2829 1903 sive
2858 1856 2981 1922 per
3010 1840 3385 1906 Sacerdotes

1795 1925 1914 1992 sibi
1963 1926 2335 2006 benevisos,
2384 1926 2459 1990 ab
2505 1924 2835 1991 ordinario
2887 1938 3098 1991 tamen
3158 1946 3385 2014 appro-

1796 2015 1997 2094 batos,
2050 2011 2283 2080 babere
2338 2013 2708 2077 concionem
2776 2013 2851 2078 ad
2919 2014 3231 2098 populum
3292 2015 3385 2079 in-

1794 2110 2242 2179 teressentem,
2293 2097 2517 2182 illique
2566 2118 2709 2165 cum
2760 2099 3071 2184 Reliquiis
3131 2112 3239 2168 aut
3291 2121 3386 2167 sa-

1796 2188 1917 2254 cris
1949 2184 2330 2272 Imaginibus
2363 2186 2774 2270 benedicere,
2801 2186 3039 2270 absque
3072 2207 3385 2256 consensu

1798 2273 2056 2341 Parocbi
2104 2274 2312 2341 dictae
2359 2272 2699 2340 Ciritatis?

1927 2367 1990 2428 2.
2058 2365 2201 2443 An,
2269 2372 2644 2427 recurrente
2715 2365 2900 2427 Festo
2970 2366 3030 2429 S.
3094 2361 3387 2429 Titularis

1795 2449 2059 2535 aliisque
2108 2447 2347 2514 festivis
2405 2447 2673 2533 diebus,
2725 2449 2912 2516 liceat
2958 2451 3202 2517 eisdem
3264 2451 3385 2515 fra·

1799 2536 1998 2604 tribus
2041 2536 2175 2602 sive
2222 2555 2340 2620 per
2385 2556 2455 2601 se
2500 2535 2633 2602 sive
2684 2556 2802 2624 per
2848 2538 3028 2619 alios,
3065 2549 3383 2624 utsupra,

1798 2623 2124 2691 celebrare
2170 2623 2382 2691 Officia
2431 2635 2495 2688 et
2541 2626 2753 2690 Missas
2785 2624 3151 2700 solemnes;
3184 2644 3253 2690 ac
3289 2624 3385 2690 di-

1794 2713 2113 2779 stribuere
2162 2711 2407 2798 populo
2440 2715 2920 2779 Sacramentum
2953 2712 3385 2780 Eucharistiae

1797 2799 2318 2886 independenter
2365 2819 2397 2862 a
2443 2797 2773 2865 Parocbo‘t‘

1929 2893 1990 2953 3.
2044 2888 2139 2950 An
2186 2886 2251 2951 in
2297 2888 2623 2970 praedicta
2672 2888 2953 2954 Ecclesia
3002 2889 3187 2955 liceat
3234 2886 3388 2952 reti·

1796 2995 1949 3042 nere
2001 2975 2156 3055 lixas
2202 2977 2401 3041 Sedes
2450 2974 2942 3041 confessionales
2973 2977 3051 3041 ad
3086 2975 3383 3042 effectum

1796 3081 1912 3151 per
1959 3062 2221 3128 idoneos
2267 3062 2642 3129 Sacerdotes
2703 3063 2843 3127 exci
2897 3063 3070 3128 iendi
3127 3063 3388 3130 Confes-

1794 3150 2003 3216 siones
2051 3149 2366 3231 fidelium,
2419 3149 2615 3214 invito
2666 3154 2853 3214 Paroc
2905 3148 2995 3215 οἳ

1927 3241 2006 3303 Et
2054 3240 2117 3304 S.
2174 3242 2246 3305 R.
2292 3241 2394 3319 C.,
2445 3249 2715 3321 utraque
2779 3248 2959 3322 parte
3018 3237 3259 3323 scripto
3323 3247 3389 3300 et

1797 3346 1954 3391 voce
2001 3325 2180 3411 prius
2224 3326 2435 3391 audita
2469 3323 2743 3408 visisque
2779 3323 3023 3391 iuribus
3057 3323 3203 3390 binc
3237 3324 3385 3389 inde

1709 3462 1714 3468 -
1791 3410 2119 3497 deductis,
2168 3415 2245 3478 ad
2296 3411 2672 3478 relationem
2721 3411 3012 3478 eiusdem
3073 3411 3212 3477 Emi
3275 3415 3385 3475 Po·

1797 3499 2036 3584 nentiS,
2087 3500 2572 3567 rescribendum
2620 3499 2916 3565 censuit:

1929 3589 2025 3654 Ad
2080 3592 2140 3653 1.
2191 3611 2228 3652 ‹
2262 3588 2682 3671 Affirmative,
2720 3587 2783 3654 in
2831 3589 3165 3665 omnibus;
3214 3588 3389 3653 salvo

1798 3676 1940 3744 iure
1987 3676 2285 3763 Episcopi
2318 3697 2383 3738 ».

1930 3765 2026 3830 Ad
2075 3768 2143 3829 2.
2193 3786 2230 3827 ι
2264 3762 2680 3848 Affirmative,
2718 3774 2787 3827 ut
2817 3778 3046 3848 supra;
3083 3774 3148 3828 et
3180 3762 3385 3849 quoad

1801 3850 2312 3919 distributionem
2365 3851 2751 3917 Sacramenti
2799 3850 3273 3935 Eucharistiae,
3323 3848 3387 3915 in

1802 3939 2129 4007 Hissarum
2176 3941 2609 4005 celebratione
2656 3950 2899 4004 tantum
2935 3958 3000 4003 ι».

1931 4027 2030 4093 Ad
2076 4033 2230 4097 3.oe
2264 4028 2597 4114 Negative,
2647 4025 2764 4091 nisi
2811 4025 2893 4091 de
2944 4026 3196 4093 licentia
3241 4026 3391 4112 Epi·

1803 4135 1909 4181 sco
1962 4136 1979 4179 ι
2015 4137 2082 4181 a».

1916 4135 2014 4268 pEt
2048 4204 2129 4268 ita
2177 4203 2467 4269 decrevit
2498 4222 2570 4269 ac
2599 4203 2836 4268 servari
2884 4201 3233 4268 mandavit.
3275 4202 3387 4268 Die

1805 4295 1888 4358 20
1935 4290 2328 4378 Septembris
2380 4293 2571 4358 1749.

1808 4467 2076 4538 2406.
2322 4468 2878 4534 SENOGALLlEN.

2184 4574 2579 4642 PRAEEmN
2588 4575 3006 4639 EN'rlARUu.

3157 4465 3386 4549 (4207)

1940 4734 2147 4818 Super
2195 4732 2331 4797 iure
2380 4731 2710 4797 deferendi
2743 4731 3006 4810 Stolam,
3047 4742 3168 4795 tam
3205 4730 3264 4795 in
3297 4750 3388 4793 as-

1805 4818 2151 4885 sociatione
2200 4819 2575 4884 cadaverum
2623 4836 2810 4903 quam
2844 4818 2904 4882 in
2942 4817 3211 4902 publicis
3244 4821 3389 4881 Pro·

1807 4906 2220 4985 cessionibuS,
2249 4905 2516 4990 aliisque
2548 4903 3061 4992 praeeminentiis
3085 4904 3149 4969 in
3185 4906 3391 4969 eccle·

1805 4993 2065 5057 siasticis
2114 4991 2542 5058 functionibus
2588 4994 2652 5059 in
2696 4992 2976 5058 Ecclesia
3041 4992 3389 5076 collegiata

1808 5083 1871 5146 S.
1925 5080 2091 5145 Petri
2150 5084 2381 5146 Terrae
2438 5078 2752 5148 Corinaldi
2821 5080 3136 5145 Dioecesis
3196 5082 3392 5145 Seno-

1808 5167 2066 5256 gallien.
2122 5169 2525 5254 peragendis,
2578 5167 2743 5233 inter
2788 5167 3149 5252 Capitulum
3186 5178 3249 5232 et
3280 5170 3391 5232 Ca-

3047 5484 3073 5525 ⁷
