4042 5950
697 413 932 487 3113.
1249 418 1718 484 VALENTINA.
2046 410 2275 500 (5321)

826 596 1020 660 Rmus
1065 592 1371 659 Dominus
1426 591 1730 659 Marianus
1788 590 1998 657 Barrio
2045 610 2086 691 y
2132 593 2281 657 Fer-

697 678 943 746 nandez
977 678 1509 766 Archiepiscopus
1533 679 1881 763 Valentin.,
1916 697 2181 767 cupiens
2210 688 2282 744 ιιι

701 768 767 833 in
811 787 920 833 sua
975 766 1258 834 Dioecesi
1319 765 1526 853 quoad
1591 766 1730 835 lieri
1791 776 2005 853 potest
2062 767 2127 832 in
2174 783 2285 830 ex·

699 854 952 943 plendis
996 854 1187 921 sacris
1234 851 1665 922 functionibus
1694 853 1903 921 omnia
1935 852 2287 942 procedant

703 942 776 1009 ad
812 943 1278 1029 praescriptum
1322 942 1765 1010 canonicarum
1795 943 2217 1023 sanctionum,
2252 960 2285 1005 a

703 1033 888 1096 Sacra
934 1030 1191 1097 Rituum
1238 1031 1747 1118 congregatione
1793 1029 2124 1115 sequentia
2177 1030 2289 1098 dn·

702 1117 802 1184 bia
849 1117 1154 1185 declarari
1201 1118 1435 1204 petiit;
1491 1118 1839 1185 nimirum:

834 1205 1108 1272 Dubium
1140 1210 1190 1272 l.
1224 1208 1518 1272 Potestne
1552 1206 1808 1273 tolerari
1841 1206 2080 1292 praxis,
2116 1204 2285 1292 quod

705 1292 770 1358 in
802 1291 978 1358 Missa
1008 1293 1303 1377 solemni,
1385 1304 1594 1360 raeter
1628 1305 1882 1361 cantum
1919 1293 2119 1379 ipsius
2150 1291 2290 1359 His-

705 1398 835 1464 sae,
870 1391 1162 1447 cantetur
1193 1383 1259 1447 in
1288 1384 1333 1449 C
1385 1400 1496 1447 oro
1526 1401 1559 1446 a
1603 1381 1858 1450 musicis
1900 1382 2107 1467 aliqua
2152 1381 2288 1446 lans

707 1469 904 1553 vulgo
951 1467 1115 1535 dicta
1161 1471 1342 1551 aria,
1391 1488 1686 1536 sermone
1732 1466 2119 1536 vernaculo?

836 1555 1107 1621 Dubium
1151 1560 1227 1623 ΙΙ.
1276 1558 1485 1622 Potest
1531 1576 1613 1623 ne
1655 1556 1916 1624 retineri
1948 1557 2161 1645 praxis
2189 1576 2287 1624 se-

708 1642 906 1710 dendi
970 1642 1031 1708 in
1078 1643 1322 1726 Chore,
1369 1644 1526 1710 dnm
1583 1644 1649 1711 in
1708 1644 1835 1712 fine
1896 1645 2290 1712 Psalmorum

709 1730 946 1797 dicitur
996 1730 1218 1797 Gloria
1266 1731 1515 1797 Patri?

840 1816 1109 1884 Dubium
1157 1822 1263 1886 ΠΙ.
1308 1823 1468 1885 Dum
1518 1820 1581 1887 in
1626 1820 1835 1887 Choro
1883 1838 2094 1888 coram
2140 1824 2290 1889 San-

711 1905 989 1971 ctissimo
1036 1907 1439 1973 Sacramento
1488 1907 1778 1995 publicae
1810 1908 2156 1975 adorationi
2192 1927 2295 1974 ex-

709 1993 914 2079 posito
972 1993 1347 2061 solemniter
1405 1997 1867 2094 persolvuntur
1927 2000 2130 2062 Horae
2176 1999 2290 2064 Ca-

710 2081 997 2165 nonicae,
1047 2093 1315 2171 propter
1359 2086 1615 2151 nimiam
1670 2083 2154 2152 diuturnitatem
2214 2083 2292 2152 ab

712 2168 1034 2235 Ecclesiae
1097 2170 1344 2257 legibus
1413 2171 1808 2260 permittitur
1865 2184 1936 2238 ut
1994 2172 2297 2240 Chorales

712 2255 1026 2334 sedeant;
1077 2260 1450 2327 extenditur
1493 2278 1575 2326 ne
1623 2260 1935 2326 eiusmodi
1967 2260 2294 2348 permissio

714 2343 906 2409 etiam
952 2345 1027 2411 ad
1076 2356 1332 2413 cantum
1381 2348 1603 2415 Gloria
1655 2351 1840 2414 Patri
1874 2347 1940 2414 in
1971 2348 2098 2415 fine
2132 2349 2295 2414 Psal-

712 2429 1024 2499 morum?

801 2521 986 2585 Sacra
1123 2541 1224 2587 rro
1270 2522 1529 2589 Rituum
1576 2523 2022 2610 Congregatio,
2072 2523 2138 2591 in
2186 2528 2296 2591 Or·

716 2605 974 2673 dinariis
1070 2609 1304 2677 omitiis
1339 2611 1416 2678 ad
1451 2611 1819 2678 Vaticanum
1854 2612 2160 2679 hodierna
2193 2612 2300 2678 die

716 2694 1085 2779 coadunata,
1132 2696 1459 2764 referente
1517 2699 1874 2786 subscripto
1919 2700 2297 2784 Secretario,

716 2780 1202 2850 rescribendum
1248 2785 1544 2853 censuit:

721 2956 761 3025 d
850 2869 943 2935 Ad
993 2875 1042 2939 1.
1093 2892 1131 2937 ‹
1164 2873 1507 2961 Negative3
1558 2884 1623 2940 et
1666 2873 1930 2941 abusum
1975 2875 2303 2942 eliminan-

768 2976 879 3024 um
911 2980 977 3025 ν.

850 3046 947 3113 Ad
996 3052 1071 3116 11.
1124 3070 1162 3115 ‹
1197 3047 1587 3118 Affirmative
1620 3074 1686 3119 »-

848 3135 945 3202 Ad
995 3141 1091 3204 ΙΙΙ.
1144 3160 1185 3204 c
1216 3137 1605 3207 Affirmative
1639 3163 1705 3209 »-

848 3226 1056 3312 Atque
1121 3225 1206 3293 ita
1275 3228 1625 3314 rescripsit.

852 3313 965 3379 Die
1013 3318 1097 3381 22
1143 3315 1343 3381 Martii
1397 3319 1586 3383 1862.

726 3487 963 3558 3114.
1247 3493 1522 3560 SANCTI
1568 3495 1792 3561 PAULI

1138 3600 1253 3662 DE
1313 3600 1881 3667 MlNNEsoTA.

853 3755 1049 3818 Rmus
1093 3753 1395 3821 Dominus
1426 3756 1692 3823 Thomas
1722 3760 1919 3825 Grace
1956 3758 2305 3850 Episcopus

724 3841 934 3906 Sancti
980 3839 1152 3906 Pauli
1198 3839 1281 3906 de
1339 3842 1685 3910 Minnesota
1739 3865 1772 3909 a
1818 3848 2000 3913 Sacra
2045 3847 2305 3916 Rituum

724 3927 1230 4014 congregatione
1275 3931 1601 4030 sequentia
1634 3931 1822 4000 dubia
1853 3933 2159 4002 declarari
2190 3936 2306 4004 bn-

726 4015 994 4083 millime
1043 4017 1273 4104 petiit;
1323 4017 1666 4086 nimirum:

856 4108 904 4170 1.
936 4105 1145 4182 Quum
1176 4108 1476 4172 Patronus
1520 4126 1636 4173 seu
1666 4108 1955 4174 Titularis
1983 4111 2305 4180 Ecclesiae

727 4190 897 4257 illius
955 4190 1344 4260 Catbedralis
1397 4194 1476 4259 sit
1534 4197 1798 4262 Sanctus
1856 4198 2081 4264 Paulus
2140 4203 2304 4288 Apo-

727 4280 965 4359 stolus;
1015 4279 1387 4364 quaeritur:
1436 4287 1533 4348 An
1577 4285 1833 4351 Festum
1866 4285 2161 4354 Titnlaris
2191 4306 2305 4355 seu

727 4367 975 4433 Patroni
1022 4369 1219 4434 recoli
1265 4368 1500 4437 debeat
1542 4370 1648 4437 die
1694 4374 1779 4439 29
1818 4374 2002 4458 lunii,
2036 4394 2160 4459 qua
2191 4379 2306 4443 Fe·

727 4465 898 4521 stum
930 4455 1206 4522 occurrit
1237 4460 1612 4526 Sanctorum
1657 4460 2109 4548 Apostolorum
2138 4464 2307 4530 Petri

729 4552 795 4607 et
840 4544 1059 4623 Pauli;
1108 4544 1214 4610 vel
1261 4547 1472 4634 potius
1516 4547 1806 4632 sequenti
1855 4547 1963 4617 die
2013 4554 2097 4618 30
2145 4553 2307 4619 eius—

729 4628 879 4698 dem
921 4630 1181 4716 mensis,
1214 4650 1336 4718 qua
1367 4636 1895 4703 commemoratio
1925 4640 2134 4727 agitur
2158 4643 2307 4708 San·

730 4717 813 4784 cti
859 4718 1029 4785 Pauli
1074 4720 1418 4806 Apostoli?

859 4809 933 4873 11.
986 4808 1081 4873 An
1128 4808 1383 4875 tolerari
1429 4811 1627 4895 possit
1674 4829 1810 4878 mos
1848 4813 1912 4878 in
1944 4815 2160 4881 multis
2187 4819 2306 4884 Ec·

729 4893 938 4959 clesiis
987 4894 1291 4979 existens,
1340 4915 1467 4982 quo
1515 4899 1820 4966 Sacerdos
1864 4912 2012 4968 ante
2065 4904 2307 4974 Missam

726 4983 1231 5050 Conventnalem
1264 4986 1553 5072 graditur
1596 5006 1717 5074 per
1744 4988 2118 5074 Ecclesiam,
2154 4992 2307 5059 inci·

732 5069 914 5154 piens
958 5092 992 5136 a
1035 5081 1218 5158 parte
1248 5073 1571 5172 Epistolae
1617 5085 1683 5142 et
1729 5077 1989 5143 rediens
2019 5098 2140 5165 per
2170 5098 2309 5166 par-

730 5164 865 5221 tem
909 5160 1266 5247 Evangelii,
1316 5162 1573 5229 interim
1618 5182 1961 5253 aspergens
1993 5170 2307 5253 populum

730 5259 877 5307 cum
938 5247 1112 5332 Aqua
1180 5247 1569 5316 benedicta?
1633 5271 1710 5319 an
1765 5251 1974 5340 potins
2032 5256 2308 5342 aspersio

731 5329 947 5427 Aquae
995 5334 1370 5402 benedictae
1426 5337 1706 5407 iacienda
1765 5340 2021 5408 omnino
2067 5347 2146 5409 sit
2191 5362 2309 5430 per

2075 3496 2300 3585 (5322)

2384 412 2796 480 Sacerdotem
2839 423 3111 480 stantem
3156 410 3222 477 in
3264 410 3445 478 aditu
3488 407 3873 494 Sanctnarii,
3902 421 3959 475 et
4012 445 4013 476 ;

2382 500 2533 569 inde
2593 511 2694 566 ter
2746 501 3062 587 populum
3113 499 3181 566 in
3240 499 3482 582 medio,
3532 520 3564 564 a
3614 496 3862 566 dextris
3904 509 3963 564 et
4012 495 4013 530 Τ

2382 609 2416 653 a
2461 587 2731 654 sinistris
2773 608 2839 654 as
2888 598 3222 676 ergentem
3243 584 3277 654 ’θ

2517 679 2619 742 111.
2664 674 2757 743 Ob
2799 678 2846 743 C
2877 677 3197 743 ericorum
3250 675 3641 762 paucitatem
3690 673 3965 760 impossi-

2384 763 2514 830 bile
2574 763 2821 848 evadit,
2869 774 2941 830 ut
3000 763 3175 831 iuxta
3234 763 3705 851 praescriptum
3748 764 3969 829 Caere-

2389 851 2677 918 monialis
2734 851 3228 939 Episcopornm,
3290 852 3543 918 Diaconi
3608 849 3971 916 assistentes

2386 938 2808 1006 adhibeantur
2852 940 2916 1005 in
2959 940 3136 1006 Missa
3202 937 3661 1029 pontificaliter
3704 936 3788 1004 ab
3830 937 3971 1024 Epi-

2386 1046 2578 1115 scopo
2627 1025 3030 1094 celebranda.
3085 1032 3350 1117 insuper
3394 1027 3616 1110 decet,
3650 1037 3729 1092 nt
3778 1025 3845 1091 in
3886 1045 3973 1089 so·

2391 1114 2810 1182 lemnioribus
2855 1115 3055 1182 Festis
3101 1115 3453 1204 Episcopus
3515 1117 3598 1182 ita
3645 1114 3969 1196 celebr-013

2388 1214 2455 1269 et
2500 1201 2886 1269 contrarium
2948 1203 3188 1291 populo
3234 1203 3301 1270 in
3344 1203 3722 1271 scandalum
3782 1200 3967 1267 foret.
4016 1275 4017 1286 χ

2387 1290 2725 1368 Quaeritur
2781 1291 2979 1359 inde:
3041 1297 3138 1357 An
3183 1291 3257 1358 iis
3301 1290 3367 1356 in
3412 1288 3733 1358 adiunctis
3798 1288 3973 1354 liceat

2388 1377 2660 1445 Diacono
2706 1389 2772 1444 et
2817 1379 3213 1447 Subdiacono
3272 1373 3511 1458 Missae'
3551 1378 3775 1444 locum
3836 1395 3975 1464 sup·

2390 1467 2575 1554 plere
2619 1465 3039 1533 Diaconorum
3086 1462 3562 1534 assistentium?

2523 1558 2628 1623 IV.
2678 1554 2811 1620 Etsi
2869 1576 2902 1622 a
2957 1554 3359 1622 Sanctissimo
3418 1553 3692 1622 Domino
3754 1555 3977 1619 Nostro

2390 1643 2496 1708 Pio
2542 1646 2701 1729 Papa
2746 1646 2828 1711 lx
2918 1653 3151 1709 otestas
3197 1643 3355 1710 facta
3417 1641 3613 1709 fuerit
3654 1641 3976 1729 Episcopo

2393 1729 2602 1798 Sancti
2648 1730 2820 1796 Pauli
2914 1749 2950 1795 e
2996 1731 3340 1797 Minnesota
3367 1730 3547 1797 Feria
3582 1733 3641 1797 V
3672 1730 3741 1796 in
3774 1732 3977 1797 Coena

2394 1817 2640 1884 Domini
2674 1836 2844 1883 sacra
2873 1818 3022 1887 Olea
3054 1817 3434 1886 conficiendi
3477 1836 3630 1884 cum
3678 1817 3977 1884 Sacerdo-

2397 1906 2563 1972 tibus
2597 1905 2705 1991 qui
2740 1904 2955 1973 haberi
2987 1916 3332 1995 poterunt3
3375 1905 3586 1972 evenit
3622 1905 3975 1987 interdum,

2395 2005 2466 2060 ut
2498 1994 2629 2061 duo
2670 2004 2913 2060 tantum
2943 1995 3047 2061 vel
3093 2006 3222 2060 tres
3265 1994 3341 2061 ad
3389 2012 3716 2061 summum
3762 1992 3976 2060 baberi

2395 2081 2637 2170 possint
2669 2083 3061 2166 Sacerdotes,
3094 2083 3202 2168 qui
3238 2082 3429 2149 etiam
3467 2083 3793 2169 Episcopo
3822 2079 3979 2147 sole-

2396 2171 2633 2236 mniter
2690 2168 3038 2238 celebranti
3098 2169 3165 2236 in
3222 2171 3534 2238 Diaconali
3596 2183 3665 2236 et
3716 2169 3980 2239 Subdin-

2400 2257 2601 2325 conali
2645 2254 2879 2325 Officiis
2930 2257 3332 2347 inserviunt3
3393 2258 3653 2342 ceteriS,
3702 2258 3793 2324 ob
3854 2259 3983 2323 lon·

2397 2343 2758 2433 gitudinem
2804 2345 3050 2413 itineris
3097 2354 3160 2412 et
3204 2347 3652 2413 necessitatem
3710 2347 3984 2434 populo-

2400 2451 2544 2501 rum
2589 2451 2706 2520 pro
2752 2433 2950 2500 Festis
3006 2432 3403 2501 Pascbalibus
3459 2435 3584 2500 rite
3632 2443 3701 2500 et
3748 2435 3983 2500 devote

2399 2520 2795 2588 celebrandis
2820 2521 3425 2610 praeparandorum,
3449 2520 3819 2590 Gatbedrali
3844 2522 3985 2587 assi·

2396 2619 2571 2675 stere
2603 2610 2858 2676 omnino
2893 2608 3236 2697 impeditis.
3271 2609 3606 2689 Quaeritur
3629 2627 3836 2697 ergo:
3868 2613 3984 2690 An,

2399 2708 2602 2763 stante
2648 2714 2837 2783 supra
2893 2699 3221 2765 enunciata
3281 2697 3601 2765 Pontificia
3658 2697 3989 2784 dispensa-

2400 2783 2601 2869 tione,
2639 2803 2787 2851 cum
2820 2794 2945 2852 tam
2979 2787 3213 2872 exiguo
3258 2785 3674 2853 sacerdotum
3708 2805 3990 2853 numero

2401 2874 2627 2940 eadem
2661 2872 2839 2939 Feria
2882 2875 3029 2942 Olea
3072 2893 3246 2941 sacra
3291 2874 3647 2941 consecrari
3694 2870 3995 2962 possint?

2535 2964 2612 3030 V.
2646 2965 2756 3029 Est
2801 2981 2885 3029 ne
2931 2962 3188 3029 omnino
3242 2964 3670 3029 necessarium
3719 2973 3798 3029 nt
3842 2961 3991 3029 Olea

2404 3050 2581 3117 Feria
2627 3053 2680 3116 V
2726 3050 2790 3116 in
2837 3053 3046 3118 Coena
3092 3051 3337 3118 Domini
3386 3051 3819 3118 consecranda
3886 3050 3993 3116 de-

2408 3140 2594 3205 beant
2641 3156 2780 3204 esse
2826 3140 3103 3206 recentia
3150 3159 3257 3205 ex.
3291 3156 3390 3226 gr.
3439 3139 3653 3206 ultimi
3697 3136 3919 3207 anni?

2534 3230 2717 3294 Sacra
2759 3246 2954 3315 porro
3002 3227 3263 3295 Rituum
3307 3227 3758 3314 Congregatio,
3796 3227 3867 3293 in
3898 3230 3996 3293 Or-

2406 3315 2649 3383 dinario
2702 3318 2902 3382 coetu
2958 3316 3035 3383 ad
3084 3317 3448 3386 ,Vaticanum
3507 3315 3827 3382 hodierna
3892 3316 3995 3382 die

2408 3406 2774 3489 coadunata,
2825 3404 3148 3472 referente
3191 3403 3548 3491 subscripto
3599 3405 3992 3483 secretario,

2406 3491 2697 3591 omnibus
2743 3501 3031 3560 accurate
3090 3492 3449 3580 perpensis,
3497 3489 3991 3558 rescribendum

2407 3590 2698 3646 censuit:

2536 3668 2631 3734 Ad
2681 3671 2731 3734 l.
2778 3688 2819 3732 c
2851 3668 3180 3755 Negative,
3229 3669 3308 3735 ad
3368 3668 3637 3755 primam
3692 3679 3990 3755 partem;

2407 3754 2819 3839 Affirmative,
2868 3756 2946 3824 ad
2990 3757 3378 3836 secundam;
3427 3767 3493 3823 et
3536 3754 3817 3821 strictim
3864 3774 3988 3819 ser·

2408 3844 2676 3911 vandam
2741 3845 3076 3912 Rubricam
3134 3849 3200 3912 in
3255 3844 3573 3912 Breviario
3637 3843 3989 3931 appositam

2407 3942 2552 4000 ante
2598 3936 2856 3998 Festum
2902 3934 3108 4000 Sancti
3157 3934 3326 4000 Pauli
3373 3932 3763 4020 Apostoli».

2535 4019 2631 4086 Ad
2681 4024 2755 4087 11.
2816 4041 2853 4084 α
2894 4025 2960 4088 1n
3008 4042 3154 4088 casu
3212 4021 3585 4088 servandam
3647 4031 3989 4088 consuetu·

2409 4111 2629 4177 dinem
2664 4129 2726 4174 ».

2541 4197 2637 4262 Ad
2698 4199 2798 4263 ΙΙΙ.
2861 4217 2898 4260 «
2938 4196 3366 4282 Affirmative,
3423 4206 3661 4264 attenta
3710 4197 3992 4265 necessi·

2411 4296 2538 4352 tate
2572 4307 2636 4351 ιν.

2542 4374 2637 4441 Ad
2690 4377 2796 4442 Ν.
2864 4394 2905 4438 c
2949 4377 3167 4443 Stante
3234 4374 3520 4463 exposita
3580 4374 3986 4455 necessitate,

2410 4481 2758 4653 Ροῗεὶᾱλῖῐ.
2809 4569 2847 4614 ‹
2878 4550 3222 4639 Negative;
3269 4571 3387 4618 seu
3423 4570 3551 4617 non
3583 4568 3729 4617 esse
3779 4572 3987 4620 neces·

2410 4657 2645 4706 sarium
2675 4659 2743 4703 ».

2541 4731 2752 4813 Atque
2798 4725 2881 4791 ita
2927 4728 3273 4817 rescripsit.

2542 4813 2655 4881 Die
2699 4819 2783 4880 22
2833 4815 3031 4882 Martii
3085 4821 3275 4885 1862.

2411 4957 2652 5028 3115.
2967 4959 3401 5027 Rursum.
3767 4960 3983 5046 (aasz)

2540 5083 2745 5160 Quum
2792 5082 3025 5149 SSmus
3067 5081 3369 5148 Dominus
3412 5083 3642 5148 Noster
3682 5081 3833 5150 Pius
3888 5088 3983 5151 Pa·

2415 5191 2490 5259 pa
2536 5173 2617 5238 lx
2684 5170 3041 5271 clementer
3100 5170 3397 5269 deferens
3444 5169 3605 5270 votis
3656 5174 3801 5238 Rmi
3850 5172 3984 5260 Epi·

2412 5277 2518 5414 {2⁰
2525 5263 2821 5435 etsta?
2823 5258 3042 5431 'lt-213:
3073 5256 3983 5414 ἶῒηέἓωῖῖὲῗὲῗὲῐῖῒαῗὲ
