4042 5950
2053 264 2525 346 ..356-

650 434 755 501 vel
789 427 1225 502 Sanctissimae
1255 424 1498 512 Crucis,
1524 430 1783 494 Festum
1807 424 2017 496 Sancti
2046 425 2234 492 Marci

655 520 1066 589 transferatur
1094 518 1161 584 in
1192 516 1436 584 Feriam
1467 518 1520 584 V
1550 514 1920 582 immediate
1963 531 2234 599 sequen-

651 622 781 677 tem
813 630 875 673 ».
926 606 1107 673 Hisce
1146 603 1392 692 positis,
1440 602 2035 671 Reverendissimus
2079 605 2232 667 Bru·

650 715 801 784 gen.
857 694 1208 782 Episcopus
1269 690 1632 759 humillime
1693 689 2001 758 declarari
2065 687 2231 755 effla-

696 784 850 851 itate
2109 800 2118 808 ·

649 802 691 871 g
778 877 875 938 An
904 869 958 935 si
1005 868 1238 937 alicubi
1285 869 1348 934 in
1393 867 1672 954 praefata
1716 867 1893 934 Feria
1927 868 1980 932 V
2012 884 2232 931 occur-

650 969 746 1026 rat
789 962 1047 1025 Festum
1086 956 1367 1041 Patroni,
1426 955 1715 1024 Officium
1774 953 1981 1022 Sancti
2043 953 2231 1019 Marci

651 1065 798 1114 cum
841 1044 1251 1113 Processione
1311 1054 1375 1110 et
1432 1043 1808 1110 abstinentia
1863 1064 1896 1108 a
1941 1039 2237 1107 carnibus

649 1133 977 1201 transferri
1034 1132 1306 1199 ulterius
1365 1132 1598 1220 possit,
1646 1131 1948 1198 nimirum
1993 1131 2071 1197 ad
2131 1147 2230 1194 se-

649 1233 960 1308 quentem
1022 1219 1268 1287 Feriam
1315 1222 1428 1303 Vl,
1491 1218 1778 1305 quamvis
1835 1218 1901 1284 in
1960 1217 2068 1284 illa
2129 1235 2232 1282 oc-

650 1319 861 1377 currat
927 1309 1098 1376 aliud
1166 1304 1457 1375 Officium
1522 1306 1837 1374 inferioris
1905 1306 2067 1372 ritus
2126 1306 2231 1372 vel

649 1393 1031 1484 dignitatis?
1062 1394 1157 1482 (1)

776 1488 859 1551 Et
903 1488 1087 1553 Sacra
1134 1483 1395 1551 Rituum
1455 1482 1911 1571 congregatio,
1961 1482 2039 1549 ad
2085 1481 2231 1561 Qui-

650 1570 878 1640 rinales
922 1573 1131 1639 Aedes
1174 1571 1536 1657 subsignata
1597 1572 1707 1638 die
1761 1572 2110 1638 coadunata
2169 1570 2233 1637 in

648 1659 991 1728 ordinariis
1059 1659 1381 1743 comitiis,
1452 1658 1779 1726 referente
1846 1658 2229 1742 secretario,

771 1758 793 1813 t
838 1759 1201 1814 accuratum
1258 1746 1435 1815 dubii
1493 1765 1788 1830 examen,
1838 1746 2231 1831 responden-

694 1853 805 1902 um
851 1834 1145 1902 censuit:
1193 1856 1231 1899 α
1265 1834 1681 1921 Affirmative,
1723 1832 1929 1920 quoad
1976 1837 2231 1901 Proces-

648 1923 895 1991 sionem
960 1932 1027 1989 et
1092 1922 1581 2003 abstinentiam3
1659 1922 1867 2010 quoad
1937 1919 2225 1989 Officium

647 2029 830 2095 vero,
878 2011 945 2078 iu
990 2011 1260 2100 primam
1306 2012 1479 2079 diem
1527 2012 1792 2079 liberam
1824 2031 1887 2078 ιν.

778 2101 988 2187 Atque
1044 2099 1129 2166 ita
1186 2100 1545 2169 rescribere
1590 2108 1719 2166 rata
1764 2108 1866 2165 est
1909 2110 1975 2166 et
2020 2095 2230 2165 decla·

648 2206 890 2342 mrol‘Jie
942 2279 1018 2342 11
1066 2276 1463 2364 Septembris
1514 2272 1747 2344 ¹847(

653 2452 918 2521 2959.
1226 2451 1650 2519 TAURlNEN.
1993 2449 2221 2538 (5118)

771 2629 1133 2697 Hodiernus
1143 2628 1540 2715 Praepositus
1556 2627 2077 2715 congregationis
2086 2632 2230 2697 Ora·

648 2718 793 2784 torii
825 2715 890 2785 in
920 2713 1188 2784 Civitate
1229 2714 1596 2800 Taurinou„
1631 2733 1828 2800 quum
1863 2716 2226 2802 deprehen·

647 2804 818 2872 derit
847 2804 913 2871 iu
940 2801 1222 2871 Ecclesia
1250 2822 1401 2870 suae
1449 2803 1971 2890 congregationis
2000 2803 2228 2870 imme·

647 2891 988 2960 morabiles
1018 2891 1349 2959 nonnullas
1380 2890 1899 2976 consuetudines,
1933 2910 2098 2979 quae
2127 2912 2226 2959 ec-

647 2979 1013 3048 clesiasticis
1070 2978 1493 3047 sanctionibus
1550 2999 1680 3047 non
1732 2981 2025 3069 apprime
2077 3000 2226 3048 cou-

508 3057 521 3074 “
651 3068 938 3153 cordant,
986 3066 1124 3135 illas
1170 3070 1393 3136 Sacrae
1438 3068 1696 3136 Ritnum
1733 3068 2224 3155 congregationi

646 3158 1055 3243 exponendas
1084 3174 1223 3224 esse
1268 3155 1538 3241 censuit,
1580 3176 1648 3223 ac
1694 3155 1948 3224 insimul
1999 3174 2225 3243 rogare

645 3257 718 3314 ut
751 3245 888 3312 illas
919 3244 1304 3346 permittere
1348 3245 1575 3310 saltem
1619 3243 2028 3333 dignaretur;
2077 3265 2223 3312 uam

643 3334 731 3402 de
760 3331 978 3400 medio
1010 3353 1113 3401 eas
1142 3331 1375 3398 tollere
1406 3330 1666 3400 difficile
1696 3333 2040 3401 admodum
2062 3333 2223 3400 arbi-

643 3431 872 3488 tratur.
919 3422 1087 3498 Quae
1144 3419 1412 3505 quidem
1470 3419 1962 3488 consuetudines
2023 3420 2223 3487 tribus

643 3508 1057 3595 sequentibus
1102 3506 1312 3574 dubiis
1360 3517 1813 3595 exponuntur;
1868 3507 2218 3576 nimirum:

781 3600 840 3661 1.
889 3598 987 3660 An
1034 3594 1286 3661 tolerari
1344 3594 1542 3680 possit
1590 3615 1764 3680 usus,
1810 3607 1882 3663 ut
1931 3607 2221 3685 tempore

640 3683 815 3751 Sacri
859 3681 1192 3749 Adventus
1237 3691 1305 3747 et
1346 3683 1871 3771 Quadragesimae
1915 3683 1980 3751 in
2010 3683 2221 3751 Domi-

641 3770 801 3838 nicis
844 3769 922 3837 ad
966 3769 1178 3837 Missas
1234 3770 1550 3837 solemnes
1596 3782 1661 3838 et
1707 3775 2018 3859 vesperas
2075 3774 2219 3861 pul-

641 3868 868 3926 sentur
910 3853 1206 3946 Organa?

771 3951 836 4013 2.
886 3946 982 4013 An
1024 3944 1267 4035 pariter
1310 3946 1678 4014 tolerandus
1720 3946 1803 4013 sit
1846 3967 1996 4014 usus
2041 3951 2213 4035 quod

639 4034 705 4101 in
751 4033 948 4102 Missis
992 4051 1139 4101 cum
1186 4044 1374 4101 cantu
1418 4034 1957 4120 praetermittatur
1995 4047 2216 4105 cantus

639 4121 965 4207 introitus,
985 4120 1327 4206 Offertorii,
1345 4122 1847 4206 Communionis,
1872 4133 1939 4189 et
1962 4126 2214 4210 quando

636 4221 783 4294 post
812 4209 1160 4297 Epistolam
1206 4209 1509 4293 occurrit,
1544 4210 1732 4277 etiam
1780 4211 2219 4296 Sequentiae‘?

636 4302 795 4367 Item
844 4297 1013 4382 quod
1064 4297 1130 4363 in
1173 4295 1370 4365 Missis
1428 4297 1879 4368 defunctorum
1930 4309 2215 4386 praeter-

636 4386 925 4454 mittatur
969 4394 1190 4452 cantus
1234 4386 1462 4452 saltem
1506 4387 1793 4472 integrae
1831 4387 2212 4473 Sequentiae

636 4476 784 4541 Dies
830 4476 975 4539 irae
1019 4484 1085 4539 et
1127 4470 1492 4540 offertorii?
1538 4482 1602 4539 et
1646 4494 1722 4540 an
1767 4484 1911 4562 post
1955 4475 2213 4542 easdem

635 4562 845 4629 nissae
895 4559 1381 4647 defunctorum,
1431 4580 1592 4647 quae
1651 4572 1864 4629 tamen
1911 4582 1992 4629 ex
2038 4565 2213 4630 nulla

635 4648 1020 4738 obligatione
1063 4647 1504 4732 decantantur,
1552 4650 1973 4737 praetermitti
2012 4651 2214 4740 possit

635 4749 853 4805 cantus
892 4737 1124 4804 saltem
1183 4736 1449 4806 alicuius
1507 4735 1702 4823 partis
1749 4737 2212 4806 absolutionis?

758 4829 825 4892 3.
877 4827 1104 4892 Utrum
1152 4825 1375 4896 itidem
1435 4825 1741 4893 ferendus
1787 4827 1868 4894 sit
1911 4845 2088 4907 usus,
2137 4840 2211 4896 ut

632 4923 777 5067 post
834 4917 1147 5003 vesperas
1202 4914 1417 4982 Feriae
1465 4914 1518 4980 V
1574 4913 1639 4979 in
1686 4917 1900 4982 Coena
1959 4915 2210 4984 Domini

681 5001 980 5069 enudatio
1025 4999 1337 5069 Altarium
1383 5001 1490 5068 flat
1532 5020 1654 5089 per
1697 5002 2057 5090 simplicem
2101 5007 2209 5072 Sa·

633 5086 964 5156 cerdotem
1023 5090 1499 5176 superpelliceo
1559 5098 1626 5156 et
1683 5091 1855 5156 Stola
1912 5091 2207 5158 indutum

630 5191 778 5241 cun
825 5175 1073 5246 duobus
1128 5176 1395 5245 clericis
1446 5177 1921 5266 superpelliceo
1968 5179 2210 5265 pariter

774 5321 1372 5445 (usnimais.

2338 423 2600 509 indutis,
2650 441 2781 491 non
2810 442 2966 491 vero
2998 443 3116 511 per
3154 423 3596 493 celebrantem
3627 444 3771 494 cum
3799 423 3891 493 lli-

2337 512 2574 595 nistris,
2625 513 2717 578 uti
2766 513 2830 579 in
2876 510 3099 579 Missali
3147 511 3504 580 indicitur?

2468 602 2549 665 Et
2595 602 2780 667 Sacra
2839 601 3099 667 Rituum
3156 602 3604 689 congregatio,
3654 602 3731 669 ad
3772 602 3894 680 Qui·

2339 687 2535 753 rinale
2566 688 2925 774 subsignata
2955 687 3060 755 die
3092 689 3432 755 coadunata
3481 693 3546 756 in
3586 690 3892 758 Ordinatio

2336 780 2565 858 Coetu,
2599 776 2927 844 referente
2970 775 3328 864 subscripto
3360 777 3739 863 secretario,
3771 787 3893 866 post

2334 872 2700 931 accuratum
2762 875 2899 931 tum
2963 882 3230 952 precum
3293 875 3428 932 tum
3494 870 3892 932 Decretorum

2338 970 2634 1037 examen,
2681 955 3056 1040 rescripsit:

2465 1039 2562 1107 Ad
2614 1044 2677 1107 1.
2724 1061 2762 1104 ‹
2793 1042 3007 1118 Quoad
3051 1039 3277 1127 organi
3325 1041 3604 1108 sonitum
3644 1042 3890 1109 strictim

2334 1128 2708 1195 servandam
2735 1147 2874 1194 esse
2892 1129 3380 1198 caeremonialis
3402 1127 3889 1218 dispositionem,

2334 1235 2464 1283 non
2509 1216 2799 1283 obstante
2845 1217 3307 1285 consuetudine
3338 1238 3400 1281 »-

2466 1304 2563 1371 Ad
2613 1308 2677 1371 2.
2727 1326 2765 1370 a
2798 1304 3138 1393 Negative,
3187 1305 3396 1391 quoad
3453 1305 3729 1393 primam
3771 1324 3891 1393 par·

2334 1403 2506 1480 tem;
2555 1393 2762 1479 quoad
2795 1393 3141 1460 secundam
3171 1412 3326 1459 vero
3358 1412 3430 1461 ac
3463 1394 3759 1461 tertiam:
3792 1394 3892 1461 Vel

2334 1499 2463 1547 non
2524 1480 2934 1548 celebrandas
2990 1479 3201 1548 Missas
3257 1481 3747 1565 Defunctorum,
3806 1481 3893 1546 vel

2335 1568 2618 1668 canenda
2642 1586 2782 1635 esse
2803 1569 3010 1636 omnia
3040 1587 3204 1655 quae
3233 1569 3677 1656 precationem
3706 1568 3896 1637 suifra-

2333 1673 2422 1742 gu
2468 1656 2905 1744 respiciant».

2462 1744 2558 1811 Ad
2608 1748 2672 1812 3.
2722 1765 2760 1808 α
2786 1744 3036 1813 Servari
3066 1763 3252 1831 posse
3285 1744 3820 1814 consuetudinem
3839 1768 3892 1812 ›.

2463 1830 2575 1898 Die
2626 1836 2702 1899 11
2752 1834 3142 1920 Septembris
3195 1834 3387 1900 1847.

2332 2009 2602 2078 2960.
2947 2013 3313 2080 ADIAGEN.

2459 2189 2543 2253 Ut
2573 2185 2639 2252 in
2667 2186 2859 2253 sacris
2895 2186 3314 2255 caeremoniis
3340 2188 3895 2275 ecclesiasticisque
3981 2218 3982 2237 π

2331 2273 2759 2342 functionibus
2804 2274 3012 2341 omnia
3060 2274 3350 2342 ordinate
3396 2276 3549 2344 fiant
3608 2296 3723 2344 rec
3870 2296 3898 2341 e

3687 2012 3893 2100 (siat)
3981 2018 3982 2033 ¹

2329 2362 2672 2430 methodus
2722 2372 3045 2442 servetur,
3091 2364 3692 2432 Revereudissimus
3736 2368 3785 2430 A
3832 2366 3900 2430 ia·
3981 2388 3982 2423 l

2331 2470 2475 2519 cen.
2526 2449 2877 2539 Episcopus
2920 2450 3248 2538 pastoralis
3291 2452 3387 2518 sui
3436 2453 3729 2520 muneris
3780 2469 3900 2519 esse
3981 2464 3982 2503 ὲ

2330 2539 2515 2606 duxit
2560 2540 2782 2605 Sacrae
2812 2538 3072 2605 Rituum
3115 2540 3604 2627 congregationi
3655 2560 3780 2629 pro
3807 2560 3902 2629 op-
3981 2574 3982 2633 g

2328 2638 2599 2782 portaria
2622 2626 3049 2729 declaratione
3078 2628 3412 2714 sequentia
3442 2648 3779 2717 exponere
3801 2630 3901 2696 du·

2375 2729 2466 2795 1a;
2507 2732 2854 2782 nimirum:

2466 2806 2524 2869 1.
2574 2803 2856 2870 Absente
2900 2824 2935 2869 a
2979 2803 3185 2872 Choro
3235 2804 3298 2870 in
3343 2805 3551 2893 aliqua
3591 2825 3681 2872 ex
3727 2803 3899 2873 sacris

2328 2889 2756 2958 functionibus
2790 2890 2987 2980 prima
3026 2890 3299 2980 Capituli
3331 2893 3679 2982 nignitate,
3715 2893 3901 2962 thuri·

2329 2979 2537 3046 ficatio
2598 2979 2794 3046 debet
2851 2998 2933 3046 ue
2988 2979 3273 3069 incipere
3324 3003 3359 3048 a
3418 2994 3599 3070 parte
3666 2983 3735 3050 in
3793 3002 3900 3069 qua

2328 3068 2606 3156 Dignitas
2650 3068 2784 3155 ipsa
2813 3069 3041 3136 sedere
3072 3069 3283 3156 solet3
3332 3074 3437 3137 vel
3531 3069 3703 3138 otius
3735 3090 3900 3158 prae-

2326 3154 2632 3223 ferendus
2663 3174 2923 3244 semper
2952 3156 3031 3222 sit
3059 3159 3411 3226 canonicus
3502 3159 3718 3245 ignior
3749 3162 3900 3227 inter

2327 3244 2537 3312 Choro
2583 3255 2944 3332 praesente,
2993 3244 3172 3311 nullo
3217 3245 3434 3314 habitu
3479 3260 3788 3335 respectu
3829 3248 3896 3313 ad

2329 3333 2541 3399 locum
2592 3334 2657 3398 in
2702 3352 2829 3418 quo
2880 3331 3014 3422 ipse
3060 3332 3297 3402 sedet?

2459 3425 2527 3487 2.
2559 3425 2631 3486 ln
2653 3419 3107 3490 caeremoniali
3131 3423 3592 3511 Episcoporum
3623 3424 3751 3491 sub
3772 3423 3900 3491 arti-

2327 3509 2470 3576 culo
2510 3509 2595 3575 de
2622 3507 2799 3574 Missa
2828 3507 3174 3575 Pontificali
3207 3511 3471 3598 legitur,
3505 3513 3686 3599 quod
3717 3518 3897 3581 Cano-

2325 3595 2448 3663 nici
2477 3597 2708 3664 sedere
2741 3595 3016 3664 debeant
3038 3596 3113 3663 ad
3141 3598 3369 3666 verba:
3398 3603 3485 3666 Et
3507 3605 3895 3669 incarnatus

2324 3695 2439 3751 est.
2488 3682 2868 3762 Quaeritur:
2916 3684 3011 3749 An
3067 3685 3427 3755 huiusmodi
3488 3687 3894 3778 praescriptio

2325 3772 2824 3860 comprehendat
2870 3790 3089 3839 omnes
3134 3776 3480 3843 Canonicos
3524 3776 3721 3844 etiam
3765 3779 3895 3844 sim-

2324 3860 2472 3948 plici
2521 3860 2738 3927 habitu
2770 3859 3023 3928 Chorali
3069 3860 3347 3947 indutos,
3380 3874 3487 3931 aut
3518 3883 3629 3932 eos
3666 3876 3894 3934 tantum

2324 3947 2433 4035 qui
2478 3948 2669 4015 sacris
2714 3947 3100 4036 paramentis
3143 3950 3349 4018 induti
3397 3949 3600 4021 sunt?

2455 4039 2517 4103 3.
2569 4040 2931 4124 Denegatur
2975 4036 3052 4103 ab
3095 4037 3408 4125 aliquibus
3450 4041 3891 4110 Ecclesiasticis

2322 4123 2623 4209 obligatio
2654 4128 2925 4192 Crucem
2954 4125 3348 4214 adspiciendi
3380 4128 3537 4195 dum
3568 4150 3602 4195 a
3633 4131 3888 4198 Rubrica

2322 4211 2644 4280 Sacerdoti
2678 4212 3023 4279 celebranti
3063 4215 3417 4302 iniungitur
3455 4217 3517 4284 in
3540 4217 3723 4285 Missa
3758 4237 3891 4285 ocu·

2322 4299 2529 4365 lorum
2577 4299 2871 4367 elevatio.
2920 4301 3229 4379 Quidnam
3275 4303 3622 4373 dicendum
3670 4307 3757 4373 de
3788 4307 3887 4373 bu·

2319 4387 2590 4455 iusmodi
2638 4386 2985 4476 opinione?

2452 4479 2514 4542 4.
2564 4475 2663 4542 Ab
2707 4476 3194 4545 immemorabili
3241 4478 3304 4546 in
3349 4481 3622 4566 quadam
3677 4483 3887 4550 Gathe-

2319 4563 2478 4633 drali
2509 4564 2576 4632 in
2606 4565 2813 4633 Choro
2851 4565 3037 4632 unica
3084 4576 3367 4634 cantatur
3413 4567 3612 4656 Missa,
3665 4583 3803 4638 tum
3833 4570 3888 4636 in

2317 4650 2512 4718 Feriis
2562 4663 2698 4720 tum
2743 4654 2806 4720 in
2851 4652 3087 4739 Festis,
3139 4665 3202 4722 et
3249 4658 3403 4725 haec
3457 4667 3602 4760 post
3658 4661 3888 4725 Nonam

2314 4758 2572 4827 semper
2600 4742 2812 4808 locum
2846 4740 3073 4808 habet:
3112 4744 3486 4813 Huiusmodi
3516 4764 3600 4812 ne
3629 4765 3887 4814 consue-

2313 4827 2469 4895 tudo
2518 4839 2727 4917 potest
2771 4828 3077 4897 tolerari?

2447 4921 2525 4983 Et
2572 4920 2751 4985 Sacra
2811 4918 3070 4986 Rituum
3132 4922 3580 5008 congregatio,
3627 4924 3705 4990 ad
3751 4921 3885 5002 Qui-

2317 5004 2512 5071 rinale
2558 5004 2866 5072 hodierna
2913 5006 3021 5073 die
3069 5007 3417 5076 coadunata
3460 5010 3525 5077 in
3554 5008 3884 5078 ordinariis

2311 5092 2633 5179 Comitiis,
2693 5094 3021 5161 referente
3079 5097 3437 5163 secretario
3490 5108 3555 5164 et
3601 5097 3883 5166 omnibus

2314 5191 2562 5247 maturo
2609 5183 2901 5249 examine
2949 5185 3302 5271 perpensis,
3349 5186 3712 5273 rescripsit:
