4042 5950
2030 309 2445 384 -84-

612 482 832 548 censa3
860 464 963 529 vel
997 462 1207 549 potius
1252 463 1501 529 lamulis
1533 464 1927 551 Magistratus
1959 463 2189 530 similia

609 548 916 615 intortitia
961 549 1466 617 deferentibus?

743 631 810 703 S.
845 638 1069 704 eadem
1092 641 1168 703 R.
1202 642 1307 721 G.‚
1340 640 1549 705 audita
1574 639 2017 706 informatione
2049 639 2187 705 Rmt

613 724 908 811 Episcopi
939 745 1008 790 ac
1035 726 1278 791 iuribus
1309 745 1388 791 ex
1416 738 1593 813 parte
1618 726 2016 813 supradictae
2042 733 2197 796 Con·

611 811 1022 879 fraternitatis
1076 813 1400 897 deductis,
1447 815 1524 881 ad
1573 815 1951 882 relationem
2001 815 2194 900 ipsius

610 900 748 966 Efni
793 900 1039 967 Domini
1109 901 1438 984 Ponentis,
1500 903 1981 972 rescribendum
2042 921 2190 968 cen-

609 988 767 1055 suit:
818 1011 855 1053 ‹
890 987 1299 1072 Affirmatiire,
1334 991 1540 1074 quoad
1590 990 1856 1077 primam
1902 1002 2184 1075 partem;

613 1077 947 1160 Negative,
975 1078 1182 1161 quoad
1214 1079 1559 1144 secundam
1588 1103 1648 1143 ».
1689 1083 1766 1143 Et
1798 1078 1880 1144 ita
1907 1078 2193 1144 decrevit

612 1183 682 1229 ac
730 1163 970 1229 servari
1018 1165 1361 1232 mandavit.
1414 1166 1528 1231 Die
1574 1168 1652 1232 31
1689 1167 1952 1252 Augusti
1993 1169 2184 1233 1743.

614 1303 858 1370 2373.
1143 1307 1665 1372 fleotomum.
1960 1307 2185 1395 (4148)

741 1427 1165 1494 Bernardinus
1209 1424 1498 1496 Cassinus
1547 1449 1712 1495 unus
1760 1450 1836 1495 ex
1887 1433 2193 1517 Magistris

611 1515 1165 1581 Caeremoniarum
1211 1516 1729 1601 Metropolitanae
1762 1519 2186 1587 Mediolanen.

612 1618 728 1688 pro
775 1601 1202 1670 declaratione
1247 1605 1660 1687 sequentium
1706 1607 2045 1675 dubiorum
2082 1626 2193 1692 pe·

612 1709 726 1842 pes
775 1692 843 1756 S.
893 1693 965 1754 n.
1011 1694 1085 1756 C.
1136 1691 1495 1757 humillime
1542 1694 1961 1783 supplicavit3
2012 1696 2191 1762 vide-

639 1778 794 1843 icet:

747 1870 810 1931 1.
857 1868 951 1930 An
999 1865 1070 1930 iis
1103 1866 1325 1934 diebus
1357 1867 1610 1955 quibua,
1641 1870 1811 1936 iuxta
1844 1872 2041 1938 ritum
2072 1876 2189 1937 Ec·

613 1950 839 2018 clesiae
905 1953 1351 2021 Ambrosianae
1381 2006 1398 2040 ,
1448 1958 1829 2044 prohibetur
1899 1960 2037 2026 fieri
2109 1961 2190 2027 de

613 2039 854 2137 duplici
901 2039 1034 2108 sive
1081 2043 1166 2109 de
1233 2043 1538 2127 solemni,
1586 2047 2047 2132 prohibeantur
2092 2059 2186 2115 et-

521 2213 527 2224 ·
616 2147 734 2194 iam
780 2129 997 2197 Missae
1041 2131 1125 2197 de
1171 2132 1529 2219 Requiem‘?
1577 2146 1641 2199 et
1685 2147 1996 2219 quatenus
2030 2136 2192 2203 affir-

612 2219 870 2302 mative,
1539 2265 1543 2270 ,

743 2311 808 2372 2.
858 2308 953 2371 An
1021 2308 1274 2393 Missae,
1345 2310 1692 2376 enunciatis
1758 2311 1987 2379 diebus
2047 2315 2188 2381 offi-

612 2394 780 2460 cium
828 2395 909 2461 de
955 2395 1197 2481 duplici
1259 2416 1376 2462 seu
1436 2398 1521 2463 de
1580 2397 1848 2464 solemni
1893 2420 2023 2466 non
2080 2402 2187 2467 ad·

487 2505 492 2510 ·
612 2482 1037 2565 mittentibus,
1083 2473 1149 2549 ‘m
1198 2484 1569 2552 calendario
1617 2496 1683 2549 et
1751 2487 1974 2552 Missali
2046 2492 2192 2555 Am-

613 2570 898 2636 brosiano
945 2571 1399 2722 praescriptae,
1425 2574 1503 2639 ad
1536 2571 1766 2638 Altaria
1797 2574 2192 2662 privilegiata

614 2656 972 2724 celebratae
1019 2657 1221 2723 anima
1270 2678 1342 2724 us
1388 2660 1453 2726 in
1498 2660 1867 2744 Purgatorio
1915 2663 2192 2730 existen-

615 2741 779 2809 tibus
843 2745 1115 2830 perinde
1181 2745 1649 2832 suffragentur,
1699 2767 1766 2812 ac
1812 2750 1859 2814 si
1910 2750 2191 2817 celebra·

612 2842 837 2897 rentur
881 2834 1098 2898 Missae
1142 2834 1225 2901 de
1270 2833 1641 2920 Requiem?
2046 2869 2051 2876 ⁴

746 2924 825 2987 Et
870 2923 935 2988 S.
970 2925 1046 2989 R.
1080 2924 1184 3005 C.,
1217 2920 1431 2990 audito
1481 2923 1654 3011 prius
1701 2935 1852 2991 voto
1882 2927 2069 2993 unius
2108 2944 2189 2993 ex

613 3008 1113 3096 Apostolicarum
1148 3012 1700 3079 caeremoniarum
1732 3015 2065 3099 MagistriS,
2096 3036 2192 3083 re·

613 3096 1022 3164 scribendum
1045 3100 1331 3165 censuit:
1367 3099 1809 3167 ‹Affirmative
1842 3103 1917 3167 ad
1948 3113 2195 3168 utrum-

613 3188 988 3340 qtqefftaffl
1055 3184 1138 3251 ita
1208 3188 1577 3253 declaravit.
1647 3188 1758 3254 Die
1825 3193 1905 3255 31
1978 3193 2190 3277 Augu-

617 3292 695 3337 ει
920 3319 940 3339 .

620 3412 866 3482 2374.
1291 3418 1544 3482 uasis,
1964 3416 2189 3502 (4149)

746 3538 906 3602 Cum
947 3538 1115 3603 omni
1151 3538 1473 3604 communi
1506 3558 1708 3623 acque
1738 3560 1806 3603 ac
1841 3539 1945 3625 pio
1974 3539 2193 3606 Eccle-

613 3623 848 3689 siarum
893 3642 1076 3691 more
1122 3624 1479 3692 institutum
1524 3624 1627 3708 sit,
1670 3637 1740 3691 ut
1785 3646 1942 3711 quos
1972 3647 2008 3692 e
2041 3631 2193 3695 San—

615 3722 863 3776 ctorum
910 3728 1179 3778 numero
1226 3711 1341 3777 sibi
1387 3711 1675 3797 singulae
1709 3714 2050 3801 elegerint,
2087 3735 2195 3780 eos

618 3799 808 3864 etiam
853 3798 1100 3865 adiecto
1149 3799 1490 3865 illustrium
1541 3803 1952 3867 Patronorum
1983 3803 2191 3886 titulo,

615 3886 741 3953 suis
788 3904 1203 3971 unaquaeque
1249 3887 1630 3955 Calendariis
1679 3889 2045 3956 inscribant:
2080 3891 2197 3956 mi-

613 3973 789 4039 nime
832 3973 1261 4041 dubitandum
1292 3985 1390 4041 est
1421 3976 1573 4062 quin
1623 3980 1896 4042 Romana
1943 3977 2195 4065 potissi-

616 4080 792 4129 mum
841 4060 1120 4127 Ecclesia
1163 4063 1527 4147 Principum
1584 4065 2034 4150 Apostolorum
2084 4069 2198 4131 Pe-

618 4146 696 4217 tri
746 4158 810 4214 et
853 4147 1024 4215 Pauli
1072 4151 1368 4236 Martyrio
1434 4163 1793 4217 consecrata
1825 4199 1843 4233 ,
1892 4173 1961 4217 ac
2005 4173 2197 4238 supra

615 4236 764 4303 alias
812 4237 876 4305 in
920 4256 1243 4305 summum
1279 4237 1535 4307 honoris
1570 4248 1633 4305 et
1665 4239 1903 4325 gloriae
1941 4241 2197 4307 culmen

617 4337 833 4392 evecta
865 4324 1099 4391 aFidei
1145 4324 1507 4409 primordiis
1553 4328 1814 4393 eosdem
1862 4328 2196 4413 Apostolos

615 4412 710 4481 uti
767 4415 1067 4480 Patronos
1134 4412 1428 4480 habuerit
1487 4416 1652 4500 apud
1720 4418 1948 4497 Deum,
1995 4435 2196 4502 seque

617 4505 692 4570 in‘
740 4503 996 4569 illorum
1060 4502 1259 4568 tutela
1321 4500 1585 4586 positam
1646 4504 1783 4568 iure
1845 4503 2192 4589 putaverit.

617 4593 874 4659 Clarum
921 4590 1211 4676 antiquae
1271 4591 1419 4656 huic
1476 4590 1795 4655 traditioni
1853 4592 2195 4677 perhibent

619 4679 1052 4746 testimonium
1100 4689 1234 4745 tum
1279 4681 1342 4746 S.
1379 4681 1505 4743 Leo
1553 4681 1707 4765 Papa
1756 4680 1963 4745 Serm.
2003 4683 2063 4763 1,
2112 4681 2193 4746 de

617 4767 856 4835 Sanctis
899 4771 1082 4833 Petro
1133 4776 1196 4832 et
1241 4768 1455 4848 Paule,
1505 4764 1610 4833 ubi
1657 4785 1766 4832 eos
1811 4768 2044 4832 Romae
2088 4771 2193 4832 Pa-

622 4864 834 4921 tronos
879 4855 1161 4921 nominat
1206 4854 1552 4942 speciales:
1603 4853 1778 4922 Sicut
1825 4865 2066 4939 autem,
2102 4855 2195 4921 in-

617 4941 872 5025 quiens,
905 4951 970 5007 et
998 4942 1119 5007 Nos
1155 4943 1404 5028 experti
1435 4960 1680 5024 sumus,
1715 4956 1780 5011 et
1811 4943 2016 5009 Nostri
2052 4963 2196 5029 pro-

620 5026 847 5091 bavere
898 5028 1180 5111 Maiores,
1228 5029 1551 5097 credimus
1594 5041 1784 5115 atque
1817 5032 2194 5099 confidimus

622 5114 786 5181 inter
810 5130 1053 5179 'omnes
1102 5115 1344 5205 labores
1387 5118 1565 5183 istius
1597 5118 1763 5184 vitae
1795 5119 1869 5183 ad
1905 5119 2198 5185 obtinen-

618 5202 760 5269 dam
807 5200 1307 5268 misericordiam
1358 5204 1468 5270 Dei
1515 5223 1773 5290 semper
1816 5223 1928 5269 nos
1960 5207 2195 5290 specia-

620 5290 776 5357 lium
845 5293 1253 5355 Patronorum
1317 5291 1702 5359 orationibus
1768 5291 2190 5377 adiuvandos3

623 5397 756 5463 tum
802 5396 1058 5465 quoque
1108 5382 1174 5457 S.
1224 5379 1527 5444 Maximus
1572 5377 1923 5462 Episcopus
1979 5377 2196 5444 Tauri·

2286 464 2522 546 nensis,
2559 463 2827 530 Homilia
2859 468 2896 532 3
2929 464 3012 530 de
3051 463 3299 547 iisdem,
3340 463 3447 530 ubi
3496 482 3605 529 eos
3628 467 3857 530 Romae

2286 554 2583 617 Patronos
2614 553 2890 639 appellat
2921 552 3275 639 peculiares
3308 552 3575 620 dicens:
3625 554 3859 617 Horum

2291 638 2484 705 hodie
2519 659 2828 708 concursu
2864 639 3202 705 laetissimo
3236 639 3465 704 recolit
3496 643 3695 705 Roma
3720 643 3865 703 Mar-

2288 726 2550 812 tyrium,
2601 739 2665 793 et
2710 746 2983 812 quorum
3023 728 3268 793 dudum
3305 726 3498 813 impia
3532 739 3863 812 persecuta

2290 826 2384 879 est
2431 814 2833 898 sanguinem,
2884 821 3106 881 eo'rum
3169 834 3335 880 nunc
3394 812 3708 901 peculiari
3754 814 3865 880 de-

2290 913 2431 966 vota
2476 903 2824 986 patrocinio
2871 903 3215 990 gloriatur:
3265 914 3455 988 atque
3488 902 3735 969 eisdem
3764 921 3865 966 ce-

2292 987 2449 1054 lebri
2497 989 2767 1056 disticho
2815 990 3086 1057 concinit
3134 993 3196 1058 S.
3250 990 3600 1057 venantius
3647 994 3866 1055 Fortu-

2291 1087 2512 1143 natus:

2293 1213 2343 1275 Α
2388 1212 2561 1295 facie
2605 1211 2827 1276 hostili
2856 1212 2982 1276 duo
3008 1211 3498 1296 propuynacula
3522 1223 3862 1294 praesunt,

2382 1299 2546 1374 Quos
2573 1299 2754 1364 Fidei·
2786 1301 3016 1364 Turres
3053 1300 3199 1364 Urbs
3232 1311 3426 1384 caput
3458 1299 3639 1364 Orbis
3662 1299 3867 1366 habet.

2416 1434 2498 1495 At
2543 1429 2689 1514 quia
2735 1443 3134 1517 compertum
3168 1431 3359 1498 estin
3389 1430 3626 1498 Ordine
3671 1429 3869 1496 divini

2288 1516 2489 1585 officii
2558 1516 2768 1584 debita
2838 1517 2950 1584 hac
3020 1532 3200 1604 nota,
3273 1539 3343 1585 ac
3407 1517 3635 1602 insigni
3683 1517 3871 1582 titulo

2289 1610 2696 1671 Patronorum
2743 1606 3187 1694 principalium
3231 1607 3452 1673 Almae
3486 1605 3671 1672 Urbis
3716 1607 3873 1671 San·

2287 1705 2422 1760 ctos
2471 1693 2733 1761 eosdem
2780 1694 3116 1779 Apostolos
3162 1694 3521 1781 nuncupari
3563 1712 3693 1760 non
3718 1712 3871 1757 con-

2288 1779 2591 1864 suevisse,
2621 1801 2758 1847 eam
2782 1780 3038 1848 fortasse
3064 1784 3146 1849 ob
3168 1802 3443 1864 causam,
3462 1780 3632 1867 quod
3660 1781 3872 1846 Sancti

2291 1873 2512 1936 Petrus
2580 1881 2645 1935 et
2691 1872 2913 1936 Paulus
2973 1870 3329 1937 Catholicae
3396 1868 3718 1935 Ecclesiae
3768 1871 3874 1932 Pa·

2286 1958 2453 2023 troni
2518 1957 2895 2043 ceteroquin
2940 1960 3276 2044 generales
3341 1956 3717 2038 habeantur,
3774 1974 3899 2021 ea··
4006 1931 4007 2006 Ῐ

2286 2065 2414 2131 que
2466 2057 2728 2131 propter
2775 2046 2835 2111 in
2886 2047 3330 2112 communibus
3376 2043 3701 2130 suffragiis
3732 2042 3876 2108 ubi-

2286 2153 2417 2218 que
2448 2152 2563 2220 per
2596 2133 2946 2199 Ecclesiam
2978 2132 3175 2219 ipsam
3209 2133 3611 2207 invocentur;
3638 2134 3878 2198 ssmus

2290 2225 2589 2289 Dominus
2634 2223 2864 2287 Noster
2907 2221 3288 2288 Benedictus
3334 2224 3445 2286 PP.
3480 2224 3617 2287 XIV
3669 2222 3877 2286 soler·

2290 2323 2390 2377 ter
2435 2311 2775 2378 advertens
2822 2330 2936 2396 per
2967 2308 3330 2375 huiusmodi
3370 2308 3696 2376 Ecclesiae
3730 2309 3879 2374 uni-

2291 2419 2510 2465 versae
2557 2401 2858 2483 generale
2889 2396 3311 2485 patrocinium
3348 2416 3473 2463 non
3506 2397 3667 2464 effici
3708 2416 3876 2482 quo·

2293 2487 2498 2553 minus
2542 2486 2739 2552 iidem
2783 2488 2908 2553 sint
2953 2484 3427 2572 quamplurium
3474 2503 3593 2572 per
3633 2488 3877 2551 Orbem

2291 2574 2716 2640 Ecclesiarum
2765 2575 3009 2640 Patroni
3040 2574 3226 2638 simul
3264 2572 3452 2640 etiam
3484 2573 3878 2658 peculiares„

2290 2662 2422 2727 sive
2472 2674 2541 2727 ut
2587 2662 2760 2728 aiunt
2808 2662 3211 2747 principales,
3249 2672 3314 2725 et
3347 2661 3466 2728 hec
3507 2660 3765 2726 nomine
3813 2661 3879 2727 in

2291 2769 2511 2815 earum
2578 2749 2961 2816 Calendariis
3023 2749 3478 2830 inscribantur,
3542 2756 3716 2813 ratus
3778 2759 3881 2812 est

2290 2855 2418 2903 non
2462 2838 2739 2921 decere,
2801 2855 2870 2902 ut
2936 2855 3100 2922 quae
3176 2839 3456 2923 ipsorum
3519 2834 3882 2922 patrocinio

2292 2929 2483 2992 Roma
2531 2944 2678 3014 prae
2728 2924 2955 2991 ceteris
2991 2923 3279 3008 laetatur,
3310 2943 3418 2990 eos
3452 2923 3557 2990 ubi
3591 2924 3881 2989 maxime

2293 3024 2549 3099 oportet
2594 3014 2655 3078 in
2703 3012 2875 3079 fastis
2921 3016 3215 3078 Patronos
3261 3031 3388 3078 non
3407 3012 3714 3099 appellet.
3741 3012 3881 3089 Qua

2293 3103 2378 3168 de
2421 3120 2494 3166 re
2540 3102 2841 3167 Sanctitas
2875 3101 3036 3166 Sua:
3085 3121 3122 3164 ‹
3157 3103 3238 3166 Ut
3285 3100 3351 3166 in
3395 3111 3725 3187 posterum
3755 3099 3882 3164 de-

2295 3187 2419 3253 bita
2463 3189 2721 3255 honoris
2779 3197 2844 3253 et
2897 3188 3183 3273 obsequii
3243 3188 3402 3254 ratio
3460 3198 3762 3254 servetur
3810 3186 3885 3251 in

2290 3276 2634 3343 recolenda
2656 3276 2963 3343 memoria
2996 3275 3358 3363 Principum
3389 3274 3882 3361 Apostolorum,

2295 3382 2570 3450 quorum
2628 3363 2944 3450 praesenti
2991 3384 3113 3451 ope
3161 3384 3229 3449 ac
3280 3364 3477 3430 tutela
3524 3361 3883 3428 Christiana

2297 3450 2671 3538 Respublica
2714 3451 3001 3535 undique
3034 3451 3332 3537 procellis
3363 3461 3495 3517 acta
3526 3469 3595 3515 ac
3628 3448 3884 3535 gravio-

2297 3539 2469 3607 ribus
2495 3538 2557 3605 in
2589 3540 2758 3603 diem
2784 3540 3104 3604 aerumnis
3135 3538 3421 3604 confecta
3453 3537 3714 3602 tandem
3746 3538 3883 3603 eri·

2295 3637 2504 3712 gatur,
2553 3626 2804 3692 mandat
2847 3646 2915 3691 ac
2949 3626 3257 3712 praecipit
3293 3635 3677 3692 memoratos
3710 3628 3885 3713 Apo-

2295 3715 2609 3781 stolorum
2657 3714 2976 3799 Principes
3024 3717 3281 3781 Sanctos
3329 3717 3585 3779 Petrum
3617 3722 3685 3779 et
3722 3716 3887 3779 Pau-

2292 3802 2430 3867 lum
2499 3801 2757 3887 posthac
2834 3804 3108 3867 Romano
3178 3820 3432 3887 quoque
3503 3802 3883 3867 calendario

2294 3888 2431 3955 sive
2477 3889 2692 3955 Ordini
2765 3888 2964 3955 Divini
3034 3888 3232 3955 Officii
3304 3908 3420 3975 pro
3468 3888 3765 3976 degentis
3814 3888 3882 3954 in

2296 3976 2466 4043 Urbe
2493 3977 2658 4043 Cleri
2690 3977 3046 4043 directione
3078 3978 3414 4061 quotannis
3446 3976 3884 4061 imprimendo

2296 4064 2593 4130 similiter
2628 4062 2908 4147 inscribi,
2938 4064 3122 4129 titulo
3153 4064 3396 4131 scilicet
3431 4063 3883 4151 principalium

2295 4156 2710 4221 Patronorum
2755 4171 2881 4219 non
2915 4152 3149 4217 omisso
3179 4175 3244 4218 ι.
3278 4156 3617 4239 Propterea
3650 4152 3885 4217 eadem

2298 4240 2598 4306 Sanctitas
2646 4244 2766 4308 Sua
2815 4241 3147 4306 inhaerens
3188 4241 3477 4307 Decretis
3509 4239 3655 4305 alias
3690 4239 3887 4305 editis

2297 4347 2328 4391 a
2375 4331 2439 4395 S.
2476 4331 2548 4394 R.
2593 4331 2663 4394 C.
2695 4338 2758 4393 et
2795 4349 2825 4392 a
2864 4328 3460 4395 Praedecessoribus
3490 4328 3618 4393 suis
3648 4331 3885 4394 Roma·

2298 4414 2393 4480 nis
2415 4414 2824 4482 Pontificibus
2848 4417 3236 4503 approbatis,
3263 4417 3540 4482 declarat
3565 4440 3582 4481 2
3634 4436 3671 4478 ι
3696 4415 3882 4490 Quod

2297 4503 2917 4587 commemorationi,
2965 4523 3126 4589 quae
3177 4503 3241 4568 in
3290 4522 3661 4590 unaquaque
3710 4503 3885 4569 Civi-

2301 4601 2425 4657 tate
2459 4602 2524 4657 et
2556 4592 2866 4676 Dioecesi,
2917 4612 2994 4657 ex
3039 4592 3337 4657 laudabili
3385 4591 3881 4672 consuetudine,

2297 4680 2706 4746 Rubricarum
2756 4679 3166 4766 dispositione
3213 4679 3282 4744 fit
3330 4683 3698 4746 Sanctorum
3728 4697 3885 4743 suo-

2300 4785 2444 4833 rum
2473 4770 2885 4835 Patronorum
2908 4767 3354 4854 principalium
3384 4770 3549 4833 inter
3570 4764 3885 4853 Suffragia

2301 4857 2672 4921 Sanctorum
2722 4865 2863 4944 post
2907 4855 3153 4922 Laudes
3200 4865 3264 4920 et
3314 4859 3622 4941 vesperas
3670 4852 3735 4917 in
3776 4856 3884 4920 Di-

2298 4942 2458 5007 vinis
2504 4944 2757 5023 Officiis,
2792 4945 3042 5030 quando
3075 4942 3707 5008 commemorationes
3740 4943 3886 5007 sive

2301 5031 2603 5118 Suffragia
2678 5035 3052 5098 Sanctorum
3123 5030 3508 5113 recitantur,
3559 5042 3693 5096 tum
3754 5032 3884 5095 Ro·

2301 5136 2437 5185 mae
2497 5130 2632 5184 tum
2679 5120 2825 5185 alibi
2890 5119 3274 5204 ubicumque
3323 5117 3532 5184 Sancti
3591 5117 3879 5202 Apostoli

2298 5208 2521 5273 Petrus
2554 5217 2635 5274 ‚et
2681 5208 2903 5272 Paulus
2951 5207 3042 5272 uti
3083 5205 3328 5271 Patroni
3361 5205 3743 5293 principales
3774 5224 3879 5269 co-

2304 5293 2546 5374 luntur,
2588 5294 2971 5358 satisfactum
3018 5304 3353 5359 censeatur
3386 5311 3503 5379 per
3534 5314 3670 5360 eam
3703 5311 3878 5358 com-

2301 5379 2827 5446 memorationem
2875 5379 3255 5446 ordinariam
3291 5400 3405 5448 seu
3436 5400 3877 5468 communem,
