4042 5950
2007 251 2476 327 -126—

584 410 794 476 nonici
847 419 1182 476 teneantur
1226 408 1529 473 associare
1563 407 1948 495 Episcopum
1996 426 2174 473 acce-

585 500 851 564 dentem
896 498 974 563 ad
1024 495 1401 577 Ecclesiam,
1439 496 1542 560 vel
1591 497 1668 561 ab
1716 496 1819 561 illa
1869 495 2182 561 receden-

586 597 742 670 tem,
777 586 984 670 aliqua
1030 587 1188 649 Hora
1222 583 1528 648 Canonica
1577 584 1825 670 incepta
1875 583 1974 647 vel
2022 601 2179 648 non·

585 675 743 740 dum
792 674 1111 747 absoluta3
1163 679 1228 734 et
1259 692 1290 735 a
1324 690 1450 757 quo
1485 684 1550 736 et
1581 670 1658 737 ad
1692 689 1887 756 quem
1921 668 2184 736 locum?

715 766 777 828 4.
830 764 926 827 An
972 758 1151 826 Feria
1186 757 1331 824 Vin
1364 762 1568 824 Coena
1619 758 1868 824 Domini
1916 759 2181 844 aliisque

588 849 841 933 diebus»,
892 848 1126 933 quibus
1175 847 1526 934 Episcopus
1572 845 2031 932 pontificaliter
2076 864 2181 912 ce·

588 937 817 1021 lebrat,
870 935 1149 1002 debeant
1196 954 1323 1000 non
1369 939 1577 1002 solum
1641 944 1775 999 tres
1832 932 2183 1019 Dignitates

590 1035 655 1090 et
700 1023 1025 1106 Canonici,
1077 1023 1183 1106 qui
1236 1021 1449 1089 eidem
1499 1023 1675 1087 iuxta
1733 1038 1984 1087 morem
2040 1021 2185 1086 assi·

587 1123 802 1194 stunt,
851 1112 964 1176 sed
1015 1129 1236 1176 omnes
1282 1111 1523 1196 pariter
1569 1110 1920 1196 Dignitates
1965 1120 2031 1173 et
2072 1112 2184 1176 ca-

589 1202 797 1266 nonici
847 1201 924 1265 ad
976 1198 1111 1263 eius
1167 1199 1540 1265 cubiculum
1591 1217 1664 1262 se
1731 1196 2064 1279 conferre,
2114 1206 2186 1263 ut

591 1309 736 1354 eum
809 1289 886 1353 ad
961 1285 1348 1368 Ecclesiam,
1408 1297 1477 1351 ut
1537 1305 1767 1371 supra,
1818 1285 2181 1362 deducant;

592 1377 1026 1460 eumdemque
1075 1393 1250 1439 suam
1301 1376 1567 1454 domum
1600 1372 1986 1438 redeuntem
2019 1390 2183 1437 asso-

593 1462 814 1530 ciare?

593 1543 603 1568 ⁸
724 1557 785 1618 5.
836 1554 932 1618 An
966 1549 1316 1638 Episcopus
1351 1548 1801 1636 pontificaliter
1834 1548 2184 1614 celebranti

592 1643 826 1708 debeat
874 1638 1112 1706 habere
1161 1636 1609 1703 baldachinum
1642 1655 1828 1723 supra
1863 1654 2041 1702 suam
2075 1639 2186 1702 Se-

593 1730 745 1794 dem
792 1722 1279 1814 episcopalem?
1325 1735 1388 1789 et
1434 1744 1510 1791 an
1560 1726 1784 1791 eadem
1822 1725 2022 1791 Sedes
2057 1723 2186 1788 col-

596 1814 787 1883 locari
812 1813 1045 1881 debeat
1076 1814 1142 1878 in
1177 1832 1373 1878 cornu
1399 1812 1725 1899 Evangelii
1751 1813 1855 1877 vel
1893 1813 1955 1877 in
1987 1830 2186 1877 cornu

595 1901 973 1991 Epistolae‘?

727 1996 790 2058 6.
844 1993 940 2055 An
989 1994 1036 2054 E
1088 1989 1301 2076 iscopo
1350 1988 1799 2076 pontificaliter
1836 1986 2185 2054 celebranti

595 2077 960 2168 praeparari
1067 2077 1254 2143 ebeat
1307 2076 1864 2162 genuflexorium,
1930 2087 2001 2140 ut
2061 2074 2191 2140 suis

597 2171 738 2234 loco
766 2178 830 2233 et
866 2177 1162 2253 tempore
1183 2165 1609 2251 genuflectat3
1647 2163 1751 2229 vel
1777 2162 1987 2249 potius
2012 2162 2186 2228 idem

595 2257 947 2342 Episcopus
1014 2253 1248 2320 debeat
1312 2270 1451 2318 esse
1520 2270 1780 2339 semper
1853 2260 2191 2343 contentus

595 2346 732 2410 solo
767 2340 1101 2427 pulvino?

729 2435 790 2498 7.
828 2434 948 2512 An,
981 2427 1291 2517 Episcopo
1315 2426 1770 2514 pontificaliter
1794 2426 2188 2508 celebrante,

596 2520 829 2586 debeat
873 2536 1073 2603 super
1116 2516 1329 2582 Altare
1379 2514 1525 2602 poni
1574 2534 1645 2580 se
1693 2515 1925 2579 timum
1961 2515 2192 2579 cande·

603 2608 890 2682 labrum;
942 2617 1010 2669 et
1055 2602 1235 2669 cuius
1278 2602 1640 2687 sumptibus

731 2699 794 2761 8.
848 2694 944 2758 An
991 2692 1171 2757 Feria
1201 2693 1252 2757 V
1286 2692 1351 2756 in
1381 2694 1589 2756 coena
1636 2689 1881 2756 Domini
1930 2689 2192 2790 Episco-

598 2801 741 2870 pus,
775 2781 949 2847 iuxta
993 2796 1238 2844 morem
1283 2776 1598 2844 Ecclesiae
1636 2781 2060 2860 Dertusens1S,
2089 2780 2196 2843 ca·

595 2868 970 2935 nonicorum
1022 2867 1221 2953 pedes
1269 2865 1504 2949 lavans,
1554 2864 1787 2931 debeat
1833 2865 2071 2932 habere
2103 2886 2196 2930 as-

594 2954 944 3045 sistentiam
992 2954 1262 3022 duarum
1296 2953 1724 3041 Dignitatum;
1776 2962 1839 3019 et
1869 2952 2054 3020 aliam
2086 2975 2193 3042 pa-

599 3047 757 3111 riter
821 3043 1206 3129 Dignitatem
1273 3062 1439 3128 quae
1506 3060 1739 3108 munus
1808 3040 2060 3107 Diaconi
2129 3053 2194 3108 et

597 3132 983 3200 Canonicum
1031 3130 1139 3217 qui
1203 3149 1436 3197 munus
1494 3129 1875 3197 Subdiaconi
1921 3127 2199 3195 subeat?

729 3226 793 3289 9.
845 3223 942 3287 An
988 3219 1379 3307 Episcopum
1429 3219 1492 3284 in
1540 3217 1904 3285 cathedrali
1949 3216 2195 3283 Confir-

597 3308 890 3377 matiouis
938 3312 1412 3385 Sacramentum
1461 3308 1563 3374 vel
1613 3305 1883 3373 Ordines
1929 3304 2197 3371 collatu·

602 3417 744 3464 rum
790 3396 1067 3464 debeant
1112 3397 1338 3460 saltem
1388 3396 1515 3461 duo
1548 3395 1898 3479 Dignitates
1928 3412 2042 3457 seu
2083 3397 2195 3460 ca-

599 3484 808 3551 nonici
862 3485 923 3548 in
973 3482 1478 3549 habitu-chorali
1526 3482 1601 3548 ad
1654 3484 1906 3548 ianuam
1973 3482 2193 3547 Eccle-

599 3575 727 3637 siae
774 3571 1102 3659 excipere,
1138 3571 1560 3655 aspersorium
1605 3570 1968 3656 porrigere,
2003 3569 2193 3654 eique

600 3659 1163 3812 confiru÷ationem
1214 3658 1315 3723 vel
1366 3658 1633 3724 Ordines
1696 3657 2053 3722 conserenti
2105 3676 2196 3721 as·

599 3747 828 3812 sistere

740 3838 843 3901 10.
896 3836 989 3901 An
1039 3845 1103 3900 et
1148 3845 1306 3919 quot
1351 3834 1704 3920 Dignitates
1749 3844 1942 3917 atque
1997 3835 2194 3899 cano-

602 3924 724 3990 nici
777 3922 1053 4009 debeant
1102 3921 1418 4008 Episcopo
1464 3921 1798 4004 assistere,
1848 3940 1992 3985 curn
2051 3922 2191 3985 Mis-

601 4030 730 4077 sam
791 4010 1230 4096 pontificalem
1300 4009 1584 4075 celebrat
1643 4009 1745 4072 vel
1810 4008 1923 4073 alia
1984 4008 2194 4074 Officia

600 4098 986 4186 pontificalia
1037 4109 1298 4164 exercet
1346 4096 1408 4163 in
1455 4097 1662 4182 aliqua
1698 4095 1978 4164 Ecclesia
2011 4115 2193 4182 paro·

603 4186 789 4253 chiali
838 4189 939 4253 vel
991 4187 1390 4252 conventuali
1442 4183 1782 4251 civitatis?

743 4279 845 4340 11.
894 4277 986 4340 An
1040 4285 1105 4340 et
1152 4282 1309 4360 quot
1355 4274 1703 4361 Dignitates
1750 4283 1942 4357 atque
1997 4275 2195 4337 cano-

602 4363 723 4430 nici
774 4362 1049 4429 debeant
1097 4364 1415 4450 Episcopo
1455 4360 1770 4445 assistere,
1805 4361 2061 4445 quando
2094 4358 2196 4424 hic

649 4452 862 4518 ublice
911 4450 1145 4517 divinis
1174 4450 1405 4517 Officiis
1437 4449 1704 4515 interest
1742 4451 1805 4515 in
1836 4446 2045 4533 aliqua
2081 4450 2195 4511 Ec-

580 4472 794 4607 {lesia
822 4539 1165 4626 parochiali
1193 4540 1298 4604 vel
1323 4535 1731 4603 conventuali
1754 4532 2080 4602 Civitatis?
2100 4533 2195 4619 (1)

744 4633 845 4694 12.
897 4631 992 4693 An
1040 4625 1459 4693 Gubernatori
1507 4638 1572 4690 et
1605 4624 2068 4691 Decurionibus
2099 4623 2198 4689 Ci-

605 4716 813 4782 vitatis
851 4714 1254 4782 Dertusensis
1295 4714 1509 4779 locum
1541 4712 1919 4778 habentibus
1954 4710 2015 4777 in
2052 4717 2196 4777 Pre-

605 4803 917 4889 sbyterio‚
952 4804 1110 4869 dum
1145 4811 1435 4868 cantatur
1463 4802 1639 4867 Missa
1687 4800 2020 4882 solemnis,
2057 4799 2197 4866 fieri

603 4890 839 4956 debeat
911 4891 1269 4955 reverentia
1335 4911 1366 4958 a
1426 4892 1740 4956 Canonico
1800 4887 2196 4971 celebrante,

609 4979 879 5045 Diacono
925 4992 991 5043 et
1037 4977 1460 5061 Subdiacono,
1494 4991 1641 5043 ante
1673 4977 1920 5042 initium
1960 4988 2025 5040 et
2059 4986 2199 5064 post

609 5067 802 5132 finem
849 5066 1097 5146 Missae,
1150 5074 1271 5129 tam
1323 5077 1662 5152 praesente
1709 5084 1896 5148 quam
1932 5064 2197 5130 absente

607 5148 985 5239 Episcopo?

751 5345 835 5419 (ι)
869 5347 935 5402 Ε.
977 5346 1121 5403 nuh.
1163 5346 1250 5403 ts.
1331 5342 1338 5353 ·

2411 412 2514 478 13.
2567 411 2663 474 An
2710 417 2774 473 e't
2820 406 3052 492 quibus
3098 409 3324 493 poenis
3370 409 3567 496 possit
3600 411 3865 497 Episco-

2280 515 2397 580 pus
2444 513 2586 561 com
2639 496 2843 561 ellere
2892 495 3241 582 Dignitates
3288 510 3353 562 et
3399 498 3758 565 canonicos
3804 499 3876 564 ad

2282 593 2572 670 praestan
2625 601 2734 649 um
2768 580 3098 668 obsequia,
3133 603 3324 669 quae,
3360 584 3535 651 iuxta
3566 589 3633 653 S.
3666 588 3740 652 C.
3771 586 3880 652 de-

2279 670 2573 754 cisiones,
2622 669 2741 736 sibi
2788 670 2999 738 debita
3046 670 3553 738 describuntur?

2415 757 2492 823 Et
2525 762 2592 825 S.
2629 759 2853 824 eadem
2893 761 2971 824 R.
3007 762 3109 840 c.,
3160 778 3231 824 re
3277 769 3524 826 mature
3571 760 3880 845 discussa,

2282 847 2745 933 perpensisque
2793 857 2919 912 tam
2966 845 3106 913 Ruti
3152 847 3452 935 Episcopi
3516 869 3709 935 quam
3776 852 3883 913 Ca-

2282 933 2498 1019 pituli,
2546 933 2937 1020 Dignitatum
2986 945 3049 999 et
3096 935 3560 1002 canonicorum
3606 935 3882 1020 iuribuS,

2284 1041 2403 1108 per
2450 1040 2673 1089 eorum
2720 1033 3169 1108 procuratores
3209 1042 3368 1088 voce
3402 1035 3467 1088 et
3499 1024 3746 1110 scripto
3781 1044 3886 1087 ex·

2286 1109 2533 1195 positis,
2584 1109 3073 1176 rescribendum
3120 1108 3415 1176 censuit:

2418 1198 2512 1263 Ad
2570 1202 2631 1263 1.
2679 1219 2718 1260 ‹
2753 1195 3172 1281 Affirmative,
3221 1197 3300 1264 ad
3347 1208 3695 1285 utramque
3745 1218 3884 1286 par-

2290 1296 2420 1350 tem
2457 1308 2517 1350 ».

2417 1375 2511 1440 Ad
2560 1378 2623 1439 2.
2676 1394 2714 1439 α
2751 1371 3177 1457 Affirmative,
3243 1393 3447 1461 usque
3516 1376 3591 1442 ad
3671 1375 3883 1441 locum

2284 1460 2394 1526 ubi
2441 1462 2793 1548 Episcopus
2842 1461 3050 1527 induit
3095 1482 3362 1549 cappam
3397 1484 3459 1527 ι».
3514 1541 3523 1546 ᾖ

2418 1550 2512 1616 Ad
2541 1554 2604 1616 3.
2635 1571 2673 1613 ι
2698 1550 2910 1627 Quoad
2938 1567 3307 1632 numerum,
3337 1563 3643 1639 quatuor3
3675 1549 3881 1636 quoad

2290 1638 2528 1720 locum,
2578 1637 2909 1724 provisum
2958 1637 3022 1704 in
3067 1636 3510 1726 superioribus
3541 1663 3605 1705 ιι.

2419 1726 2512 1792 Ad
2564 1729 2627 1792 4.
2678 1747 2716 1787 ι
2751 1723 3140 1791 Affirmative
3166 1747 3233 1791 ».

2420 1814 2515 1880 Ad
2564 1817 2626 1879 5.
2678 1834 2716 1874 α
2752 1812 3164 1891 Affirmative‚
3192 1815 3400 1898 quoad
3439 1815 3715 1903 primam
3751 1832 3887 1899 par-

2284 1912 2462 1977 tem;
2512 1900 2716 1985 quoad
2764 1902 3136 1984 secundam,
3172 1901 3407 1967 Sedem
3452 1903 3887 1991 episcopalem

2256 1988 2619 2055 -locandam
2654 2006 2796 2053 esse
2830 2006 2867 2053 e
2899 1989 3166 2076 regione
3196 1991 3428 2056 Altaris
3457 1991 3560 2056 vel
3588 1989 3654 2057 in
3688 2009 3886 2057 cornu

2290 2075 2646 2162 Evangelii,
2700 2075 2871 2140 iuxta
2918 2077 3401 2143 caeremoniale
3435 2100 3501 2144 ν.

2423 2166 2518 2232 Ad
2566 2167 2629 2229 6.
2684 2185 2723 2226 ‹
2757 2165 2982 2230 Deberi
3032 2164 3697 2250 faldistorium,·iuxta
3741 2169 3887 2233 cae-

2290 2251 2645 2319 remoniale
2678 2273 2742 2316 ι».

2422 2341 2517 2407 Ad
2555 2342 2618 2405 7.
2656 2362 2694 2402 «
2729 2338 3145 2422 Affirmative‚
3181 2341 3257 2407 ad
3292 2339 3564 2427 primam
3600 2352 3884 2429 partem}

2294 2440 2359 2495 et
2404 2429 2478 2495 ad
2527 2428 2900 2512 secundam,
2965 2446 3192 2493 eorum
3241 2430 3599 2515 sumptibus
3648 2430 3763 2515 qui
3816 2428 3891 2493 ad

2291 2527 2533 2584 ceteras
2582 2514 2801 2581 Missae
2848 2514 3231 2602 pontificalis
3280 2535 3598 2602 expensas
3662 2528 3889 2583 tenen·

2296 2616 2401 2670 tur
2434 2625 2496 2668 υ.
3204 2619 3211 2627 ·

2424 2690 2518 2756 Ad
2566 2697 2633 2758 8·.
2684 2710 2722 2755 ‹
2758 2691 3177 2775 Affirmative,
3229 2690 3307 2757 ad
3356 2692 3629 2758 formam
3661 2696 3892 2760 caere-

2296 2777 2589 2845 monialis
2623 2800 2690 2843 a».

2419 2866 2515 2932 Ad
2567 2871 2630 2934 9.
2684 2887 2722 2932 ‹
2756 2865 3149 2932 Affirmative
3198 2867 3262 2933 in
3310 2867 3610 2934 omnibus
3647 2891 3712 2934 a».

2415 2954 2520 3021 -Ad
2574 2957 2677 3021 to.
2729 2965 2795 3021 et
2847 2957 2954 3021 11.
3004 2978 3041 3018 ‹
3076 2954 3493 3041 Affirmative,
3529 2956 3605 3024 ad
3642 2967 3889 3024 utrum·

2293 3063 2420 3129 que
2468 3042 2775 3121 dubium3
2828 3044 2910 3109 ita
2960 3054 3200 3123 tamen,
3251 3045 3455 3128 quoad
3515 3062 3887 3127 numerum,

2295 3142 2367 3198 ut
2397 3130 2681 3197 Ecclesia
2715 3131 3111 3198 cathedralis
3144 3132 3364 3206 debito
3395 3151 3522 3198 non
3555 3134 3893 3200 fraudetur

2292 3219 2508 3285 Officio
2546 3242 2606 3284 ν.

2424 3308 2518 3373 Ad
2574 3311 2678 3374 12.
2727 3329 2766 3370 ‹
2801 3309 2853 3372 N
2940 3308 3108 3374 ative
3154 3307 3217 3374 in
3267 3310 3569 3375 omnibus
3597 3332 3661 3375 ι».

2428 3395 2520 3460 Ad
2577 3399 2681 3462 13.
2733 3417 2771 3457 ι
2806 3398 2855 3461 Α
2930 3396 3247 3480 rmative,
3319 3396 3473 3463 iuris
3542 3396 3886 3469 remediis;

2295 3495 2360 3549 et
2404 3484 2676 3569 amplius
2724 3483 2787 3549 in
2833 3483 3129 3549 omnibus
3163 3504 3230 3549 ν.

2423 3575 2500 3638 Ει
2558 3570 2642 3636 ita
2697 3570 3045 3637 declaravit
3106 3591 3175 3635 ac
3225 3571 3465 3636 servari
3536 3570 3881 3640 mandavit.

2298 3659 2405 3723 Die
2455 3662 2495 3724 6
2543 3660 2813 3745 Augusti
2870 3662 3061 3726 1763.

2299 3798 2546 3868 2472.
2730 3801 3062 3901 NULLIUS
3110 3803 3445 3868 FARFEN.
3659 3798 3882 3887 (43¹8)

2431 3919 2679 3987 Exortis
2742 3922 3195 3988 controversiis
3266 3923 3436 3989 inter
3502 3927 3716 3990 Patres
3784 3922 3885 3989 ui-

2297 4028 2488 4075 nores
2530 4010 2993 4076 conventuales
3037 4009 3266 4096 Oppidi
3314 4011 3592 4097 Tophiae
3636 4011 3885 4077 Nullius

2298 4096 2548 4163 Farfen.
2618 4116 2696 4161 ex
2757 4118 2919 4181 una,
2990 4108 3181 4183 atque
3243 4098 3881 4199 Archipresbyterum

2301 4196 2365 4251 et
2409 4184 2757 4250 canonicos
2803 4185 3126 4251 Ecclesiae
3173 4186 3566 4273 collegiatae
3596 4185 3883 4252 eiusdem

2294 4271 2520 4361 Oppidi
2570 4291 2652 4338 ex
2700 4273 2897 4339 altera
2957 4272 3282 4361 partibus,
3347 4292 3544 4361 super
3603 4272 3883 4339 celebra-

2296 4362 2468 4426 tione
2517 4362 2682 4427 Festi
2742 4362 3086 4444 solemuis,
3152 4380 3297 4428 cum
3352 4360 3884 4449 praecedentibus

2297 4448 2811 4515 novemdialibus
2862 4449 3459 4536 supplicationibus,
3510 4449 3886 4534 conceptio·

2299 4537 2395 4602 nis
2457 4540 2524 4601 B.
2579 4540 2663 4604 M.
2711 4539 2789 4603 V.
2847 4537 3326 4621 Immaculatae,
3393 4535 3601 4623 iisque
3662 4533 3886 4603 delatis

2300 4628 2370 4691 S.
2405 4627 2479 4688 R.
2512 4626 2616 4701 c.;
2666 4624 2989 4710 proposita
3038 4625 3301 4690 fuerunt
3342 4623 3737 4712 infrascripta
3771 4625 3882 4691 du·

2302 4712 2395 4778 bia
2447 4711 2616 4777 inter
2658 4722 2874 4799 partes
2923 4712 3301 4778 concordata
3357 4730 3567 4778 coram
3615 4717 3775 4779 Εῐῖιο
3820 4719 3881 4773 et

2298 4804 2456 4867 nmo
2503 4803 2574 4866 D.
2613 4802 2801 4868 card.
2847 4803 3051 4865 Marco
3097 4801 3370 4867 Antonio
3418 4801 3729 4866 columna
3777 4804 3881 4866 Po-

2300 4900 2519 4972 nente,
2569 4907 2848 4974 nempe:

2436 4981 2497 5042 1.
2548 4978 2640 5042 An
2692 4977 2878 5043 liceat
2926 4976 3256 5043 celebrare
3305 4980 3563 5042 Festum
3597 4977 3879 5043 solemne

2298 5081 2445 5129 cum
2492 5064 3029 5151 praecedentibus
3074 5064 3585 5132 novemdialibus
3646 5059 3879 5153 suppli·

2299 5153 2650 5217 cationibus
2677 5152 3117 5218 immaculatae
3141 5153 3592 5238 conceptionis
3616 5157 3687 5219 B.
3707 5157 3784 5219 Μ.
3805 5151 3873 5216 V·
