4042 5950
1531 249 2003 330 —409—

83 414 304 482 Huius
335 434 501 480 vero
537 413 856 481 Ecclesiae
880 413 1137 480 Parochi
1161 413 1524 500 Collegium
1557 429 1705 479 con-

80 503 482 587 stituentes,
530 520 730 604 quum
775 501 1229 589 praeviderent
1289 501 1545 592 propria
1598 519 1708 566 sua

85 591 224 657 iura
284 590 469 659 laedi
512 612 563 657 si
611 590 688 656 ad
734 608 915 656 suam
961 590 1311 657 Ecclesiam
1372 589 1710 658 accederet

87 678 640 768 Metropolitanae
665 677 1031 765 Capitulum
1060 678 1361 765 exequias
1382 697 1579 766 super
1603 677 1711 744 de-

87 768 326 835 functo
368 766 667 856 propriae
701 784 924 832 eorum
963 766 1387 834 iurisdictioni
1418 764 1708 833 subiecto

89 856 619 938 celebraturum,
648 853 818 921 omni
849 855 1062 923 studio
1095 866 1399 921 curarunt
1429 864 1500 921 ut
1529 852 1708 941 Capi-

91 944 315 1012 tulum
354 967 393 1011 a
424 943 753 1032 proposito
786 941 1166 1022 desisterem
1199 944 1312 1010 sed
1346 942 1706 1009 incassum:

89 1053 240 1100 nam
294 1033 481 1102 idem
528 1031 893 1120 Capitulum
939 1032 1210 1099 cadaver
1254 1030 1609 1112 associavit,
1645 1030 1710 1096 in

92 1120 467 1188 Ecclesiam
529 1124 794 1190 Sanctae
855 1120 1138 1187 Eulaliae
1195 1119 1560 1207 ingressum
1616 1129 1711 1184 est

91 1229 217 1296 per
265 1209 601 1276 minorem
648 1219 896 1295 portam
946 1209 1117 1295 (nam
1163 1207 1344 1276 ianua
1396 1206 1596 1274 maior
1626 1226 1704 1272 ex

93 1299 545 1366 parochorum
601 1295 910 1382 industria
958 1296 1164 1362 clausa
1211 1295 1566 1379 manebat),¹
1608 1313 1708 1361 so·

93 1387 403 1453 lemnem
450 1385 720 1467 Missam,
770 1383 1204 1452 absolutiones
1252 1396 1318 1451 et
1365 1395 1578 1451 cetera
1610 1402 1711 1449 su-

95 1495 216 1561 per
266 1473 551 1542 cadaver
600 1473 922 1559 explevit;
972 1472 1130 1558 quin
1175 1493 1207 1538 a
1253 1470 1542 1576 collegio
1601 1475 1705 1537 Pa·

96 1563 461 1629 rocborum
510 1581 628 1629 nec
677 1561 783 1628 illa
831 1561 1163 1663 exciperet
1211 1565 1512 1647 obsequia
1545 1579 1710 1646 quae

95 1650 406 1738 singulae
468 1651 789 1718 Ecclesiae
853 1649 1170 1733 Civitatis,
1240 1651 1530 1736 quamvis
1596 1667 1708 1715 ex-

99 1749 410 1893 eniptae,
460 1738 752 1828 Capitulo
799 1737 1323 1824 Metropolitanae
1383 1748 1710 1827 praestare

101 1849 170 1893 so
204 1840 352 1895 ent.

232 1917 513 1984 Interim
561 1918 821 1986 Parocbi
869 1915 1193 1997 timentes,
1243 1931 1327 1982 ne
1373 1919 1438 1987 in
1495 1922 1712 2010 poste-

105 2024 248 2071 rum
279 2024 402 2073 sua
430 2004 566 2073 iura
600 2024 718 2092 per
747 2004 1112 2093 Capitulum
1145 2007 1708 2096 Metropolitanum

103 2093 708 2178 pessumdarentur‚
758 2096 906 2162 huic
952 2095 1176 2161 Sacrae
1223 2095 1487 2164 Rituum
1545 2099 1709 2165 Con·

105 2181 475 2268 gregationi
522 2200 662 2251 rem
711 2200 968 2249 omnem
1017 2197 1482 2269 exposuerunt,
1518 2204 1589 2251 ac
1632 2180 1709 2245 ab

106 2290 174 2333 ea
221 2270 599 2337 humillime
645 2271 1158 2357 postulaverunt,
1207 2284 1279 2337 ut
1317 2274 1630 2359 quaedam
1675 2287 1706 2333 a

103 2376 169 2424 se
214 2357 793 2445 proposita.dubia
837 2358 1163 2427 declarare
1210 2359 1603 2448 dignaretur.

235 2450 430 2513 Sacra
478 2466 630 2514 vero
677 2444 1105 2536 congregatio
1153 2446 1439 2537 desuper
1483 2447 1710 2516 audire

104 2534 332 2601 statuit
411 2537 642 2602 Rmnm
717 2535 1058 2603 Dominum
1134 2536 1706 2627 Arcbiepiscopum

107 2622 540 2692 calaritanum
589 2624 823 2692 iamdiu
872 2628 1112 2691 Romae
1157 2623 1551 2713 degentem,
1599 2623 1707 2711 qui

109 2710 394 2778 deducta
426 2735 458 2777 a
493 2712 782 2799 capitulo
828 2730 979 2780 suae
1022 2713 1539 2802 Metropolitanae
1574 2713 1708 2780 iura

113 2799 392 2887 iungens
460 2802 766 2888 expositis
826 2822 860 2867 a
926 2799 1235 2885 collegio·
1284 2802 1709 2869 Parocborum

114 2890 374 2955 Sanctae
446 2889 761 2976 Eulaliae,
811 2889 1144 2976 sequentia
1202 2889 1333 2957 duo
1378 2889 1567 2959 dubia
1626 2889 1707 2953 ita

116 2977 546 3062 concinnavit,
582 2991 652 3045 ut
679 2977 997 3065 quidquid
1044 2976 1201 3044 iuris
1245 2980 1507 3065 utrique
1538 2996 1709 3046 com·

116 3073 375 3149 peteret
407 3067 472 3133 in
505 3068 594 3135 eis
623 3065 1332 3154 comprehenderetur;
1367 3066 1705 3134 nimirum:

245 3158 293 3220 Ι.
345 3157 517 3222 Num
577 3156 941 3241 Capitulum
1012 3155 1332 3223 Ecclesiae
1394 3158 1710 3241 Uetropo-

120 3240 343 3309 litanae
394 3242 632 3310 habens
678 3245 743 3311 in
793 3244 1093 3310 funerum
1158 3243 1569 3311 associatione
1626 3262 1707 3309 ex

118 3330 412 3417 plurimis
471 3330 658 3399 huius
722 3335 958 3403 Sacrae,
1008 3330 1531 3420 congregationis
1587 3337 1707 3398 De-

121 3416 304 3484 cretis
361 3419 883 3507 praecedentiam
943 3439 1132 3507 supra
1190 3419 1542 3488 Parochum
1597 3420 1710 3487 de-

122 3506 343 3592 functi,
371 3508 598 3595 possit,
635 3510 824 3575 etiam
859 3510 922 3575 in
951 3508 1357 3574 associatione
1388 3506 1710 3577 cadaveris

121 3613 265 3661 suae
312 3595 733 3664 iurisdictioni
779 3595 1043 3663 minime
1091 3596 1401 3682 subiecti,
1453 3596 1707 3683 erigere

121 3702 291 3751 suam
337 3688 641 3770 Crucem,
690 3687 946 3751 exclusa
991 3683 1099 3749 illa
1158 3685 1451 3770 Parochi;
1504 3702 1706 3771 eaque

57 3848 58 3851 Ἴ
126 3772 356 3840 elevata
424 3773 673 3861 ingredi
733 3773 798 3839 in
860 3772 1206 3839 Ecclesiam
1277 3771 1708 3860 parochialem

123 3857 445 3939 defuncti3
495 3882 567 3929 ac
612 3862 676 3928 in
725 3861 830 3927 illa
875 3860 1167 3927 solemne
1215 3864 1479 3928 Sacrum
1509 3881 1580 3927 ac
1614 3879 1710 3926 re·

126 3946 285 4033 liqna
335 3949 548 4017 munia
594 3968 791 4036 super
836 3949 1106 4015 cadaver
1151 3952 1564 4036 persolvere,
1614 3948 1708 4014 in-

127 4033 251 4101 vito
297 4034 626 4106 Parocho'?

250 4129 318 4191 ll.
369 4129 539 4194 Num
583 4126 838 4193 Parochi
871 4124 1193 4193 Ecclesiae
1225 4129 1485 4193 Sanctae
1521 4125 1706 4192 Eula-

132 4209 239 4278 liae
286 4225 621 4281 teneantur
665 4233 923 4280 servare
970 4214 1507 4281 consuetudinem
1541 4212 1708 4280 exci-

133 4299 333 4384 piendi
358 4301 436 4369 ad
475 4302 639 4370 fores
671 4301 992 4369 Ecclesiae
1020 4301 1197 4388 (ipsis
1221 4304 1440 4370 habitu
1466 4302 1704 4370 chorali

133 4386 382 4476 indutis)
431 4393 776 4458 Canonicos
807 4410 876 4457 ac
906 4389 1351 4456 Beneficiarios
1384 4394 1706 4478 Metropo-

134 4474 388 4562 litanae,
438 4479 970 4565 quotiescumque
1033 4490 1169 4544 tum
1229 4482 1558 4546 occasione
1607 4478 1701 4544 iu-

134 4581 348 4633 nerum
397 4579 532 4637 tum
576 4568 691 4635 alia
739 4585 1144 4653 quacumque
1174 4568 1264 4635 'de
1292 4588 1473 4635 causa
1568 4586 1703 4633 rae-

135 4648 310 4720 fatam
341 4659 600 4723 Sanctae
634 4654 916 4723 Eulaliae
949 4655 1297 4722 Ecclesiam
1331 4656 1511 4742 ingre
1563 4654 1702 4721 iun-

141 4748 253 4825 tur,
302 4745 515 4830 eisque
559 4742 1241 4831 aquam-benedictam
1290 4762 1475 4810 manu
1525 4747 1703 4809 Prae-

137 4825 276 4895 sidis
317 4832 716 4921 porrigendi}
769 4852 840 4898 ea
885 4851 1034 4897 sane
1084 4831 1327 4900 ratione
1374 4843 1440 4899 et
1482 4831 1702 4915 modo,

140 4916 236 4997 qui
269 4919 330 4986 iu
353 4921 611 5007 reliquis
642 4921 829 4988 huius
853 4920 1136 4988 Civitatis
1160 4920 1481 5005 Ecclesiis,
1512 4920 1702 4986 etiam

140 5010 456 5095 exemptis,
506 5020 867 5077 constanter
916 5019 1363 5096 perpetuoque
1411 5010 1705 5075 observa-

142 5099 264 5159 tum
308 5098 416 5165 itit
459 5118 532 5164 ac
580 5098 888 5165 hactenus
935 5095 1361 5163 observatur?

258 5186 406 5253 uase
454 5204 645 5275 porro
695 5185 916 5269 dubia,
968 5198 1169 5271 'super
1225 5184 1455 5271 quibus
1518 5188 1702 5252 Sacra

143 5268 538 5360 congregatio
585 5274 971 5360 exquisierat
1019 5272 1281 5341 alterius
1327 5292 1406 5340 ex
1439 5276 1704 5361 Aposto—

148 5352 373 5429 licarun
400 5362 959 5431 caeremoniarum
977 5361 1224 5450 Magistr
1237 5362 1286 5428 is
1307 5372 1532 5429 votum
1555 5360 1702 5428 scri-

1814 407 1936 497 ptis
1983 407 2230 477 editum
2280 407 2576 497 typisque
2636 424 2896 490 cusum,
2945 423 3147 494 quum
3205 410 3402 474 Emus

1812 507 1878 562 et
1907 500 2104 565 Rmus
2132 496 2434 565 Dominus
2463 493 2808 563 cardinalis
2838 493 3084 566 Gabriel
3127 492 3401 562 Feri-etti

1812 585 2002 652 buius
2033 589 2269 654 Causae
2298 585 2555 652 Relator
2586 582 2956 671 designatus
2997 581 3404 685 proposuerit

1814 672 1877 739 in
1921 673 2266 741 ordinariis
2311 678 2647 742 Sacrorum
2681 674 2941 739 Rituum
2972 671 3261 739 comitiis
3289 673 3403 739 ho·

1812 761 2038 829 dierna
2084 761 2190 829 die
2248 764 2325 831 ad
2373 760 2742 829 Vaticanum
2789 757 3198 840 coadunatis;
3261 756 3402 827 Emi

1814 861 1879 915 et
1903 850 2063 918 timi
2111 855 2327 917 Patres
2369 848 2572 920 Sacris
2622 848 2874 918 tuendis
2917 848 3165 916 Ritibus
3220 865 3401 937 prae·

1811 936 2028 1092 positi,
2080 939 2376 1007 omnibus
2421 947 2712 1005 accurate
2760 936 3127 1024 perpensis,
3176 934 3405 1003 rescri-

1856 1027 2098 1094 endum
2133 1037 2560 1094 censuerunt:
2595 1046 2632 1088 α
2661 1030 2837 1092 quta
2874 1035 3098 1092 votum
3128 1023 3401 1111 Magistri

1812 1115 2377 1183 Coeremoniarum
2412 1137 2449 1180 ν
2496 1112 2800 1180 nimirum
2832 1135 2848 1179 ε

1945 1204 2040 1272 Ad
2074 1209 2122 1271 l.
2173 1224 2212 1268 α
2236 1203 2453 1282 Quoad
2483 1201 2755 1290 primam
2788 1214 2853 1268 et
2881 1200 3226 1268 secundam
3260 1218 3403 1287 par·

1813 1303 1971 1374 tem,
2001 1292 2388 1361 Affirmative
2411 1307 2430 1368 ;
2456 1291 2663 1377 quoad
2691 1290 2969 1374 tertiam,
3001 1289 3310 1374 Negative
3335 1311 3396 1356 ›.

1944 1381 2041 1447 Ad
2074 1386 2148 1448 11.
2201 1401 2240 1445 α
2268 1378 2653 1449 Servandam
2684 1376 3219 1446 consuetudinem
3248 1399 3311 1442 ›.

1943 1472 2154 1556 Atque
2215 1469 2298 1535 ita
2359 1472 2542 1536 Sacra
2601 1464 3024 1554 congregatio
3076 1464 3405 1553 rescripsit

1810 1577 1879 1624 ac
1926 1558 2164 1624 servari
2217 1556 2560 1625 mandavit.

1945 1647 2059 1713 Die
2112 1650 2190 1713 12
2236 1642 2637 1732 Septembris
2687 1647 2880 1713 1857.

1813 1804 2084 1873 3063.
2222 1804 3004 1872 CAROLINOPOLITANA.

2138 1950 2298 2014 Rfi‘te
2342 1946 2634 2032 Domine,
2686 1945 2777 2012 uti
2818 1948 3071 2022 Frater.

3174 1801 3401 1890 (uass)

1945 2090 2150 2167 Quum
2184 2106 2516 2175 exponens
2538 2087 2912 2174 Amplitudo
2946 2097 3051 2154 tua
3081 2086 3229 2154 huic
3254 2091 3406 2156 San-

1812 2189 1950 2243 ctae
1985 2177 2136 2244 Sedi
2161 2176 2564 2263 Apostolicae
2596 2175 2660 2242 in
2684 2175 2986 2242 Ecclesiis
3021 2174 3198 2243 istius
3219 2176 3405 2243 Dioe-

1813 2265 1975 2332 cesis
1996 2264 2609 2352 Carolinopolitanae
2641 2281 2831 2331 usum
2863 2264 3205 2332 invaluisse
3227 2265 3303 2332 ad
3313 2265 3407 2332 bi-

1813 2353 2005 2420 bendi
2038 2350 2332 2422 candelas
2364 2371 2446 2420 ex
2476 2357 2629 2420 se'vo
2660 2350 3007 2437 coniectas,
3043 2362 3109 2420 et
3137 2350 3287 2420 huic
3319 2351 3405 2420 ir·

1815 2442 2093 2530 regulari
2139 2441 2317 2531 praxi
2355 2442 2568 2509 locum
2603 2439 2863 2509 dedisse
2898 2449 3034 2507 tum
3067 2450 3405 2529 pauperta-

1809 2540 1944 2598 tem
1991 2529 2369 2598 earumdem
2417 2529 2876 2614 Ecclesiamm,
2928 2538 3063 2596 tum
3097 2545 3403 2615 magnum

1812 2638 1999 2686 cerae
2033 2618 2316 2707 pretium
2362 2618 2429 2685 in
2471 2616 2604 2684 istis
2634 2616 2963 2685 Americae
2994 2616 3405 2703 regionibus3

1814 2728 1847 2774 a
1879 2710 2078 2776 Ssmo
2122 2709 2257 2776 Dfio
2289 2710 2519 2775 Nostro
2552 2706 2658 2772 Pio
2690 2709 2851 2794 Papa
2883 2709 2966 2773 tx
3001 2706 3224 2773 eadem
3257 2707 3406 2776 Am-

1813 2795 2068 2885 plitudo
2115 2800 2244 2864 Tua
2290 2793 2687 2897 supplicibus
2734 2793 2900 2860 votis
2978 2795 3300 2876 ostulavit,
3337 2807 3408 2865 ut

1812 2884 2072 2952 attentis
2116 2883 2425 2971 expositis
2470 2881 2862 2967 rationibus,
2961 2901 2998 2951 e
3044 2883 3410 2971 Apostolica
3476 2889 3483 2898 '

1816 2971 2208 3061 benignitate
2241 2974 2401 3040 hanc
2444 2971 2638 3060 ipsam
2691 2971 3228 3041 consuetudinem
3273 2993 3409 3041 ser-

1810 3062 1943 3129 vari
1994 3080 2183 3149 posse
2227 3060 2663 3149 permitteret.
2715 3061 3020 3127 Sanctitas
3065 3079 3223 3127 vero
3254 3066 3405 3146 Sua,

1813 3151 2022 3218 audita
2074 3150 2150 3217 a'b
2207 3148 2607 3236 infrascripto
2653 3150 2717 3215 S.
2762 3150 2835 3213 R.
2884 3153 3135 3237 Congre
3183 3149 3411 3217 ationis

1813 3237 2172 3307 Secretario
2221 3235 2559 3320 relatione,
2611 3235 2815 3321 iussit,
2865 3247 2937 3303 ut
2982 3239 3147 3324 Amp
3179 3236 3410 3305 itudini

1811 3331 1980 3395 Tuae
2050 3324 2628 3392 communicaretur
2692 3334 2975 3392 mentem
3034 3343 3213 3391 suam
3270 3344 3407 3393 esse

1811 3426 1905 3499 ut,
1956 3423 2225 3482 curante
2256 3412 2703 3501 Amplitudine
2732 3415 2886 3497 Tua,
2921 3411 3225 3480 inductus
3255 3413 3407 3481 abn-

1810 3524 1915 3571 sus
1961 3500 2304 3571 adhibendi
2355 3501 2644 3570 candelas
2693 3518 2771 3567 ex
2818 3520 2971 3567 sevo
3006 3500 3403 3570 eliminetur.

1943 3595 2147 3658 Grave
2208 3591 2422 3676 itaque
2483 3608 2566 3656 ne
2624 3589 2704 3655 sit
2751 3589 3172 3678 Amplitudini
3236 3595 3405 3660 Tuae

1816 3678 2171 3747 Sanctitatis
2217 3682 2380 3748 Suae
2428 3688 2741 3763 mentem,
2773 3696 2897 3764 qua
2943 3699 3057 3767 par
3097 3690 3218 3766 est,
3254 3700 3439 3768 pru-·

1810 3767 2072 3852 dentia,
2127 3768 2489 3834 executioni
2537 3766 2965 3853 demandat-03
3018 3778 3084 3834 et
3145 3767 3405 3837 interim

1809 3857 1930 3944 ipsi
1976 3855 2400 3943 Amplitudini
2449 3859 2619 3923 Tuae
2666 3856 3032 3923 diuturnam
3081 3871 3159 3921 ex
3196 3858 3408 3923 animo

1813 3945 2186 4012 felicitatem
2234 3946 2569 4031 adprecor.

1942 4036 2178 4101 Romae
2230 4036 2309 4100 10
2356 4032 2728 4100 Decembris
2778 4035 2972 4101 1857.

1812 4176 2082 4246 3064.
2353 4175 2874 4242 BALTmoREN.

1941 4304 2059 4366 Pro
2106 4308 2285 4385 parte
2332 4298 2470 4365 nuni
2519 4292 2764 4363 Domini
2816 4296 3125 4365 Francisci
3172 4288 3449 4364 Patritii'

1807 4387 2089 4457 Kenrick
2154 4385 2635 4475 Arcbiepiscopi
2700 4385 3115 4452 Baltimoren.
3179 4388 3404 4453 Sacrae

1805 4478 2071 4545 Rituum
2135 4472 2627 4565 congregationi
2691 4474 3026 4559 sequentia
3081 4472 3406 4561 proposita

1806 4574 1954 4633 sunt
2001 4563 2193 4631 dubia
2239 4581 2359 4652 pro
2406 4572 2761 4650 opportuna
2810 4562 3171 4642 solutione;
3225 4559 3408 4628 nimi·

1814 4671 1996 4720 rum:

1939 4746 1987 4808 1.
2037 4743 2133 4807 Ex
2181 4745 2451 4808 Decreto
2483 4739 2869 4807 sanctissimi
2902 4739 3148 4807 Domini
3193 4740 3405 4805 Nostri

1808 4830 1893 4895 Pii
1941 4833 2139 4929 Papae
2179 4832 2285 4912 IX,
2335 4833 2593 4896 Festum
2642 4830 2711 4895 S.
2746 4825 2866 4894 Titi
2911 4826 3208 4915 Episcopi
3242 4828 3408 4894 Con-

1811 4919 2063 4985 fessoris
2110 4918 2566 4985 celebrandum
2618 4927 2713 4981 est
2774 4916 2833 4983 in
2895 4916 3241 4983 universali
3288 4916 3409 4981 Ec·

1808 5006 1999 5072 clesia
2023 5006 2144 5072 sub
2170 5006 2296 5072 ritu
2321 5003 2563 5092 duplici
2589 5003 2818 5070 minori
2844 5007 3046 5091 prima
3074 5004 3179 5070 die
3207 5002 3405 5070 libera

1809 5105 1946 5196 post
2013 5106 2300 5181 quartam
2363 5091 2654 5160 Ianuarii.
2726 5090 3105 5170 Quaeritur:
3175 5095 3404 5159 Utrum

1808 5194 1983 5251 iuxta
2032 5183 2497 5270 praescriptum
2546 5182 2611 5246 S.
2654 5184 2727 5246 R.
2761 5184 2831 5248 C.
2885 5180 3173 5267 praefato
3219 5184 3407 5247 Festo

1807 5269 2107 5357 assignari
2155 5271 2384 5338 debeat
2428 5268 2534 5335 vel
2588 5268 2783 5359 possit
2830 5268 3033 5355 prima
3080 5268 3218 5336 dies
3266 5287 3410 5370 pro-

1811 5358 1979 5426 xime
2005 5378 2133 5427 non
2157 5355 2461 5448 impedita
2487 5355 2661 5425 iuxta
2684 5356 3187 5444 uniuscuiusque
3220 5362 3405 5425 Dtoe·

3176 4173 3404 4259 (seso)
