4042 5950
1482 261 1951 342 —437—

210 423 308 491 Ad
352 425 521 493 XXI.
569 443 607 488 ι
640 424 948 512 Negative
988 443 1052 488 a·

208 511 307 579 Ad
353 515 558 580 xxm
596 533 633 576 α
667 512 975 600 Negative
1017 511 1095 579 ad
1128 521 1576 598 utrumque».

212 600 307 667 Ad
339 601 555 668 ΧΧΙΙΙ.
593 621 630 664 «
657 599 871 679 Quoad
938 599 1335 666 uaestionem
1365 598 1661 686 primam:

63 687 497 771 Affirmative,
530 688 783 775 quando
814 689 905 753 He
1001 687 1356 754 omadarius
1392 705 1522 753 non
1570 696 1665 752 est

62 777 429 843 canonicus
494 777 608 843 sed
675 775 943 843 inferior
1008 775 1092 842 de
1159 775 1372 842 Clero.
1451 773 1666 853 Quoad

63 863 520 949 quaestionem
592 863 934 930 secundam
968 884 985 928 ε
1064 862 1451 930 Servandam
1517 879 1668 928 con-

62 951 515 1018 suetudinem.
585 951 799 1030 Quoad
860 950 1298 1037 quaestionem
1360 950 1662 1016 tertiam:

25 1057 28 1062 ²
66 1036 471 1106 Affirmative
500 1060 567 1105 a.

209 1125 306 1194 Ad
352 1131 576 1197 XXIV.
624 1149 665 1193 ι
697 1127 1006 1214 Negative
1036 1148 1097 1192 ».

207 1217 421 1303 Atque
467 1218 550 1283 ita
596 1216 1063 1305 rescripserunt
1109 1234 1177 1281 ac
1223 1215 1459 1283 servari
1491 1232 1661 1281 man-

61 1303 424 1371 daverunt.

202 1390 318 1458 Die
366 1397 451 1460 22
496 1391 697 1460 Martii
751 1395 944 1461 1862.

61 1585 307 1656 3111.
707 1589 1020 1664 QUlTEN.

671 1709 1064 1775 GONGHEN.

577 1830 1155 1906 GUAYAQUILEN.

1431 1582 1658 1672 (sais)

202 2004 347 2073 luni
379 2002 609 2072 Vicarii
652 2002 1045 2090 capitulares
1089 2001 1486 2069 Dioecesium
1517 2003 1660 2082 Qui-

63 2095 300 2177 tensis,
344 2089 760 2174 conchensis,
808 2090 1264 2177 Guayaquilen.
1304 2109 1663 2159 memoran-

65 2195 173 2248 tes
202 2202 257 2247 s.
294 2199 386 2247 m.
419 2179 801 2266 Gregorium
829 2181 964 2244 Xlll
995 2177 1058 2244 in
1087 2198 1196 2246 sua
1228 2180 1406 2244 Bulla
1437 2182 1660 2246 Pasto-

61 2271 246 2336 ralis
277 2268 468 2355 officii
491 2287 656 2334 cura
681 2266 821 2334 data
843 2266 949 2334 die
972 2269 1054 2334 30
1071 2265 1437 2333 Decembris
1464 2272 1657 2353 1673,

62 2359 280 2425 relate
324 2358 400 2424 ad
448 2356 876 2442 aspersionem
923 2372 1071 2421 cum
1117 2356 1293 2440 Aqua
1324 2352 1661 2422 benedicta

61 2447 134 2513 in
173 2444 514 2512 Dominicis
543 2441 1076 2531 praemittendam
1116 2444 1331 2508 Missae
1360 2442 1658 2528 solemni,

64 2533 466 2600 concessisse
507 2531 810 2598 Ecclesiis
845 2527 1074 2615 quibus
1121 2531 1565 2617 exemptiones
1596 2541 1661 2598 et

59 2620 414 2710 privilegia
470 2619 536 2687 in
593 2619 726 2705 ipsa
771 2618 949 2685 Bulla
999 2636 1301 2704 expressa
1340 2618 1655 2703 attribuit,

57 2709 252 2796 quod
296 2709 574 2775 Antiates
632 2725 746 2773 seu
804 2707 924 2773 alia
981 2724 1247 2794 persona
1294 2708 1659 2794 principalis

60 2793 410 2864 celebrans
448 2795 694 2863 nissam
724 2795 1229 2862 conventualem
1267 2794 1658 2880 praedictam

59 2884 519 3059 {2353ssssss
547 2883 1314 3058 {tt‘fffssaessfiuffitsssstgz
1333 2883 1659 3040 Elim

62 3063 220 3131 eius
267 3061 432 3144 loco,
481 3071 548 3127 et
593 3058 766 3145 quod
817 3060 956 3127 talis
999 3059 1305 3127 Sacerdos
1355 3078 1484 3127 non
1546 3059 1659 3126 de-

58 3151 235 3217 ierat
281 3148 581 3237 pluviale,
647 3146 761 3214 sed
808 3148 1034 3214 Albam
1083 3156 1146 3213 et
1202 3147 1481 3227 Stolam;
1537 3166 1658 3214 nec

193 3236 419 3304 ecedat
461 3235 799 3303 associatus
844 3254 991 3303 cum
1039 3233 1358 3318 ministris,
1406 3236 1522 3303 sed
1561 3254 1658 3301 so-

89 3342 215 3392 um
282 3343 430 3391 cum
497 3323 871 3409 Acolythis3
935 3324 1057 3392 iam
1126 3325 1202 3391 ab
1268 3343 1432 3389 anno
1493 3326 1659 3392 1860

62 3436 102 3480 a
153 3416 339 3480 Sacra
401 3412 664 3479 Rituum
731 3410 1240 3500 congregatione
1303 3409 1657 3479 humillime

61 3499 385 3569 declarari
427 3498 951 3588 postulaverunt:
1002 3504 1095 3567 An
1143 3498 1208 3566 in
1253 3498 1377 3566 illis
1433 3502 1659 3569 Cathe-

62 3585 382 3673 dralibus,
414 3589 644 3655 diebus
691 3587 849 3654 intra
881 3605 1114 3655 annum
1143 3586 1633 3655 solemnioribus

65 3695 206 3744 non
266 3676 630 3775 celebrante
692 3674 990 3776 ⁴antistite
1049 3674 1116 3741 in
1166 3638 1656 3761 pontificalibus:

62 3764 191 3833 sed
252 3781 390 3830 eius
451 3762 590 3829 loco
645 3767 891 3831 Missam
949 3763 1452 3833 conventualem
1513 3782 1661 3831 cum

62 3861 264 3920 cantu
311 3851 680 3919 celebrante
711 3850 827 3917 alia
858 3870 1125 3940 persona
1155 3850 1515 3939 principali,
1541 3851 1659 3918 sub

63 3937 381 4030 generice
426 3938 614 4006 titulo
653 3958 928 4024 persona
967 3940 1363 4026 principalis
1422 3939 1659 4006 intelli·

64 4026 277 4118 gendi
328 4027 453 4095 sint
511 4026 703 4094 etiam
757 4028 1099 4109 canonici,
1162 4028 1267 4094 vel
1331 4028 1659 4094 dumtaxat

62 4117 247 4184 solae
278 4114 623 4202 Dignitates
657 4115 1032 4182 earumdem
1071 4115 1500 4182 Ecclesiarum
1545 4118 1657 4183 ca-

66 4199 514 4272 thedralium'?

207 4290 538 4357 Eiusmodi
583 4309 778 4377 porro
817 4290 1279 4377 quaestionem,
1313 4309 1509 4378 snper
1537 4309 1658 4377 qua

62 4382 241 4447 alter
288 4397 368 4445 ex
411 4377 922 4468 Apostolicarum
953 4378 1508 4451 caeremoniarum
1539 4382 1659 4444 Ma·

63 4466 292 4555 gistris
356 4485 547 4533 suum
613 4466 782 4554 typis
850 4485 1073 4533 cusum
1145 4465 1349 4532 edidit
1409 4477 1655 4550 votum,

63 4573 280 4643 qunm
348 4559 543 4623 Emus
602 4566 667 4622 et
727 4557 919 4621 limus
974 4558 1049 4621 D.
1099 4553 1285 4621 card.
1347 4554 1658 4621 Antonius

63 4642 266 4712 Maria
301 4642 688 4711 Panebianco
735 4642 1168 4743 proposuisset
1215 4641 1279 4707 in
1321 4641 1661 4710 ordinariis

63 4729 365 4800 comitiis
420 4733 752 4799 Sacrorum
813 4733 1075 4798 Rituum
1135 4730 1658 4816 Congregationis

63 4818 390 4889 hodierna
452 4818 556 4886 die
610 4819 687 4885 ad
758 4818 1129 4885 Vaticanum
1185 4816 1411 4884 habitis
1438 4840 1482 4905 ς·
1517 4817 1658 4884 Emi

64 4919 138 4975 et
188 4905 332 4974 mni
379 4909 588 4973 Patres
633 4906 835 4974 Sacris
893 4904 1147 4971 tuendis
1192 4904 1436 4972 Ritibus
1483 4925 1661 4994 prae-

61 4993 294 5084 positi,
328 5002 472 5079 post
500 5002 860 5061 accuratum
906 4993 1191 5060 omnium
1240 5010 1533 5076 examen,
1565 5013 1661 5060 re-

63 5081 489 5155 scribendum
519 5092 954 5151 censuerunt:
1004 5102 1045 5146 ι
1077 5080 1354 5169 lntelligi
1385 5083 1657 5170 capituli

65 5170 474 5260 Dignitatos3
524 5181 590 5236 et
633 5169 786 5259 ipsis
843 5167 1336 5253 celebrantibus,
1383 5169 1658 5257 aspersio

63 5260 180 5327 fiat
229 5276 353 5347 per
396 5256 844 5344 Presbyterum
873 5278 939 5326 ν.

208 5347 325 5414 Die
370 5348 454 5415 22
502 5346 701 5412 Martii
757 5349 947 5414 1862.

2405 420 2716 486 muas
3121 398 3349 505 (esso)

2247 546 2325 611 IN
2370 544 2878 610 BALEARIBUS.

1777 420 2012 492 3112.

1900 773 2196 863 Magister
2258 772 2813 840 caeremoniarum
2868 772 3187 839 Ecclesiae
3244 778 3356 842 ca-

1768 863 2074 930 thedralis
2118 860 2365 927 Palmae
2412 860 2475 927 in
2519 858 2882 927 Balearibus
2926 880 2957 926 a
3005 862 3188 927 Sacra
3250 862 3355 928 Ri-

1769 962 1954 1018 tuum
2013 947 2521 1049 congregatione
2580 947 2915 1047 sequentia
2986 948 3101 1013 tria
3163 947 3356 1016 dubia

1769 1037 2077 1107 declarari
2125 1035 2482 1103 humillime
2528 1035 2741 1123 petiit.

1900 1124 2175 1193 Dubium
2206 1128 2257 1191 1.
2290 1126 2497 1203 Quum
2543 1126 2721 1209 leges
2754 1122 2995 1191 manici
3044 1123 3177 1191 ales
3205 1142 3355 1210 pro-

1770 1213 2029 1282 hibeant
2075 1213 2414 1298 quominus
2460 1213 2537 1282 ad
2583 1211 2929 1279 Ecclesiam
3022 1209 3353 1279 eferantur

1767 1303 2070 1370 cadavera
2113 1300 2590 1384 defunctorum,
2625 1318 2694 1366 ac
2731 1299 2993 1385 proinde
3026 1317 3350 1384 nunquam

1768 1390 1989 1458 lunera
2029 1388 2275 1455 institui
2320 1387 2564 1473 possint
2659 1397 2947 1453 raesente
2991 1387 3351 1466 cadavere;

1767 1476 2141 1565 quaeritur:
2191 1479 2314 1561 An,
2364 1494 2493 1543 non
2524 1494 2598 1542 ce
2629 1475 2841 1541 ebrata
2885 1473 3066 1539 Missa
3111 1474 3198 1540 de
3230 1479 3353 1542 Re-

1767 1565 1918 1651 quie
1942 1564 2049 1632 die
2080 1563 2374 1650 sequenti
2408 1582 2533 1630 non
2572 1561 2902 1650 impedita,
2935 1581 3005 1627 ea
3038 1561 3347 1629 celebrari

1763 1652 1975 1807 possit?
2006 1651 2113 1719 die
2159 1653 2263 1719 vel
2298 1651 2508 1737 tertia,
2542 1651 2646 1717 vel
2678 1648 2970 1737 septima,
3006 1649 3110 1716 vel
3154 1651 3353 1737 trige-

1764 1761 1920 1808 sima

1897 1826 2170 1894 Dubium
2216 1831 2292 1892 ll.
2341 1828 2439 1893 An
2485 1827 2562 1894 ad
2610 1823 3057 1893 celebrandam
3105 1827 3349 1892 nissam

1766 1917 1849 1984 de
1886 1916 2155 2002 Requie,
2193 1914 2256 1981 in
2288 1913 2532 2000 duplici
2577 1932 2707 1980 non
2751 1913 3089 2001 impedite,
3125 1912 3351 1981 diebus

1767 2004 1978 2087 tertia,
2025 2003 2292 2090 septima
2323 2011 2389 2068 et
2419 2001 2738 2088 trigesima
2782 2000 3146 2087 requiratur
3175 2000 3348 2087 quod

1765 2091 2107 2159 defunctus
2152 2092 2242 2157 sic
2278 2089 2665 2156 ordinaverit
2697 2090 2757 2158 in
2789 2107 2905 2156 suo
2938 2099 3347 2172 testamento,

1765 2189 1836 2248 ut
1876 2179 2148 2246 innuunt
2179 2177 2374 2265 aliqui
2418 2179 2772 2263 Auctores3
2824 2179 2930 2244 vel
2976 2177 3189 2262 potius
3218 2176 3348 2244 sul·

1764 2267 1930 2336 ficiat
1977 2267 2267 2334 voluntas
2312 2265 2952 2353 consanguineorum,
3002 2266 3349 2332 amicorum

1763 2358 1868 2424 vel
1919 2353 2281 2422 testamenti
2331 2350 2805 2420 executorum?

1892 2443 2165 2510 Dubium
2211 2445 2312 2509 111.
2362 2442 2460 2507 An
2507 2440 2571 2507 in
2623 2440 3132 2508 solemnitatibus
3178 2441 3346 2508 Nati·

1762 2532 1993 2615 vitatis,
2041 2530 2309 2597 Paschae
2357 2538 2422 2595 et
2467 2527 2865 2597 Ascensionis
2923 2530 3170 2597 Domini
3222 2531 3347 2596 No-

1762 2621 1875 2688 stri
1929 2623 2069 2687 lesu
2128 2617 2359 2686 Christi
2412 2615 2478 2683 in
2540 2616 2718 2683 Missa
2779 2617 3050 2685 solemni
3107 2626 3346 2683 cantata

1763 2726 1971 2776 coram
2004 2705 2406 2774 sanctissimo
2437 2705 2870 2772 Eucharistiae
2907 2708 3343 2788 Sacramento,

1763 2796 1995 2884 apponi
2031 2795 2262 2863 debeat
2285 2794 2807 2860 commemoratio
2832 2793 3216 2861 Sanctissimi
3241 2794 3345 2859 Sa-

1762 2882 2106 2962 cramenti;
2141 2881 2244 2948 vel
2276 2881 2490 2968 potius
2518 2878 2786 2947 sufficiat
2815 2881 2998 2948 unica
3030 2880 3238 2949 Oratio
3262 2882 3345 2948 de

1762 2967 2211 3040 solemnitate?

1896 3064 2077 3128 Sacra
2126 3078 2319 3146 porro
2363 3057 2623 3126 Rituum
2655 3057 3106 3145 congregatio,
3141 3058 3205 3124 in
3235 3062 3344 3127 Or·

1765 3148 2003 3218 (linario
2065 3149 2266 3214 coetu
2314 3147 2391 3214 ad
2438 3145 2809 3213 Vaticanum
2870 3144 3177 3215 hodierna
3239 3145 3344 3213 die

1764 3237 2132 3319 coadunata,
2181 3232 2521 3323 propositis
2574 3232 2784 3299 dubiis
2845 3242 3137 3303 accurate
3199 3250 3345 3320 per-

1765 3323 2002 3414 pensis»,
2051 3320 2536 3389 rescribendum
2583 3321 2877 3388 censuit:

1895 3412 1988 3479 Ad
2035 3415 2084 3477 1.
2135 3431 2172 3474 α
2205 3416 2274 3478 ln
2318 3428 2499 3493 casu,
2548 3408 2776 3476 diebus
2838 3408 3027 3476 etiam
3081 3406 3345 3475 Festivis

1763 3502 1845 3570 de
1890 3507 2237 3587 praecepto
2271 3508 2336 3566 et
2366 3497 2731 3598 duplicibus
2762 3497 3084 3565 secundae
3107 3490 3367 3580 classis,

1765 3587 2165 3678 permittitur
2208 3606 2331 3654 una
2390 3590 2571 3653 Missa
2623 3584 2924 3655 solemnis
2971 3584 3055 3652 de
3101 3582 3343 3672 Requie

1765 3695 1912 3743 cum
1973 3674 2368 3741 absolutione
2416 3684 2482 3740 et
2538 3670 2834 3762 precibus
2889 3692 3051 3759 quae
3114 3673 3176 3742 in
3236 3672 3345 3740 die

1765 3764 1973 3831 obitus
2035 3762 2176 3831 fieri
2237 3772 2321 3828 et*
2356 3762 2606 3830 recitari
2664 3760 2909 3846 solent,
2957 3760 3201 3830 etiamsi
3247 3781 3343 3827 ca-

1760 3855 1964 3920 daver
2030 3850 2111 3917 ob
2180 3849 2402 3917 civiles
2468 3848 3004 3950 praescriptiones
3071 3869 3198 3916 non
3261 3849 3345 3916 sit

1765 3958 2064 4030 praesens
2111 3939 2176 4005 in
2236 3939 2565 4018 Eccles1a3
2625 3935 2740 4003 sed
2799 3936 3007 4004 adhuc
3061 3937 3343 4024 insepul-

1767 4043 1926 4110 tum,
1976 4046 2097 4114 qua
2144 4027 2333 4095 decet
2375 4025 2717 4114 religione,
2763 4035 3055 4091 servatur
3090 4026 3156 4092 in
3202 4028 3343 4093 loco

1762 4117 2058 4185 decenti:
2093 4113 2377 4203 apposito
2424 4123 2634 4181 tamen
2678 4113 2743 4180 in
2791 4111 3075 4180 Ecclesia
3119 4112 3345 4180 lodicis

1761 4224 1876 4272 seu
1921 4202 2087 4290 nigri
2137 4202 2324 4290 panni
2368 4201 2550 4288 signo
2598 4201 2674 4268 ab
2722 4219 2800 4266 eo
2838 4199 3117 4285 diverso,
3167 4199 3342 4286 quod

1765 4295 1829 4359 in
1874 4289 2320 4358 Anniversario
2365 4289 2729 4370 adhibetur,
2777 4296 2849 4354 ut
2896 4287 3125 4357 fideles
3151 4287 3342 4355 intel-

1761 4381 1958 4468 ligant
2003 4378 2246 4446 Missam
2290 4373 2463 4445 hisce
2509 4373 2736 4443 diebus
2784 4375 2996 4442 offerri
3031 4376 3093 4443 in
3128 4376 3343 4465 expia·

1759 4469 2000 4534 tionem
2047 4466 2289 4533 animae
2337 4465 2507 4531 illius
2554 4463 2866 4545 defuncti,
2903 4463 3085 4531 cuius
3116 4482 3344 4565 corpus

1765 4553 2065 4622 traditum
2114 4564 2319 4620 terrae
2351 4551 2556 4620 adhuc
2587 4569 2715 4618 non
2746 4549 2891 4634 fuit,
2929 4561 2992 4618 et
3021 4554 3344 4620 Ecclesiae

1760 4641 2061 4730 precibus
2103 4641 2295 4708 etiam
2340 4638 2628 4729 proprias
2672 4638 3117 4726 adiungam».

1894 4728 1988 4796 Ad
2037 4734 2110 4797 ΙΙ.
2164 4749 2201 4792 ‹
2234 4729 2568 4816 Negative,
2616 4728 2692 4794 ad
2743 4726 3011 4816 primam
3160 4739 3339 4807 tem;

1759 4816 2177 4901 Affirmative,
2211 4818 2287 4884 ad
2317 4817 2662 4884 secundam
2690 4830 2710 4894 ;
2749 4817 3012 4883 dummo
3064 4835 3101 4881 o
3132 4833 3342 4882 sermo

1760 4909 1842 4975 sit
1885 4905 1969 4973 de
2017 4905 2195 4989 Missa
2242 4914 2480 4972 cantata
2510 4926 2575 4970 ιν.

1893 4993 1991 5061 Ad
2050 4996 2150 5060 111.
2214 5013 2255 5057 ι
2294 4991 2682 5061 servandam
2749 4991 3240 5059 Instructionem
3310 5012 3343 5057 a

1762 5103 1816 5148 s.
1863 5099 1956 5149 m.
2006 5081 2341 5150 clemente
2403 5084 2563 5167 Papa
2620 5082 2731 5146 XII
2784 5080 2989 5146 datam
3048 5079 3344 5147 calendis

1763 5168 2159 5256 Septembris
2211 5171 2379 5236 1730
2426 5176 2542 5256 pro
2586 5165 2878 5234 Oratione
2922 5167 3344 5257 Quadraginta

1765 5261 2073 5325 Horarum
2106 5278 2174 5323 ν.

1895 5345 2010 5413 Die
2056 5349 2140 5412 22
2187 5343 2387 5412 Martii
2436 5346 2629 5413 1862.
