4042 5950
1447 269 1918 349 -245-

616 425 1039 493 NOVAROEN.

109 426 323 497 2692.
1399 424 1627 513 (seso)

208 604 344 667 Eme
387 610 450 667 et
491 604 645 667 Rme
703 600 972 668 Domine
1030 598 1625 669 observantissime.

207 692 512 757 Sacrorum
536 688 797 756 Rituum
828 687 1322 775 congregationi
1352 708 1471 774 sup
1523 688 1631 758 lex

106 776 376 847 exhibitus
404 776 519 844 fuit
549 776 834 845 Libellus
872 796 992 864 pro
1039 786 1220 865 parte
1268 780 1460 846 Sacer
1510 777 1631 843 otis

105 864 287 953 loseph
314 864 657 933 De-Veccbi
688 864 1158 933 caeremonarii
1189 864 1371 931 istius
1402 866 1631 933 cathe-

104 955 258 1021 dralis
273 953 595 1021 Novarien.
617 963 683 1021 et
706 952 1054 1020 Directoris
1073 953 1424 1021 calendarii
1446 954 1631 1020 Dioe-

105 1043 251 1126 cesis,
279 1041 379 1128 qui
420 1041 761 1109 advertens
792 1040 869 1108 ab
914 1060 1077 1108 anno
1130 1044 1298 1109 1788
1342 1041 1418 1108 ad
1468 1042 1628 1109 hanc

105 1148 266 1216 nsque
307 1129 469 1196 diem
511 1128 851 1215 Breviaria,
902 1133 1097 1196 Horas
1142 1129 1436 1211 Diurnas,
1489 1130 1632 1196 Mis-

105 1219 242 1302 salia,
283 1218 478 1284 Officia
534 1238 724 1305 parva
782 1222 1008 1286 Beatae
1067 1218 1291 1284 Mariae
1353 1217 1632 1305 Virginis

107 1315 154 1371 et
187 1305 369 1372 Officia
412 1304 860 1373 Hebdomadae
906 1306 1184 1390 maioris,
1219 1324 1383 1391 quae
1414 1306 1631 1374 denuo

106 1394 281 1480 praelo
333 1393 738 1478 mandantur,
801 1414 931 1461 non
994 1394 1321 1461 continere
1370 1394 1632 1462 Ordina-

105 1481 302 1547 riorum
343 1482 769 1549 attestationes
822 1481 1004 1569 queis
1061 1481 1432 1549 declaretur
1479 1481 1633 1563 haec

108 1569 435 1655 exemplaria
490 1571 883 1638 concordare
939 1589 1087 1637 cum
1147 1569 1246 1637 his
1306 1588 1470 1654 quae
1528 1568 1631 1637 hic

106 1660 296 1723 Romae
313 1669 453 1725 sunt
483 1659 819 1745 impressa,
846 1659 924 1725 ad
958 1658 1282 1725 tramitem
1306 1657 1636 1727 Baliarum

106 1746 273 1811 Sancti
313 1745 396 1812 Pii
425 1750 501 1832 V,
549 1748 903 1816 clementis
941 1749 1073 1815 v111
1110 1756 1174 1813 et
1206 1745 1438 1813 Urbani
1469 1749 1628 1829 VIII,
1661 1804 1688 1836 ,

106 1851 230 1917 quae
256 1832 311 1898 in
341 1832 547 1901 fronte
569 1833 871 1903 Breviarii
894 1835 1157 1901 Romani
1180 1833 1630 1921 reperiuntur;

107 1920 406 2005 postulabat
446 1922 789 1990 declarari:
844 1925 1013 1990 Num
1059 1924 1250 1990 etiam
1296 1941 1464 1989 nunc
1498 1941 1633 1989 ser-

108 2008 204 2073 vari
241 2009 498 2101 debeant
541 2011 899 2079 recensitae
933 2009 1436 2080 constitutiones
1478 2015 1634 2078 Pon·

107 2095 323 2176 tificiae3
368 2109 431 2165 et
469 2118 625 2166 num
666 2109 1164 2187 transgressores
1202 2117 1439 2185 poenas
1482 2097 1635 2165 inibi

107 2183 325 2251 inflictas
365 2186 726 2273 incurrant,
772 2187 1151 2273 praesertim
1209 2205 1290 2253 ex
1336 2206 1413 2252 eo
1462 2185 1634 2272 quod

105 2271 154 2335 in
189 2276 664 2360 praesentiarum
710 2276 927 2343 nullus
979 2273 1255 2362 supersit
1300 2271 1634 2341 dubitandi

106 2358 268 2445 locus,
291 2362 438 2448 quin
476 2363 810 2431 emendata
836 2363 1226 2451 exemplaria
1256 2381 1408 2449 prae
1437 2360 1636 2429 oculis

105 2446 153 2513 in
189 2450 419 2518 cusione
464 2452 859 2539 habeantur;
912 2470 988 2519 eo
1032 2450 1138 2519 vel
1187 2450 1410 2538 magis,
1460 2447 1631 2536 quod

108 2537 329 2605 maxime
377 2549 833 2626 torquerentur
870 2539 1324 2622 conscientiae,
1362 2548 1497 2605 tum
1529 2556 1635 2603 eo-

104 2642 216 2691 rum
254 2626 353 2713 qui
398 2627 653 2696 lucrum
687 2647 769 2694 ex
800 2627 1175 2695 venditione
1214 2625 1528 2693 librorum
1559 2624 1635 2690 li-

106 2712 446 2799 turgicorum
507 2715 917 2806 percipiunt,
977 2726 1114 2783 tum
1171 2713 1634 2782 Ecclesiastico-

104 2818 216 2866 rum
252 2802 350 2888 qui
393 2803 520 2870 illis
566 2804 662 2870 uti
708 2803 978 2888 debent,
1012 2821 1216 2889 quum
1260 2799 1489 2868 nullibi
1535 2818 1635 2867 re-

105 2889 385 2973 periantur
428 2891 516 2958 illi
580 2892 757 2959 hisce
801 2890 1305 2959 attestationibus
1367 2887 1635 2968 muniti;

103 2989 521 3075 proptereaque
570 2981 869 3081 cupiebat
912 2980 1177 3047 demum
1227 2977 1490 3045 concedi
1538 2988 1634 3061 ut,

101 3082 210 3131 sine
245 3067 365 3134 ulla
407 3070 833 3155 dubitatione,
866 3070 1010 3156 quis
1054 3067 1286 3134 horum
1327 3064 1639 3132 librorum

103 3169 254 3220 usum
291 3156 402 3225 sibi
450 3158 834 3247 permittere
880 3157 1154 3223 valeret.

205 3245 370 3312 Sacra
426 3266 583 3314 vero
652 3243 1109 3333 congregatio,
1174 3241 1242 3308 in
1308 3240 1638 3308 Ordinatio

103 3332 265 3399 coetu
303 3333 377 3400 ad
409 3338 783 3403 Vaticanum
829 3330 1222 3419 infrascripta
1270 3330 1376 3397 die
1406 3330 1640 3397 coadu-

101 3429 234 3503 nata,
275 3421 477 3489 audita
522 3423 838 3489 relatione
884 3442 916 3486 a
945 3423 1105 3486 Rmo
1135 3422 1321 3485 Dom.
1354 3420 1640 3485 Secreta-

102 3503 174 3571 rio
215 3507 357 3576 lacta
400 3521 465 3578 et
513 3507 808 3578 omnibus
863 3518 1112 3574 mature
1159 3506 1494 3594 perpensis
1542 3524 1640 3572 ac-

99 3607 403 3684 curateque
448 3597 888 3681 consideratis,
937 3594 1338 3662 Eminentiae
1379 3597 1642 3663 Vestrae

99 3682 464 3755 scribendum
500 3706 640 3756 esse
669 3685 918 3754 censuit
947 3704 1015 3751 ac
1047 3680 1392 3751 declarari:
1422 3703 1461 3746 ‹
1486 3684 1640 3747 Pon·

102 3767 285 3840 tilicias
325 3774 821 3843 constitutiones
865 3773 932 3840 in
975 3792 1091 3839 suo
1128 3770 1361 3837 robore
1439 3786 1643 3837 erma·

100 3876 269 3942 nere;
323 3874 387 3930 et
438 3865 708 3932 abusum
766 3881 895 3930 non
942 3878 1087 3927 esse
1134 3861 1378 3925 toleran
1427 3876 1638 3924 um»:

103 3949 233 4015 Haec
281 3951 569 4020 eiusdem
631 3954 857 4018 Sacrae
901 3946 1428 4035 congregationis
1465 3953 1642 4012 'mau-

102 4034 214 4102 data
240 4038 674 4109 lubentissimo
706 4038 915 4106 animo
948 4037 1105 4104 dum
1131 4055 1444 4121 exequor,
1470 4033 1641 4100 Emi·

101 4125 313 4194 nentiae
336 4132 599 4196 Vestrae
631 4146 854 4195 manus
883 4124 1246 4195 humillime
1276 4121 1640 4191 deosculor.

103 4213 297 4281 Romae
341 4221 376 4285 7
422 4216 663 4307 Aprilis
714 4219 904 4284 1832.

446 4369 831 4481 clvrrs‘rls
885 4411 1258 4477 cssrstm

797 4552 913 4600 8811

597 4658 1116 4726 ursanum.

103 4407 328 4479 2693.
1416 4403 1641 4495 (test)

206 4834 729 4923 archipresbyter
759 4832 1109 4902 hodiernus
1135 4837 1399 4903 Sanctae
1430 4832 1652 4900 Mariae

103 4916 303 4987 Felcati
361 4922 682 4990 Dioecesis
726 4923 1008 4991 civitatis
1054 4921 1312 4990 castelli
1359 4943 1392 4988 a
1439 4925 1655 4989 Sacro·

103 5022 218 5072 rum
246 5012 503 5079 Rituum
536 5010 1047 5099 congregatione
1078 5011 1440 5080 humillime
1472 5010 1658 5098 petiit

101 5099 399 5182 sequentia
445 5100 640 5168 dubia
687 5099 1047 5170 declarari:

215 5189 268 5253 1.
324 5192 421 5256 An
485 5188 832 5256 celebratio
886 5187 1104 5256 Missae
1154 5197 1461 5272 cantatae,
1508 5186 1562 5253 si
1623 5208 1656 5254 a

104 5289 196 5356 pro
241 5276 329 5342 rio
374 5278 655 5345 Parocho
700 5278 766 5343 in
800 5298 911 5345 sua
941 5276 1251 5362 Ecclesia,
1285 5275 1390 5343 vel
1425 5275 1488 5342 in
1520 5275 1655 5341 aliis

100 5361 205 5427 Ecc
232 5364 368 5431 esiis
414 5366 761 5453 parochiali
804 5385 957 5433 suae
1012 5364 1335 5433 Ecclesiae
1397 5363 1658 5432 adnexis

1727 444 1885 580 nonb
1906 437 2287 582 perggatur,
2349 435 2602 516 spectet
2662 428 2740 496 ad
2791 427 3166 499 viciniorem
3210 433 3321 499 Pa-

1729 532 1838 581 roc
1890 532 1998 581 um

1861 605 1926 668 2.
1975 605 2074 669 An
2130 601 2479 671 celebratio
2536 623 2858 671 sacrarum
2917 604 3318 674 functionum

1728 691 2096 779 peragenda
2144 691 2209 757 in
2263 691 2547 760 Ecclesia
2604 692 3088 779 independente
3134 716 3166 762 a
3213 698 3320 762 Pa-

1733 779 1962 862 rocbo,
2019 778 2134 847 sed
2190 778 2353 847 intra
2413 779 2723 848 ambitum
2780 800 2933 849 suae
2990 783 3321 853 Paroeciae

1729 876 2052 952 contenta,
2101 887 2131 933 s
2182 877 2352 935 ectet
2399 868 2476 935 ad
2524 869 2902 952 Parochum,
2952 869 3006 935 si
3051 871 3320 970 cappel-

1730 952 1911 1021 lanus
1980 955 2089 1023 eiu
2168 974 2273 1022 em
2339 955 2666 1024 Ecclesiae
2735 957 2899 1045 ipsas
2961 955 3322 1026 functiones

1731 1061 1860 1109 non
1906 1042 2104 1128 agat?

1860 1133 1922 1199 3.
1975 1131 2074 1199 An
2120 1130 2184 1197 in
2230 1130 2554 1199 Dominica
2590 1131 2947 1200 Palmarum
2976 1134 3317 1217 Parochus,

1728 1228 1984 1306 peracta
2046 1219 2499 1288 benedictione
2561 1232 2627 1288 et
2681 1221 3129 1289 distributione
3190 1222 3321 1310 pal-

1726 1324 1999 1391 marum,
2036 1305 2102 1375 in
2136 1306 2264 1375 fine
2306 1309 2525 1376 Missae
2572 1308 2805 1378 debeat
2846 1309 3072 1378 dicere
3119 1312 3321 1377 Evan-

1729 1393 1973 1479 gelium
2021 1395 2489 1465 benedictionis
2519 1398 2914 1477 Palmarum;
2962 1399 3067 1465 vel
3109 1396 3323 1467 Sancti

1732 1482 2002 1551 loannis.

1821 1596 1824 1603 ·
1864 1572 1932 1638 4.
1978 1572 2076 1639 An
2130 1571 2197 1640 in
2242 1572 2419 1640 Missa
2471 1592 2592 1658 pro
2638 1576 2885 1660 Sponso
2940 1583 3007 1641 et
3051 1576 3319 1661 Sponsa,

1733 1658 2004 1726 dicenda
2028 1659 2258 1727 diebus
2281 1662 2734 1746 Rogationum,
2758 1661 3135 1731 earumdem
3158 1679 3325 1728 com-

1734 1748 2115 1815 memoratio
2163 1748 2451 1817 facienda
2494 1746 2623 1815 sit'?

1862 1839 1941 1901 Et
1987 1839 2173 1903 Sacra
2204 1836 2466 1903 Rituum
2498 1837 2948 1924 congregatio,
2982 1839 3101 1909 sub
3136 1839 3323 1907 infra-

1730 1922 1852 1990 scri
1905 1935 1962 1989 ta
2008 1924 2118 1992 die
2162 1924 2240 1991 ad
2285 1923 2603 2002 Quirinale
2651 1926 2717 1992 in
2761 1925 3090 1994 ordinario
3122 1931 3326 1995 coetu

1734 2030 1842 2077 coa
1894 2023 2105 2096 unata,
2149 2011 2471 2079 referente
2506 2011 2908 2102 infrascripto
2938 2015 3322 2100 secretario,

1735 2099 2262 2186 respondendum
2309 2100 2607 2168 censuitz

1862 2188 1959 2255 Ad
2010 2192 2072 2255 1.
2123 2208 2163 2253 ‹
2195 2189 2541 2274 Negative;
2601 2186 2778 2255 iuxta
2844 2193 3194 2257 Decretum
3258 2190 3326 2257 in

1733 2274 2143 2342 Bisinianensi
2190 2275 2321 2343 diei
2366 2281 2408 2344 6
2452 2274 2739 2345 Octobris
2791 2280 2959 2345 1640
2992 2299 3055 2343 ».

1861 2362 1959 2429 Ad
2008 2368 2075 2431 Ξ.
2125 2385 2165 2430 ‹
2201 2364 2545 2451 Negative;
2608 2363 2784 2430 iuxta
2849 2369 3198 2434 Decretum
3258 2365 3323 2434 in

1734 2452 2052 2519 Verulana
2096 2451 2227 2519 diei
2273 2457 2314 2520 2
2361 2450 2563 2521 Martii
2616 2454 2780 2521 1641
2816 2474 2884 2521 ».

1865 2540 1962 2608 Ad
2010 2544 2076 2608 3.
2126 2562 2165 2605 ‹
2199 2540 2265 2608 Si
2320 2558 2439 2629 per
2496 2559 2568 2607 se
2631 2540 2998 2642 expleverit
3059 2541 3323 2610 benedi-

1734 2627 2014 2696 ctionem
2060 2629 2414 2696 Palmarum
2463 2629 2839 2697 immediate
2870 2638 3018 2697 ante
3048 2633 3323 2715 Missam,

1734 2715 1958 2803 legere
2005 2715 2201 2785 debet
2248 2716 2670 2805 Evangelium
2713 2718 2911 2786 sancti
2957 2719 3201 2787 loannis
3258 2718 3327 2786 in

1736 2804 1863 2871 fine
1911 2805 2127 2871 Missae
2163 2827 2226 2870 ιν.

1866 2894 1964 2960 Ad
2010 2897 2074 2960 4.
2125 2914 2165 2959 ι
2187 2892 2618 2980 Affirmative;
2655 2893 2830 2960 iuxta
2859 2895 3174 2963 Generale
3204 2897 3326 2961 De-

1737 2991 1986 3049 cretum
2031 2984 2152 3049 sub
2198 2982 2305 3051 die
2353 2986 2391 3049 3
2438 2982 2636 3049 Martii
2692 2986 2859 3051 1818
2891 3003 2955 3047 ».

1869 3074 2079 3156 Atque
2126 3070 2211 3137 ita
2254 3070 2626 3137 declaravit.
2675 3069 2793 3136 Die
2830 3073 2915 3136 28
2951 3069 3091 3136 Iulii
3126 3074 3323 3140 1832.

2186 3261 2491 3328 ORDINIS
2535 3260 2889 3326 ultionum

2285 3367 2351 3432 S.
2385 3365 2788 3431 FRANCISCI

2113 3472 2577 3539 PROVINCIAE
2624 3470 2688 3536 S.
2728 3471 2956 3538 PAULI

2171 3575 2899 3643 VALLISOLETANAE.

1742 3259 2005 3331 2694.
3092 3259 3316 3347 (teos)

1872 3770 2164 3850 Quaestio
2211 3770 2522 3856 quaedam
2570 3768 2741 3836 inter
2783 3773 3031 3837 Fratres
3081 3772 3332 3840 Ordinis

1743 3860 2060 3928 Minorum
2106 3859 2314 3928 Sancti
2360 3857 2671 3925 Francisci
2725 3857 3089 3928 Provinciae
3136 3860 3330 3928 Valli-

1743 3948 2065 4016 soletanae
2097 3946 2469 4034 nuperrime
2503 3956 2636 4012 orta
2661 3964 2862 4031 quum
2893 3945 3088 4014 fuerit
3118 3948 3329 4034 quoad

1744 4036 2190 4105 recitationem
2235 4033 2570 4103 versiculi:
2620 4035 2890 4101 Animae
2932 4053 3176 4118 eorum,
3233 4035 3330 4103 di-

1744 4124 1935 4192 cendi
1992 4134 2138 4214 post
2199 4122 2665 4190 absolutionem
2724 4122 2801 4189 ad
2860 4123 3208 4206 tumulum,
3266 4133 3335 4193 et

1746 4214 2074 4298 sequentis
2121 4211 2501 4299 antiphonae
2549 4228 2694 4278 cum
2739 4210 3018 4277 Psalmo:
3069 4213 3157 4277 Da
3180 4230 3331 4295 pro-

1748 4302 2001 4386 fundis,
2041 4300 2376 4369 redeundo
2416 4299 2494 4367 ad
2528 4297 2884 4365 Sacristiam
2915 4298 2979 4365 in
3006 4297 3116 4366 die
3145 4302 3332 4367 com-

1746 4388 2220 4456 memorationis
2280 4386 2566 4454 omnium
2625 4385 2945 4454 Fidelium
2998 4386 3332 4456 defuncto-

1747 4492 1941 4556 rum;
1991 4474 2419 4553 asserentibus
2457 4473 2779 4542 nonnullis
2812 4474 3126 4563 praesidio
3157 4475 3333 4543 fultis

1754 4576 1892 4632 tum
1936 4563 2193 4631 Decreti
2242 4563 2399 4632 editi
2443 4566 2483 4629 2
2530 4559 2899 4630 Decembris
2935 4566 3102 4631 1684
3148 4584 3183 4630 2
3226 4566 3335 4633 Sa·

1752 4671 2008 4719 crorum
2054 4655 2313 4720 Rituum
2359 4650 2894 4738 congregatione,
2945 4659 3081 4717 tum
3140 4671 3338 4739 pecu-

1749 4738 1921 4808 liaris
1965 4740 2275 4808 Rubricae
2320 4737 2624 4805 Breviarii
2678 4735 2929 4805 Ordinis
2985 4738 3339 4806 Francisca-

1751 4848 2013 4911 norum,
2041 4829 2203 4895 hanc
2227 4826 2666 4894 recitationem
2694 4824 3113 4892 omittendam
3136 4841 3156 4906 3
3189 4826 3339 4893 hae·

1753 4916 2043 4984 rentibus
2072 4915 2209 4982 aliis
2239 4914 2306 4981 in
2338 4915 2640 5002 opinione
2663 4932 2803 4981 esse
2827 4912 3037 4979 omnia
3068 4912 3343 4981 dicenda

1756 5026 1836 5073 ex
1900 5004 2278 5072 auctoritate
2342 5001 2669 5070 cuiusdam
2728 5000 3025 5067 Manualis
3082 5006 3342 5069 Proces-

1756 5093 2008 5161 sionalis
2075 5101 2464 5160 memoratae
2530 5088 2897 5158 Provinciae
2959 5089 3124 5179 typis
3187 5088 3346 5158 editi

1760 5201 1922 5250 anno
1975 5185 2188 5269 {7743
2260 5179 2407 5247 ideo
2470 5178 2549 5247 ad
2609 5177 3039 5245 conciliandos
3105 5178 3345 5245 animos

1758 5270 2294 5357 concordiamque
2338 5268 2705 5356 parandam,
2739 5285 2811 5332 ac
2840 5265 3344 5335 uniformitatem

1763 5357 1961 5447 magis
2004 5359 2331 5448 magisque
2363 5355 2773 5426 obtinendam
2803 5353 2869 5422 in
2903 5351 3340 5424 ecclesiasticis
