4042 5950
2025 208 2440 286 -52-

607 360 723 445 sia,
773 363 1028 450 praevia
1059 361 1450 431 discussione
1482 361 2028 449 infrascriptarum
2073 362 2191 429 du·

612 448 892 534 biorum,
939 470 1215 539 nempe:

740 541 839 605 An
893 539 974 605 sit
1026 538 1325 605 standum
1372 541 1475 606 vel
1531 529 1969 605 recedendum
2016 559 2049 604 a
2080 538 2192 604 de-

610 625 753 691 cisis
787 624 849 693 in
873 626 1079 715 primo
1134 635 1197 692 et
1240 628 1523 696 secundo
1561 625 1757 693 dubio
1791 624 1923 693 diei
1967 630 2047 692 15
2084 628 2195 690 Fe-

612 710 849 780 bruarii
901 718 1098 797 1727,
1149 713 1213 780 in
1259 733 1407 781 casu
1455 711 1628 781 etc.‘?

743 803 810 868 S.
861 802 1085 869 eadem
1132 805 1206 869 R.
1257 805 1372 885 C.,
1421 802 1499 869 ad
1564 800 1939 868 relationem
1998 800 2197 887 ipsius

611 887 754 957 Ειῑιί
812 889 1157 957 Cardinalis
1203 891 1269 955 S.
1328 889 1615 976 Agnetis,
1679 898 1949 972 utraque
2008 898 2191 972 parte

612 976 863 1063 scriptis
907 985 974 1042 et
1027 996 1188 1043 voce
1248 978 1482 1043 iterum
1540 974 1789 1058 audita,
1840 973 2194 1041 rescriben-

612 1063 768 1130 dum
825 1064 1108 1130 censuit:
1172 1086 1209 1128 ‹
1243 1069 1313 1132 In
1373 1063 1637 1147 decisis;
1702 1072 1767 1129 et
1826 1062 2191 1150 amplius».

612 1154 693 1215 Et
737 1150 819 1216 ita
879 1150 1173 1218 decrevit
1229 1173 1300 1219 ac
1358 1150 1596 1217 servari
1665 1149 2012 1217 mandavit.
2081 1149 2193 1215 Die

618 1240 695 1305 17
745 1239 882 1306 lulii
935 1243 1130 1307 1734.

614 1379 866 1447 2307.
1099 1346 1707 1447 ΜοΝοΡοιιτᾹΝΑ.
1969 1378 2193 1465 (4023)

745 1504 953 1593 Super
999 1501 1141 1568 iure
1186 1511 1523 1588 praetenso
1571 1522 1605 1565 a
1651 1499 1943 1587 capitulo
1975 1500 2198 1567 Eccle-

613 1588 741 1655 siae
786 1589 1179 1657 Cathedralis
1222 1587 1728 1675 monopolitanae
1784 1588 2068 1673 eligendi
2123 1607 2194 1653 u-

615 1694 769 1742 num
815 1686 1061 1763 tantum
1091 1675 1459 1761 Magistrum
1486 1676 2045 1743 caeremoniarum
2076 1693 2198 1763 per

614 1767 843 1830 limum
916 1765 1302 1851 Episcopum
1379 1773 1601 1850 postea
1664 1763 2149 1850 approbandum
2175 1810 2193 1845 ,

613 1870 731 1937 pro
776 1850 1126 1923 assistentia
1171 1850 1548 1938 praestanda
1599 1851 1662 1918 in
1708 1850 2001 1917 omnibus
2056 1849 2193 1917 fun-

614 1936 963 2023 ctionibus,
1030 1950 1154 2007 tam
1208 1940 1287 2006 ab
1344 1939 1481 2026 ipso
1550 1939 1864 2026 Episcopo
1924 1956 2116 2023 quam
2160 1957 2193 2002 a

616 2025 1081 2113 capitularibus
1130 2025 1570 2111 celebrandis,
1620 2025 1923 2112 expedito
1983 2043 2198 2092 coram

615 2115 689 2178 A.
743 2117 812 2180 C.
865 2115 1228 2200 monitorio,
1267 2125 1330 2180 et
1369 2112 1736 2181 huiusmodi
1769 2112 2198 2179 controversia

614 2199 690 2266 ad
720 2199 1074 2267 instantiam
1107 2201 1491 2268 Promotoris
1522 2200 1774 2267 Fiscalis
1806 2200 2036 2268 Curiae
2066 2199 2199 2287 epi-

616 2287 882 2375 scopalis
928 2288 1004 2354 ab
1052 2294 1208 2357 Effio
1256 2300 1320 2354 et
1367 2292 1524 2355 ano
1572 2292 1643 2353 D.
1682 2288 1870 2356 Card.
1921 2289 2199 2355 Pro-Au-

617 2371 828 2443 ditore
884 2376 1097 2464 ssmi,
1145 2376 1403 2475 praevia
1469 2375 1835 2442 avocatione
1895 2395 2117 2442 causae
2164 2395 2196 2438 a

613 2459 786 2531 dicto
842 2463 1187 2548 Tribunali,
1245 2463 1323 2531 ad
1374 2466 1443 2533 S.
1477 2467 1551 2530 R.
1602 2466 1672 2530 C.
1711 2462 1973 2529 remissa
2003 2472 2198 2547 atque

615 2548 865 2629 delata;
930 2555 1122 2619 Emus
1175 2562 1239 2617 et
1297 2556 1491 2619 Rmus
1547 2554 1617 2615 D.
1684 2550 1872 2618 Card.
1932 2551 2199 2636 Belluga

617 2635 1009 2725 infrascripta
1071 2638 1259 2704 dubia
1328 2638 1493 2705 inter
1553 2647 1763 2724 partes
1822 2636 2202 2704 concordata

544 2733 555 2741 ‘
616 2722 996 2793 declaranda
1043 2729 1405 2814 proposuit:

756 2815 815 2876 1.
866 2815 962 2879 An
1008 2813 1195 2881 liceat
1226 2813 1519 2901 Capitulo
1552 2813 1798 2901 eligere
1830 2814 2198 2898 Magistrum

615 2897 1173 2971 caeremoniarum
1197 2900 1274 2969 ab
1299 2901 1613 3002 Episcopo
1646 2897 2202 2971 confirmandum?

617 2996 681 3053 et
727 3000 1039 3074 quatenus
1083 2990 1491 3074 affirmative,

747 3081 813 3145 2.
863 3079 959 3146 An
1004 3079 1209 3145 valeat
1255 3078 1634 3165 Episcopus,
1670 3078 1848 3144 iustis
1880 3078 1960 3144 de
1999 3077 2203 3145 causis

616 3164 679 3231 in
724 3165 1183 3234 Caeremoniali
1241 3166 1704 3252 Episcoporum
1766 3166 2197 3254 praescriptis,

615 3252 1163 3321 confirmationem
1210 3254 1539 3321 electionis
1583 3254 1950 3340 denegare;
2010 3262 2077 3320 et
2121 3271 2198 3317 an

619 3350 911 3408 teneatur
957 3362 1171 3410 causas
1216 3339 1629 3429 exprimere?
1725 3343 1735 3356 '

747 3433 811 3495 3.
840 3431 936 3495 An
961 3430 1132 3497 idem
1154 3432 1448 3516 Magister
1472 3429 2030 3497 caeremoniarum
2054 3448 2200 3496 cen·

615 3515 741 3583 seri
780 3517 1015 3584 debeat
1066 3517 1311 3582 electus
1358 3516 1694 3604 privative,
1755 3517 1943 3584 etiam
1989 3516 2197 3603 quoad

617 3622 838 3669 omnes
882 3602 1240 3670 functiones
1284 3603 1679 3691 pontificales
1712 3615 1777 3672 et
1817 3604 2200 3672 assistentiae

615 3692 921 3777 praestari
966 3691 1181 3780 solitas
1227 3693 1574 3778 Episcopo,
1626 3703 1752 3762 tam
1799 3693 1960 3759 intra
2007 3710 2198 3778 quam

618 3779 1190 3878 extra‘Ecclesiam
1234 3778 1719 3850 cathedralem?
1772 3791 1837 3848 et
1884 3791 2197 3865 quatenus

617 3876 950 3953 negature,
1750 3927 1756 3936 .

753 3957 814 4020 4.
866 3956 963 4024 An
1006 3955 1322 4044 Episcopo
1370 3956 1554 4024 liceat
1598 3955 1793 4023 alium
1826 3954 2195 4042 Magistrum

616 4041 1172 4108 Caeremoniarum
1231 4043 1477 4131 eligere
1528 4051 1661 4130 pro'
1711 4042 2004 4109 omnibus
2057 4045 2198 4110 fun-

619 4129 932 4196 ctionibus
978 4131 1055 4196 ab
1100 4131 1238 4218 ipso
1300 4129 1682 4217 peragendis
1728 4142 1793 4196 et
1838 4129 2008 4213 aliis,
2057 4131 2195 4218 ipso

615 4227 979 4301 praesente,
1030 4218 1393 4305 explendis,
1429 4230 1556 4284 tam
1590 4219 1749 4286 intra
1780 4236 1970 4303 quam
2016 4228 2193 4284 extra

617 4303 850 4374 dictam
894 4304 1286 4372 Ecclesiam?
1329 4317 1395 4373 et
1438 4318 1752 4392 quatenus
1784 4304 2193 4391 affirmative,

750 4399 813 4461 ὅ.
861 4396 959 4459 An
1016 4393 1229 4460 eidem
1290 4394 1580 4480 Magistro
1635 4393 2193 4464 caeremoniarum

617 4481 826 4552 electo
880 4482 958 4552 ab
1004 4482 1316 4570 Episcopo
1380 4500 1599 4549 omnes
1658 4481 2051 4569 capitulares
2107 4494 2194 4548 te·

614 4581 884 4638 neantur
953 4569 1217 4640 obedire
1280 4570 1487 4655 quoad
1555 4589 1627 4635 ea
1681 4589 1845 4655 quae
1904 4569 2194 4636 divinum

614 4659 858 4811 cultui?
908 4667 1326 4742 concernunt,
1361 4660 1479 4724 sub
1526 4677 1729 4745 poena
1760 4655 2015 4724 arbitrio
2053 4658 2195 4743 Epi-

614 4763 789 4830 scopi

746 4835 826 4897 Et
871 4835 935 4899 S.
992 4837 1071 4903 R.
1125 4839 1227 4921 C.,
1291 4833 1575 4923 partibus
1636 4834 1780 4904 binc
1828 4832 1977 4902 inde
2038 4830 2190 4900 scri·

665 4915 740 4980 tis
787 4928 853 4983 et
897 4940 1055 4986 voce
1126 4922 1607 4993 informantibus
1652 4920 1918 5005 auditis,
1967 4920 2193 4986 rescri-

698 5003 899 5074 ndum
943 5006 1230 5074 censuit:

743 5093 841 5159 Ad
893 5098 954 5160 1.
1005 5113 1043 5156 <
1077 5093 1466 5166 Affirmative
1498 5119 1562 5162 ιν.

746 5181 842 5247 ad
888 5187 951 5248 2.
1005 5201 1042 5243 ‹
1075 5179 1492 5266 Affirmative,
1518 5185 1725 5266 quoad
1752 5182 2021 5270 primam
2053 5199 2193 5263 par-

618 5278 789 5352 tem3
839 5268 1167 5358 Negative,
1217 5270 1422 5353 quoad
1468 5269 1810 5335 secundam
1846 5290 1908 5333 ν.

2243 1276 2252 1283 -
2298 1236 2530 1304 divinis
2596 1236 2870 1321 Officiis,

2428 362 2525 429 Ad
2569 366 2640 429 3.
2684 383 2723 427 ι
2757 361 3063 449 Negative
3095 383 3182 433 »..

2426 449 2520 516 Ad
2572 453 2638 516 4.
2684 472 2723 516 ‹
2755 449 3141 516 Affirmative
3174 472 3235 515 ι.

2426 538 2520 603 Ad
2571 542 2635 604 ὅ.
2685 558 2723 601 ‹
2755 534 3142 603 Affirmative
3167 560 3233 602 ν.

2425 626 2505 689 Et
2553 625 2634 689 ita
2667 623 2953 691 decrevit
2984 644 3054 689 ac
3084 624 3319 690 servari
3366 624 3712 692 mandavit.
3761 622 3879 690 Die

2305 716 2380 778 17
2428 711 2568 778 lulii
2618 716 2811 781 1734.

2299 850 2559 920 2308.
2682 854 3011 920 NULLIUS
3056 855 3495 920 PUTIGNANI.
3642 851 3877 939 (4024)

2428 978 2545 1041 Pro
2585 973 3009 1041 declaratione
3054 974 3228 1041 dubii
3277 975 3442 1045 circa
3486 975 3884 1045 delationem

2297 1061 2518 1160 pileoli
2547 1073 2836 1148 tempore
2858 1079 2985 1146 quo
3006 1063 3300 1150 Magister
3320 1061 3883 1130 caeremoniarum

2297 1150 2561 1217 inservit
2595 1158 2661 1215 et
2689 1149 2918 1215 assistit
2946 1150 3140 1216 Missis
3169 1150 3560 1219 solemnibus
3608 1150 3883 1235 aliisque

2934 1258 3051 1325 pro
3109 1237 3326 1305 Priore
3373 1249 3437 1304 et
3497 1236 3885 1305 Primiceriis

2299 1324 2620 1391 Ecclesiae
2684 1322 3071 1423 collegiatae
3129 1325 3376 1393 Nullius
3429 1330 3659 1393 Terrae
3705 1323 3888 1391 Puti-

2300 1412 2522 1499 gnani:
2585 1434 2623 1477 <
2656 1414 2794 1478 Non
2843 1411 3037 1479 licere
3069 1434 3132 1479 ν.
3196 1413 3308 1480 Die
3360 1417 3438 1479 17
3486 1413 3624 1491 Iulii
3679 1415 3882 1478 1734.

2301 1554 2565 1622 2300.
2918 1552 3263 1621 monas.
3645 1550 3884 1640 (toas)

2430 1674 2725 1742 Exhibita
2767 1678 2885 1745 sub
2929 1674 3037 1742 die
3085 1679 3170 1743 30
3217 1674 3540 1743 Februarii
3591 1678 3760 1742 1733
3802 1675 3885 1742 ad

2302 1762 2658 1829 instantiam
2703 1763 2929 1831 vicarii
2998 1761 3326 1830 Generalis
3377 1761 3660 1833 Lauden.
3715 1763 3889 1831 inhi-

2301 1850 2542 1917 bitione
2606 1852 2991 1919 Bernardino
3059 1851 3277 1936 Campi
3345 1850 3709 1938 Praeposito
3767 1855 3889 1917 Ec-

2302 1938 2531 2004 clesiae
2575 1938 2959 2025 Collegiatae
3019 1938 3250 2092 Opipidi
3293 1939 3556 2004 Cotonei
3617 1936 3892 2005 Dioece-

2300 2025 2383 2093 sis
2447 2026 2769 2110 Laudem,
2832 2046 2958 2112 qua
3028 2046 3086 2092 ei
3138 2044 3239 2092 em
3299 2023 3656 2092 iniunctum
3731 2025 3884 2109 fuit,

2299 2131 2407 2196 ne,
2443 2113 2765 2179 occasione
2798 2113 3146 2180 exercendi
3175 2111 3577 2195 Pontificalia,
3612 2114 3892 2180 auderet

2301 2200 2624 2268 excedere
2671 2201 2836 2268 ultra
2881 2201 3208 2271 facultates
3254 2201 3318 2268 in
3364 2200 3626 2288 proprio
3686 2199 3892 2287 privi-

2302 2288 2473 2376 legio
2531 2307 2858 2375 expressas
2880 2337 2897 2372 ,
2945 2287 3289 2375 habitoque
3336 2307 3418 2356 ex
3473 2297 3651 2374 parte
3747 2305 3888 2353 rae·

2303 2375 2409 2441 fati
2455 2375 2796 2463 Praepositi
2863 2377 3165 2445 adversus
3224 2375 3588 2444 huiusmodi
3651 2374 3670 2441 i
3772 2373 3891 2439 'bi-

2302 2462 2542 2529 tionem
2587 2464 2664 2530 ad
2697 2466 2763 2531 S.
2790 2468 2864 2530 R.
2904 2468 2974 2532 C.
3010 2479 3314 2544 recursu;
3365 2468 3557 2529 Emus
3588 2472 3656 2527 et
3687 2465 3891 2529 limus

2301 2554 2374 2616 1).
2426 2550 2769 2619 cardinalis
2816 2552 3091 2635 Lercari,
3135 2550 3215 2618 ad
3263 2548 3548 2621 tollenda
3592 2549 3886 2632 dissidia,

2300 2636 2693 2724 infrascripta
2760 2638 2953 2705 dubia
3000 2639 3166 2705 inter
3227 2648 3438 2726 partes
3504 2637 3892 2706 concordata

2301 2724 2677 2794 declaranda
2722 2726 3089 2813 proposuit:

2439 2817 2496 2879 1.
2579 2817 2675 2880 An
2751 2814 3150 2901 Praepositus
3225 2812 3548 2881 Ecclesiae
3614 2811 3891 2881 cotonei

2302 2900 2498 2988 possit
2542 2902 2618 2968 ad
2652 2901 2906 2968 libitum
2940 2920 3245 2969 exercere
3277 2900 3656 2969 Pontificalia
3702 2918 3890 2967 more

2302 2988 2762 3078 Episcoporum
2800 2990 3194 3078 (abstinendo
3220 3011 3254 3056 a
3274 2989 3725 3056 benedictione
3751 2989 3888 3075 pri-

2300 3087 2440 3142 vata
2489 3092 2554 3143 et
2598 3078 2870 3165 septimo
2917 3078 3323 3164 candelabro)
3372 3076 3564 3143 etuti
3600 3076 3891 3164 simplici

2302 3164 2674 3232 baldachino
2721 3176 2785 3232 et
2831 3166 3000 3234 Sede
3069 3186 3195 3233 uno
3264 3165 3464 3252 gradu
3532 3164 3890 3230 humiliore

2301 3272 2453 3339 prae
2514 3255 2678 3321 Sede
2734 3253 3081 3354 episcopali
3128 3254 3191 3320 in
3239 3253 3517 3320 Ecclesia
3575 3249 3894 3338 propria?

2432 3345 2496 3408 2.
2545 3346 2644 3407 An
2685 3341 2803 3408 sibi
2846 3342 3068 3409 iisdem
3100 3339 3565 3410 Pontificalibus
3595 3341 3692 3406 uti
3737 3360 3892 3427 pes-

2299 3426 2378 3494 sit
2410 3429 2474 3495 in
2513 3429 2650 3494 aliis
2695 3428 2996 3496 Ecclesiis
3038 3428 3369 3512 subiectis,
3403 3437 3469 3494 et
3518 3429 3582 3494 in
3622 3431 3892 3494 Proces-

2298 3515 2577 3670 silpnibps
2642 3535 2769 3582 non
2837 3515 3320 3602 egredientibus
3395 3514 3630 3582 limites
3698 3519 3894 3582 Paro-

2301 3623 2334 3669 c
2383 3624 2478 3672 iae

2413 3696 2491 3758 -3.
2542 3694 2642 3759 An
2685 3691 2769 3757 sit
2793 3691 3196 3760 honorandus
3231 3690 3416 3758 titulo
3460 3690 3600 3760 ami
3631 3692 3700 3757 in
3728 3691 3890 3758 scri-

2299 3780 2503 3868 pturis
2547 3778 2820 3868 publicis
2855 3791 2916 3845 et
2949 3779 3235 3868 privatis3
3283 3790 3476 3866 atque
3507 3779 3571 3846 in
3606 3779 3890 3865 synodis

2300 3871 2609 3936 interesse
2654 3869 2860 3936 valeat
2906 3886 3057 3934 cum
3103 3867 3492 3935 indumentis
3550 3866 3892 3953 pontifica-

2299 3955 2459 4024 libus
2505 3975 2684 4023 more
2731 3953 3090 4024 Abbatum'?

2431 4050 2510 4110 Et
2554 4048 2620 4113 S.
2671 4050 2745 4111 R.
2790 4048 2892 4126 C.,
2953 4043 3207 4131 scriptis
3269 4055 3332 4110 et
3394 4063 3551 4110 voce
3594 4043 3888 4130 partibus

2298 4131 2782 4199 informantibus
2813 4130 3044 4197 auditis
3065 4179 3082 4214 ,
3132 4131 3410 4217 visisque
3439 4130 3716 4214 iuribus,
3751 4142 3888 4196 tam

2298 4240 2380 4286 ex
2424 4230 2606 4306 parte
2653 4220 2806 4288 dicti
2852 4218 3196 4306 Praepositi
3239 4237 3431 4303 quam
3493 4218 3890 4286 Promotoris

2298 4309 2574 4392 Fiscalis,
2607 4308 2809 4393 iisque
2843 4316 3092 4374 mature
3122 4307 3482 4393 perpensis,
3525 4306 3890 4374 rescriben-

2297 4397 2453 4466 dum
2499 4398 2783 4464 censuit:

2428 4487 2522 4552 Ad
2562 4489 2618 4551 1.
2655 4505 2694 4548 ιι
2727 4481 3070 4568 Negative:
3107 4493 3173 4548 et
3201 4493 3499 4549 servetur
3531 4487 3884 4549 Decretum

2297 4571 2648 4642 Alexandri
2692 4575 2883 4639 vlu.

2428 4661 2523 4726 Ad
2572 4665 2636 4725 2.
2688 4682 2725 4724 ‹
2752 4658 3057 4744 Negative
3091 4679 3154 4723 ».

2429 4749 2525 4816 Ad
2572 4753 2637 4816 3.
2688 4771 2725 4813 ‹
2758 4745 3064 4833 Negative
3098 4766 3158 4810 ιν.

2427 4841 2505 4903 Et
2561 4835 2645 4902 ita
2697 4833 3043 4902 declaravit
3101 4853 3170 4898 ac
3219 4831 3458 4899 servari
3526 4834 3878 4901 mandavit.

2298 4924 2409 4990 Die
2457 4929 2541 4991 28
2588 4922 2857 5012 Augusti
2908 4926 3101 4990 1734.

2297 5060 2547 5134 2310.
2877 5064 3288 5143 sonitans.
3643 5061 3875 5150 (toas)

2433 5184 2655 5251 Habito
2715 5185 2792 5248 ad
2851 5190 2918 5252 S.
2975 5193 3052 5254 R.
3107 5191 3179 5254 C.
3236 5205 3503 5252 recursu
3563 5205 3640 5252 ex
3694 5198 3882 5274 parte

2296 5272 2677 5337 Promotoris
2723 5272 2974 5340 Fiscalis
3003 5275 3226 5341 Curiae
3274 5272 3650 5360 episcopalis
3681 5277 3881 5361 Aqui·
