4042 5950
1490 268 2050 367 '-403-

128 444 325 512 narii
370 450 630 517 lanuen.
682 447 965 535 desuper
1019 448 1356 535 requisita,
1406 446 1760 517 rescriben-

130 535 323 601 dum
373 548 809 603 censuerunt:

298 629 477 691 quta
508 624 657 690 alias
680 628 946 692 Decreta
977 624 1042 693 in
1074 623 1370 693 Perusina
1400 622 1509 690 die
1534 627 1615 690 27
1643 625 1761 689 No-

131 712 455 778 vembris
505 716 712 780 1632:
763 714 827 780 in
880 712 1218 781 Lisbonen.
1278 713 1385 781 die
1445 716 1526 779 14
1576 711 1759 798 Apri-

134 798 230 864 lis
274 803 446 867 1646
478 800 554 867 ad
590 804 672 868 3:
725 813 790 867 et
837 802 901 868 in
946 802 1156 868 Pisana
1202 802 1306 869 die
1359 806 1436 868 12
1482 804 1755 868 Novem·

132 885 302 954 bris
329 892 491 957 1831
527 889 604 956 ad
639 893 755 956 11;
784 890 921 955 «As
974 890 1291 958 ersionem
1312 897 1528 976 Aquae
1562 888 1758 955 bene·

131 975 377 1043 dictae
425 977 489 1042 in
535 996 683 1044 casu
730 977 871 1045 fieri
967 977 1160 1045 ebere
1218 999 1335 1066 per
1382 979 1591 1067 ipsum
1639 980 1756 1044 Ce-

136 1063 550 1148 lebrantem,
603 1066 864 1133 minime
913 1086 1069 1133 vero
1118 1087 1236 1155 per
1274 1064 1753 1133 mansionarium

132 1156 267 1221 vel
320 1155 778 1243 cappellanum
826 1154 1091 1243 pluviali
1152 1155 1467 1223 indutum.
1531 1151 1756 1229 Abbati

132 1248 379 1309 autem
428 1245 749 1329 praesenti
800 1243 863 1308 in
909 1243 1119 1310 Choro
1180 1242 1443 1311 minime
1500 1242 1754 1310 traden-

132 1331 319 1397 dum
354 1349 493 1396 esse
526 1330 978 1415 aspersorium,
1014 1343 1084 1397 ut
1115 1330 1395 1419 seipsum
1423 1342 1753 1419 aspergat3

134 1419 275 1485 sed
311 1438 463 1484 cum
495 1417 728 1484 ceteris
763 1420 828 1486 in
862 1420 1074 1486 Choro
1119 1418 1509 1486 adstantibus
1541 1439 1755 1508 asper·
1798 1444 1803 1451 ·

136 1506 453 1590 gendum
500 1505 684 1574 illum
734 1527 875 1573 esse
923 1527 952 1572 a
1001 1506 1376 1575 celebrante
1412 1530 1473 1573 ».

293 1604 505 1681 Atque
550 1592 631 1660 ita
679 1593 1005 1682 rescripsit
1036 1615 1105 1661 ac
1133 1596 1369 1662 servari
1405 1595 1748 1663 mandavit.

292 1684 406 1750 Die
459 1687 537 1753 11
592 1683 729 1750 [ulii
783 1687 974 1753 1857.

138 1825 431 1894 3056.
793 1828 1149 1893 BmocEN.
1522 1826 1749 1913 (5248)

292 1948 578 2015 vicarius
646 1949 972 2016 Generalis
1006 1986 1009 1989 ·
1039 1947 1357 2017 Dioecesis
1423 1947 1749 2033 Briocen.,

138 2037 549 2104 assentiente
596 2040 754 2104 Rmo
801 2037 1140 2126 Episcopo,
1189 2036 1515 2123 sequentia
1559 2035 1751 2103 dubia

139 2124 497 2213 proposuit
519 2143 635 2212 pro
667 2136 1024 2215 opportuna
1046 2125 1388 2203 solutione;
1415 2124 1750 2192 nimirum:

295 2219 344 2281 1.
395 2219 574 2281 Anne
623 2214 876 2299 quando
921 2219 1179 2281 Festum
1239 2214 1487 2280 Patroni
1541 2214 1750 2281 minus

143 2301 557 2390 principaliS,
606 2302 779 2387 quod
815 2302 879 2370 in
909 2301 1192 2370 Dioecesi
1234 2302 1445 2388 agitur
1474 2300 1599 2368 ritu
1631 2303 1747 2369 du·

139 2389 314 2477 plici
362 2394 429 2456 2.
479 2390 689 2457 classis
734 2409 882 2458 cum
934 2402 1171 2475 octava,
1238 2388 1605 2456 immediate
1650 2410 1746 2457 se-

142 2478 384 2564 quitur
428 2478 863 2545 Festivitatem
897 2478 1160 2546 alicuius
1194 2477 1401 2545 Sancti
1432 2478 1748 2563 Apostoli,

142 2585 271 2631 ex.
306 2586 409 2655 gr.
459 2566 667 2635 Sancti
714 2566 943 2650 lacobi,
991 2566 1300 2634 dicendae
1345 2564 1472 2631 sint
1509 2566 1747 2654 primae

142 2658 486 2741 Vesperae
532 2655 615 2723 de
663 2656 930 2722 Patrono
964 2650 1117 2722 cum‘
1144 2654 1746 2723 commemoratione

140 2742 493 2830 Apostoli;
541 2743 645 2811 vel
695 2744 907 2829 potius
949 2744 1267 2811 secundae
1315 2745 1635 2829 vesperae
1664 2744 1747 2812 de

143 2832 469 2920 Apostolo
515 2850 661 2900 cum
708 2832 1315 2899 commemoratione
1361 2830 1662 2900 Patroni?

291 2924 371 2990 11.
419 2922 517 2989 An
563 2932 989 2990 concurrente
1052 2920 1228 2987 Feria
1290 2918 1561 3006 quadam
1620 2922 1747 2988 Ad-

146 3022 395 3077 ventus
464 3028 611 3079 cum
672 3009 897 3099 vigilia
954 3013 1018 3077 S.
1085 3011 1361 3077 Thomas
1430 3009 1746 3096 Apostoli,

147 3097 340 3166 Missa
385 3097 513 3165 dici
568 3098 797 3166 debeat
843 3098 927 3165 de
973 3098 1199 3185 vigilia
1263 3113 1409 3165 cum
1469 3115 1748 3164 comme-

146 3185 514 3253 moratione
560 3185 814 3265 Feriae;
863 3186 969 3253 vel
1018 3186 1103 3253 de
1149 3186 1328 3253 Feria
1375 3202 1520 3249 cum
1575 3203 1746 3252 com-

144 3274 621 3342 memoratione
667 3274 743 3344 vi
794 3272 987 3341 iliae?
1572 3309 1579 3315 ·

292 3366 455 3430 Haec
504 3382 696 3451 porro
743 3293 935 3431 dubia
981 3382 1181 3449 quum
1211 3362 1604 3451 subscriptus
1636 3365 1744 3430 Se·

149 3451 468 3519 cretarius
531 3451 829 3520 retulerit
889 3452 952 3517 in
1010 3451 1352 3522 Ordinariis
1412 3455 1748 3520 Sacrorum

146 3541 424 3608 Rituum
497 3539 782 3609 Comitiis
852 3539 929 3606 ad
996 3539 1316 3619 Quirinale
1389 3539 1748 3628 subsignata

148 3628 267 3696 die
313 3627 701 3712 coadunatis,
759 3632 942 3696 Sacra
987 3627 1248 3696 Rituum
1295 3626 1744 3716 congregatim

150 3716 455 3818 omnibus
516 3726 765 3784 mature
826 3716 1196 3805 perpensis,
1261 3716 1746 3784 rescribendum

152 3817 455 3874 censuit:

291 3893 389 3960 Ad
437 3899 485 3961 1.
537 3916 575 3959 ‹
608 3893 940 3980 Negative,
991 3894 1070 3961 ad
1118 3895 1388 3983 primam
1446 3903 1744 3981 partem;

151 3982 577 4069 Affirmative,
625 3982 705 4049 ad
751 3984 1097 4051 secundam
1130 4005 1193 4052 ›.

293 4070 389 4138 Ad
418 4075 509 4138 Ἡ.
565 4094 603 4136 ‹
631 4070 1200 4157 Affirmative,·ad
1267 4072 1538 4160 primam
1605 4090 1748 4158 par-

158 4172 342 4247 tem3
391 4159 724 4245 Negative,
772 4161 852 4228 ad
896 4160 1285 4248 secundam;
1336 4158 1456 4227 nisi
1517 4160 1746 4247 vigilia

154 4247 371 4316 Sancti
418 4247 693 4316 'rhomae
739 4246 977 4315 incidat
1021 4248 1086 4314 in
1139 4250 1418 4326 Quatuor
1476 4253 1750 4335 Tempo-

152 4335 375 4421 ribus,
424 4355 551 4422 quo
600 4355 745 4403 casu
806 4336 982 4404 Missa
1045 4336 1164 4403 erit
1224 4337 1308 4404 de
1371 4336 1549 4402 Feria
1596 4353 1745 4402 cum

154 4424 769 4492 commemoratione
818 4423 1088 4513 vigiliae
1122 4447 1184 4490 ι».

289 4517 506 4599 Atque
552 4513 637 4578 ita
682 4511 1032 4600 rescripsit.

290 4602 405 4669 Die
459 4605 533 4667 11
582 4599 723 4668 Iulii
775 4604 965 4668 1857.

157 4779 419 4848 305⁷.
568 4782 849 4850 MONTIS
895 4782 1345 4849 PESSULANI.
1517 4778 1743 4868 (5249)

291 4957 716 5058 Cappellanus
789 4955 1152 5025 monialium
1222 4960 1446 5024 Beatae
1520 4957 1746 5024 Mariae

160 5043 441 5133 Virginis
483 5046 556 5112 de
600 5046 872 5132 Refuyio
919 5045 985 5113 in
1030 5043 1295 5112 Civitate
1342 5045 1565 5112 Montis
1604 5048 1747 5111 Pes-

158 5133 400 5218 sulani,
464 5133 850 5202 assentiente
911 5132 1102 5200 etiam
1158 5132 1222 5200 in
1278 5132 1530 5218 scriptis
1588 5136 1746 5200 Rfiio

159 5219 504 5310 Episcopo,
555 5241 632 5288 ex
684 5223 850 5289 osuit
895 5221 1044 5291 huic
1089 5224 1350 5289 Sanctae
1397 5221 1551 5289 Sedi
1582 5225 1746 5309 Apo-

159 5309 420 5378 stolicae
453 5309 517 5380 in
547 5328 655 5395 qul
702 5312 926 5380 usdam
972 5308 1273 5377 Ecclesiis
1318 5309 1635 5400 Dioecesis
1676 5311 1747 5377 il-

160 5395 285 5466 lius
331 5418 518 5466 usum
565 5399 927 5485 invaluisse,
976 5410 1049 5465 ut
1094 5397 1159 5465 in
1202 5397 1425 5483 Missis,
1459 5417 1602 5465 cum
1638 5395 1743 5464 vel

1858 448 1996 514 sine
2046 446 2315 514 Diacono
2366 460 2430 514 et
2462 448 2861 518 subdiacono
2908 448 3269 534 celebratis,
3303 454 3448 518 Pre-

1860 536 2188 623 sbyterum
2238 536 2636 604 assistentem
2672 537 2936 624 pluviali
2967 550 3032 605 et
3064 539 3235 607 Stola
3268 540 3450 608 indu·

1862 635 1999 689 tum
2025 622 2368 691 Celebrans
2401 624 2651 691 habeat.
2678 628 2885 704 Quum
2916 635 3130 694 autem
3162 626 3263 695 hic
3296 648 3449 694 usus

1860 711 2123 778 minime
2157 712 2498 779 conformis
2529 712 2607 780 sit
2639 713 2810 781 Ritui
2841 717 3107 782 Sanctae
3132 718 3448 781 Romanae

1859 799 2183 866 Ecclesiae
2232 800 2572 868 novissime
2619 801 2682 869 in
2731 803 2958 870 eadem
3011 803 3299 869 Dioecesi
3345 822 3448 869 re·

1860 887 2262 975 dintegrato;
2324 907 2652 975 quumque
2715 890 2887 958 idom
2948 895 3143 958 Rffius
3190 891 3447 978 Episco-

1861 995 2008 1062 pus,
2045 976 2108 1041 in
2140 975 2375 1043 Ordine
2421 976 2619 1043 divini
2658 977 2854 1046 Officii
2902 979 3210 1048 recitandi
3243 998 3311 1047 ac
3343 982 3446 1047 Sa-

1861 1063 2170 1131 crosancti
2238 1064 2454 1131 Missae
2523 1063 2822 1133 Sacrificii
2892 1066 3256 1135 celebrandi
3326 1067 3445 1134 hoc

1860 1171 2021 1219 anno
2088 1156 2281 1236 1857,
2344 1152 2635 1221 omnibus
2697 1153 2828 1220 suis
2886 1155 3332 1223 Sacerdotibus
3381 1176 3445 1221 o·

1859 1241 2077 1308 mnino
2111 1250 2175 1307 et
2207 1242 2428 1308 stricte
2461 1241 2862 1331 praeceperit
2892 1244 3193 1311 Rubricas
3223 1262 3444 1310 omnes

1857 1330 2156 1396 Breviarii
2191 1341 2257 1397 et
2287 1330 2545 1398 Missalis
2572 1332 2833 1399 Romani
2868 1342 2932 1398 et
2978 1336 3313 1401 Sacrorum
3345 1329 3444 1398 Ri-

1860 1429 2042 1485 tuum
2076 1419 2597 1506 congregationis
2629 1423 2897 1486 Decreta
2927 1437 3209 1499 servare;
3237 1428 3447 1486 orator

1858 1506 1935 1572 ab
1981 1507 2209 1574 eadem
2252 1509 2433 1575 Sacra
2465 1507 2974 1596 congregatione
3005 1507 3194 1574 enixe
3226 1519 3444 1594 postu·

1859 1594 2036 1679 lavit,
2071 1605 2142 1661 ut
2188 1595 2315 1662 duo
2360 1597 2689 1681 sequentia
2736 1595 2928 1662 dubia
2973 1597 3301 1667 declarare
3347 1595 3440 1663 di-

1858 1699 2200 1772 gnaretur;
2251 1683 2599 1750 nimirum:

1989 1777 2036 1839 1.
2073 1772 2238 1836 Num
2271 1792 2420 1838 usus
2444 1773 2802 1860 Presbyteri
2832 1772 3177 1840 assistentis
3207 1772 3274 1840 in
3297 1792 3443 1859 qua-

1859 1878 2136 1946 cumque
2200 1859 2377 1926 Missa
2436 1859 2696 1928 retineri
2760 1862 2960 1950 possit
3017 1862 3085 1929 in
3142 1861 3443 1928 Ecclesiis

1856 1949 2170 2015 Dioecesis
2216 1948 2442 2015 Montis
2487 1949 2855 2017 Pessulani'?
2900 1961 2965 2015 et
2995 1962 3308 2036 quatenus
3338 1968 3445 2017 ne-

1856 2039 2094 2123 gative,

1987 2128 2060 2191 11.
2111 2127 2277 2191 Num
2341 2124 2703 2193 huiusmodi
2762 2145 2912 2192 usus
2972 2125 3159 2192 liceat
3217 2124 3441 2193 Archi-

1854 2212 2119 2279 diacono
2170 2222 2232 2279 et
2279 2212 2608 2280 Canonicis
2668 2214 2989 2281 Ecclesiae
3049 2213 3444 2282 cathedralis

1854 2298 2081 2368 Montis
2138 2300 2495 2383 Pessulani,
2558 2302 2852 2388 quand0,
2916 2301 3233 2389 impedito
3293 2302 3442 2389 Epi·

1852 2408 2074 2544 scclipg,
2109 2410 2336 2546 egram
2366 2389 2591 2477 aliquis
2625 2391 2688 2458 in
2719 2392 2919 2459 Festis
2949 2390 3442 2458 solemnioribus

1854 2498 1927 2545 ce
1961 2497 1996 2543 e
2048 2488 2138 2545 rat

1982 2569 2147 2632 Haec
2194 2586 2383 2655 porro
2430 2566 2622 2633 dubia
2666 2587 2866 2655 quum
2896 2567 3296 2655 subsignatus
3327 2570 3438 2635 Se·

1852 2652 2160 2722 cretarius
2227 2655 2523 2722 retulerit
2584 2656 2646 2723 in
2705 2654 3046 2725 ordinariis
3105 2659 3440 2724 Sacrorum

1851 2743 2116 2811 Rituu'm
2160 2742 2444 2810 comitiis
2489 2744 2800 2811 hodierna
2847 2744 2955 2811 die
3000 2744 3079 2811 ad
3123 2743 3440 2822 Quirinale

1854 2830 2243 2914 coadunatis,
2271 2830 2413 2898 Emi
2446 2843 2510 2897 et
2540 2831 2680 2899 Rmi
2710 2836 2922 2901 Patres
2953 2830 3156 2900 Sacris
3188 2832 3440 2900 tuendis

1851 2918 2100 2988 Ritibus
2145 2919 2512 3008 praepositi,
2550 2921 2841 2990 omnibus
2874 2934 3122 2989 mature
3168 2939 3441 3010 perpen-

1848 3010 1957 3094 sis,
2007 3008 2365 3076 rescribere
2408 3008 2526 3075 rati
2571 3021 2768 3077 sunt:

1983 3118 2021 3161 ‹
2055 3097 2364 3183 Negative
2412 3097 2488 3164 ad
2538 3109 2918 3184 utrumque3
2954 3108 3020 3164 et
3050 3098 3288 3165 dentur
3317 3102 3435 3165 De·

1853 3196 2027 3250 creta
2074 3185 2138 3251 in
2183 3189 2528 3253 Cortonen.
2581 3185 2689 3252 die
2729 3190 2807 3253 10
2839 3185 3234 3273 Septembris
3270 3190 3428 3256 1701

1851 3272 1930 3339 ad
1984 3276 2098 3339 14:
2149 3273 2215 3340 in
2259 3278 2485 3340 Baren.
2538 3272 2642 3341 die
2675 3278 2712 3342 3
2745 3273 3012 3362 Augusti
3051 3277 3217 3343 1839
3248 3274 3326 3341 ad
3364 3279 3435 3341 1;

1854 3370 1919 3427 et
1967 3362 2031 3428 in
2075 3364 2318 3429 Lucana
2365 3359 2469 3428 die
2505 3366 2540 3429 7
2574 3363 2943 3430 Decembris
2983 3366 3148 3429 1844
3178 3362 3255 3430 ad
3291 3366 3330 3430 2
3370 3385 3434 3428 ›.

1982 3454 2193 3537 Atque
2237 3450 2319 3516 ita
2365 3450 2860 3538 rescripserunt.

1981 3539 2095 3606 Die
2147 3542 2222 3605 11
2272 3538 2414 3606 Iulii
2467 3542 2656 3607 1857.

1851 3681 2117 3752 3058.
2362 3682 2936 3749 utrumnum.
3204 3681 3432 3770 (ustio)

1983 3809 2177 3872 Rmus
2207 3808 2281 3872 D.
2305 3808 2568 3871 loannes
2597 3804 2869 3904 Zuiysen
2906 3803 3438 3892 Archiepiscopus

1851 3894 2267 3964 Ultraiecten.
2340 3902 2405 3959 et
2471 3893 2965 3960 Administrator
3037 3892 3440 3980 Apostolicus

1855 3982 2165 4052 Dioecesis
2229 3980 2727 4049 Buscoducensis
2785 3979 2851 4047 in
2904 3980 3281 4048 Neerlandia
3329 4000 3437 4048 ex-

1850 4071 2067 4161 posuit
2114 4069 2262 4137 huic
2308 4072 2570 4138 Sanctae
2617 4069 2768 4138 Sedi
2799 4069 3224 4156 Apostolicae,
3259 4068 3432 4155 quod

1850 4162 1916 4228 in
1947 4160 2075 4230 illis
2099 4158 2397 4225 Ecclesiis
2425 4158 2679 4246 saepius
2710 4176 2827 4245 per
2857 4175 3090 4224 annum
3116 4157 3234 4224 sub
3256 4155 3434 4223 Missa

1850 4246 2120 4316 solemni
2168 4257 2228 4312 et
2277 4246 2397 4313 sub
2441 4243 2760 4314 Laudibus
2810 4245 3189 4332 vespertinis
3237 4264 3432 4333 expo-

1852 4347 2040 4404 natur
2070 4334 2547 4403 Sanctissimum
2591 4332 3020 4401 Eucharistiae
3067 4337 3434 4401 Sacramen-

1854 4437 2015 4507 tum,
2043 4425 2163 4491 hoc
2195 4423 2419 4490 modo:
2456 4422 2641 4490 Initio
2665 4422 2881 4489 Missae
2917 4432 2981 4488 et
3004 4421 3292 4489 Laudum
3325 4440 3435 4487 ex·

1850 4511 2112 4599 ponitur
2171 4511 2647 4578 sanctissimum
2698 4529 2844 4577 cum
2890 4519 3077 4577 cantu
3137 4508 3436 4598 strophae
3565 4583 3570 4588 ,

1861 4605 2141 4667 Tantum
2170 4619 2339 4683 erqo,
2394 4609 2458 4666 et
2504 4599 2568 4666 in
2615 4599 2741 4666 fine
2777 4598 2845 4666 in
2874 4597 3301 4665 Tabernaculo
3334 4616 3434 4664 re·

1850 4688 2133 4758 cluditur
2178 4705 2325 4753 cum
2370 4698 2559 4755 cantu
2604 4685 2901 4776 strophae
2952 4687 3266 4767 Genitori,
3302 4681 3434 4752 'Ge-

1850 4779 2155 4861 nitoqum
2191 4785 2460 4863 utraque
2490 4786 2704 4843 autem
2735 4775 2902 4858 vice,
2929 4774 2993 4843 id
3030 4785 3126 4840 est
3153 4775 3335 4842 initio
3369 4786 3434 4842 et
3485 4831 3492 4838 .

1852 4864 1981 4933 fine
2012 4865 2234 4932 Missae
2280 4875 2345 4931 et
2390 4865 2677 4932 Laudum
2708 4881 2856 4930 cum
2887 4861 3289 4932 sanctissimo
3327 4865 3434 4930 Sa-

1851 4962 2175 5020 cramento
2208 4952 2391 5019 datur
2428 4951 2782 5020 benedictio
2813 4949 3110 5020 fidelibus
3140 4952 3261 5019 sub
3291 4969 3434 5017 ver·

1851 5041 1945 5108 bis
1975 5043 2266 5107 Praestet
2310 5042 2456 5128 fides
2505 5051 2570 5107 et
2615 5040 2993 5107 Procedenti
3024 5038 3099 5105 ab
3131 5049 3428 5125 utroque.

1847 5133 2055 5209 Quum
2100 5139 2314 5208 autem
2359 5129 2517 5198 haec
2562 5127 2768 5195 omnia
2823 5127 3034 5194 minus
3087 5127 3433 5195 conformia

1849 5217 1976 5285 sint
2038 5216 2215 5305 praxi
2276 5214 2651 5284 universalis
2705 5217 3025 5284 Ecclesiae
3086 5226 3150 5282 et
3210 5218 3432 5284 Sacrae

1850 5306 2116 5376 Rituum
2163 5304 2689 5394 congregationis
2735 5303 3057 5389 Decretis,
3105 5303 3435 5390 Archiepi-

1850 5413 2082 5483 scopus
2140 5405 2352 5462 orator
2408 5394 2622 5462 eidem
2682 5395 2906 5461 Sacrae
2961 5393 3225 5462 Rituum
3270 5395 3432 5468 Con·
