4042 5950
1578 260 2052 346 -305-

163 425 414 486 ctorum
479 418 763 489 occurrit
829 425 1085 491 Festum
1148 424 1414 492 Sanctae
1470 421 1756 511 viduae,

160 525 276 594 pro
303 527 434 594 qua
477 509 723 577 missale
766 511 1039 598 assignat
1083 510 1467 598 simpliciter
1507 510 1755 581 Missam

164 596 470 680 coquent,
527 608 592 663 et
639 598 722 666 de
768 598 1050 685 Epistola
1102 600 1276 686 silet,
1312 600 1755 687 (quemadmo-

163 681 317 749 dum
349 684 427 751 fit
461 684 571 753 die
616 689 701 754 lx
747 686 949 754 Martii
1001 707 1115 775 pro
1162 690 1386 755 Sancta
1434 686 1755 756 Francisca

164 769 364 838 Vidua
428 773 740 860 Romana)
789 786 940 842 tunc
989 776 1263 863 legenda
1308 775 1431 842 erit
1475 776 1756 864 Epistola

170 859 416 927 Viduas
472 861 765 929 honora?
814 864 921 929 vel
983 866 1213 931 saitem
1273 864 1579 932 utralibet
1638 884 1757 954 pro

163 947 530 1018 Sacerdotis
572 949 834 1018 arbitrio
880 950 1036 1040 eligi
1082 949 1348 1042 potest?

166 1117 354 1188 Dubia
387 1121 563 1191 oiroa
586 1123 1016 1193 ordinationem
1047 1125 1402 1194 Officiorum
1431 1142 1755 1195 occurren·

291 1218 442 1287 tium
476 1226 750 1307 tempore
779 1222 1082 1304 Paeonii,
1113 1239 1270 1308 quae
1297 1224 1755 1294 transferuntur

291 1323 478 1387 extra
518 1324 752 1405 tempus
798 1318 1119 1390 Pasobale.

291 1483 641 1561 Quaeritur
687 1489 751 1552 b.
785 1487 882 1552 An
913 1487 962 1553 si
995 1489 1254 1553 Festum
1291 1487 1500 1556 Sancti
1531 1491 1759 1575 Marty-

165 1569 277 1655 ris,
333 1570 587 1639 babens
629 1573 881 1640 Missam
940 1573 1026 1641 de
1079 1577 1420 1643 Communi
1466 1586 1760 1663 tempore

165 1658 478 1743 Pascbali‚
528 1659 854 1729 transferri
903 1663 1227 1749 contingat
1274 1673 1453 1730 extra
1504 1676 1761 1755 tempus

164 1745 473 1815 Pascbale
497 1794 516 1833 ,
579 1748 813 1816 silente
875 1751 1103 1818 Missali
1163 1752 1329 1818 circa
1393 1754 1634 1819 Missam
1694 1752 1760 1819 iu

167 1834 271 1900 tali
312 1855 468 1902 casu
515 1836 900 1924 legendam,
948 1837 1030 1904 sit
1074 1837 1351 1907 liberum
1398 1841 1762 1909 calendari-

165 1930 295 1990 stae
328 1922 655 2012 assignare
683 1926 791 1993 vel
824 1926 1210 2014 cuicumque
1256 1928 1504 2014 privato
1548 1932 1763 1998 Sacer-

168 2008 303 2078 doti
372 2014 648 2080 recitare
703 2013 993 2100 Missam,
1041 2034 1231 2102 quam
1291 2016 1625 2102 maluerit,
1675 2018 1759 2085 de

166 2098 515 2168 Communi
561 2110 739 2168 extra
772 2112 1029 2190 tempus
1061 2103 1379 2189 Pascbale,
1412 2106 1623 2191 primo
1653 2107 1758 2172 vel

168 2188 459 2287 secundo
509 2189 650 2257 loco
710 2188 1032 2279 positam?
1078 2202 1144 2258 et
1202 2202 1517 2279 quatenus
1574 2211 1762 2282 nega-

168 2281 321 2362 tive,

298 2365 644 2443 Quaeritur
687 2369 750 2433 6.
800 2369 1143 2452 Quaenam,
1178 2367 1243 2435 in
1289 2388 1435 2436 casu
1480 2369 1765 2458 praefato

174 2462 237 2519 et
279 2454 422 2521 aliis
471 2454 824 2539 similibus,
873 2455 1098 2542 regula
1156 2458 1465 2525 servanda
1517 2457 1598 2524 sit
1641 2477 1763 2546 pro

175 2540 718 2698 determinatione
753 2542 998 2629 Missae,
1031 2543 1362 2632 Evangelii
1409 2555 1475 2612 et
1517 2547 1765 2615 Lectio·

173 2646 326 2696 num

299 2719 648 2797 Quaeritur
685 2723 749 2787 7.
798 2719 863 2788 Si
897 2718 1221 2807 contingat
1266 2725 1524 2789 Festum
1556 2721 1764 2791 Sancti

177 2807 461 2896 Georgii,
509 2808 617 2876 die
662 2812 856 2877 xxm
886 2808 1121 2896 Aprilis
1162 2828 1531 2894 occurrens,
1565 2821 1764 2878 trans-

176 2893 325 2962 ferri
374 2908 561 2964 extra
606 2907 860 2988 tempus
902 2894 1231 2983 Pascbale,
1282 2900 1606 2985 quomodo
1665 2920 1766 2967 or-

179 2981 529 3054 dinandum
561 2985 685 3053 erit
711 2985 1027 3071 Officium,
1060 2985 1386 3073 signanter
1408 2989 1618 3074 quoad
1649 2992 1764 3056 Le·

180 3071 424 3141 ctiones
466 3073 736 3144 secundi
784 3084 848 3141 et
894 3072 1069 3142 tertii
1114 3073 1476 3143 Nocturni?

425 3209 615 3279 Dubia
657 3211 826 3279 circa
868 3210 1153 3295 quasdam
1196 3211 1527 3284 Lectiones

669 3308 961 3378 Breviarii
1008 3308 1277 3378 Romani.

310 3426 655 3505 Quaeritur
684 3431 750 3495 8.
778 3431 937 3495 Dum
976 3428 1039 3494 iu
1070 3430 1406 3497 Communi
1439 3430 1769 3499 confesso·

186 3531 324 3580 rum
361 3534 498 3583 non
542 3516 918 3585 Pontificum
950 3517 1027 3583 ad
1060 3516 1422 3616 Capitulum
1455 3521 1769 3605 quaedam

189 3602 579 3671 recentiores
625 3604 942 3673 editiones
984 3605 1284 3671 Breviarii
1340 3608 1599 3674 Romani
1662 3610 1768 3677 ba·

189 3686 503 3760 bent'ncc
543 3696 829 3780 speravit
876 3695 950 3759 in
988 3696 1268 3778 pecunia
1299 3706 1361 3762 ct
1400 3695 1769 3780 thesauris,-

189 3777 343 3846 aliae
386 3799 544 3847 vero
590 3782 828 3849 babent
872 3801 987 3848 nec
1028 3785 1313 3868 speravit
1357 3786 1431 3849 in
1455 3789 1772 3870 pecuniae

193 3864 556 3936 thesauris.-
604 3870 927 3956 quomodo
974 3888 1130 3958 ergo
1176 3869 1583 3958 legendum?

316 3956 658 4035 Quaeritur
686 3959 751 4025 9.
790 3963 857 4025 ln
884 3958 1222 4026 Communi
1253 3958 1613 4048 Virginum‚
1646 3964 1769 4030 No·

194 4050 416 4114 cturno
458 4045 696 4132 primo,
744 4046 821 4113 ad
868 4045 1300 4133 Antiphonem
1356 4049 1606 4117 tertiam
1656 4054 1767 4119 Re·

194 4141 451 4216 vertero,
501 4143 836 4217 rom-tero,
888 4134 908 4200 l
997 4132 1240 4202 endum
1287 4153 1370 4202 ne
1416 4149 1513 4205 est
1557 4139 1772 4208 Suna-

195 4220 396 4302 mitis‚
431 4222 539 4288 vel
587 4221 933 4290 sulamitis

211 4353 216 4362 ·
320 4307 647 4377 Praedicta
693 4309 884 4378 dubia
929 4329 962 4375 a
1006 4311 1365 4413 subscripto
1419 4315 1773 4383 Secretario

199 4397 515 4545 proposita
557 4396 624 4465 in
667 4397 1012 4467 ordinariis
1040 4399 1326 4467 Gemitus
1368 4402 1445 4470 ad
1493 4402 1775 4480 Quirina-

226 4499 290 4548 es
319 4486 530 4554 Aedes
568 4486 779 4573 pridie
828 4486 969 4556 idus
1015 4485 1413 4578 Septembris
1456 4490 1776 4578 superiori

202 4587 358 4639 auno
402 4574 810 4661 coadunatis,
857 4575 1350 4644 Eminentissimi
1399 4582 1612 4646 Patres
1672 4582 1775 4647 Sa-

201 4658 319 4727 cris
363 4661 612 4731 Ritibus
654 4663 1027 4752 praepositi,
1077 4663 1370 4732 omnibus
1415 4666 1773 4735 considera-

204 4744 322 4834 tis,
368 4750 859 4820 rescribendum
904 4762 1332 4820 censuerunt:
1382 4774 1420 4820 ‹
1448 4753 1777 4855 Exquisite

203 4848 345 4904 voto
369 4838 648 4927 Magistri
670 4839 1252 4927 caeremoniarum,
1277 4853 1550 4928 ponatur
1574 4862 1638 4910 tn
1660 4847 1776 4911 Fo-

205 4918 288 4988 lio
318 4948 381 4995 s.
429 4929 639 5005 Quum
684 4928 895 5016 itaque
940 4929 1106 4996 alter
1148 4949 1231 4996 ex
1267 4929 1777 5019 Apostolicarum

204 5010 759 5085 Caeremoniarum
802 5016 1110 5107 Magistris
1148 5037 1336 5085 suum
1366 5027 1588 5087 votum
1621 5019 1779 5086 emi-

206 5101 353 5169 serit
416 5105 638 5194 praelo
701 5124 963 5190 cusum,
1013 5106 1090 5173 ab
1136 5105 1652 5174 Eminentissimo
1715 5117 1781 5174 et

207 5188 757 5262 Reverendissimo
821 5194 1088 5261 Domino
1157 5193 1470 5263 cardinali
1545 5194 1779 5263 Aloisio

208 5277 680 5352 Lambruscbini
725 5283 1023 5351 Relatore
1067 5282 1280 5351 denuo
1341 5283 1574 5351 iisdem
1632 5303 1780 5372 pro·

210 5370 422 5449 positis
478 5370 691 5448 dubiis
753 5370 817 5438 in
877 5372 1081 5439 altero
1128 5374 1461 5440 Sacrorum
1517 5373 1777 5442 Rituum

412 5511 1524 5561 mhAnthontioefflssa—VOLH·

1854 423 2183 493 ordinario
2229 428 2476 506 Coetu3
2525 428 2708 493 Sacra
2753 424 3202 527 congregatio,
3239 426 3441 495 omni·

1857 511 1974 580 bus
2035 523 2284 581 mature
2351 513 2764 582 consideratis
2791 563 2808 597 ,
2856 526 3107 601 riteque
3173 514 3439 599 libratis,

1857 602 2344 671 rescribendum
2390 606 2677 671 censuit:
2728 623 2769 667 ‹
2802 607 2979 669 iuxta
3036 613 3260 670 votum
3319 606 3441 670 Ha-

1857 688 2041 779 gistri
2088 691 2646 758 caeremoniarum
2678 705 2744 771 »3
2792 690 3132 761 nimirumt

1989 777 2086 845 Ad
2141 782 2198 845 1.
2251 783 2317 846 2.
2369 788 2435 844 et
2481 783 2549 847 3.
2599 801 2636 844 ‹
2668 778 2977 866 Negative
3011 803 3079 846 ».

1989 866 2088 934 Ad
2137 869 2202 933 4.
2252 888 2289 931 ι
2320 868 2654 954 Negative,
2687 868 2806 935 nisi
2837 866 3022 934 aliter
3071 888 3151 935 ex
3182 886 3443 935 conces·

1858 953 2039 1021 sione
2086 964 2337 1022 constet
2366 977 2430 1022 ι».

1991 1040 2088 1109 Ad
2137 1048 2201 1111 tt.
2254 1062 2293 1108 c
2323 1043 2617 1112 Officium
2662 1055 2730 1112 et
2774 1044 2950 1111 Missa
2994 1052 3327 1121 sumantur
3355 1042 3443 1111 de

1858 1132 2198 1199 Communi
2244 1135 2590 1221 Martyrum
2624 1144 2802 1201 extra
2834 1144 3088 1223 tempus
3118 1131 3439 1216 Pascbale,

1857 1220 2131 1286 retentis
2187 1217 2592 1288 Lectionibus
2616 1270 2634 1307 ,
2693 1222 2987 1290 Oratione
3055 1233 3120 1289 et
3172 1221 3223 1288 si
3283 1220 3440 1308 quid

1857 1307 2033 1375 aliud
2080 1307 2268 1376 habet
2313 1309 2378 1377 in
2422 1310 2686 1397 proprio
2716 1333 2782 1377 ».

1993 1396 2090 1462 Ad
2141 1400 2205 1464 6.
2258 1418 2295 1461 ‹
2341 1400 2651 1486 Regulam
2720 1398 3090 1467 servandam
3157 1416 3295 1465 esse
3358 1415 3443 1462 ex

1861 1482 1999 1570 ipso
2044 1485 2393 1573 Evangelio
2440 1487 2544 1555 vel
2588 1486 2905 1566 Oratione,
2939 1486 2990 1552 si
3022 1486 3103 1553 sit
3148 1487 3230 1554 de
3259 1487 3443 1552 Com·

1861 1573 2064 1657 muni,
2114 1591 2277 1660 quae
2321 1574 2601 1644 indicant
2644 1587 2863 1644 utrum
2907 1588 3158 1663 sumpta
3204 1573 3331 1641 sint
3361 1591 3443 1639 ex

1860 1660 2072 1747 primo
2120 1661 2224 1727 vel
2272 1663 2557 1731 secundo
2604 1663 2747 1730 loco
2781 1686 2845 1730 s.

1896 1835 1960 1903 ih
1995 1750 2093 1818 Ad
2142 1753 2210 1817 7.
2257 1772 2298 1816 ι
2330 1757 2455 1819 Iam
2524 1752 2852 1841 provisum
2919 1750 2984 1818 in
3053 1749 3445 1838 praeceden-

1868 1848 1892 1903 t
1962 1858 2037 1905 us
2071 1861 2135 1903 ν.

1996 1928 2093 2030 Ad
2140 1931 2205 1994 8.
2257 1948 2294 1991 α
2327 1928 2702 2016 Legendum
2751 1932 3144 2014 iit-pecunia
3202 1938 3265 1994 et
3319 1924 3447 1992 tlte-

1859 2034 2095 2170 wmxd
2117 2037 2205 2172 ’8.
2260 2124 2297 2167 ‹
2335 2106 2703 2172 sunamitis
2748 2104 3095 2173 dicendum
3140 2114 3337 2170 est».

1997 2192 2208 2279 Atque
2254 2192 2339 2259 ita
2386 2193 2708 2280 rescripsit
2737 2212 2805 2258 ac
2835 2192 3070 2259 servari
3102 2188 3444 2259 mandavit.

1997 2280 2110 2347 Die
2161 2285 2233 2349 11
2286 2281 2681 2370 Septembris
2730 2284 2922 2349 1841.

1867 2422 2135 2493 2840.
2474 2422 2846 2489 amanen,
3217 2421 3443 2509 (tasi)

1990 2548 2200 2624 Quum
2248 2564 2367 2634 per
2409 2544 2677 2613 Litteras
2707 2545 3102 2633 Apostolicas
3146 2542 3447 2614 informa

1861 2634 2080 2701 Brevis
2124 2634 2243 2701 sub
2289 2634 2394 2702 die
2458 2637 2536 2702 10
2586 2634 2721 2700 Maii
2773 2636 2941 2702 1839
2999 2631 3445 2701 sanctissimus

1862 2722 2165 2789 Dominus
2208 2723 2438 2789 Noster
2482 2722 2828 2809 Gregorius
2871 2726 3031 2810 Papa
3059 2724 3200 2790 XVI
3231 2720 3446 2790 indul·

1866 2811 2061 2894 serit,
2125 2821 2197 2876 ut
2262 2811 2454 2878 etiam
2516 2811 2579 2876 in
2641 2809 3048 2878 Dioecesibus
3115 2809 3451 2897 utriusque

1865 2899 2114 2969 Siciliae
2160 2899 2363 2986 Regni
2412 2897 2564 2965 citra
2609 2899 2880 2966 Pharum
2924 2902 3184 2970 Festum
3236 2896 3445 2966 Sancti

1857 2988 2169 3056 Francisci
2217 2988 2300 3056 de
2349 2989 2530 3054 Paula
2577 2986 2970 3055 confessoris
3002 2987 3310 3074 deinceps
3349 2987 3443 3053 in·

1863 3082 2242 3144 stitueretur
2274 3075 2594 3144 Dominica
2622 3076 2902 3143 secunda
2935 3094 2968 3140 a
2998 3075 3300 3142 Pascbate
3328 3078 3451 3140 Re-

1863 3162 2301 3247 surrectionis,
2349 3182 2679 3265 quumque
2717 3162 2781 3228 in
2828 3162 3113 3230 Dioecesi
3145 3161 3446 3231 Arianen.

1870 3252 1987 3320 bac
2035 3251 2169 3338 ipsa
2226 3252 2545 3319 Dominica
2611 3250 2937 3319 interdum
3001 3259 3293 3322 occurrat
3335 3254 3450 3318 Fe-

1865 3351 2037 3407 stum
2082 3340 2407 3428 praecipui
2441 3342 2726 3419 Patroni3
2777 3339 2921 3406 binc
2969 3337 3450 3408 Reverendissi·

1866 3447 2010 3496 mus
2059 3430 2409 3516 Episcopus
2470 3430 2721 3496 Sacram
2775 3426 3037 3494 Rituum
3094 3430 3452 3527 congrega·

1867 3516 2112 3584 tionem
2157 3515 2537 3584 humillimis
2594 3514 2892 3604 precibus
2955 3515 3202 3604 rogavit
3248 3514 3453 3583 indul·

1873 3616 2010 3673 tum
2060 3603 2433 3672 instituendi
2478 3605 2853 3672 memoriam
2899 3605 3106 3673 Sancti
3139 3602 3450 3672 Francisci

1871 3692 1957 3761 de
2004 3693 2187 3760 Paula
2235 3709 2380 3761 cum
2439 3692 2654 3760 Officio
2718 3703 2783 3760 et
2831 3693 3045 3777 Missa,
3092 3703 3166 3759 ut
3228 3701 3448 3775 antea,

1874 3792 2102 3869 quarto
2146 3783 2351 3848 Nonas
2396 3780 2655 3869 Aprilis.

2006 3867 2506 3938 Eminentissimi
2574 3889 2730 3936 vero
2789 3879 2855 3936 et
2912 3867 3454 3937 Reverendissimi

1871 3963 2087 4026 Patres
2130 3959 2335 4027 Sacris
2384 3955 2634 4025 tuendis
2681 3956 2925 4026 Ritibus
2970 3957 3340 4046 praepositi,
3390 3957 3453 4022 in

1872 4046 2217 4116 ordinariis
2237 4046 2520 4115 comitiis
2553 4046 2862 4113 hodierna
2893 4045 3002 4112 die
3032 4044 3109 4111 ad
3134 4042 3453 4124 Quirinale

1874 4135 2101 4204 habitis
2145 4134 2504 4220 coadunati,
2558 4134 2716 4221 quin
2760 4153 2986 4221 preces
3031 4130 3454 4200 Reverendis·

1872 4222 2018 4290 simi
2088 4221 2389 4311 Episcopi
2456 4220 2752 4289 Arianen.
2825 4220 3281 4305 admitterent,
3347 4237 3455 4285 an-

1876 4311 2211 4378 nuendum
2257 4310 2468 4399 potius
2515 4319 2928 4393 censuerunt,
2962 4319 3035 4375 ut
3067 4307 3139 4375 iis
3170 4306 3237 4374 in
3268 4307 3454 4375 Dioe-

1876 4399 2150 4484 cesibus,
2200 4399 2262 4465 in
2309 4398 2537 4485 quibus
2585 4396 2909 4466 interdum
2956 4400 3213 4464 Festum
3247 4393 3454 4464 Sancti

1875 4485 2187 4554 Francisci
2219 4484 2635 4575 praepeditur
2682 4485 2746 4551 in
2790 4486 3096 4587 assignata
3138 4483 3456 4551 Dominica

1873 4574 2154 4642 secunda
2202 4586 2345 4664 post
2390 4573 2616 4642 Pascha
2646 4573 2724 4639 ad
2757 4583 3079 4641 tramitem
3111 4570 3460 4639 concessio·

1874 4663 1972 4732 nis
2035 4663 2098 4730 in
2156 4661 2496 4732 enunciato
2554 4660 2740 4729 Brevi
2802 4666 2854 4730 A
2902 4660 3170 4729 ostolico
3230 4659 3455 4743 factae,

1880 4750 2208 4820 transferri
2266 4750 2465 4837 possit
2525 4751 2697 4818 iuxta
2763 4754 2861 4819 Ru
2907 4750 3065 4817 ricas
3130 4746 3323 4814 etiam
3380 4748 3458 4815 ad

1878 4839 2061 4905 aliam
2092 4838 2485 4906 Dominicam
2515 4855 2644 4905 non
2674 4837 3075 4927 impeditam.
3120 4834 3463 4903 Contrariis

1878 4947 2009 4995 non
2058 4925 2477 4994 obstantibus.

2012 5014 2124 5083 Die
2177 5018 2252 5081 11
2311 5012 2715 5102 Septembris
2768 5017 2958 5083 1841.

1880 5160 2131 5231 2841.
2441 5158 2899 5228 NatmltcEN.

3240 5154 3465 5246 (toas)

2012 5287 2225 5365 Quum
2271 5282 2339 5350 in
2390 5281 2734 5352 ordinariis
2801 5286 3140 5352 Sacrorum
3208 5286 3470 5355 Rituum

1885 5371 2179 5444 comitiis
2223 5371 2299 5439 ad
2345 5371 2670 5453 Quirinale
2697 5369 3059 5461 subsignata
3103 5372 3211 5442 die
3239 5375 3468 5443 coadu-
