4042 5950
1922 253 2398 339 —302-

527 407 786 478 2836.
1111 409 1513 505 mamea.
1871 410 2097 498 (4027)

652 547 1211 617 Reverendissime
1259 548 1548 629 Domine,
1584 550 1676 615 uti
1728 552 1964 617 Frater.

653 676 815 740 Dum
848 672 914 739 in
946 676 1282 740 Sacrorum
1305 672 1566 740 Rituum
1590 673 2098 761 congregatione

525 758 1051 853 expendebantur
1081 759 1270 827 dubia
1302 759 1755 848 Amplitudinis
1787 765 1958 831 Tuae
1986 781 2099 829 no-

523 850 697 917 mine
745 846 1029 916 exhibita
1089 848 1489 916 Sanctissimo
1549 849 1817 917 Domino
1871 851 2100 917 Nostro

519 938 825 1022 Gregorio
872 940 1066 1023 Papae
1116 939 1279 1020 xv1,
1331 937 1562 1003 litteris
1616 939 2100 1006 De·La-Valette

522 1023 753 1091 vicarii
802 1024 890 1090 tui
937 1025 1260 1092 Generalis
1292 1024 1453 1091 datis
1487 1025 1718 1094 vivarii
1751 1026 1855 1093 die
1888 1029 1971 1095 20
2003 1030 2099 1093 lu·

525 1112 590 1178 lii
640 1115 830 1196 1840,
879 1132 951 1193 ac
999 1112 1119 1179 iam
1168 1114 1299 1180 duo
1344 1114 1754 1182 consultores
1791 1113 2102 1201 Theologi

521 1200 770 1268 fuerant
817 1199 1099 1286 requisiti
1140 1210 1212 1269 ut
1237 1219 1424 1268 suum
1457 1201 1829 1269 emitterent
1876 1213 2098 1269 votum

521 1288 686 1357 circa
713 1287 1102 1356 validitatem
1132 1288 1556 1357 ordinationis
1585 1289 1912 1358 cuiusdam
1952 1295 2100 1357 Pre-

518 1378 590 1445 sb
640 1374 794 1460 teri',
849 1378 910 1443 in
956 1397 1079 1464 qua
1132 1379 1386 1446 incaute
1446 1377 1658 1444 vitiata
1715 1376 1836 1446 fuit
1896 1377 2099 1445 forma

519 1485 593 1533 co
625 1465 872 1532 lationis
896 1466 1225 1552 potestatis
1251 1464 1622 1533 remittendi
1647 1466 1747 1532 vel
1775 1466 2098 1534 retinendi

518 1566 813 1642 peccata3
863 1563 1115 1620 certum
1162 1552 1465 1621 nuncium
1512 1554 1813 1639 pervenit
1859 1575 1890 1620 a
1936 1558 2098 1624 con·

519 1642 893 1731 gregatione
917 1641 1206 1709 Generali
1233 1643 1491 1709 Sanctae
1516 1644 1828 1713 Romanae
1859 1653 1924 1708 et
1950 1643 2099 1711 Uni·

516 1730 777 1798 versalis
822 1729 1243 1814 Inquisitionis
1287 1731 1407 1797 sub
1450 1731 1557 1799 die
1604 1734 1685 1799 27
1717 1730 1858 1798 maii
1900 1734 2095 1815 1840,

520 1837 734 1887 casum
777 1816 1061 1905 apprime
1105 1818 1384 1885 similem
1431 1819 1782 1888 discussum
1828 1838 1899 1886 ac
1936 1818 2096 1889 defi-

517 1907 723 1975 nitum
772 1905 998 1989 fuisse,
1047 1907 1394 1975 accedente
1452 1909 1640 1975 etiam
1685 1905 1883 1995 ipsius
1943 1912 2094 1978 San-

520 1993 779 2063 ctissimi
824 1995 1070 2061 Domini
1104 1996 1311 2063 Nostri
1342 1996 1793 2085 approbatione
1832 2006 1899 2062 et
1926 2000 2097 2084 Apo-

515 2083 736 2150 stolica
780 2080 1284 2169 confirmatione.
1335 2091 1553 2172 ltaque
1602 2095 1753 2151 tunc
1797 2084 2094 2151 emissam

517 2172 974 2239 resolutionem
1020 2170 1446 2273 Amplitudini
1491 2184 1637 2240 tuae
1666 2172 1752 2239 de
1781 2172 1979 2243 verbo
2018 2171 2094 2241 ad

516 2260 790 2327 verbum
844 2271 1426 2347 communicantes,
1490 2270 1562 2328 ut
1615 2261 1948 2347 sequitur3
2005 2259 2099 2327 ni·

515 2367 797 2417 mirum:
1465 2374 1474 2385 ·

648 2436 824 2503 Feria
869 2440 948 2505 Ν
992 2436 1098 2503 die
1142 2439 1362 2506 xxvu
1410 2437 1545 2504 Maii
1596 2440 1789 2505 1840.

649 2547 686 2590 ι
720 2528 785 2590 ln
816 2526 1323 2614 congregatione
1354 2523 1646 2593 Generali
1679 2527 1940 2593 Sanctae
1970 2531 2094 2595 Ro-

516 2632 738 2683 manae
783 2625 849 2680 et
897 2612 1278 2680 Universalis
1325 2612 1744 2700 inquisitionis
1791 2615 1995 2682 habita
2029 2614 2092 2683 in

514 2707 850 2772 Conventa
896 2703 1155 2768 Sanctae
1219 2701 1441 2768 Mariae
1499 2720 1688 2789 supra
1748 2702 2089 2771 Minervam

516 2808 729 2860 coram
799 2788 1325 2857 Eminentissimis
1393 2800 1457 2857 et
1522 2790 2091 2859 Reverendissimis

516 2878 795 2949 Dominis
839 2876 1270 2946 cardinalibus
1301 2875 1780 2965 inquisitoribus
1821 2880 2091 2947 cenera-

517 2968 720 3053 libus,
784 2965 1124 3057 propositis
1181 2966 1478 3056 precibus
1536 2966 2091 3036 Dominicanorum

514 3057 856 3142 Bononiae,
905 3055 1134 3143 quibus
1182 3056 1586 3144 exponebant
1632 3055 1770 3124 eius
1813 3057 2090 3145 Religio-

512 3161 655 3214 sum
700 3148 775 3213 N.
825 3147 934 3230 N.,
984 3145 1136 3212 dum
1195 3144 1671 3213 ordinationem
1729 3144 2088 3234 Presbyteri

510 3233 884 3323 recipiebat,
932 3253 966 3299 a
1010 3236 1088 3301 R.
1135 3236 1204 3299 P.
1253 3237 1324 3300 D.
1397 3234 1711 3322 Episcopo
1774 3234 2089 3300 monitum
2144 3295 2147 3304 ,

512 3323 707 3391 fuisse
740 3322 948 3411 ipsum
980 3321 1448 3409 perturbavisse
1479 3322 1744 3392 formam
1777 3322 2086 3389 adnexam

511 3422 870 3499 postremae
919 3428 1220 3480 manuum
1283 3409 1708 3498 impositioni,
1757 3408 2084 3478 dicendox

516 3500 807 3577 Quorum
852 3502 1171 3564 remiseris
1209 3509 1477 3584 peccata
1523 3508 1772 3566 retenta
1810 3509 1990 3581 sunt,
2027 3511 2088 3568 et

509 3605 787 3672 quorum
831 3588 1183 3652 retinueris
1215 3589 1478 3653 remissa
1508 3597 1700 3653 sunt.-
1753 3587 2089 3674 propositis

510 3674 667 3742 item
713 3673 884 3740 Actis
930 3673 1153 3741 curiae
1199 3672 1590 3761 Episcopalis
1643 3674 1721 3741 ad
1766 3674 2088 3744 stabilien-

512 3762 658 3829 dam
703 3760 1039 3828 veritatem
1085 3763 1521 3849 expositorum
1568 3783 1689 3830 una
1744 3781 1889 3829 cum
1936 3774 2087 3831 voto

512 3849 700 3922 unius
746 3869 828 3917 ex
872 3847 1148 3917 Dominis
1194 3849 1700 3934 consultoribus,
1758 3852 1931 3936 quod
1991 3852 2086 3920 di-

508 3938 855 4006 stributum
888 3936 1094 4006 fuerat
1126 3958 1246 4027 per
1273 3954 1525 4018 manus;
1560 3939 1900 4040 propositis
1930 3939 2089 4007 item

511 4025 921 4094 Dominorum
954 4027 1403 4095 consultorum
1426 4027 1760 4128 suffragiis,
1788 4029 2088 4097 Eminen-

514 4113 735 4181 tissimi
779 4125 845 4183 et
887 4114 1423 4183 Reverendissimi
1468 4117 1715 4184 Domini
1749 4115 2087 4186 dixerunt:

511 4222 549 4268 ‹
583 4204 714 4271 Sub
746 4202 1109 4271 conditione
1144 4203 1208 4271 in
1241 4203 1485 4291 privato
1517 4204 1825 4290 Oratorio,
1860 4205 2087 4291 quovis

510 4291 657 4357 anni
691 4301 1008 4381 tempore,
1041 4291 1416 4379 suppleatur
1446 4313 1480 4359 a
1509 4292 1734 4379 quovis
1772 4293 2088 4394 Episcopo

512 4378 734 4445 induto
781 4379 863 4447 de
907 4397 1089 4445 more
1138 4378 1320 4445 tertia
1380 4398 1683 4449 manuum
1737 4381 2084 4470 impositio,

511 4477 576 4532 et
621 4465 822 4535 forma
870 4467 1261 4556 respectivaz
1311 4468 1540 4553 Accipe
1569 4470 1893 4555 Spiritum
1923 4470 2090 4538 San·

512 4564 726 4640 ctum,
775 4576 902 4625 non
958 4565 1168 4623 tamen
1235 4558 1590 4642 repetendo
1646 4558 2087 4626 Caeremonias

509 4642 933 4713 accidentales
957 4654 1140 4712 antea
1162 4643 1471 4712 adhibitas
1495 4666 1558 4712 ι.
1591 4645 1826 4725 Quibus
1859 4646 2086 4714 eadem

509 4730 614 4797 die
660 4755 729 4802 ac
776 4734 951 4801 Feria
997 4732 1063 4799 in
1106 4732 1287 4802 solita
1332 4733 1670 4802 Audientia
1719 4735 1928 4802 relatis
1967 4755 2088 4823 per

509 4820 1130 4917 Reverendissimum
1146 4825 1395 4888 Patrem
1410 4823 1922 4891 commissarium
1936 4826 2085 4893 San·

509 4915 592 4972 ct!
625 4911 869 4998 Officii,·
883 4908 1318 4980 sanctissimus
1347 4910 1648 4980 Dominus
1676 4913 1902 4979 Noster
1932 4913 2086 4979 cre-

475 5000 725 5088 ‘gorius
769 5005 926 5087 Papa
955 5000 1093 5066 XVI
1139 4999 1600 5067 resolutionem
1645 4999 2086 5068 Eminentissi·

506 5097 759 5155 morum
802 5085 1172 5175 approbavit
1202 5108 1264 5153 ».

636 5177 871 5267 vigore
918 5173 1287 5244 facultatum
1331 5175 1522 5246 Nobis
1566 5176 1644 5244 ab
1677 5176 1904 5244 eodem
1935 5178 2085 5243 San·

508 5266 787 5334 ctissime
833 5268 906 5332 D.
956 5267 1185 5332 Nostro
1231 5263 1538 5351 Gregorio
1569 5267 1728 5350 Papa
1757 5265 1900 5332 xvt
1939 5281 2085 5349 spe-

508 5353 754 5422 cialiter
824 5350 1235 5427 tributarum3
1284 5349 1731 5431 concedimus,
1790 5359 1860 5415 ut
1913 5368 2079 5435 quae

2200 410 2570 480 enunciatae
2644 412 3033 495 ordinationi
3102 413 3340 485 desunt
3400 413 3509 480 vel
3570 413 3783 481 vitiata

2200 499 2487 584 fuerunt,
2538 500 2792 581 omnino
2836 502 3262 590 suppleantur
3318 503 3397 570 ad
3461 502 3780 569 tramitem

2201 589 2532 656 memorati
2582 588 2834 656 Decreti
2879 593 3103 658 Sacrae
3151 590 3535 657 universalis
3582 590 3782 676 lnqui-

2200 675 2446 744 sitionis
2506 696 2908 765 quacumque
2964 678 3109 744 anni
3168 677 3278 746 die
3334 676 3411 744 ab
3466 680 3776 766 Episcopo

2199 764 2425 850 quovis
2472 764 2697 831 induto
2744 765 2829 833 de
2874 785 3081 851 more,
3116 776 3189 833 ut
3233 766 3299 833 in
3343 766 3775 850 ordinatione,

2202 862 2270 918 et
2311 854 2570 919 Sacrum
2621 853 2892 921 faciente
2921 853 2989 922 in
3017 874 3134 920 suo
3178 853 3423 941 privato
3467 854 3774 939 oratorio,

2200 939 2484 1006 adstante
2509 940 2844 1009 enunciato
2875 939 3251 1031 Presbytero
3284 940 3779 1009 sacerdotalibus

2199 1026 2593 1096 vestimentis
2627 1028 2865 1116 pariter
2890 1028 3156 1111 induto;
3193 1041 3255 1098 et
3285 1029 3375 1096 sic
3403 1030 3777 1130 suppleatur

2197 1115 2381 1182 tertia
2429 1134 2731 1183 manuum
2778 1117 3120 1205 impositio,
3157 1129 3222 1187 et
3268 1130 3623 1206 respectwa
3653 1115 3776 1183 for-

2196 1222 2333 1271 ma:
2382 1206 2611 1289 Accipe
2640 1205 2966 1290 Spiritum
2997 1207 3335 1286 Sanctum,
3372 1206 3531 1292 quin
3572 1205 3777 1293 repeti

2195 1290 2470 1359 debeant
2515 1294 2964 1361 caeremoniae
2992 1293 3441 1378 accidentales,
3478 1312 3648 1380 quae
3674 1314 3777 1360 an·

2198 1392 2297 1446 tea
2341 1380 2663 1448 adhibitae
2708 1382 2995 1450 fuerunt.

2325 1471 2487 1535 Haec
2533 1469 2686 1536 dum
2731 1469 3157 1558 Amplitudini
3204 1474 3374 1537 Tuae
3435 1467 3774 1536 committi-

2198 1574 2336 1656 mus
2382 1566 2448 1622 et
2495 1555 2910 1645 iniungimus,
2961 1560 3071 1626 diu
3118 1557 3276 1627 felix
3320 1569 3386 1624 et
3437 1558 3772 1625 incolumis

2200 1655 2392 1710 vivat.

2329 1735 2561 1799 Romae
2609 1738 2693 1801 22
2742 1733 2875 1801 Maii
2933 1737 3127 1802 1841.

2198 1873 2444 1942 2837.
2480 1910 2496 1923 -
2725 1877 3244 1945 eanrluoann.
3551 1874 3769 1963 (toas)

2327 1995 2584 2061 Decimo
2642 1995 2953 2066 Kalendas
3011 1997 3380 2065 Decembris
3426 1998 3773 2086 superioris

2193 2083 2339 2149 anni
2377 2086 2570 2168 1840,
2601 2085 2680 2151 ad
2728 2085 2943 2152 enixas
2988 2102 3215 2170 preces
3262 2089 3512 2152 Petrum
3544 2090 3628 2153 lv
3660 2090 3771 2173 Sy·

2197 2170 2347 2236 nodi
2397 2171 2798 2239 Provinciatis
2859 2174 3270 2247 Baltimoren.
3334 2175 3769 2242 sanctissimus

2192 2258 2496 2326 Dominus
2542 2263 2771 2327 Noster
2814 2261 3160 2352 Gregorius
3186 2265 3344 2349 Papa
3374 2265 3513 2330 XVI
3545 2261 3771 2365 imper·

2197 2346 2346 2415 titus
2390 2357 2488 2413 est
2534 2368 2650 2436 pro
2698 2349 2990 2417 omnibus
3022 2349 3410 2417 Foederatae
3442 2352 3769 2417 Amencae

2189 2434 2714 2523 septentrionalis
2772 2437 3182 2506 Dioecesibus
3238 2438 3548 2505 nonnulla
3609 2438 3767 2505 intra

2191 2541 2427 2590 annum
2471 2524 2680 2593 Officia
2726 2528 3133 2606 Sanctorum3
3166 2545 3330 2612 quae
3375 2527 3533 2594 dum
3566 2526 3634 2593 in
3662 2530 3768 2595 Ca·

2194 2610 2490 2680 lendariis
2558 2613 3050 2700 ordinabantur,
3128 2614 3435 2683 nonnulla
3504 2615 3767 2680 excitata

2189 2710 2338 2765 sunt
2380 2698 2596 2785 dubia,
2644 2700 2721 2767 ad
2769 2720 3042 2787 qnorum
3102 2702 3488 2795 solutionem
3544 2705 3769 2770 Sacrae

2190 2787 2452 2854 Rituum
2476 2791 2997 2877 congregationis
3026 2789 3406 2857 sententiam
3440 2790 3770 2876 requiren-

2190 2875 2336 2941 dam
2381 2876 2712 2944 constituit
2756 2879 2920 2944 alter
2964 2898 3045 2944 ex
3093 2876 3524 2945 Directoribus
3568 2880 3767 2946 Semi-

2189 2962 2346 3034 narii
2390 2966 2653 3034 Sanctae
2686 2966 2910 3033 Mariae
2938 2964 3439 3051 Baltimorensis,
3475 2967 3579 3034 cui
3618 2987 3767 3033 cura

2189 3053 2520 3120 commissa
2586 3066 2683 3122 est
2746 3056 3050 3123 nonnulla
3117 3055 3504 3122 Foederatae
3576 3054 3769 3142 ipsius

2187 3139 2517 3207 Americae
2561 3143 2930 3210 calendaria
2973 3143 3306 3209 efformare
3336 3162 3454 3230 pro
3488 3143 3765 3227 regulari

2189 3227 2418 3295 iisdem
2450 3229 2514 3296 in
2546 3229 2949 3299 Dioeeesibus
2994 3230 3361 3299 divinorum
3404 3229 3763 3298 officiorum

2189 3315 2640 3419 celebratione.
2712 3319 3032 3408 Proposita
3100 3318 3311 3406 itaque
3370 3318 3564 3386 dubia
3622 3329 3767 3385 sunt

2189 3416 2556 3492 sequent1a5
2607 3408 2959 3476 nimirum:

2326 3498 2385 3561 1.
2419 3498 2800 3563 concessum
2834 3505 2930 3564 est
2959 3496 3247 3564 Officium
3282 3494 3495 3563 Sancti
3522 3494 3767 3562 Irenaei

2189 3582 2486 3684 Episcopi
2530 3583 2821 3671 Martyris
2849 3632 2867 3668 ,
2917 3585 3094 3651 nulla
3137 3585 3445 3671 assignata
3490 3583 3603 3650 die
3634 3602 3764 3669 qua

2187 3671 2437 3738 recitari
2483 3673 2739 3740 debeat.
2784 3672 2991 3751 Quum
3045 3682 3262 3740 autem
3318 3672 3441 3739 boc
3504 3676 3764 3739 Festum

2187 3758 2253 3826 in
2321 3759 2763 3847 nai-tyrotogio
2826 3761 3291 3848 pronuncietur
3354 3759 3462 3827 die
3518 3761 3765 3828 xxva!

2188 3845 2372 3930 lunii,
2421 3847 2789 3934 quaeritura
2838 3852 2935 3916 An
2978 3848 3065 3916 de
3104 3867 3178 3915 eo
3212 3846 3353 3915 fieri
3385 3847 3620 3915 debeat
3652 3847 3765 3915 hac

2190 3938 2321 4024 ipsa
2352 3935 2457 4004 die
2502 3940 2747 4005 xxvut
2780 3937 2967 4022 lunii,
3001 3940 3187 4004 Festo
3216 3935 3427 4005 Sancti
3461 3935 3689 4003 Leonis
3718 3938 3765 4001 ll

2188 4026 2267 4093 ad
2315 4023 2487 4092 diem
2536 4026 2640 4092 vu
2689 4025 2827 4093 lulii
2877 4024 3005 4092 fixe
3050 4021 3404 4091 translato?

2319 4117 2381 4180 2.
2422 4117 2489 4179 ln
2520 4112 2769 4180 indulto
2802 4111 3165 4214 Apostolico
3199 4111 3587 4201 exprimitur
3625 4111 3765 4180 Offi-

2189 4201 2359 4270 cium
2391 4200 2602 4268 Sancti
2632 4206 2874 4268 Irenae1
2900 4199 3299 4288 simpliciter.
3328 4204 3529 4267 Porro
3550 4219 3625 4267 ea
3650 4198 3768 4267 init

2190 4306 2367 4357 mens
2398 4292 2651 4356 Patrum
2681 4287 2943 4357 concilii
2967 4288 3340 4355 Baltimorae
3370 4301 3443 4355 ut
3475 4288 3594 4355 hoc
3624 4286 3765 4356 offi-

2188 4376 2384 4461 cium,
2414 4375 2600 4443 sicuti
2648 4376 2945 4465 Lugduni
2989 4374 3055 4442 in
3101 4375 3322 4459 Gallia,
3367 4376 3762 4446 celebretur.

2184 4469 2310 4531 lam
2334 4484 2485 4532 vero
2510 4483 2590 4532 ex
2614 4465 2994 4553 quibusdam
3017 4463 3280 4531 Romani
3308 4463 3611 4532 Breviarii
3637 4463 3769 4531 edi·

2190 4552 2464 4620 tionibus
2511 4553 2768 4621 videtur
2831 4554 3001 4640 quod
3049 4551 3115 4620 id
3159 4555 3414 4619 Festum
3464 4550 3763 4638 Lugduni

2190 4641 2559 4709 celebretur
2624 4644 2708 4709 de
2766 4642 3007 4709 Sanctis
3073 4642 3444 4727 Martyribus
3502 4644 3761 4706 Irenaeo

2189 4729 2504 4818 Episcopo
2558 4740 2624 4796 et
2669 4730 2865 4798 Sociis
2914 4730 3074 4796 eius.
3132 4728 3471 4808 Quaeritur
3514 4728 3762 4813 itaque:

2189 4821 2416 4886 Utrum
2461 4817 2527 4885 in
2572 4817 2745 4885 hisce
2792 4817 3179 4885 Foederatae
3222 4814 3551 4885 Americae
3582 4816 3763 4881 Dioe-

2188 4905 2436 4974 cesibus
2468 4904 2828 4974 faciendum
2856 4906 2941 4972 sit
2967 4907 3053 4974 de
3084 4908 3311 4973 Sancto
3339 4906 3600 4971 lrenaeo
3634 4912 3763 4969 tan·

2188 5004 2368 5076 tum;
2402 4993 2506 5064 vel
2540 4994 2621 5061 de
2652 4994 2895 5062 Sanctis
2923 4992 3295 5081 Martyribus
3326 4996 3585 5060 irenaeo
3614 4990 3760 5076 Epi-

2184 5103 2379 5172 scopo
2425 5091 2492 5148 et
2537 5082 2732 5150 Sociis
2778 5079 2969 5150 eius?

2318 5175 2385 5239 3.
2435 5169 2497 5240 Si
2529 5169 2813 5238 Officium
2844 5170 2926 5237 sit
2956 5170 3038 5237 de
3072 5171 3300 5238 Sancto
3346 5173 3605 5237 Irenaeo
3636 5178 3757 5234 tan-

2190 5268 2348 5344 tum,
2400 5260 2719 5328 undenam
2763 5257 3202 5328 desumendae
3245 5267 3396 5327 sunt
3431 5256 3755 5326 Lectiones

2188 5349 2239 5414 ll
2281 5359 2350 5414 et
2395 5351 2473 5415 111
2517 5346 2850 5428 Nocturni,
2896 5365 2967 5413 ac
3012 5343 3243 5413 Missa?
