4042 5950
2013 271 2484 354 -208-

539 490 551 506 ,
611 440 803 517 atque
850 434 1192 498 Decretum
1242 429 1535 518 expediri
1569 430 1915 499 mandavit.
1962 431 2077 500 Die
2115 436 2194 499 16

614 518 980 586 Decembris
1029 523 1221 587 1823.

613 660 866 743 2631.
1193 665 1637 732 manarum.
1964 662 2193 749 (taos)

737 786 964 856 Sacrae
989 783 1249 853 Rituum
1275 784 1803 874 Congregationis
1826 789 2100 851 Decreto
2134 784 2196 851 in

613 891 734 939 nna
782 870 1132 939 Dubiorum
1176 874 1286 940 die
1338 879 1415 942 17
1450 872 1849 962 Septembris
1886 876 2053 941 1822
2084 875 2195 940 Or-

611 959 869 1026 dinariis
936 961 1226 1028 locorum
1270 961 1579 1029 ‘districte
1644 961 2074 1049 praecipitur,
2123 969 2195 1028 ut

611 1048 1054 1132 Rubricatum,
1089 1051 1585 1118 Caeremonialis
1628 1049 2096 1137 Episcoporum
2130 1058 2197 1115 et

609 1140 1027 1203 Decretorum
1076 1138 1367 1207 eiusdem
1415 1136 2198 1226 Sacrae-congregationis

610 1225 1073 1291 observantiam
1121 1236 1438 1313 urgeant3
1488 1227 1661 1312 quod
1707 1243 1858 1292 sane
1888 1225 2193 1312 consequi

609 1313 1112 1399 perquamfacile
1144 1314 1266 1381 fuit
1295 1319 1452 1381 Rmo
1487 1313 1803 1402 Episcopo
1835 1312 2193 1397 Tiburtino,

611 1401 693 1467 ob
736 1400 1129 1486 singularem
1176 1402 1447 1489 Capituli
1486 1415 1551 1469 et
1591 1400 2051 1469 canonicorum
2083 1405 2195 1467 ca·

610 1487 919 1555 thedralis
963 1507 1115 1576 erga
1165 1491 1374 1577 ipsum
1422 1490 1905 1557 venerationem
1957 1501 2022 1555 et
2083 1490 2194 1555 ob-

609 1576 927 1663 sequium.
978 1579 1139 1643 cum
1186 1587 1402 1645 autem
1463 1578 1687 1645 eadem
1736 1580 1817 1644 sit
1864 1579 2013 1663 lege
2061 1597 2194 1644 san-

609 1666 806 1732 citum
874 1664 939 1734 in
1002 1663 1212 1732 dubiis
1275 1667 1634 1733 adeundam
1699 1684 1838 1732 esse
1896 1666 2191 1733 eamdem

607 1751 1178 1838 congregationem
1198 1774 1317 1841 pro
1343 1754 1798 1833 declaratione3
1825 1755 1971 1821 ideo
1994 1773 2071 1821 su
2122 1773 2194 1820 er

607 1841 931 1907 nonnullis
965 1840 1134 1907 illius
1164 1842 1555 1910 cathedralis
1587 1842 2070 1909 immemorabili
2123 1862 2194 1908 us

609 1929 1214 2014 consuetudinibus,
1279 1942 1554 2016 quatuor
1605 1932 1875 1997 exaratis
1945 1931 2188 2014 dubiis,

608 2015 891 2083 unanimi
940 2018 1294 2107 Episcopus
1328 2030 1393 2085 et
1427 2020 1719 2089 canonici
1754 2038 2068 2088 consensu
2100 2040 2193 2084 sa·

608 2123 784 2173 crum
836 2104 954 2171 boc
1000 2106 1297 2174 Tribunal
1358 2109 1537 2174 adire
1598 2108 2021 2196 opportunius
2074 2108 2191 2175 du·

606 2204 865 2278 xerunt,
911 2194 1135 2261 eadem
1188 2201 1315 2262 EE.
1364 2200 1475 2264 PP.
1530 2197 1906 2264 resolvenda
1958 2215 2191 2283 propo-

604 2294 858 2365 nentes,
907 2283 1259 2352 nimirum:

743 2374 804 2436 1.
868 2374 961 2437 An
1017 2383 1223 2438 stante
1288 2373 1754 2441 consuetudine
1825 2373 2190 2439 Tiburtinae

478 2485 495 2508 ¹
604 2458 1021 2542 cathedralis,
1056 2479 1088 2524 a
1135 2462 1461 2528 canonicis
1509 2461 1712 2527 omitti
1755 2461 1954 2548 possit
1988 2461 2053 2526 in
2085 2460 2191 2527 die

604 2547 955 2613 Nativitatis
1001 2548 1247 2613 Domini
1306 2549 1584 2616 secunda
1653 2549 1855 2631 Missa,
1904 2569 2069 2634 quae
2127 2550 2190 2616 in

602 2653 826 2701 aurora
873 2634 1044 2701 illins
1089 2636 1215 2701 diei
1266 2636 1645 2704 celebranda
1675 2657 1706 2701 a
1740 2636 2008 2703 Rubrica
2041 2641 2192 2703 Bre-

605 2722 778 2789 viarii
828 2723 1331 2811 praescribitur?

735 2816 800 2877 2.
850 2815 944 2877 An
1004 2811 1067 2875 in
1129 2811 1396 2879 Sabbato
1446 2816 1676 2880 Sancto
1725 2812 2063 2879 retinenda
2109 2813 2190 2881 sit

604 2900 998 2967 consuetudo
1047 2900 1416 2968 Tiburtinae
1461 2901 1885 2985 cathedralis,
1937 2921 2018 2968 ex
2066 2922 2190 2990 qua

651 3001 747 3057 ost
801 2988 1322 3056 benedictionem
1380 2990 1568 3079 ignis,
1634 2993 1791 3058 alius
1852 2984 2187 3075 Diaconos,

648 3077 893 3145 iversus
940 3076 1018 3143 ab
1064 3097 1140 3144 eo
1189 3079 1297 3163 qui
1331 3080 1694 3148 celebranti
1726 3078 1956 3145 assistit
1998 3089 2064 3146 et
2098 3093 2191 3145 to·

603 3167 725 3234 tius
772 3166 991 3233 Missae
1038 3167 1245 3233 officio
1291 3167 1487 3235 debet
1519 3167 1854 3251 inservire,
1889 3167 2049 3234 albis
2080 3187 2189 3234 ve·

599 3257 801 3324 stibus
846 3253 1134 3339 indutus,
1185 3255 1417 3324 debitis
1466 3255 1886 3323 caeremoniis
1930 3257 2191 3323 arundi-

601 3363 750 3413 nem
796 3344 1088 3410 accendit
1135 3354 1201 3410 et
1246 3344 1322 3411 ad
1371 3347 1692 3412 Lectorile
1754 3344 2050 3433 procedit
2112 3346 2188 3413 ad

602 3432 1019 3500 cantandum:
1092 3433 1406 3514 Excelsa,-
1467 3453 1592 3519 quo
1645 3444 1929 3518 cantate,
1986 3452 2189 3499 sacras

601 3532 813 3589 vestes
852 3519 1145 3607 deponit,
1196 3532 1260 3587 et
1304 3534 1524 3608 postea
1573 3523 1650 3590 ad
1696 3522 1979 3589 chorum
2041 3540 2186 3588 cum

540 3614 565 3635 ⁰
600 3609 737 3676 aliis
783 3606 1183 3675 revertitur?

734 3701 797 3763 3.
858 3698 987 3779 An,
1063 3694 1377 3785 Episcopo
1439 3701 1751 3787 vesperas
1807 3698 2191 3765 solemniter

723 3796 955 3870 agente
1011 3785 1116 3850 vel
1199 3785 1444 3853 Missam
1512 3787 1945 3854 pontificalem
2016 3789 2190 3854 cele-

644 3884 847 3959 rante,
896 3873 1249 3965 canonicus
1297 3875 1759 3958 Subdiaconus,
1797 3875 1902 3962 qui
1955 3875 2016 3941 in
2065 3877 2188 3941 Ve-

598 3961 804 4052 speris
848 3960 1222 4050 antiphonas
1266 3962 1696 4048 praeintonat,
1746 3975 1938 4049 atque
1970 3962 2187 4029 Diaco-

600 4072 716 4122 nus
764 4060 830 4117 et
875 4050 1314 4117 Subdiaconus
1344 4050 1585 4137 pariter
1617 4051 1914 4118 canonici
1948 4061 2013 4116 et
2046 4051 2187 4117 Mis-

597 4160 700 4207 sae
750 4137 1217 4221 ministrantes,
1267 4138 1508 4224 possint
1575 4158 1654 4204 ex
1716 4140 2186 4206 consuetudine

597 4228 963 4296 Tiburtinae
1010 4226 1407 4294 cathedralis
1453 4227 1685 4294 sedere
1734 4228 1798 4295 in
1831 4245 2086 4294 scamno
2123 4229 2187 4293 in

599 4336 800 4383 cornu
847 4315 1173 4402 Epistolae
1206 4334 1351 4382 cum
1386 4313 1604 4402 ligneo
1636 4317 2008 4404 postergali,
2037 4335 2186 4383 nec·

596 4423 725 4474 non
769 4404 974 4470 serico
1021 4402 1401 4469 damasceno
1448 4404 1645 4470 rubro
1695 4413 2031 4490 cooperto,
2084 4425 2185 4471 co·

597 4492 825 4560 ronide
872 4493 1168 4560 deaurata
1199 4513 1232 4558 a
1309 4499 1445 4557 arte
1489 4492 1806 4578 superiori
1838 4501 2188 4580 apparente

600 4591 665 4646 et
709 4600 830 4670 per
875 4599 1076 4649 unum
1123 4597 1235 4667 gra
1286 4599 1392 4646 um
1442 4600 1476 4645 a
1522 4590 1687 4646 terra
1740 4578 2037 4648 elevato?

731 4674 795 4737 4.
848 4675 943 4737 An
989 4668 1324 4756 quotannis
1371 4667 1433 4734 in
1461 4668 1823 4736 cathedrali
1856 4668 2186 4736 Tiburtina

599 4758 1052 4829 celebrandum
1084 4761 1167 4823 sit
1197 4755 1716 4823 Anniversarium
1752 4769 1944 4846 prout
1984 4757 2188 4824 anima

598 4848 809 4915 ultimi
858 4845 1155 4935 Episcopi
1205 4846 1521 4930 defuncti,
1572 4844 1680 4911 die
1730 4847 1927 4935 ipsius
1975 4846 2186 4913 obitus

599 4946 1004 5017 recurrente,
1067 4935 1241 5020 quod
1301 4951 1652 5021 numquam
1713 4934 1834 5003 fuit
1903 4933 2189 5000 celebra-

602 5023 794 5092 tum?

732 5117 810 5177 Et
858 5114 982 5177 EE.
1035 5114 1144 5178 PP.
1197 5109 1398 5178 Sacris
1431 5110 1679 5178 Ritibus
1711 5110 1968 5177 tuendis
2003 5127 2189 5198 prae-

597 5197 814 5291 positi,
850 5218 997 5265 acce
1051 5210 1107 5264 ta
1140 5200 1318 5286 prius
1342 5199 1655 5266 sententia
1688 5197 1876 5263 unius
1910 5216 1990 5264 ex
2023 5202 2190 5286 Apo·

597 5287 970 5355 stolicarnm
1054 5286 1564 5354 aeremoniarum
1604 5283 1909 5369 Magistris
1951 5286 2193 5372 scripto

604 5376 772 5445 edita
823 5375 1118 5464 typisque
1168 5374 1484 5456 evulgata,
1519 5372 1596 5438 ad
1648 5372 2019 5437 relationem
2058 5373 2191 5438 Emi

2299 443 2365 498 et
2422 432 2561 502 Rmi
2623 437 2806 500 Dom.
2863 433 3054 500 card.
3118 432 3492 521 Falzacappa
3547 432 3855 517 Ponentis,

2299 534 2688 592 censuerunt
2735 522 3292 608 respondendum:

2431 610 2524 676 Ad
2559 610 2843 697 primum
2872 633 2890 676 t
2938 631 2977 674 c
3011 610 3319 696 Negative
3352 633 3420 676 ».

2425 698 2522 764 Ad
2569 699 2959 767 secundum:
3008 718 3046 762 α
3079 697 3425 785 Negativ03
3475 697 3591 764 sed
3651 716 3861 763 consu·

2300 785 2566 854 lendum
2613 789 2805 855 SSmo
2850 785 3023 853 iuxta
3068 796 3292 852 votum
3323 807 3385 852 r.

2428 877 2519 941 Ad
2596 876 2903 943 tertium:
2981 895 3019 939 α
3051 874 3596 942 consuetudinem
3669 873 3858 958 quoad

2296 963 2765 1031 Subdiaconum
2800 964 2862 1030 in
2895 963 3195 1051 vesperis
3224 981 3363 1029 esse
3395 962 3859 1036 eliminandam

2298 1052 2506 1134 quoad
2547 1054 2895 1119 Diaconum
2942 1062 3009 1118 et
3053 1050 3522 1120 subdiaconum
3572 1051 3638 1116 in
3702 1052 3860 1114 mssa

2299 1136 2557 1206 tolerari
2601 1159 2789 1228 posse
2822 1162 2886 1207 ν.

2426 1230 2521 1297 Ad
2571 1238 2908 1316 quartum:
2959 1248 2997 1292 α
3030 1226 3421 1296 Affirmative
3454 1247 3520 1292 ι.

2429 1317 2539 1383 Die
2587 1321 2669 1385 27
2718 1316 2920 1384 Martii
2971 1320 3165 1385 1824.

2425 1406 2663 1484 Quibus
2708 1405 3001 1472 omnibus
3046 1417 3113 1471 et
3157 1405 3422 1491 singulis
3451 1404 3529 1470 ab
3560 1403 3863 1471 infrascri-

2298 1502 2405 1579 pto
2451 1494 2807 1561 secretario
2866 1493 3083 1560 relatis
3150 1496 3260 1561 88.
3325 1494 3593 1559 Domino
3653 1494 3864 1578 Rostro

2294 1580 2491 1648 Leoni
2521 1585 2630 1649 ΧΠ
2661 1585 2842 1648 Pont.
2869 1585 3062 1647 laxa
3096 1603 3135 1646 ‹
3163 1582 3466 1649 Sanctitas
3499 1584 3626 1648 Sua
3658 1581 3863 1648 Sacrae

2296 1670 2824 1757 Congregationis
2868 1674 3191 1758 Responsa
3223 1669 3290 1736 in
3322 1667 3620 1735 omnibus
3651 1687 3864 1755 appro-

2298 1757 2465 1823 bavit
2500 1768 2563 1823 et
2596 1757 3020 1825 confirmavit.
3072 1760 3318 1823 Verum
3351 1757 3414 1823 in
3457 1776 3605 1822 casu
3641 1755 3866 1842 dequo

2296 1843 2505 1930 agitur
2565 1847 2666 1933 (ad
2722 1846 3068 1947 primum),
3133 1846 3391 1913 attentis
3448 1844 3866 1932 peculiaribus

2297 1934 2780 2001 circumstantiis
2846 1934 3128 2000 animum
3187 1952 3374 1999 suum
3443 1932 3864 2014 moventibus,

2297 2040 2373 2086 ex
2430 2022 2686 2110 speciali
2741 2022 2937 2109 gratia
2994 2021 3258 2088 indulsit
3312 2020 3605 2108 capitulo
3651 2019 3864 2086 cathe-

2297 2109 2493 2177 dralis
2536 2109 2929 2193 Tiburtinae,
2962 2121 3036 2176 ut
3080 2109 3435 2176 secundum
3484 2111 3750 2175 Sacrum
3780 2126 3865 2170 so-

2298 2200 2538 2284 lemne,
2571 2199 2747 2264 iuxta
2781 2195 3084 2265 Rubricas
3128 2198 3194 2264 in
3239 2200 3478 2264 Aurora
3509 2197 3867 2282 persolven-

2294 2288 2482 2373 dum,
2502 2287 2789 2373 protrahi
2819 2287 3019 2374 possit
3050 2285 3125 2351 ad
3162 2302 3352 2352 unam
3384 2285 3736 2351 alteramve
3768 2283 3866 2349 bo-

2297 2394 2427 2442 ram
2475 2384 2620 2463 post
2665 2374 2815 2441 solis
2863 2383 3115 2452 ortum;
3165 2383 3271 2457 et,
3321 2374 3522 2439 Prima
3572 2391 3655 2438 ex
3703 2371 3868 2436 floris

2296 2464 2621 2531 Canonicis
2652 2462 2964 2545 absoluta,
3003 2462 3230 2527 eadem
3276 2460 3448 2528 Missa
3498 2477 3647 2526 cum
3693 2469 3866 2525 cantu

2296 2552 2556 2618 omnino
2618 2550 3027 2632 celebretur,
3092 2547 3530 2615 assistentibus
3584 2546 3867 2616 omnibus

2295 2640 2650 2722 canonicis,
2677 2637 3077 2705 Beneficiatis
3106 2636 3376 2723 aliisque
3406 2637 3491 2703 de
3521 2636 3742 2720 cIero,
3767 2634 3865 2721 qui

2296 2728 2360 2795 in
2406 2726 2900 2795 solemnioribus
2951 2725 3160 2793 choro
3216 2725 3530 2791 interesse
3589 2722 3864 2789 debentt

2296 2816 2680 2903 iisdemque,
2713 2824 2786 2881 ut
2830 2834 3044 2901 supra,
3092 2813 3347 2879 attentis
3391 2811 3867 2879 circumstantiis

2297 2904 2355 2970 in
2428 2924 2572 2971 casu
2644 2906 2726 2973 de
2796 2921 2927 2991 quo
2995 2901 3245 2989 agitur,
3317 2900 3594 2989 benigne
3663 2899 3867 2966 annuit

2298 2994 2531 3079 (quoad
2594 2991 3004 3077 secundum),
3071 3010 3188 3078 pro
3233 2989 3484 3056 indulto
3530 2989 3867 3054 servandae

2294 3082 2797 3147 consuetudinis.
2848 3079 3192 3147 Contrariis
3220 3097 3349 3144 non
3382 3075 3776 3143 obstantibus
3811 3096 3863 3139 ν.

2295 3170 2410 3236 Die
2444 3173 2527 3237 30
2574 3170 2774 3235 Martii
2831 3170 3023 3234 1824.

2810 3344 3363 3411 RESOLuTlOle

2873 3452 3295 3518 DUBIORUM.

2420 3612 2712 3680 Director
2741 3610 3099 3679 calendarii
3132 3608 3394 3677 Romani
3426 3626 3547 3696 pro
3581 3607 3862 3675 eiusdem

2291 3710 2461 3769 recta
2509 3701 2961 3788 compilatione
3007 3719 3040 3764 a
3086 3701 3269 3767 Sacra
3301 3697 3562 3765 Rituum
3594 3700 3866 3783 congre·

2292 3789 2545 3877 gatione
2592 3789 2781 3876 petiit
2824 3787 3172 3855 declararit

2430 3881 2486 3943 1.
2535 3880 2637 3959 An
2683 3875 2749 3943 in
2797 3874 3100 3942 secundis
3146 3872 3449 3962 vesperis
3512 3870 3867 3939 Dominicae

2289 3968 2516 4034 SSmae
2564 3963 2883 4031 Trinitatis
2930 3961 3463 4030 concurrentibus
3509 3980 3656 4027 cum
3691 3963 3866 4024 Festo

2289 4055 2535 4142 primae
2562 4052 2664 4118 vel
2699 4051 3022 4119 secundae
3045 4050 3256 4116 classis
3280 4048 3418 4118 fleri
3446 4047 3681 4116 debeat
3705 4063 3865 4112 com·

2288 4142 2667 4208 memoratio
2716 4141 2801 4211 de
2843 4135 3209 4206 Dominica?

2417 4235 2482 4297 2.
2534 4234 2630 4294 An
2678 4238 3064 4294 occurrente
3106 4228 3169 4292 in
3218 4233 3432 4292 octava
3497 4222 3670 4292 SSmi
3729 4224 3867 4288 cor·

2287 4318 2463 4407 poris
2508 4315 2742 4383 christi
2788 4319 2973 4382 Festo
3007 4313 3359 4381 Nativitatis
3391 4316 3455 4381 8.
3489 4310 3736 4378 loannis
3765 4313 3867 4375 Ba·

2288 4408 2563 4493 ptistae,
2633 4407 3008 4471 Sanctorum
3069 4401 3526 4491 Apostolorum
3584 4396 3756 4466 Petri
3809 4404 3867 4494 et

2286 4492 2487 4577 Pauli,
2522 4492 2973 4569 Dedicationis,
3007 4491 3200 4557 Tituli
3252 4489 3597 4572 Ecclesiae,
3631 4490 3868 4552 Patroni

2291 4579 2659 4670 principalis
2688 4590 2796 4646 aut
2818 4579 3019 4645 altero
3048 4595 3457 4664 quocumque
3480 4581 3667 4643 Festo
3691 4571 3866 4659 dupl.

2291 4671 2535 4758 primae
2581 4668 2818 4752 classis,
2868 4666 3007 4733 fieri
3053 4669 3287 4735 debeat
3329 4665 3392 4731 in
3424 4662 3725 4731 secundis
3757 4663 3867 4727 Ve-

2291 4757 2497 4844 speris
2541 4755 3075 4823 commemoratio
3105 4754 3192 4821 de
3219 4754 3445 4820 eadem
3490 4762 3749 4829 octava3
3793 4765 3863 4811 an

2292 4848 2504 4932 potius
2548 4842 2878 4932 sequentis
2925 4843 3091 4910 Festi
3140 4842 3310 4908 Sacri
3344 4840 3570 4907 cordis
3601 4835 3794 4904 lesu?
3852 4918 3864 4932 ⁶

2419 4939 2500 5001 Et
2547 4937 2613 5001 8.
2667 4939 2742 5001 lt.
2795 4935 2899 5015 c.,
2949 4932 3026 4997 ad
3076 4930 3457 4997 relationem
3489 4924 3865 5010 infrascripti

2289 5022 2660 5106 Secretarii,
2712 5019 3096 5105 responditt

2424 5111 2519 5178 Ad
2567 5113 2889 5197 primum:
2941 5128 2979 5172 c
3013 5107 3323 5194 Negative
3358 5127 3420 5172 ιν.

2424 5198 2515 5265 Ad
2567 5197 2959 5265 secundum:
2994 5217 3032 5261 c
3060 5195 3476 5278 Affirmative,
3504 5195 3580 5260 ad
3609 5191 3860 5279 primam

2292 5297 2583 5372 partem3
2631 5286 2971 5372 Negative,
3020 5286 3096 5351 ad
3143 5285 3490 5352 secundam
3526 5304 3588 5347 ».

2425 5375 2538 5441 Die
2581 5378 2667 5440 27
2715 5373 2914 5438 nan-tii
2967 5375 3161 5439 1824.

2296 3344 2552 3412 2632.
3645 3338 3867 3429 (toci)
