4042 5950
1880 261 2298 341 ...42-

470 436 657 503 quam
704 417 872 484 intus
916 418 1285 501 Ecclesiam,
1333 420 1542 502 clava,
1581 395 2060 503 kulgouazza.

469 504 757 584 d'onore,
827 525 1016 588 quam
1072 507 1156 572 de
1188 508 1530 593 ‘praesenti
1590 518 1734 575 ante
1798 525 1867 570 se
1922 503 2035 570 de·

471 592 643 659 ferre
690 591 878 659 iacit?

605 684 680 745 Et
726 682 789 746 S.
825 686 898 747 R.
936 683 1040 762 C..
1086 680 1244 757 visis,
1275 679 1517 749 iuribus
1546 680 1876 748 hincinde
1921 679 2034 746 de-

470 766 678 834 ductis
720 786 788 832 ac
834 777 958 833 tam
1006 767 1257 866 scriptis
1302 787 1493 853 quam
1548 787 1705 837 voce
1751 766 2037 853 partibus

470 854 951 921 informantibus
975 854 1227 939 auditoe,
1257 857 1739 922 rescribendum
1762 854 2034 920 c'ensuitz

601 942 695 1008 Ad
740 942 986 1008 omnia:
1036 964 1074 1007 ‹
1107 941 1524 1027 Affirmative3
1577 953 1643 1008 et
1673 941 2033 1027 amplius».

468 1033 550 1112 Et
594 1030 675 1095 ita
706 1029 997 1097 decrevit
1027 1050 1096 1095 ac
1127 1030 1470 1097 declaravit
1501 1040 1565 1096 et
1593 1029 1830 1097 servari
1862 1047 2035 1094 man·

468 1117 664 1184 davit.
715 1117 826 1183 Die
865 1117 948 1185 20
998 1116 1189 1183 Martii
1243 1120 1431 1185 1728.

466 1292 720 1361 2283.
1031 1291 1466 1358 ASCULANA.
1504 1355 1515 1366 ,

1314 1464 1677 1531 Cathedrali

1806 1290 2029 1375 (3976)

593 1472 752 1535 Cum
822 1468 887 1532 in
960 1465 1242 1531 Ecclesia
1751 1464 2034 1532 Civitatis

464 1554 711 1638 Asculi,
760 1554 1085 1620 occasione
1146 1571 1269 1637 qua
1322 1555 1516 1619 Rmus
1563 1555 1729 1618 loan.
1796 1552 2034 1640 Philip-

462 1661 580 1727 pus
627 1641 805 1708 Cauti
849 1641 1202 1707 canonicus
1247 1640 1562 1726 praefatae
1610 1640 2031 1722 Cathedralis,

463 1739 602 1815 post
654 1729 772 1795 sibi
832 1728 1136 1794 collatum
1184 1746 1215 1790 a
1263 1730 1467 1797 SSmo·
1507 1732 1580 1793 D.
1643 1729 1720 1793 N.
1775 1728 2036 1795 Benedi-

461 1826 560 1881 cto
591 1818 723 1882 Xlll
772 1816 1031 1881 titulum
1066 1814 1291 1901 Episco
1340 1826 1478 1880 atus
1509 1817 2027 1903 Erythraearum,

461 1903 536 1968 ad
585 1903 682 1969 sui
728 1902 1125 1968 canonicatus
1155 1901 1279 1966 resi
1334 1905 1565 1968 entiam
1599 1924 1667 1970 se
1719 1902 2027 1987 restituit;

462 1992 627 2057 inter
671 1990 1060 2076 Capitulares
1102 1988 1308 2055 dictae
1353 1990 1740 2058 cathedralis
1787 2009 1867 2055 ex
1914 2007 2034 2055 una

461 2090 526 2144 et
571 2078 780 2163 ipsum
814 2077 1199 2164 Episcopum
1229 2076 1575 2143 Titularem
1621 2078 1904 2163 partibus
1952 2096 2034 2141 ex

459 2166 702 2247 altera,
753 2177 877 2230 tam
921 2185 1125 2251 super·
1163 2165 1353 2230 modo
1399 2165 1667 2232 sedendi
1715 2165 1777 2231 in
1823 2163 2031 2230 Cboro

460 2273 648 2338 quam
694 2272 885 2340 super
949 2254 1084 2319 aliis
1145 2250 1661 2339 praeeminentiis
1714 2252 1780 2316 in
1835 2252 2037 2317 eccle·

457 2340 716 2419 siasticis
747 2339 1203 2422 functionibus,
1238 2339 1476 2405 multae
1508 2350 1765 2405 exortae
1798 2338 2036 2405 fuerint

459 2428 964 2510 controversiae,
1014 2447 1133 2514 pro
1180 2425 1408 2509 quibus
1464 2426 1820 2492 evellendis
1877 2445 2031 2492 non-

457 2515 633 2583 nulla
679 2515 846 2581 inter
891 2515 1059 2603 ipsos
1121 2514 1439 2578 efformata
1500 2513 1757 2580 fuerunt
1811 2513 2027 2596 dubia,

457 2604 535 2670 ad
568 2603 869 2668 effectum
903 2600 1283 2686 exquirendi
1306 2611 1527 2665 votum
1557 2601 1821 2666 alicuius
1853 2601 2028 2667 Ssmi

456 2691 702 2756 Domini
768 2689 979 2756 Nostri
1040 2691 1237 2774 Papae
1292 2687 1845 2754 Caeremoniarum
1905 2691 2029 2753 Ma-

455 2776 674 2865 gistri:
737 2795 931 2864 super
989 2775 1261 2860 quibus,
1310 2776 1572 2862 prolatis
1617 2797 1649 2839 a
1696 2779 1854 2841 Ριῐῑιο
1912 2785 2027 2841 Ar·

454 2864 863 2952 chiepiscopo
939 2863 1386 2929 Gambaruccio
1464 2863 1978 2950 responsionibus
2006 2913 2022 2946 ,

455 2953 627 3019 idem
658 2951 1009 3039 Episcopus
1053 2949 1344 3018 Titularis
1391 2949 1795 3037 acquiescere
1843 2949 2028 3016 mini-

454 3060 559 3107 me
604 3040 846 3118 voluit;
896 3055 1148 3121 verum,
1197 3038 1408 3105 habito
1433 3059 1509 3105 ex
1537 3048 1716 3125 parte
1762 3038 2023 3126 praefati

452 3128 724 3213 Capituli
769 3128 847 3193 ad
879 3130 944 3193 S.
980 3130 1052 3193 R.
1089 3131 1160 3194 C.
1212 3146 1504 3210 recursu,
1555 3147 1672 3213 pro
1721 3124 2026 3192 infrascri-

452 3227 710 3303 ptorum
771 3214 1110 3283 dubiorum
1177 3215 1603 3281 declaratione
1666 3212 2030 3280 humillime

450 3303 876 3391 supplicatum
922 3303 1072 3368 fuit:

589 3396 646 3456 1.
699 3393 795 3456 An
841 3400 984 3477 post
1016 3389 1286 3457 delatam
1335 3410 1454 3478 per
1497 3390 2026 3457 Archidiaconum

450 3480 586 3544 sive
628 3477 1079 3562 Presbyterum
1139 3476 1536 3543 assistentem
1606 3495 1830 3564 pacem
1876 3475 2023 3562 Epi-

450 3584 642 3650 scopo
686 3565 895 3646 locali‚
931 3564 1159 3630 debeat
1207 3564 1312 3629 illa
1361 3565 1601 3631 deferri
1633 3583 1750 3651 per
1781 3565 2023 3631 dictum

451 3652 981 3719 Archidiaconum
1026 3652 1158 3718 sive
1205 3653 1654 3738 Presbyterum
1708 3652 2019 3737 Episcopo

451 3740 746 3823 Titulari,
797 3749 1131 3824 antequam
1192 3740 1487 3805 Canonici
1546 3739 1907 3804 assistentes
1955 3741 2017 3805 in

383 3894 395 3906 ,
448 3827 699 3894 Throno
748 3827 920 3891 illam
968 3826 1275 3914 recipiant
1306 3828 1383 3893 ab
1426 3827 1739 3913 Episcopo
1790 3824 2022 3892 locali?

580 3921 641 3980 2.
693 3919 789 3981 An
832 3914 1179 3981 Canonicus
1225 3912 1576 4002 Episcopus
1608 3914 1921 3997 TitulariS,
1957 3914 2018 3978 in

450 4003 645 4069 Missis
695 4013 757 4069 et
804 4002 1101 4088 vesperis
1147 4001 1405 4068 cantatis
1465 4022 1610 4067 cum
1671 4001 2018 4067 assistentia

449 4089 743 4176 Episcopi
793 4088 1028 4172 localis,
1077 4100 1365 4156 teneatur
1408 4090 1742 4156 discedere
1775 4111 1806 4153 a
1836 4090 2020 4153 stallo

450 4199 571 4245 una
618 4195 762 4242 cum
810 4176 1070 4261 reliquis
1128 4177 1487 4261 eanonicis‚
1538 4197 1654 4264 pro
1718 4176 2018 4242 iaciendis

448 4262 762 4331 consuetis
826 4264 1079 4329 circulis
1138 4266 1541 4351 praescriptis
1595 4288 1627 4331 a
1686 4269 2019 4331 Caeremo-

449 4351 595 4418 niali
646 4349 1149 4438 Episcoporum‘?

579 4444 641 4506 3.
691 4442 812 4523 An,
862 4450 1209 4505 exercente
1255 4441 1636 4506 Pontificalia
1674 4438 2016 4526 EpiscopO,

452 4528 634 4595 liceat
682 4527 1005 4614 Episcopo
1042 4526 1298 4592 Titulari
1346 4527 1656 4593 assistenti
1727 4529 1788 4593 in
1834 4527 2018 4591 stallo

451 4635 596 4682 cum
628 4616 890 4701 reliquis
919 4615 1242 4680 Canonicis
1271 4615 1529 4681 deferre
1561 4615 1879 4700 pluviale;
1915 4613 2016 4679 vel

447 4703 659 4789 potius
705 4702 1009 4770 incedere
1038 4702 1266 4769 debeat
1298 4722 1442 4769 cum
1492 4702 1810 4784 rochett0,
1846 4721 2019 4766 man·

451 4790 697 4855 telletta
743 4801 808 4855 et
853 4788 1068 4857 habitu
1103 4787 1432 4866 violaceo?
1480 4802 1543 4856 et
1576 4801 1887 4876 quatenus
1932 4788 2018 4853 af-

448 4878 759 4942 firmative
805 4878 1012 4961 quoad
1059 4877 1329 4964 primam
1378 4889 1663 4966 partem,

475 5029 481 5036 ,
578 4969 640 5030 4.
691 4965 787 5028 An
834 4984 955 5030 una
1002 4984 1148 5030 cum
1193 4966 1457 5051 pluviali
1506 4967 1702 5053 possit
1759 4984 2014 5050 quoque

446 5051 703 5117 deferre
748 5051 1001 5116 mitram
1062 5052 1528 5137 Episcopalem,
1578 5053 1814 5138 absque
1868 5072 2015 5118 con-

446 5158 637 5206 sensu
695 5138 990 5225 Episcopi
1054 5137 1313 5204 localis?
1366 5151 1431 5205 et
1499 5153 1807 5226 quatenus
1853 5139 2014 5206 affir-

449 5237 786 5381 matgessn
841 5324 903 5382 et
963 5312 1143 5380 cuius
1210 5283 1524 5399 qualitatis
1578 5314 1808 5381 debeat
1873 5333 2013 5381 esse

2136 415 2320 482 mitra
2368 418 2666 502 gestanda
2711 436 2832 503 per
2876 418 3123 485 dictum
3177 418 3560 506 Episcopum
3607 417 3710 483 Ti-

2139 504 2412 570 tularem
2459 505 2525 571 in
2573 505 2768 572 casu?

2269 596 2332 657 6.
2381 596 2504 676 An,
2554 593 2619 658 in
2665 612 2810 659 casu
2843 593 3259 659 concessionis
3290 612 3440 658 usus
3484 592 3710 657 mitrae

2139 688 2207 745 ut
2250 698 2463 764 supra,
2514 680 2747 747 debeat
2793 681 3142 767 Episcopus
3194 678 3486 746 Titularis
3534 679 3710 744 illam

2136 785 2252 853 per
2284 766 2564 853 seipsum
2595 768 2929 853 imponere
2976 778 3039 832 et
3080 785 3380 833 amovere
3411 787 3445 831 a
3475 767 3708 851 capite;

2134 853 2239 1005 vlel
2273 856 2483 1005 potigs
2515 855 2591 920 ad
2622 856 2791 921 hunc
2827 855 3124 920 effectum
3171 855 3360 920 liceat
3389 854 3480 920 uti
3515 872 3713 939 opera

2134 962 2167 1005 a
2201 941 2396 1007 terius
3577 974 3592 989 ι

2268 1032 2331 1093 7.
2383 1034 2478 1094 An
2525 1029 2710 1095 liceat
2767 1029 3076 1117 Episcopo
3123 1027 3386 1095 Titulari
3453 1029 3708 1095 canenti

2136 1115 2343 1181 Missas
2390 1128 2455 1182 et
2502 1120 2850 1203 vesperas,
2902 1136 3019 1183 ceu
3078 1117 3391 1183 Canonico
3451 1116 3516 1181 in
3563 1134 3712 1202 pro-

2134 1203 2272 1288 pria
2318 1202 2745 1286 Hebdomada,
2781 1204 2871 1271 uti
2900 1204 3243 1271 faldistorio
3275 1216 3341 1267 et
3375 1203 3712 1269 indumen-

2136 1290 2214 1356 tis
2280 1291 2781 1377 pontificalibus;
2851 1311 2962 1358 seu
3019 1291 3226 1379 potius
3287 1291 3423 1356 illas
3478 1308 3710 1355 canere

2136 1376 2366 1443 debeat
2395 1379 2713 1446 sedendo
2769 1380 2831 1444 in
2888 1397 3188 1461 scamn0,
3238 1388 3428 1465 prout
3473 1376 3711 1460 reliqui

2132 1465 2453 1549 Canonici,
2490 1478 2556 1532 et
2600 1468 2837 1551 absque
2869 1465 3336 1554 pontificalibus
3371 1465 3708 1531 indumen-

2137 1550 2266 1617 tis‘?
2328 1564 2395 1618 et
2460 1566 2771 1639 quatenus
2846 1553 3215 1620 affirmative
3283 1550 3359 1617 ad
3434 1552 3708 1639 primam

2182 1650 2385 1706 artem

2138 1659 2179 1725 p
2266 1732 2335 1794 8.
2381 1691 2477 1794 A’n
2527 1728 2631 1794 tali
2691 1748 2834 1794 casu
2891 1716 3182 1794 teneatur
3225 1738 3454 1814 petere
3505 1724 3708 1791 licen-

2138 1814 2286 1880 tiam
2331 1818 2407 1882 ab
2455 1815 2767 1903 Episcopo
2814 1813 3044 1881 locali?

2266 1906 2346 1967 Et
2387 1905 2453 1969 S.
2488 1908 2560 1969 R.
2596 1906 2697 1986 C.,
2746 1903 2823 1970 ad
2868 1901 3237 1968 relationem
3288 1901 3422 1967 Emi
3469 1913 3536 1968 et
3567 1901 3706 1967 Rmi

2134 1992 2207 2054 D.
2256 1991 2440 2057 Card.
2493 1989 2636 2056 Pico
2681 1989 2999 2071 Ponentis‚
3048 1994 3460 2056 Procuratore
3524 1988 3707 2074 Capi-

2139 2076 2255 2142 tuli
2321 2076 2572 2165 scriptis
2641 2087 2705 2142 et
2772 2096 2930 2143 voce
2994 2077 3374 2144 informante
3440 2076 3704 2158 audite,

2136 2175 2325 2249 atque
2370 2164 2685 2250 Episcopo
2731 2163 3015 2245 Titulari,
3066 2164 3352 2249 quamvis
3411 2163 3705 2230 intimato

2136 2262 2200 2316 et
2232 2269 2626 2336 nequaquam
2659 2262 3089 2337 comparente,
3123 2262 3252 2317 tam
3282 2269 3479 2337 super
3524 2270 3707 2338 prae-

2133 2338 2321 2404 dictis
2351 2338 2562 2405 dubiis
2592 2357 2781 2423 quam
2816 2338 3005 2403 etiam
3036 2357 3230 2427 super
3274 2337 3415 2403 iure
3459 2339 3538 2403 ab
3567 2338 3708 2423 ipso

2131 2426 2446 2579 Episcopo
2493 2425 3125 2513 Titularipraetenso
3157 2426 3506 2513 recipiendi
3556 2428 3707 2491 thu-

2135 2514 2184 2578 ri
2237 2513 2545 2579 cationem
2608 2525 2754 2580 ante
2809 2512 3336 2580 'Archidiaconum
3398 2531 3707 2579 exercen-

2133 2610 2262 2667 tem
2294 2600 2573 2667 officium
2605 2600 2964 2687 Presbyteri
3012 2600 3379 2684 assistentis,
3411 2621 3483 2666 ac
3514 2600 3706 2667 etiam

2129 2700 2274 2753 ante
2321 2688 2665 2755 Canonicos
2694 2689 2948 2754 Throno
2979 2688 3339 2754 assistentes
3387 2689 3706 2775 Episcopo

2129 2775 2193 2842 in
2238 2776 2435 2842 Missis
2484 2775 2742 2843 cantatis
2786 2775 3053 2859 aliisque
3099 2775 3530 2842 functionibus
3600 2795 3706 2841 ec·

2129 2862 2515 2948 clesiasticis,
2565 2862 3045 2929 rescribendum
3091 2862 3368 2929 censuit:
3703 2884 3715 2892 ·

2256 2951 2352 3017 Ad
2408 2955 2469 3017 1.
2517 2971 2555 3015 α
2588 2950 2895 3036 Negative
2928 2971 2990 3017 ι».

2256 3040 2354 3122 Ad
2404 3043 2466 3104 2.
2521 3059 2559 3103 α
2592 3038 2983 3105 Affirmative
3022 3062 3083 3105 ι».

2257 3128 2354 3195 Ad
2401 3131 2462 3194 3.
2515 3149 2552 3191 ‹
2588 3126 3011 3210 Affirmative,
3088 3128 3163 3193 ad
3228 3127 3492 3216 primam
3561 3148 3708 3215 par-

2130 3227 2309 3292 tem;
2356 3214 2687 3302 Negative,
2736 3215 2813 3280 ad
2861 3214 3205 3281 secundam
3238 3239 3300 3280 ».

2139 3335 2142 3336 f
2257 3301 2350 3367 Ad
2415 3306 2479 3367 4.
2532 3325 2570 3366 «
2613 3301 2859 3368 Debere
2891 3351 2908 3384 ,
2974 3303 3322 3370 accedente
3387 3323 3705 3371 consensu

2128 3389 2267 3456 Ri'iii
2313 3389 2612 3477 Episcopi
2647 3411 2716 3454 ».

2197 3541 2208 3548 ,
2257 3476 2354 3542 Ad
2404 3482 2469 3541 5.
2519 3500 2556 3542 ‹
2593 3477 2836 3543 Mitram
2867 3478 3107 3545 debere
3142 3496 3281 3544 esse
3315 3478 3544 3543 lineam
3569 3501 3636 3544 ».

2256 3564 2350 3630 Ad
2400 3569 2462 3634 6.
2517 3585 2555 3629 ι
2588 3569 2707 3631 Per
2725 3584 2798 3630 se
2817 3565 3139 3651 ipsum‚in
3161 3585 3304 3632 casu
3331 3576 3694 3651 utsupra».

2257 3653 2350 3716 Ad
2403 3657 2462 3717 7.
2519 3674 2555 3715 «
2588 3652 2684 3718 Ad
2732 3665 3056 3732 mentem;
3107 3665 3171 3720 et
3228 3670 3411 3718 mens
3457 3665 3576 3736 est,
3629 3666 3704 3718 ut

2126 3739 2187 3805 in
2249 3738 2444 3804 Missis
2514 3740 2593 3807 de
2662 3751 2851 3805 turno
2911 3742 3217 3808 abstineat
3269 3750 3336 3806 et
3394 3739 3701 3827 subroget

2123 3823 2353 3893 alium:
2406 3827 2468 3892 in
2513 3827 3003 3894 solemnioribus
3047 3848 3202 3894 vero
3249 3847 3457 3914 posse,
3492 3828 3576 3893 de
3626 3828 3698 3893 li-

2125 3916 2330 3981 centia
2376 3914 2672 4000 Episcopi
2707 3938 2769 3981 ».

2254 4002 2349 4068 Ad
2398 4007 2465 4067 8.
2513 4023 2551 4066 ‹
2585 4008 2711 4069 lam
2757 4003 3123 4089 provisum3
3186 4015 3253 4070 et
3298 4003 3504 4088 quoad
3555 4002 3700 4068 thu-

2124 4087 2570 4172 rificationem,
2601 4091 2982 4176 Episcopum
3008 4090 3350 4157 Titularem
3386 4109 3521 4156 esse
3557 4090 3698 4155 thu·

2126 4176 2499 4242 rificandum
2547 4189 2688 4266 post
2747 4178 3276 4245 Archidiaconum
3324 4188 3387 4244 et
3434 4177 3696 4244 Canoni-

2123 4285 2229 4330 cos
2274 4264 2528 4330 Throno
2575 4265 2937 4331 assistentes
2972 4288 3036 4331 ».

2251 4356 2330 4416 Et
2400 4352 2479 4417 ita
2547 4353 2836 4418 decrevit
2903 4373 2972 4418 ac
3040 4353 3276 4420 servari
3347 4351 3693 4420 mandavit.

2122 4440 2233 4505 Die
2286 4443 2363 4506 10
2411 4439 2646 4527 Aprilis
2698 4444 2893 4507 1728.
2997 4492 3008 4502 .

2123 4582 2381 4650 2284.
2460 4584 2788 4648 Nuntius
2834 4585 3004 4650 rom
3049 4587 3370 4649 POMP1L11
3469 4583 3694 4669 (3977)

2535 4671 2684 4736 seu
2731 4673 3293 4738 ΒΒιοΤιΝοΒιΕΝ.

2248 4792 2341 4857 Ad
2399 4790 2709 4857 sedandas
2772 4793 3229 4858 controversias
3289 4811 3452 4877 quae
3520 4813 3696 4859 occa-

2117 4880 2293 4946 sione
2344 4879 2817 4946 Processionum
2867 4880 3298 4946 faciendarum
3344 4881 3410 4946 in
3440 4879 3698 4946 Litaniis

2120 4965 2456 5033 maioribus
2490 4979 2555 5032 et
2586 4967 2956 5052 minoribus,
2985 4968 3049 5032 in
3073 4968 3489 5035 Solemnitate
3523 4968 3696 5034 SSmi

2121 5057 2413 5140 Corporis
2461 5054 2689 5121 Christi
2739 5065 2805 5119 et
2850 5055 2914 5121 in
2960 5055 3278 5122 Dominica
3349 5056 3510 5122 infra
3558 5055 3698 5120 eius

2119 5153 2398 5208 octavam
2430 5189 2447 5224 ,
2525 5141 2675 5207 oriri
2735 5142 3022 5209 solebant
3089 5142 3256 5209 inter
3328 5142 3696 5227 Capitulum

2118 5238 2310 5313 atque
2354 5230 2614 5304 Clerum
2658 5229 2982 5298 Ecclesiae
3027 5230 3415 5317 collegiatae
3462 5241 3530 5294 et
3572 5230 3697 5295 Ab·

2123 5315 2363 5383 batialis
2410 5320 2474 5384 S.
2526 5316 2759 5384 Ruffilli
2808 5338 2889 5385 ex
2934 5336 3055 5385 una
3087 5365 3104 5400 ,
3159 5327 3224 5384 et
3268 5319 3530 5384 Clerum
3576 5321 3694 5384 Ec-
