4042 5950
1989 273 2461 350 -112—

679 424 781 502 2.
834 439 929 502 An
988 433 1310 512 ParecbiS,
1361 432 1589 518 quibus
1635 434 1698 498 in
1750 430 1854 498 die
1917 431 2162 497 Sabbati
2269 432 2434 517 Ignis
2467 443 2533 496 et
2570 430 2752 498 Cerei
2791 429 3302 496 benedictionem
3351 431 3701 497 faciendam
3741 432 3858 497 ali·

593 525 800 590 Sancti
835 521 1127 588 imminet
1161 540 1321 586 onus
1352 520 1625 586 adeundi
1669 518 2018 584 Ecclesiam
2053 522 2169 583 Ma·

593 610 865 693 tricem,
946 621 1018 675 ut
1088 606 1397 673 functioni
1470 605 1680 674 Fontis
1751 607 2043 673 intersint
2105 617 2171 671 et

588 716 811 782 aquam
874 695 1272 762 benedictam
1333 707 1524 780 atque
1577 695 1726 761 Olea
1770 714 1941 759 sacra
2007 693 2168 772 neci·
2237 749 2253 761 .

588 787 795 872 piant,
847 783 1087 868 possint
1133 794 1239 848 ant
1289 793 1624 849 teneantur
1674 781 1842 849 idem
1892 801 2052 864 onus
2107 782 2168 847 in

587 873 777 939 alium
839 873 1248 938 Sacerdotem
1296 872 1371 937 ab
1421 869 1493 934 iis
1553 870 1995 956 deputandum
2061 882 2169 935 aut

585 961 1018 1046 delegandum
1065 957 1430 1028 remittere:
1482 960 1640 1024 adeo
1687 958 1895 1041 utqui
1933 958 2167 1023 habent

587 1052 851 1113 Fontem
897 1047 1339 1134 Baptismalem
1386 1045 1569 1111 illum
1618 1046 2021 1126 benedicant,
2062 1059 2166 1111 aut

585 1135 809 1201 saltem
859 1136 1118 1200 Sacrum
1167 1132 1391 1200 faciant
1436 1152 1553 1218 pro
1600 1131 2055 1202 commoditate
2103 1144 2167 1198 et

585 1224 929 1290 devotione
998 1239 1258 1286 suorum
1328 1220 1897 1306 parochianorum;
1971 1232 2036 1285 et
2102 1221 2165 1285 in

586 1330 755 1394 casu,
806 1330 951 1377 cum
997 1329 1123 1394 quo
1171 1327 1440 1374 numero
1489 1305 1976 1374 ministrorum?

716 1406 781 1468 3.
832 1402 928 1465 An
977 1399 1063 1464 fas
1109 1397 1188 1461 sit
1237 1395 1525 1461 Parochis
1571 1395 1661 1460 uti
1715 1396 1777 1461 in
1826 1396 2163 1466 collatione

586 1486 968 1554 Sacramenti
1020 1483 1405 1571 Baptismatis
1443 1502 1599 1568 aqua
1637 1484 1699 1549 in
1736 1484 2013 1549 Ecclesia
2044 1490 2163 1552 Ma·

589 1578 744 1641 trice
795 1574 1161 1655 benedicta;
1214 1571 1313 1636 cui
1363 1572 1657 1658 privatim
1704 1583 1766 1635 et
1798 1575 2159 1658 separatim,

584 1682 712 1729 non
760 1664 822 1729 in
868 1661 1005 1748 ipso
1052 1669 1193 1724 actu
1243 1657 1704 1725 benedictionis
1740 1661 2158 1746 Baptismalis,

586 1749 783 1816 infusa
831 1750 1068 1817 fuerint
1112 1747 1258 1813 Olea
1305 1744 1532 1811 sacra‘?

579 1913 582 1924 Ι
716 1842 779 1906 4.
832 1839 925 1904 An
972 1837 1228 1903 Parochi
1279 1835 1368 1920 (in
1400 1834 1632 1900 alienas
1666 1836 1973 1902 Ecclesias
2014 1858 2161 1903 con·

582 1926 914 1992 venientes
945 1938 1049 2009 aut
1089 1945 1212 1991 non
1262 1923 1740 2004 convenientes)
1776 1928 2040 2010 possint,
2075 1939 2162 1990 at-

557 2025 753 2091 tenta
787 2013 1247 2080 consuetudine
1280 2009 1762 2077 immemorabili
1798 2024 1905 2077 aut
1933 2014 2160 2080 saltem

581 2103 856 2187 antiqua,
892 2105 1149 2172 Sacrum
1185 2101 1392 2166 facere
1427 2098 1490 2162 in
1521 2099 1628 2164 die
1668 2100 1917 2166 Sabbati
1952 2105 2158 2167 Sancti

582 2210 727 2258 cnm
787 2201 972 2256 cantu
1026 2200 1134 2254 aut
1188 2189 1326 2254 siue
1383 2200 1564 2253 cantu
1619 2188 1679 2253 in
1728 2190 1979 2275 propria
2045 2194 2158 2254 Ec-

579 2277 805 2360 clesia,
859 2276 1316 2361 praetermissis
1365 2273 1913 2344 benedictionibus
1964 2277 2155 2363 Ignis,

582 2366 800 2446 Cerei,
865 2365 1215 2449 prophetiis
1274 2364 1540 2448 aliisque
1591 2362 1813 2429 ritibus
1873 2363 2004 2451 ipsa
2056 2366 2158 2432 die

583 2452 1028 2539 praescriptis;
1079 2453 1181 2518 vel
1228 2472 1354 2517 non
1401 2452 1688 2517 obstante
1737 2451 1960 2517 eadem
2010 2473 2159 2518 con-

578 2539 953 2618 suetudine,
1004 2541 1176 2606 idem
1237 2543 1492 2605 Sacrum
1545 2538 1845 2604 omittere
1903 2550 2157 2606 tenean-

579 2626 725 2695 tur?
767 2632 845 2692 Et
893 2639 1204 2712 quatenus
1247 2629 1537 2712 negative
1572 2626 1778 2711 quoad
1810 2628 2154 2693 secundam

579 2728 851 2801 partem,
885 2715 1003 2784 sub
1037 2735 1156 2797 qua
1190 2735 1392 2803 poena
1438 2714 1769 2784 statuenda
1801 2727 2016 2784 contra
2051 2720 2154 2780 Pa·

581 2804 806 2869 rochos
850 2802 1131 2889 aliosque
1175 2803 1548 2871 Sacerdotes
1611 2801 2160 2885 transgressores?

710 2894 788 2956 Et
835 2894 899 2958 S.
935 2894 1011 2958 R.
1045 2895 1152 2976 0.,
1183 2891 1260 2957 ad
1295 2890 1670 2960 relationem
1718 2889 1857 2955 Emi
1906 2899 1969 2954 et
2014 2892 2153 2958 Rmi

580 2983 648 3045 D.
695 2979 876 3047 Card.
929 2979 1286 3047 Tamburini
1353 2981 1417 3046 S.
1474 2984 1547 3046 R.
1606 2981 1676 3046 C.
1730 2978 2037 3047 Praefecti
2091 2990 2154 3044 et

576 3071 809 3133 Causae
857 3069 1174 3151 Ponentis,
1224 3067 1470 3133 censuit
1521 3066 1999 3132 rescribendum
2038 3090 2053 3130 z

706 3156 800 3220 Ad
855 3160 912 3221 1.
970 3178 1004 3218 «
1037 3155 1344 3221 Parochos
1414 3153 1722 3219 habentes
1788 3154 2157 3225 facultatem

576 3243 1002 3311 benedicendi
1050 3247 1315 3311 Fontem
1369 3242 1810 3328 Baptismalem
1874 3240 2157 3309 Sabbatis

573 3329 801 3397 diebus
849 3330 1154 3398 Paschatis
1200 3342 1307 3395 aut
1355 3334 1757 3396 Pentecostes
1795 3330 2151 3413 dumtaxat,

574 3429 639 3484 et
685 3438 812 3484 non
870 3418 1004 3484 aliis
1062 3419 1318 3500 diebus,
1370 3418 1551 3484 illum
1598 3419 1681 3484 de
1731 3436 1913 3483 mane
1961 3419 2155 3484 bene·

576 3508 789 3572 dicere
837 3505 1115 3583 debere;
1177 3506 1285 3590 qui
1348 3523 1500 3570 vero
1570 3506 1727 3571 banc
1788 3506 2153 3572 facultatem

573 3612 700 3659 non
748 3592 1006 3672 habent,
1055 3593 1132 3658 ab
1180 3595 1314 3659 eius
1360 3591 1812 3660 benedictione
1856 3611 1926 3659 se
1973 3592 2157 3658 absti-

574 3700 732 3746 nere
782 3682 981 3746 teneri
1016 3705 1078 3745 ».

704 3768 797 3834 Ad
849 3772 915 3834 2.
965 3793 1002 3834 α
1036 3767 1327 3835 Parochis
1372 3768 1567 3835 licere
1614 3768 1808 3837 alium
1848 3770 2150 3837 Sacerdo-

578 3868 708 3922 tem
762 3857 1067 3942 delegare
1114 3858 1222 3941 qui
1275 3856 1702 3923 benedictioni
1765 3856 1975 3923 Fontis
2041 3862 2149 3923 Ba·

577 3945 883 4030 ptismalis
945 3944 1004 4011 in
1067 3944 1350 4010 Ecclesia
1406 3944 1656 4009 Matrice
1707 3964 1821 4030 pro
1884 3944 1955 4010 iis
2007 3947 2154 4011 assi-

573 4044 733 4109 stat;
783 4034 882 4098 vel
920 4035 1105 4098 etiam
1154 4033 1256 4099 die
1297 4033 1543 4098 Sabbati
1591 4031 1799 4099 Sancti
1833 4033 2015 4099 alteri
2049 4037 2152 4100 Sa·

572 4119 820 4186 cerdoti
896 4121 1113 4187 Missae
1187 4120 1686 4188 celebrationem
1766 4120 1829 4184 in
1897 4123 2152 4207 propria

572 4207 852 4292 Ecclesia
912 4208 1336 4274 committere.
1400 4209 1511 4286 Qui
1572 4228 1723 4273 vero
1787 4207 2153 4276 facultatem

573 4296 862 4362 obtinent
923 4301 1187 4362 Fontem
1248 4296 1666 4362 benedicendi
1716 4308 1989 4380 quatuor
2035 4299 2151 4363 sal·

574 4398 702 4449 tem
748 4384 1028 4452 Clericus
1073 4384 1138 4451 in
1184 4383 1532 4450 ministerio
1586 4382 2002 4449 habebunt».

699 4473 795 4538 Ad
843 4476 904 4539 3.
956 4494 993 4536 ι
1029 4472 1288 4538 Parochi
1358 4492 1436 4537 ex
1506 4470 1773 4535 Matricis
1838 4474 2035 4537 Fonte
2092 4494 2150 4536 a·

568 4579 785 4646 quam,
820 4562 922 4627 cui
954 4580 1124 4626 sacra
1157 4560 1302 4626 Olea
1336 4560 1454 4624 iam
1502 4558 1743 4625 fuerint
1780 4560 2148 4642 commixta,

568 4649 894 4734 suscipere
941 4649 1218 4731 debent,
1268 4666 1453 4732 quam
1514 4646 1855 4713 adhibeant
1915 4648 1980 4713 in
2017 4652 2152 4721 ,ba-

571 4734 781 4823 ptismi
829 4735 1193 4803 collatione.
1242 4735 1356 4813 Qui
1405 4755 1558 4801 vero
1606 4744 1751 4799 ante
1798 4737 2008 4802 Fontis
2043 4735 2150 4800 be·

567 4824 1002 4890 nedictionem
1056 4827 1200 4890 Olea
1262 4844 1428 4889 sacra
1494 4822 1786 4908 recipere
1849 4843 1975 4890 non
2042 4843 2151 4911 po·

572 4921 812 4992 terunt,
862 4912 969 4977 illa
1013 4912 1288 4978 subinde
1351 4909 1642 4998 privatim
1694 4931 1761 4975 ac
1809 4912 2147 4998 separatim

568 4998 631 5062 in
676 5018 902 5083 aquam
952 4999 1211 5065 mittere
1261 5011 1563 5085 poterunt
1604 5022 1667 5064 ».

696 5086 793 5152 Ad
844 5090 906 5154 4.
977 5088 1266 5151 «Missae
1328 5085 1390 5151 in
1450 5086 1714 5153 Sabbato
1761 5090 1985 5153 Sancto
2048 5106 2148 5151 ce·

573 5172 910 5240 lebrandae
957 5175 1121 5260 lguis
1169 5196 1235 5238 ac
1270 5173 1446 5241 Cerei
1496 5173 1856 5239 benedictio
1889 5194 2150 5260 praece-

568 5263 752 5345 dere,
788 5272 853 5328 el.
899 5276 1042 5327 ante
1091 5261 1330 5325 Missam
1374 5260 1748 5346 Prophetiae
1784 5261 1988 5325 omitti
2021 5281 2148 5326 non

571 5351 858 5433 debent;
910 5349 1442 5435 Arcbiepiscopus
1488 5358 1698 5412 autem
1732 5348 2039 5413 Par-ochos
2070 5347 2145 5412 ad

2274 539 2395 603 qua
2445 539 2646 604 poena
2694 517 3056 605 pecuniaria
3102 519 3361 604 adigere
3410 519 3645 603 poterit
3681 543 3743 584 ».

2412 611 2486 672 Et
2535 608 2615 671 ita
2662 607 3035 671 declaravit.
3085 608 3195 672 Die
3249 611 3329 676 ¹2
3377 606 3607 702 Aprilis
3658 611 3858 675 1755.

2274 782 2520 851 2437.
2842 783 3280 847 TERLlTlEN.
3626 785 3856 870 (4253)

2404 962 2633 1024 Exorta
2695 958 2864 1025 inter
2928 951 3321 1045 Stephanum
3368 961 3663 1028 Rutiliani
3729 963 3859 1048 pri-

2271 1066 2447 1112 mum
2497 1049 2830 1111 Cantorem
2880 1046 3203 1112 Ecclesiae
3235 1047 3625 1115 cathedralis
3658 1051 3859 1116 'ferli-

2273 1135 2430 1200 tien.
2462 1153 2561 1198 ‘ex
2608 1153 2754 1216 una,
2789 1141 2976 1219 atque
3014 1134 3339 1200 Nicolaum
3375 1137 3692 1203 Scandilio
3726 1139 3859 1205 Pri·

2272 1222 2603 1287 micerium
2653 1220 2944 1286 eiusdem
2990 1222 3313 1294 Ecclesiae
3344 1224 3734 1296 cathedralis
3778 1245 3859 1290 ex

2269 1310 2461 1376 altera
2511 1307 2819 1394 partibus,
2870 1311 3328 1393 controversia,
3378 1310 3540 1377 circa
3572 1313 3860 1380 celebra-

2271 1398 2508 1463 tionem
2559 1397 2881 1461 Missarum
2942 1397 3325 1463 solemnium
3382 1400 3658 1484 aliasque
3712 1402 3859 1467 fun·

2268 1487 2512 1550 ctiones
2545 1483 2994 1550 ecclesiasticas
3039 1487 3459 1572 peragendas,
3496 1487 3733 1573 illaque
3781 1490 3858 1556 ad

2271 1577 2335 1640 S.
2387 1578 2459 1639 R.
2512 1575 2581 1638 C.
2647 1571 2877 1654 delata,
2929 1572 3320 1661 infrascripta
3376 1575 3589 1657 dubia,
3639 1596 3857 1642 coram

2270 1664 2426 1725 Em‘o
2477 1673 2540 1726 et
2587 1664 2743 1727 Rmo
2793 1663 2863 1725 D.
2902 1661 3090 1727 Card.
3135 1662 3202 1727 S.
3238 1663 3520 1729 Caesarei
3570 1668 3857 1731 ponente

2270 1748 2683 1830 concordata,
2746 1746 3101 1816 decidenda
3162 1750 3485 1836 proposita
3549 1751 3854 1834 fuerunt,

2271 1856 2550 1922 nempe:
3697 1881 3711 1899 .

2405 1929 2463 1990 1.
2515 1929 2609 1990 An
2665 1924 3010 1990 celebratio
3070 1926 3393 1994 Missurum
3455 1926 3855 2012 aliarumque

2268 2015 2667 2079 functionum
2717 2012 3202 2098 pontificalium,
3237 2012 3472 2100 absque
3506 2014 3854 2099 Episcopo,

2267 2123 2347 2167 ex
2409 2118 2816 2187 quocumque
2872 2097 3345 2188 'impedimento
3410 2098 3853 2168 Archidiaconi

2265 2189 2506 2276 primae
2550 2187 2876 2274 Dignitatis
2926 2200 2991 2256 et
3036 2190 3591 2277 Archipresbyteri
3625 2208 3855 2255 secun·

2265 2280 2383 2344 dae
2415 2275 2768 2362 Dignitatis,
2810 2287 3104 2362 spectent
3136 2277 3217 2342 ad·
3246 2277 3682 2343 primicerium
3720 2286 3854 2342 ter·

2266 2366 2415 2431 tiam
2446 2364 2830 2450 Dignitatem
2865 2364 3070 2429 dictae
3108 2365 3427 2431 Ecclesiae
3450 2363 3854 2431 Catbedralis

2264 2452 2574 2540 privative
2600 2453 2662 2517 in
2687 2471 3088 2538 quacumque
3112 2452 3555 2536 Hebdomada3
3590 2458 3708 2517 seii
3736 2471 3853 2554 po-

2269 2541 2390 2606 tius
2428 2541 2502 2606 ad
2540 2539 3200 2625 primum‘Cantorem
3236 2552 3521 2626 quartam
3570 2541 3854 2625 Dignita-

2264 2639 2394 2694 tem
2445 2629 2505 2692 in
2554 2629 2690 2693 eius
2746 2626 3148 2694 Hebdomada
3198 2625 3499 2695 tantum?

2394 2720 2457 2781 2.
2512 2718 2606 2780 An
2652 2714 2995 2781 celebratio
3055 2713 3377 2782 missarum
3433 2715 3850 2798 solemnium,

2261 2823 2388 2870 non
2445 2802 2899 2887 pontificalium
2925 2833 2957 2885 ,·
3004 2802 3399 2889 aliarumque
3423 2804 3851 2888 ’functionum

2262 2892 2324 2957 in
2383 2889 2893 2956 solemnitatibus
2939 2889 3287 2957 minoribus
3342 2909 3467 2957 non
3516 2891 3853 2977 pontifica-

2263 2979 2452 3062 libus,
2478 2990 2771 3066 spectent
2799 2979 2874 3043 ad
2910 2980 3216 3045 eumdem
3250 2978 3687 3045 primicerium
3726 2981 3854 3066 pri·

2259 3067 2469 3134 vative
2518 3069 2578 3133 in
2623 3085 3029 3152 quacumque
3075 3066 3519 3149 Hebdomada;
3571 3087 3686 3134 seu
3738 3088 3854 3159 po·

2263 3154 2384 3221 tius
2417 3155 2491 3221 ad
2529 3155 2770 3221 dictum
2810 3155 3089 3241 primum
3122 3158 3460 3222 Cantorem
3494 3156 3558 3221 in
3589 3156 3851 3241 propria

2258 3243 2664 3311 Hebdomada
2715 3240 3013 3308 tantum?

2394 3335 2456 3396 3.
2507 3336 2601 3395 An
2712 3329 3200 3396 raeeminentiae
3264 3330 3501 3413 thuris,
3567 3331 3849 3430 palmae,

2256 3438 2454 3503 aquae
2489 3348 2782 3501 lustrRiS,
2813 3417 3005 3504 pacis,
3038 3418 3363 3500 candelae,
3401 3418 3632 3484 cineris
3662 3419 3853 3484 aliae-

2257 3525 2384 3591 que
2430 3505 2707 3589 similes,
2758 3515 3052 3592 spectent
3100 3506 3340 3592 pariter
3399 3504 3713 3592 privative
3767 3507 3845 3572 ad

2260 3593 2499 3745 dictus?
2548 3592 2986 3660 primicerium
3036 3594 3095 3658 in
3144 3613 3548 3683 quacumque
3590 3593 3848 3661 Hebdo-

2260 3683 2439 3747 made

2394 3773 2454 3834 ἱ.
2507 3770 2603 3833 An
2649 3769 3111 3855 praeintonatio
3162 3767 3222 3835 in
3257 3768 3644 3854 antiphonis,
3679 3772 3849 3837 Psal-

2259 3858 2403 3940 miS,
2452 3858 2721 3923 Canticis
2768 3856 3033 3941 aliisque
3087 3856 3395 3923 similibus
3454 3877 3615 3944 quae
3680 3856 3845 3925 fiunt

2257 3948 2319 4012 in
2368 3945 2605 4027 Chore,
2659 3957 2929 4030 excepto
2977 3945 3381 4028 celebrante,
3415 3956 3664 4051 spectet
3716 3946 3849 4029 pri-

2256 4033 2461 4101 vative
2526 4036 2599 4097 ad
2669 4033 2969 4099 eumdem
3022 4032 3491 4115 Primicerium,
3539 4044 3845 4099 currente

2258 4120 2659 4188 Hebdomada
2710 4120 2772 4187 in
2820 4121 2955 4186 eius
3004 4132 3182 4211 parte
3229 4117 3473 4186 Chori‘?

2389 4214 2455 4275 5.
2505 4211 2598 4272 An
2670 4208 3126 4293 praeintonatio
3196 4207 3260 4273 in
3328 4207 3844 4281 Processionibus

2255 4297 2553 4381 aliisque·
2593 4297 3056 4379 functionibus,
3121 4308 3246 4361 tam
3320 4295 3594 4360 laetitiae
3649 4315 3843 4381 quam

2257 4384 2529 4466 funeris,
2582 4403 2741 4469 quae
2808 4384 2941 4449 fleri
3007 4384 3384 4469 contingunt
3445 4393 3621 4448 extra
3675 4386 3841 4453 cho.-

2258 4491 2424 4553 rum,
2473 4483 2722 4573 spectet
2781 4472 2857 4537 ad
2918 4472 3162 4537 dictum
3226 4469 3661 4536 primicerium
3706 4471 3843 4556 pri-

2255 4559 2464 4625 vative
2516 4578 2576 4624 in
2621 4578 3023 4646 quacumque
3071 4556 3532 4625 Hebdomada?

2393 4653 2467 4713 Et
2494 4638 2579 4712 ²8.
2631 4650 2704 4713 R.
2753 4650 2855 4730 G„
2906 4659 3173 4732 utraque
3234 4658 3413 4734 parte
3471 4645 3709 4732 scripto
3771 4658 3841 4712 et

2256 4755 2413 4802 voce
2457 4734 2837 4801 informante
2871 4735 3079 4800 audita
3110 4735 3387 4818 visisque
3416 4734 3657 4799 iuribus
3690 4734 3835 4799 ltine

2256 4823 2407 4889 inde
2454 4823 2769 4906 deductiS,
2819 4822 2895 4887 ad
2947 4822 3320 4888 relationem
3375 4821 3637 4906 praefati
3696 4822 3834 4886 Emi

2256 4922 2320 4977 et
2380 4909 2520 4978 nmi
2582 4914 2655 4976 D.
2708 4911 2900 4976 Card.
2955 4911 3279 4993 PonentiS,
3355 4908 3833 4975 rescribendum

2259 4999 2552 5065 censuit:

2384 5087 2478 5152 Ad
2533 5090 2589 5151 1.
2643 5108 2680 5150 ι
2716 5088 3045 5173 Negative,
3095 5086 3169 5152 ad
3223 5087 3494 5173 primam
3544 5096 3831 5172 partem;

2254 5174 2668 5257 Affirmative,
2718 5175 2794 5239 ad
2839 5175 3183 5240 secundam
3218 5195 3282 5238 ›.

2386 5263 2479 5329 Ad
2528 5267 2680 5349 ²·.‘
2717 5264 3050 5347 Negative,
3100 5262 3175 5326 ad
3226 5262 3494 5347 primam
3544 5271 3829 5344 partem;

2257 5348 2668 5431 Affirmative,
2717 5348 2791 5414 ad
2841 5349 3279 5415 secundam».
