4042 5950
1525 276 1994 355 -137—

149 443 367 498 coetum
416 433 840 500 Parochorum
886 444 952 500 et
999 433 1531 500 Beneficiatorum
1578 451 1708 499 non
1806 434 2060 513 simam,
2093 452 2217 517 qua
2250 440 2541 497 occurrat
2578 435 2831 498 Festum
2881 453 3111 499 novem
3159 434 3402 501 Lectio·

151 541 302 606 posse
329 540 468 585 sese
501 521 902 587 conformare
936 521 999 587 in
1039 521 1413 588 recitatione
1461 520 1706 588 Officio-

149 627 262 672 rum
317 608 576 675 illorum
633 611 1036 694 Sanctorum,
1086 610 1280 675 etiam
1324 607 1706 696 alienigena·

152 715 302 776 rum,
346 715 620 780 quorum
669 699 949 783 Corpora
1005 711 1114 763 aut
1171 697 1482 762 notabiles
1535 693 1706 763 Reli·

149 785 302 866 quiae
335 784 396 849 in
425 785 598 850 dicta
640 785 1008 851 cathedrali
1054 796 1494 851 asservanturz
1534 785 1704 850 idem

151 871 538 937 l’arochorum
575 885 642 938 et
670 873 1206 938 Beneficiatorum
1254 885 1473 938 coetus
1504 890 1709 959 penes

154 962 203 1024 S.
227 964 294 1023 R.
327 963 393 1024 C.
434 959 801 1026 humillime
833 961 1216 1048 supplicavit
1263 979 1381 1045 pro
1430 962 1708 1027 declara-

59 1067 60 1070 *
155 1047 287 1111 tione
330 1048 670 1132 sequentis
714 1048 923 1131 dubii,
957 1048 1314 1114 videlicet:
1363 1051 1460 1113 An
1492 1047 1707 1113 coetui

155 1136 539 1202 Parachorum
587 1151 652 1200 et
699 1136 1229 1203 Beneficiatorum
1265 1137 1706 1202 Parochiarum

154 1221 388 1287 Civitatis
421 1223 815 1290 conchensis
864 1224 1050 1289 liceat
1095 1225 1472 1290 continuare
1511 1225 1572 1290 in
1608 1242 1709 1288 re·

155 1309 410 1376 citatione
458 1310 832 1378 Officiorum
879 1313 962 1377 de
1009 1310 1277 1389 Sanctis,
1330 1312 1519 1378 etiam
1559 1309 1710 1376 alie-

154 1397 384 1482 nigenis,
435 1417 717 1484 quorum
752 1405 1026 1486 Corpora
1073 1419 1186 1467 seu
1236 1400 1550 1466 notabiles
1596 1404 1713 1465 lte-

155 1485 343 1567 liqaiae
403 1486 466 1552 in
517 1487 880 1555 Cathedrali
941 1497 1377 1571 asservantur,
1437 1489 1502 1553 in
1559 1507 1706 1552 casu

153 1573 212 1635 de
250 1593 368 1658 quo
412 1572 688 1661 agitur?

251 1666 322 1726 Et
365 1665 434 1728 S.
469 1666 551 1729 R.
582 1666 688 1746 C.,
737 1664 814 1730 ad
864 1662 1241 1729 relationem
1291 1664 1426 1730 Emi
1461 1675 1525 1730 et
1563 1663 1704 1729 timi

153 1750 300 1813 card.
331 1751 560 1817 Boschi
608 1751 928 1833 Ponentis,
980 1771 1049 1815 re
1097 1762 1346 1817 mature
1402 1752 1703 1833 discussa,

155 1837 647 1921 respondendum
677 1838 927 1905 censuit
957 1861 975 1903 t
1025 1861 1064 1902 αι
1097 1840 1486 1905 Affirmative
1513 1862 1575 1904 ».
1631 1842 1710 1904 Et

152 1924 516 2078 {tailgzevit
548 1948 619 1992 ac
653 1929 890 1992 servari
927 1926 1273 1994 mandavit.
1313 1928 1422 1994 Die
1454 1931 1533 1992 15
1561 1932 1710 1994 Mar-

190 2031 202 2073 i
395 2060 414 2080 .

154 2150 373 2220 2502.
784 2155 1070 2220 ELVEN.
1481 2154 1703 2241 (4375)

253 2278 334 2342 Ad
381 2276 778 2343 humillimas
827 2299 1056 2366 preces
1101 2280 1505 2346 confratrum
1548 2281 1706 2343 Gon·

153 2363 557 2448 internimtis,
631 2367 829 2453 vulgo
903 2368 1279 2433 &mandacio
1354 2366 1705 2431 animarum

151 2452 485 2536 Purgatorii,
523 2466 782 2519 erectae
832 2455 896 2518 in
941 2455 1222 2522 Ecclesia
1269 2458 1335 2520 S.
1387 2452 1710 2520 Laurentii

150 2539 391 2604 Civitatis
461 2543 730 2624 Elven.,
787 2542 1019 2627 quibus
1087 2543 1515 2630 supplicatum
1591 2540 1707 2605 fuit

151 2629 283 2709 apud
312 2632 374 2693 S.
409 2633 485 2695 R.
522 2633 632 2711 0.,
669 2641 740 2695 ιιι
784 2630 962 2696 Feria
1010 2631 1288 2697 secunda
1337 2629 1706 2696 immediate

59 2709 60 2730 ¹
151 2715 402 2796 sequenti
447 2716 843 2784 Dominicam
891 2719 1051 2785 infra
1099 2731 1383 2784 octavam
1411 2716 1706 2785 Omnium

59 2829 60 2876 g
152 2803 520 2892 Sanctorum,
577 2806 639 2872 in
685 2824 809 2890 qua
859 2806 1053 2873 iidem
1105 2807 1468 2872 Confratres
1521 2814 1706 2888 quot·

59 2921 60 2966 ;
150 2888 290 2953 annis
340 2895 634 2960 Officium
693 2894 1149 2961 defunctorum
1201 2913 1319 2981 pro
1383 2891 1710 2959 animabus

153 2977 457 3062 Purgatorii
515 2984 900 3049 solemniter
948 2985 1215 3050 recitare
1256 2990 1709 3063 consuescunt,

153 3062 369 3133 facultas
430 3069 667 3137 iisdem
729 3070 888 3137 iacta
935 3073 1016 3137 sit
1062 3072 1371 3138 celebrari
1433 3069 1709 3135 faciendi

61 3152 62 3163 ’
152 3152 199 3215 ia
225 3156 430 3224 eadem
463 3158 753 3226 Ecclesia
801 3158 1045 3226 Missam
1093 3161 1450 3225 solemnem
1483 3160 1567 3224 de
1596 3161 1712 3223 Re·

150 3240 357 3335 quiem,
393 3249 592 3312 etiam
623 3248 674 3312 si
711 3248 1034 3335 praedicta
1078 3249 1213 3313 dies
1244 3252 1432 3313 Festo
1466 3244 1711 3331 duplici

150 3342 213 3393 sit
252 3330 550 3421 impedita
584 3351 603 3411 ;
686 3382 692 3389 -

252 3424 311 3486 S.
354 3426 427 3489 R.
478 3427 589 3506 (1.,
639 3423 847 3490 habita
895 3421 1073 3510 prius
1135 3423 1275 3490 Rliii
1322 3428 1503 3490 Oom.
1558 3422 1708 3510 Epi·

150 3508 289 3592 scopi
346 3510 834 3593 informatione,
885 3512 960 3578 ad
1019 3512 1400 3578 relationem
1453 3511 1594 3577 Emi
1647 3524 1711 3576 et

151 3593 259 3658 Rlili
301 3601 481 3665 Cat-d.
536 3599 783 3665 Corsini
845 3600 1171 3682 PonentiS,
1223 3599 1707 3666 rescribendum

151 3684 404 3777 censuit:
476 3708 520 3750 ι
557 3692 674 3753 Pro
743 3686 942 3774 gratia
1011 3687 1380 3754 celebrandi
1454 3689 1702 3753 unicam

152 3768 352 3838 Missam
397 3776 789 3858 solemnem,
837 3777 1102 3840 servatis
1148 3775 1436 3842 Rubricis
1497 3776 1705 3859 quoad

63 3870 64 3885 ἢ
150 3855 267 3919 alias
309 3863 512 3927 Missas
549 3885 616 3929 ».
665 3864 778 3929 Die
831 3868 912 3930 te
960 3865 1158 3930 Martii
1216 3867 1408 3930 1774.

151 4014 369 4085 2503.
795 4025 1019 4090 uanis
1472 4023 1698 4107 (4378)

63 4134 64 4145 ¹
309 4128 451 4193 seu
503 4130 863 4195 minoium
907 4129 1509 4196 oeseavAN'mAss

625 4236 693 4298 S.
748 4236 1185 4300 rnANfflsci.

252 4389 396 4453 Cam
443 4388 607 4453 Patri
659 4388 902 4455 Vicario
956 4388 1152 4456 Obori
1208 4389 1457 4456 Ordinis
1505 4391 1700 4458 Mino·

155 4487 266 4535 rum
305 4476 382 4541 de
427 4475 839 4542 Observantia
887 4480 951 4543 S.
989 4477 1297 4544 Francisci
1331 4482 1703 4546 Conventus

157 4558 530 4654 strat-celitani
583 4564 766 4631 Urbis
812 4565 1116 4630 nonnulla
1152 4566 1553 4632 occurrerint
1585 4569 1706 4635 du·

157 4641 228 4707 bia
265 4652 415 4715 circa
460 4652 765 4718 Rubricas
810 4670 1010 4739 super
1052 4654 1416 4719 Officiorum
1461 4665 1524 4719 et
1567 4657 1702 4721 Illis-

155 4751 325 4827 sarum
369 4739 825 4824 celebratione,
876 4743 1044 4826 apud
1102 4746 1168 4807 S.
1219 4745 1295 4807 R.
1345 4745 1415 4809 G.
1468 4741 1701 4808 bumil-

158 4820 272 4886 lime
317 4826 443 4912 ipse
490 4829 898 4915 supplicavit,
943 4843 1256 4915 quatenus
1305 4850 1374 4895 ea
1428 4829 1700 4917 benigne

156 4906 436 4980 declarare
483 4917 906 5002 dignareturz
960 4918 1054 5003 (1)

264 5004 314 5064 1.
361 5006 479 5085 An,
528 5005 684 5071 dum
737 5024 852 5090 per
896 5007 1096 5071 solam
1144 5007 1700 5072 commemoratio·

157 5099 274 5150 nem
313 5091 686 5179 anticipatur
716 5092 1006 5159 Officium
1039 5093 1307 5159 alicuius
1341 5094 1701 5161 Dominicae

157 5186 269 5250 {⁸⁰³1
309 5178 718 5266 Epiphaniam
760 5180 823 5246 in
856 5180 1122 5248 Sabbato
1170 5194 1318 5248 ante
1350 5184 1702 5268 septuage-

1810 540 1990 601 num,
2028 541 2154 586 non
2206 521 2441 586 liabens
2491 519 2824 586 Lectiones
2876 520 3059 606 primi
3098 523 3406 588 Nocturni

1810 608 2098 693 proprias
2160 608 2262 674 vel
2325 608 2405 673 de
2469 608 2788 673 communi
2850 608 3213 694 assignatas,
3275 610 3399 696 legi

1810 698 2088 761 debeant
2158 696 2306 762 illae
2367 697 2449 761 de
2513 695 2781 762 Sabbato
2830 708 3247 770 occurrente;
3299 697 3400 762 vel

1811 784 2046 868 potius,
2082 784 2214 848 istis
2261 783 2507 849 omissis
2554 784 2654 849 vel
2694 784 3160 868 praecedenter
3194 786 3399 867 lectis,

1809 873 1856 934 si
1905 870 2033 936 sint
2088 872 2170 936 de
2233 871 2415 938 lnitio
2462 871 2728 935 alicuius
2782 871 3126 958 Epistolae,
3179 873 3403 957 legen-

1810 961 1965 1024 dum
2010 958 2090 1023 sit
2140 961 2459 1045 Epistolae
2521 956 2658 1024 Divi
2714 960 2885 1025 Pauli
2950 959 3199 1026 Initium
3256 961 3403 1025 assi-

1810 1056 2073 1132 gnatum
2120 1046 2211 1112 illi
2262 1046 2659 1127 Dominicae,
2711 1048 2891 1112 cuius
2934 1047 3223 1115 Officium
3284 1067 3404 1133 per

1810 1135 2487 1202 commemorationem
2536 1134 2966 1219 anticipatur?

1943 1227 2010 1287 2.
2063 1225 2182 1300 An,
2220 1234 2603 1290 occurrente
2634 1227 2821 1288 Festo
2855 1223 3245 1291 confessoris
3277 1243 3403 1291 non

1809 1311 2133 1375 Pontificis
2164 1310 2323 1377 inira
2362 1322 2647 1377 octavam
2672 1310 2935 1376 alterius
2960 1313 3129 1378 Festi
3164 1313 3404 1398 pariter

1810 1397 2202 1463 Confessoris
2247 1419 2376 1465 non
2407 1397 2753 1481 pontificis,
2794 1418 2910 1485 pro
2946 1418 3404 1466 commemora-

1813 1485 1983 1551 tione
2045 1499 2302 1552 octavae
2352 1487 2416 1553 in
2462 1486 2817 1563 LaudibuS,
2869 1489 3261 1558 desumenda
3322 1488 3402 1552 sit

1812 1574 2176 1662 Antiphone
2209 1595 2288 1639 ex
2321 1575 2654 1658 secundis3
2695 1576 2797 1640 vel
2832 1575 3044 1660 potius
3077 1597 3155 1642 ex
3182 1577 3404 1662 primis

1815 1660 2170 1748 Vesperis‘?

1942 1755 2010 1817 3.
2083 1754 2178 1817 An
2255 1752 2433 1817 Missa
2512 1752 2722 1816 votiva
2804 1751 2885 1816 de
2966 1753 3404 1839 Conceptione

1809 1843 1880 1904 B.
1917 1840 1998 1905 Μ.
2042 1840 2145 1923 V.,
2194 1859 2357 1924 quae
2406 1859 2489 1905 ex
2538 1839 2789 1907 indulto
2836 1843 2906 1906 S.
2941 1843 3017 1905 R.
3052 1844 3122 1906 C.
3172 1841 3233 1907 in
3279 1842 3405 1906 sin·

1809 1927 1976 2012 gulis
2025 1927 2307 1994 Sabbatis
2366 1947 2488 2012 per
2544 1946 2814 2010 annum,
2867 1931 3156 2015 exceptis
3217 1929 3406 2014 privi-

1813 2014 2062 2100 legiatis
2109 2026 2172 2080 et
2222 2014 2551 2100 impeditis
2597 2020 2783 2082 Festo
2820 2016 3006 2101 dupl.
3047 2017 3292 2101 primae
3341 2029 3405 2081 et

1809 2101 2131 2170 secundae
2179 2101 2418 2184 classis,
2469 2102 2718 2169 canitur
2746 2104 2807 2169 in
2845 2105 3141 2170 omnibus
3190 2106 3407 2171 Eccle-

1809 2191 1918 2256 siis
1948 2191 2150 2255 nostri
2181 2190 2434 2257 Ordinis
2467 2189 2821 2277 Seraphici‚
2856 2192 2991 2256 cani
3030 2192 3226 2278 possit
3256 2211 3403 2257 cum

1815 2278 2013 2343 Credo
2038 2290 2103 2342 et
2129 2278 2314 2344 unica
2335 2279 2666 2354 Oratione;
2702 2282 2804 2346 vel
2840 2279 2977 2345 cani
3011 2279 3242 2347 debeat
3266 2279 3405 2345 sine

1815 2366 2012 2431 Credo
2034 2377 2101 2431 et
2124 2386 2274 2432 cum
2297 2368 2576 2434 secunda
2596 2367 2890 2434 Oratione
2918 2367 3001 2433 de
3020 2368 3238 2434 Officio
3264 2387 3406 2433 cur·

1812 2453 1980 2519 renti
2013 2463 2205 2538 atque
2246 2455 2430 2520 tertia
2461 2456 2545 2521 de
2578 2456 2820 2540 Spiritu
2853 2460 3108 2538 Sancte,
3144 2456 3265 2521 nisi
3301 2476 3408 2520 oc·

1811 2552 2025 2607 currat
2070 2543 2349 2628 simplex
2390 2555 2497 2608 aut
2526 2543 2642 2608 alia
2677 2543 3250 2622 commemoratio;
3301 2545 3405 2610 vel

1809 2631 2077 2696 demum
2138 2649 2284 2696 cum
2345 2632 2623 2697 secunda
2678 2630 2973 2698 Oratione
3035 2633 3117 2698 de
3165 2632 3407 2718 Spiritu

1809 2719 2040 2784 Sancto
2091 2729 2153 2783 et
2203 2718 2387 2783 tertia
2424 2719 2751 2785 Ecclesiae
2786 2720 2884 2783 vel
2921 2740 3038 2806 pro
3074 2725 3260 2808 Papa,
3300 2722 3405 2786 ubi

1810 2806 1894 2871 de
1918 2805 2135 2872 Officio
2164 2819 2544 2873 occurrente
2577 2821 2817 2873 cantata
2844 2823 2951 2872 aut
2983 2809 3209 2875 saltem
3249 2810 3408 2874 lecta

1814 2893 2009 2960 luerit
2043 2893 2218 2959 Missa
2249 2896 2704 2964 conventualis
2725 2895 2757 2961 ⁴?

1941 2986 2004 3047 4.
2040 2987 2138 3048 An
2166 3001 2248 3048 ex
2278 3002 2475 3048 sensu
2524 2984 2835 3051 Rubricae
2883 2986 3127 3070 positae
3163 2985 3224 3050 in
3260 2991 3407 3049 Bre-

1810 3068 2006 3136 viario
2043 3072 2103 3136 in
2137 3075 2323 3137 Festo
2372 3073 2437 3137 S.
2475 3072 2660 3137 Marci
2696 3084 2759 3139 et
2794 3075 2857 3137 in
2888 3074 3067 3139 Feria
3100 3076 3404 3156 secunda,

1814 3159 1998 3222 tertia
2032 3171 2097 3224 et
2130 3171 2350 3244 quarta
2385 3171 2525 3246 post
2559 3160 2950 3228 Dominicam
2984 3160 3271 3246 quintam
3307 3163 3405 3225 Pa-

1809 3245 2039 3329 schae,
2103 3257 2282 3312 recte
2328 3247 2642 3314 inferatur
2693 3250 2865 3334 quod
2923 3249 3200 3314 Litaniae
3254 3252 3403 3315 San-

1808 3344 2062 3400 ctorum
2111 3335 2193 3400 de
2245 3349 2591 3435 praecepto
2644 3338 3009 3404 recitandae
3059 3338 3122 3403 in
3173 3338 3401 3403 eodem

1812 3427 1994 3487 Festo
2045 3425 2110 3490 S.
2147 3425 2329 3489 Marci
2370 3436 2434 3489 et
2482 3445 2546 3491 in
2597 3426 2807 3491 triduo
2839 3427 3263 3511 Rogationem
3297 3446 3404 3491 an·

1811 3511 2052 3596 ticipari
2103 3512 2370 3596 possint,
2420 3523 2613 3598 atque
2662 3514 2914 3579 recitari
2964 3526 3107 3601 post
3154 3515 3405 3580 Matuti-

1809 3617 1965 3663 num
2011 3610 2079 3664 et
2124 3600 2368 3667 Laudes
2415 3601 2523 3666 die
2568 3600 3006 3685 antecedenti,
3049 3606 3124 3669 ab
3171 3602 3245 3667 iis
3292 3602 3403 3688 qui

1810 3688 2198 3753 Processioni
2232 3690 2561 3773 sequentis
2594 3689 2724 3754 diei
2759 3710 2886 3756 non
2921 3688 3408 3757 interveniunt?

1944 3778 2009 3840 5.
2062 3779 2190 3857 An,
2241 3777 2499 3841 attentis
2545 3777 2928 3865 Apostolicis
2977 3789 3041 3844 et
3088 3783 3154 3847 S.
3203 3783 3276 3845 R.
3327 3782 3402 3845 C.

1809 3864 2118 3947 Decretis,
2169 3865 2353 3929 liceat
2401 3864 2731 3931 Sacerdoti
2778 3867 3108 3939 celebrare
3159 3867 3400 3933 Missam

1811 3950 2117 4035 privatam
2182 3953 2357 4019 Feria
2415 3957 2465 4019 V
2523 3952 2584 4019 in
2645 3957 2855 4020 Coena
2916 3956 3204 4038 Domini,
3267 3957 3403 4021 sive

1809 4038 2000 4105 etiam
2048 4040 2407 4106 solemnem
2470 4041 2532 4105 in
2595 4041 2698 4106 illa
2764 4043 3047 4108 Ecclesia
3107 4043 3211 4109 ubi
3276 4064 3401 4111 non

1812 4129 2147 4214 reponitur
2180 4149 2299 4195 nec
2334 4140 2688 4195 asservatur
2736 4132 3001 4196 SSritum
3035 4133 3401 4198 Sacramen-

1812 4228 1948 4282 tum
1995 4217 2058 4281 in
2106 4215 2319 4301 aliquo
2368 4217 2564 4281 Altari
2612 4219 2714 4282 vel
2764 4219 2888 4283 alio
2941 4221 3077 4283 loco
3112 4220 3396 4301 decenti,

1808 4304 2005 4388 vulgo
2053 4304 2225 4371 dicto
2274 4305 2323 4370 il
2373 4305 2714 4389 Sepolcro?

1941 4396 2020 4456 Et
2069 4397 2133 4459 S.
2170 4397 2245 4459 R.
2282 4396 2383 4474 C.,
2417 4395 2640 4460 audito
2686 4395 2867 4482 prius
2914 4408 3063 4460 voto
3102 4396 3286 4461 unius
3320 4416 3399 4459 ex

1809 4479 2318 4566 Apostolicarum
2359 4482 2917 4548 caeremoniarum
2954 4483 3287 4567 magistris,
3324 4484 3399 4548 ad

1811 4567 2189 4634 relationem
2242 4571 2377 4634 Esni
2426 4580 2490 4633 et
2538 4570 2677 4637 Rfiti
2726 4575 2904 4637 Dom.
2959 4573 3143 4637 Card.
3184 4576 3407 4636 Torre-

1809 4656 1972 4741 giani
2023 4657 2346 4740 Ponentis,
2398 4658 2885 4725 rescribendum
2935 4657 3229 4724 censuit:

1940 4744 2035 4809 Ad
2087 4749 2141 4809 1.
2196 4768 2233 4809 ‹
2266 4745 2596 4830 Legendas
2629 4766 2765 4811 esse
2798 4747 3134 4812 Lectiones
3168 4748 3247 4813 de
3282 4751 3399 4812 Do-

1809 4830 2032 4897 minica
2080 4833 2444 4919 anticipata,
2479 4833 2830 4899 dummodo
2880 4834 2942 4900 in
2986 4835 3218 4900 eodem
3253 4836 3401 4902 Sab-

1809 4920 1950 4985 bato
1998 4938 2127 4985 non
2160 4934 2449 4985 occurrat
2496 4922 2748 4986 luitium
2783 4921 3045 4986 alterius
3081 4923 3403 5010 Epistolae

1808 5007 2018 5073 Sancti
2067 5008 2236 5073 Pauli
2274 5029 2336 5073 ».

1938 5098 2034 5163 Ad
2068 5100 2136 5161 2.
2165 5117 2202 5158 α
2228 5097 2557 5183 Negative,
2585 5098 2792 5182 quoad
2834 5098 3099 5184 primam
3128 5111 3401 5186 partem;

1802 5184 2223 5271 Affirmative,
2273 5185 2481 5269 quoad
2530 5186 2877 5251 secundam
2912 5210 2974 5251 ν.

274 5365 348 5439 (l)
381 5372 438 5427 E.
473 5374 616 5431 nub.
661 5375 708 5439 1,
747 5375 797 5441 2,
834 5376 883 5444 5,
921 5374 972 5443 lt,
1008 5377 1059 5445 ὅ,
1096 5378 1145 5441 ὃ,
1186 5378 1234 5442 7,
1271 5380 1322 5446 8,
1360 5378 1410 5443 9,
1451 5377 1534 5443 12,
1575 5378 1658 5443 15,
1699 5377 1764 5433 14
1800 5388 1855 5435 et
1894 5379 1977 5436 18.
