4042 5950
2148 284 2617 366 -246-

727 450 1176 536 functionibuS,
1225 447 1511 536 quaestio
1554 448 1713 514 haec
1758 445 1834 512 ad
1879 443 2174 513 eamdem
2209 445 2316 511 Sa-

730 560 900 609 cram
945 535 1519 638 congregationem
1567 535 1776 602 delata
1824 533 1990 613 fuit3
2253 618 2266 631 ⁶

857 631 1026 705 Quae
1080 646 1146 693 in
1198 623 1527 694 Ordinatio
1586 627 1788 692 Coetu
1850 622 2158 689 hodierna
2205 621 2313 687 die

728 717 805 785 ad
850 713 1170 792 Quirinale
1216 712 1588 796 coadunata,
1637 710 1963 778 referente
1997 707 2315 775 infrascri-

731 818 840 894 pto
886 801 1238 871 Secretario
1269 809 1333 866 et
1365 798 1658 866 omnibus
1688 796 2107 865 consideratis
2135 815 2316 862 accu-

730 902 997 978 rateque
1057 887 1424 979 perpensis,
1475 885 1962 954 rescribendum
2016 884 2312 951 censuit:

732 1003 771 1046 (
804 979 1163 1064 Antiphone
1210 986 1275 1043 et
1319 976 1641 1042 Psalmus:
1692 977 1780 1040 De
1810 974 2164 1059 profundis
2194 990 2315 1039 nec

731 1087 860 1136 non
894 1065 1285 1132 versiculus:
1317 1064 1591 1129 Animae
1620 1081 1865 1143 eorum,
1897 1060 1959 1127 in
1991 1060 2098 1126 die
2131 1063 2314 1127 Com-

731 1153 1205 1223 memorationis
1247 1151 1540 1218 Omnium
1599 1149 1916 1218 Fidelium
1974 1147 2315 1214 Defuncto-

731 1264 874 1311 rum
925 1253 1064 1331 post
1118 1240 1585 1308 ahsolutionem
1639 1237 1717 1304 ad
1767 1236 2119 1319 tumulum,
2167 1246 2316 1302 sunt

733 1330 1132 1409 omittenda;
1181 1328 1354 1395 iuxta
1402 1331 1742 1393 Decretum
1789 1324 1852 1391 in
1899 1343 2023 1392 una
2066 1322 2317 1390 Ordinis

733 1418 1195 1488 Canonicorum
1215 1416 1626 1502 Regularium
1645 1412 2161 1481 Lateranensium
2182 1410 2315 1479 diei

733 1513 773 1575 2
806 1504 1175 1574 Decembris
1210 1507 1379 1572 1684
1409 1503 1487 1569 ad
1521 1500 1788 1570 dubium
1822 1506 1856 1568 7
1895 1523 1956 1567 ».
2226 1505 2237 1516 '
2305 1518 2314 1527 ·

863 1597 946 1659 Et
978 1595 1062 1658 ita
1094 1590 1418 1677 rescripsit
1448 1611 1517 1656 ac
1546 1589 1784 1656 servari
1814 1589 2167 1657 mandavit.
2200 1587 2315 1654 Die

734 1687 821 1750 28
851 1681 993 1750 Iulii
1029 1683 1221 1748 1832.

733 1820 996 1892 2695.
1354 1819 1685 1886 souma.
2085 1818 2311 1905 (4663)

861 1947 1069 2024 Quum
1115 1943 1280 2010 intra
1312 1943 1546 2010 limites
1582 1941 1960 2028 parochialis
1995 1941 2314 2009 Ecclesiae

733 2038 994 2103 Sanctae
1039 2030 1392 2100 Restitutae
1436 2029 1722 2099 Civitatis
1768 2033 2043 2098 Soranae
2088 2030 2169 2096 sit
2199 2033 2316 2099 Ec·

733 2121 956 2205 clesia,
1005 2131 1185 2209 antea
1242 2120 1395 2188 iuris
1452 2119 1703 2188 Ordinis
1755 2119 2312 2202 conventualium,

732 2213 957 2278 Sancto
1002 2208 1335 2275 Francisco
1381 2207 1713 2274 Assisiensi
1759 2206 1987 2290 dicata,
2023 2216 2091 2273 et
2121 2206 2314 2273 modo

732 2297 981 2365 cuidam
1013 2296 1343 2364 Sodalitati
1375 2315 1669 2363 concessa
1697 2311 1716 2375 ;
1766 2294 2136 2361 enunciatae
2168 2298 2318 2362 San·

731 2396 871 2452 ctae
899 2385 1249 2452 Restitutae
1280 2383 1591 2451 Parochus
1622 2403 1655 2447 a
1686 2386 2025 2451 Sacrorum
2055 2382 2316 2449 Rituum

732 2472 1238 2573 congregatione
1293 2469 1655 2538 humillime
1713 2470 1899 2559 petiit
1957 2470 2312 2538 declararit

729 2564 828 2628 An
873 2579 939 2626 m
983 2578 1131 2626 casu
1177 2578 1304 2644 quo
1331 2557 1577 2643 -aliquis
1624 2577 1704 2624 ex
1750 2558 1879 2625 suis
1925 2557 2315 2646 parochianis

730 2648 859 2715 vita
905 2648 1160 2714 functus
1208 2648 1272 2713 in
1317 2646 1600 2712 Ecclesia
1655 2644 2019 2733 praedictae
2077 2645 2317 2713 Sodali-

734 2735 874 2802 tatis
918 2734 1288 2823 sepulturae
1335 2734 1702 2802 demandari
1761 2733 1993 2817 dehet,
2049 2734 2134 2800 de
2186 2753 2314 2820 quo

732 2824 871 2911 ipse
917 2822 1230 2890 Parochus
1276 2822 1556 2891 officium
1610 2821 1884 2891 funebre
1929 2822 2174 2889 ducere
2221 2832 2315 2890 te-

731 2920 961 2995 netur,
1024 2911 1088 2977 in
1142 2911 1262 2979 hoc
1316 2910 1570 2979 funebri
1622 2910 1829 2979 officio
1893 2911 2313 2999 comprehen-

729 3001 935 3154 datur?
963 2999 1154 3067 etiam
1199 2999 1377 3067 Missa
1421 3000 1725 3068 solemnis
1770 3009 1915 3067 ante
1951 3000 2314 3070 tumulatio-

731 3106 884 3155 nem

858 3179 941 3243 Et
984 3177 1168 3245 Sacra
1219 3174 1481 3246 Rituum
1540 3176 1995 3264 congregatio,
2044 3176 2121 3244 ad
2168 3176 2313 3255 Qui-

729 3266 960 3334 rinales
1029 3264 1239 3333 Aedes
1305 3265 1614 3332 hodierna
1682 3265 1788 3333 die
1858 3265 1922 3331 in
1984 3264 2311 3333 ordinario

729 3358 931 3423 Coetu
977 3353 1345 3437 coadunata,
1379 3352 1456 3420 ad
1504 3352 1883 3421 relationem
1928 3352 2214 3420 infrascri
2269 3352 2312 3419 ti

729 3439 1089 3524 Secretarii,
1142 3441 1665 3529 respondendum
1712 3441 2001 3508 censuit:
2057 3462 2097 3507 ι
2127 3444 2180 3508 Α
2250 3461 2310 3507 ι·-

726 3528 960 3595 mative
990 3548 1053 3593 ».
1104 3531 1183 3593 Et
1230 3529 1314 3594 ita
1359 3528 1684 3615 rescripsit
1744 3539 1936 3614 atque
1992 3529 2307 3599 decrevit.

725 3616 839 3682 Die
887 3618 971 3683 28
1016 3616 1156 3682 Iulii
1208 3618 1401 3683 1832.

727 3755 993 3827 2696.
1340 3760 1683 3826 smme.
2077 3761 2306 3849 (4694)

856 3880 1082 3968 loseph
1126 3879 1422 3948 Mannelli
1460 3880 1768 3948 Sacerdos
1804 3882 2144 3950 Brixiensis
2188 3902 2308 3971 pro

723 3988 874 4036 suae
921 3968 1345 4036 conscientiae
1393 3967 1849 4055 tranquillitate
1896 3991 1928 4035 a
1976 3972 2161 4037 Sacra
2203 3971 2308 4038 Ri-

726 4067 909 4126 tuum
952 4055 1459 4143 Congregatione
1505 4057 1838 4142 sequentia
1876 4058 2065 4126 dubia
2095 4058 2304 4126 decla-

720 4146 845 4212 rari
893 4145 1255 4213 humillime
1302 4144 1536 4233 petiit:
1573 4143 1669 4232 (1)

856 4238 915 4300 1.
963 4232 1256 4311 Quamvis
1314 4232 1586 4300 Rubrica
1643 4232 1907 4300 Ritualis
1970 4234 2156 4302 titulo
2219 4234 2301 4302 de

720 4320 1021 4407 Exequiis
1048 4321 1435 4410 praescribat
1464 4322 2005 4409 Responsorium:
2057 4325 2130 4388 In
2175 4326 2305 4390 Pa·-

721 4409 1017 4476 radisum
1069 4419 1187 4476 etc.
1245 4418 1384 4477 tum
1432 4408 1753 4477 decantari
1810 4411 2052 4479 dehere
2099 4429 2300 4498 quum

719 4496 990 4565 cadaver
1034 4498 1111 4565 ad
1157 4498 1530 4585 sepulcrum
1563 4497 1894 4579 defertur3
1943 4499 2006 4566 in
2037 4500 2306 4569 civitate

720 4596 931 4651 tamen
998 4585 1280 4653 Brixien.
1351 4586 1432 4653 ob
1493 4586 1884 4674 sepulchreti
1945 4587 2303 4656 distantiam

716 4692 870 4740 usus
901 4671 1166 4741 invaluit
1196 4674 1597 4762 praedictum
1629 4677 2124 4763 Responsorium
2158 4696 2303 4745 cum

713 4760 849 4830 aliis
901 4761 1201 4849 precibus
1254 4763 1573 4831 decantari
1623 4775 1915 4851 tempore
1961 4766 2301 4835 ahsolutio-

711 4849 835 4917 nis.
896 4849 1050 4917 Hinc
1104 4851 1473 4938 quaeritur:
1532 4856 1760 4920 Utrum
1814 4874 1988 4941 usus,
2043 4873 2121 4920 an
2175 4857 2302 4922 Ru-

712 4936 884 5004 brica
928 4937 1165 5005 servari
1211 4937 1501 5008 debeat?

841 5028 904 5092 2.
967 5029 1063 5092 An
1167 5028 1422 5116 rosequi
1485 5032 1683 5118 possit
1746 5033 2146 5101 consuetudo
2203 5051 2300 5098 ca·

708 5114 903 5181 nendi
947 5114 1124 5202 antip
1172 5134 1357 5182 onam
1389 5119 1465 5184 Si
1496 5122 1909 5205 iniquitates,
1948 5138 2098 5186 cum
2135 5119 2299 5185 Psal-

708 5213 815 5266 mo
867 5202 954 5265 De
987 5203 1360 5289 profundis,
1399 5224 1623 5294 quum,
1658 5210 1981 5276 celebrata
2013 5207 2192 5274 Missa
2222 5209 2297 5274 de

850 5396 933 5469 (ι)
967 5398 1032 5454 s.
1068 5398 1207 5455 nuh.
1246 5401 1274 5456 1
1312 5409 1369 5457 et
1400 5399 1454 5456 s.

2418 445 2675 528 nequis,
2725 440 2804 509 ad
2848 441 3138 510 medium
3164 432 3588 531 ‘progreditur
3631 445 3907 531 processio·

2419 531 2649 598 naliter
2694 550 2811 619 pro
2856 530 3160 616 Exequiis
3205 530 3641 599 absolvendis?

2552 624 2632 686 Et
2676 620 2856 685 Sacra
2904 620 3132 686 eadem
3178 618 3590 707 congregatio
3635 619 3690 688 in
3713 619 3911 687 Ordina-

2417 706 2527 774 riis
2571 705 2853 774 Comitiis
2899 707 2977 774 ad
3020 707 3347 786 Quirinale
3383 706 3678 775 hodierna
3713 707 3800 775 die
3839 709 3911 773 ba·

2421 796 2591 878 bitis,
2640 795 2718 861 ad
2764 794 3143 861 relationem
3200 795 3578 884 infrascripti
3629 796 3910 881 secretarii,

2420 881 2946 971 respondendum
2992 883 3281 950 censuit:

2548 971 2644 1037 Ad
2696 974 2759 1036 1.
2804 991 2844 1035 ‹
2878 974 3062 1037 Posse
3110 971 3489 1055 continuari,
3527 971 3689 1038 iuxta
3715 990 3912 1038 consue-

2418 1059 2711 1127 tudinem
2756 1057 3020 1125 aliarum
3066 1058 3493 1126 Ecclesiamm
3526 1082 3587 1126 ».

2547 1147 2646 1214 Ad
2694 1151 2759 1212 2.
2808 1147 3220 1235 ‹Negative;
3270 1158 3336 1213 et
3365 1147 3695 1236 antiphona
3722 1166 3778 1213 ac
3802 1148 3911 1212 Psal-

2418 1254 2560 1303 mus
2606 1235 2693 1300 De
2746 1236 3098 1320 profundis
3144 1235 3267 1302 dici
3331 1235 3573 1303 dehent
3630 1247 3756 1323 post
3794 1234 3911 1300 abso

2420 1324 2730 1423 tutionem
2777 1323 2854 1389 ad
2903 1324 3250 1407 tumulum,
3290 1323 3357 1389 in
3403 1324 3617 1391 reditu
3658 1324 3729 1391 ad
3765 1326 3910 1390 Sacra·

2416 1431 2585 1479 rium
2618 1431 2682 1475 ».

2546 1499 2757 1586 Atque
2818 1499 2904 1565 ita
2958 1499 3325 1589 respondit,
3388 1501 3721 1569 declaravit
3773 1520 3827 1565 ac
3871 1498 3912 1562 in

2464 1598 2746 1655 osterum
2822 1589 3061 1656 servari
3137 1587 3482 1656 mandavit.
3560 1589 3669 1655 Die
3734 1592 3803 1657 28
3850 1590 3914 1652 lu-

2446 1675 2487 1742 ii
2540 1679 2734 1743 1832.

2376 1818 2397 1843 ’
2419 1816 2679 1886 2697.
3060 1819 3361 1886 msam
3752 1814 3915 1901 (mse)

2546 1941 2960 2027 Perantiquae
2986 1940 3333 2008 nonnullae
3357 1941 3821 2009 consuetudines
3836 1956 3919 2003 ser-

2411 2030 2721 2096 vabantur
2764 2029 2830 2097 in
2875 2029 3358 2118 metropolitana
3402 2040 3472 2098 et
3517 2028 3817 2097 Primatiali
3842 2030 3917 2093 Ee-

2414 2115 2605 2184 clesia
2636 2118 2871 2203 Pisana,
2906 2117 3345 2203 nonnullaque
3377 2117 3705 2207 privilegia
3732 2115 3921 2182 accede·

2415 2202 2564 2271 bant
2584 2204 2604 2270 i
2653 2206 2782 2272 sius
2802 2206 3124 2273 Ecclesiae
3142 2205 3710 2297 Archipresbytero
3730 2204 3795 2272 ad
3814 2203 3923 2269 eius·

2415 2292 2568 2359 dem
2643 2294 2971 2382 ignitatem
3004 2294 3572 2364 cohonestandam.
3596 2296 3751 2372 Quae
3773 2302 3922 2387 tamur

2412 2400 2610 2466 quum
2669 2383 3075 2470 generalibus
3132 2383 3425 2450 Rubricis
3482 2404 3557 2451 ac
3603 2379 3921 2471 dispositioni

2415 2471 2903 2540 Caeremonialis
2962 2470 3422 2571 Episcoporum
3474 2473 3920 2546 adversarentur,

2411 2561 3005 2628 Reverendissimus
3027 2559 3565 2648 Archiepiscopus
3590 2555 3920 2650 percupiens,

2415 2647 2491 2712 ad
2540 2647 2637 2714 sui
2683 2648 2873 2716 animi
2921 2646 3470 2735 tranquillitatem,
3509 2660 3583 2716 ut
3615 2649 3678 2715 in
3710 2664 3808 2712 suo
3831 2661 3923 2729 qm·

2414 2735 2563 2801 dem
2608 2736 2873 2821 robore,
2922 2736 3035 2803 sed
3083 2735 3367 2821 legitima
3412 2736 3794 2816 auctoritate,
3821 2748 3924 2797 con·

2410 2823 2786 2890 suetudines
2832 2825 3004 2913 ipsae
3051 2834 3116 2890 et
3164 2824 3501 2912 privilegia
3538 2823 3921 2912 persisterent3
3960 2850 3961 2861 κ

2413 2912 2637 2978 Sacrae
2694 2910 2954 2981 Rituum
3008 2912 3501 3001 congregationi
3556 2911 3737 2981 dubia
3787 2922 3926 2994 super

2409 2998 2638 3066 iisdem
2687 3001 3417 3092 enodandaoproposuit,
3465 3002 3589 3069 sub
3628 3001 3724 3070 die
3755 3001 3821 3065 12
3844 2996 3923 3061 Ne

2409 3084 2691 3153 vembris
2757 3090 3102 3176 superioris
3166 3090 3312 3157 anni
3385 3093 3580 3158 1831.
3643 3092 3924 3168 sacraeque

2409 3176 2934 3263 congregationis
2976 3197 3277 3265 responsa
3320 3176 3398 3243 ab
3444 3175 3824 3246 Sanctissimo
3849 3175 3925 3237 Do

2411 3263 2584 3329 mino
2629 3266 2855 3332 Nostro
2882 3265 3190 3352 Gregorio
3220 3269 3360 3335 XVI
3387 3265 3694 3334 Pontifice
3723 3262 3925 3354 latino

2413 3352 2780 3419 confirmata
2826 3352 3007 3420 fuere
3039 3355 3155 3423 sub
3186 3355 3292 3422 die
3330 3357 3409 3422 18
3440 3355 3726 3423 eiusdem
3753 3362 3927 3418 mensu

2415 3448 2481 3505 et
2528 3440 2697 3506 anni.
3958 3461 3959 3464 ¹

2541 3528 2812 3617 Cognito
2875 3531 3398 3618 congregationis
3454 3531 3715 3599 Rituum
3767 3541 3924 3600 sensu,

2407 3633 2617 3703 eoque
2662 3617 2954 3705 capitulo
2998 3618 3353 3686 recensitae
3384 3621 3707 3688 Ecclesiae
3741 3618 3925 3686 denua·

2405 3703 2586 3789 tiato,
2634 3706 2922 3794 quamvis
2967 3706 3268 3775 canonici
3328 3707 3697 3776 Primatialis
3750 3715 3805 3773 et
3840 3702 3927 3766 10·

2407 3794 2827 3879 tropolitanae
2872 3795 2950 3862 ad
2992 3795 3202 3862 omnia
3232 3796 3615 3882 exequenda
3645 3816 3711 3863 se
3738 3799 3924 3883 paratos

2409 3879 2862 3968 profiteantur,
2926 3884 3141 3951 denuo
3198 3893 3408 3950 tamen
3468 3883 3739 3973 supplici
3789 3889 3925 3967 ρΐθΰθ

2409 3969 2820 4037 Sanctitatem
2867 3973 3055 4038 Suam
3100 3983 3439 4039 exorantes
3488 3983 3557 4038 ut
3605 3973 3717 4040 sibi
3759 3968 3926 4035 liceret

2406 4059 2854 4146 implorarunt.
2902 4059 3132 4127 Eidem
3179 4062 3394 4147 itaque
3433 4059 3821 4129 Sanctissimo
3845 4056 3927 4119 Do·

2405 4146 2578 4213 mino
2610 4147 2839 4214 Nostro
2866 4149 3333 4236 supplicarunt,
3364 4159 3433 4215 ut
3462 4169 3663 4238 super
3690 4154 3923 4235 quatuor,

2406 4234 2528 4300 iam
2577 4237 2897 4323 proposita
2948 4236 3163 4323 dubia,
3220 4238 3446 4305 saltem
3492 4247 3707 4326 posset
3746 4243 3924 4302 servan

2405 4323 2703 4408 solitum5
2754 4323 3098 4392 nimirum=

2545 4415 2604 4480 1.
2653 4416 2881 4480 Utrum
2930 4413 3234 4481 ferendus
3280 4413 3363 4482 sit
3408 4415 3569 4484 ritus
3617 4412 3809 4505 quoad
3844 4423 3923 4475 nu·

2406 4519 2694 4587 merum,
2754 4501 3046 4569 ordinem
3094 4512 3160 4571 et
3206 4503 3419 4570 locum
3474 4520 3800 4573 cereorum
3848 4508 3927 4562 ⁸011

2406 4589 2814 4658 candelarum
2846 4589 2911 4658 in
2943 4591 3389 4677 persolvendis
3419 4591 3650 4661 Officiis
3677 4585 3924 4678 Tenebn1

2404 4697 2548 4834 mim
2595 4680 2684 4832 ab?
2718 4679 3040 4746 Ecclesiae
3101 4679 3353 4749 Pisanae
3415 4681 3704 4770 capitulo
3744 4688 3928 4744 servan

2403 4787 2473 4834 so
2505 4768 2629 4835 itus

2533 4860 2596 4922 2.
2647 4856 2960 4924 Laudatae
3007 4857 3329 4924 Ecclesiae
3376 4857 3739 4925 Primatialis
3779 4857 3925 4921 Gano-

2401 4944 2527 5012 uici
2559 4945 2714 5012 dum
2761 4945 3317 5033 Archipraesulem
3365 4966 3560 5050 cappa
3593 4946 3924 5020 indutum,⁰

2397 5033 2653 5121 propria
2702 5033 3040 5102 residentia
3087 5034 3164 5102 ad
3210 5033 3631 5104 primatialem
3673 5029 3925 5101 acceden-

2401 5131 2535 5189 tem
2563 5121 2666 5186 vel
2701 5121 2777 5188 ab
2810 5122 2984 5190 illius
3017 5123 3195 5189 ianua
3239 5123 3318 5191 ad
3363 5125 3685 5228 propriam
3712 5120 3922 5188 domum

2404 5218 2877 5297 revertentem,
2939 5212 3321 5280 comitantur
3380 5224 3554 5282 iuxta
3622 5210 3922 5281 obsoletum
