4042 5950
1977 144 2059 164 'a‘

1851 69 1984 208 Y't·

1965 209 1984 228 l
2048 221 2055 228 η

2222 135 2441 222 ΕΔΑ-υ

2030 338 2504 418 ...434-

587 469 596 472 i
628 497 818 565 etiam
862 508 1080 565 contra
1123 508 1624 586 transgressores
1669 496 1994 568 canonicas
2054 516 2211 585 poe-

627 605 736 653 nas
757 584 941 744 {acm
985 694 1142 742 vero
1185 673 1413 741 eadem
1458 673 1920 760 congregatio,
1967 674 2042 740 ad
2108 690 2209 740 re-

626 762 926 831 lationem
991 761 1358 848 subscripti,
1405 763 1745 830 Secretarii
1774 807 1793 844 ,
1864 761 2208 850 propositis

627 849 838 918 dubiis
867 850 1346 918 rescribendum
1379 849 1668 917 censuit:
1701 872 1740 914 ιι
1782 849 2065 917 vicarius
2094 853 2208 918 ca-

624 937 914 1025 pitularis
958 949 1174 1005 utatur
1215 937 1346 1005 suis
1390 937 1635 1005 iuribus
1677 937 2021 1006 ordinariis
2052 959 2116 1005 ».

754 1027 865 1095 Die
917 1030 997 1095 10
1043 1025 1411 1094 Decembris
1461 1028 1652 1094 1870.

617 1193 882 1282 Β230.
1041 1204 1316 1270 SANCTI
1361 1201 1807 1269 HYACINTHI.
1978 1200 2206 1289 (5466)

753 1381 946 1444 Rmus
1013 1382 1089 1445 D.
1159 1378 1507 1446 hodiernus
1575 1375 1930 1476 Episcopus
1995 1375 2206 1444 Sancti

622 1464 950 1553 Hyacinthi
1009 1468 1233 1534 Sacrae
1283 1463 1776 1553 congregationi
1831 1464 1916 1533 de
1977 1468 2208 1549 Propa-

623 1553 824 1641 ganda
871 1554 1023 1622 Fide
1073 1554 1366 1642 exposuit
1396 1555 1460 1620 in
1493 1562 1623 1620 tota
1664 1552 2056 1631 Quebecensi
2090 1556 2208 1619 Ec·

620 1641 965 1708 clesiastica
1020 1642 1340 1709 Provincia
1398 1661 1582 1708 usum
1643 1639 1985 1709 invaluisse
2040 1639 2208 1706 inter

623 1729 942 1796 Missarum
995 1729 1301 1798 solemnia
1357 1729 1626 1796 canendi
1684 1729 2007 1796 cantiones
2067 1730 2210 1794 vui-

622 1817 756 1905 gari
801 1835 1125 1885 sermone.

749 1907 957 1984 Quum
1016 1917 1229 1973 autem
1286 1905 1349 1974 id
1410 1903 1808 1994 prohibitum
1866 1904 1948 1971 sit
2004 1926 2038 1971 a
2086 1909 2206 1972 De·

620 1992 813 2059 cretis
837 1996 1172 2061 Sacrorum
1195 1993 1457 2062 Rituum
1479 1993 2030 2080 congregationis,
2057 1993 2206 2081 Epi·

620 2099 851 2166 scopus
898 2094 1109 2148 orator
1152 2083 1498 2150 admonere
1544 2082 1792 2149 studuit
1836 2082 2097 2149 Glernm
2141 2092 2207 2147 et

621 2168 873 2249 fideles,
923 2184 995 2237 ut
1039 2169 1138 2237 his
1184 2169 1467 2237 Decretis
1512 2187 1651 2236 sese
1708 2169 2203 2237 conformarent.

621 2259 863 2325 Verum
913 2276 1013 2326 res
1057 2276 1185 2326 non
1230 2257 1418 2325 cessit
1461 2258 1637 2325 iuxta
1684 2257 1977 2345 Episcopi
2021 2266 2203 2343 vota3

620 2363 765 2412 nam
809 2345 983 2414 idem
1035 2366 1169 2414 mos
1198 2346 1263 2412 in
1293 2345 1589 2413 Ecclesiis
1635 2345 2010 2413 Dioeceseos
2054 2365 2205 2413 suae

622 2433 1029 2501 continuatur
1082 2434 1317 2502 adhuc.
1376 2436 1578 2512 Quare
1646 2434 1999 2520 Episcopus
2070 2434 2206 2520 ipse

620 2540 852 2610 anceps
896 2522 1168 2590 haerens
1211 2522 1368 2609 quid
1413 2522 1581 2589 factu
1628 2522 2056 2590 necessarium
2096 2522 2203 2606 sit,

707 2607 809 2676 tiit
851 2610 1206 2678 declarari:
1257 2614 1352 2676 An
1397 2625 1549 2677 usus
1580 2608 1681 2677 hic
1711 2620 1881 2676 esset
1927 2612 2207 2678 toleran-

669 2711 780 2776 us;
830 2698 933 2765 vel
981 2700 1193 2786 potius
1238 2698 1494 2765 omnino
1540 2695 1944 2765 abolendus?

750 2787 957 2865 Quum
1003 2804 1157 2854 vero
1201 2784 1525 2874 praedicta
1569 2789 1752 2854 Sacra
1783 2786 2207 2875 congregatio

621 2874 707 2941 de
752 2875 1155 2962 Propaganda
1203 2874 1356 2943 Fide
1403 2892 1629 2963 preces
1673 2875 2007 2943 memorati
2054 2874 2207 2962 Epi-

620 2961 797 3050 scopi
841 2981 957 3051 pro
1003 2975 1361 3054 opportuna
1405 2961 1725 3031 solutione
1769 2963 1848 3031 ad
1893 2961 2053 3031 hanc
2095 2966 2202 3032 Sa-

623 3068 879 3118 crorum
947 3051 1208 3120 Iiituum
1278 3053 1850 3140 congregationem
1915 3052 2203 3120 transmi-

621 3139 847 3205 sisset·

752 3187 989 3296 Ea’dem
1038 3232 1222 3296 Sacra
1267 3229 1526 3296 Rituum
1582 3228 2009 3316 congregatio
2032 3279 2049 3314 ,
2097 3249 2204 3296 au·

619 3313 751 3382 dita
797 3316 1104 3385 relatione
1149 3317 1226 3383 ab
1271 3316 1667 3404 infrascripto
1715 3316 2071 3384 Secretario
2118 3318 2206 3385 fa-

623 3415 746 3490 cta,
795 3423 1046 3474 necnon
1093 3405 1405 3473 sententia
1452 3404 1714 3472 alterius
1761 3423 1842 3471 ex
1888 3406 2203 3491 Apostoli-

621 3511 837 3559 carum
883 3494 1439 3561 caeremoniarum
1486 3490 1816 3581 Magistris,
1851 3492 2207 3561 rescribere

622 3589 752 3645 rata
799 3590 946 3647 est:
995 3603 1033 3646 ι
1070 3582 1414 3670 Episcopus
1462 3581 1820 3666 prudenter
1863 3601 1935 3648 se
1994 3595 2202 3668 gerat,

622 3679 694 3734 ut
737 3667 936 3755 possit
995 3669 1229 3738 sensim
1292 3670 1429 3736 sine
1488 3689 1679 3737 sensu
1745 3670 1912 3737 bunc
1955 3688 2204 3737 morem

624 3774 957 3822 removere
987 3757 1224 3843 absque
1256 3756 1549 3826 fidelium
1580 3759 1872 3826 scandalo
1896 3782 1962 3825 ν.
1996 3761 2206 3846 Atque

623 3845 708 3911 ita
754 3844 1106 3933 rescripsit.

754 3932 869 3999 Die
920 3938 998 4003 10
1044 3934 1409 4002 Decembris
1460 3937 1652 4003 1870.

622 4073 871 4143 3231.
1164 4075 1659 4143 nnacflaunn.
1801 4058 1805 4063 ’
1897 4086 1901 4091 ·
1973 4074 2204 4163 (sam)

753 4202 1013 4264 loannes
1058 4197 1252 4265 Alves
1298 4217 1379 4264 ex
1439 4199 1678 4266 Sanctis
1732 4205 1966 4268 Rector
2027 4204 2207 4267 Paro·

624 4284 843 4353 chialis
889 4285 1212 4353 Ecclesiae
1270 4290 1529 4354 Nostrae
1585 4288 1885 4356 Dominae
1951 4291 2205 4356 Assum·

623 4372 858 4463 ptionis
920 4373 1233 4442 caminiae
1290 4374 1357 4442 in
1413 4374 1884 4443 Archidioecesi
1943 4377 2209 4444 Bracha-
2305 4433 2315 4440 .

2313 495 2484 564 rensi
2528 517 2560 563 a
2608 500 2795 565 Sacra
2840 497 3099 564 Rituum
3138 496 3649 586 congregatione
3694 495 3882 562 humi·

2315 584 2466 652 liter
2508 583 2873 688 quaesivit:

2452 677 2517 739 1.
2563 678 2661 740 Au
2704 672 3203 741 confraternitas
3245 672 3650 740 clericorum
3697 670 3880 738 Divini

2313 760 2592 846 Spiritus
2637 760 2871 844 Sancti,
2908 760 2969 828 in
3001 761 3231 829 eadem
3275 757 3622 848 parochiali
3682 758 3881 826 Eccle-

2310 846 2402 914 sia
2450 848 2759 932 instituta,
2810 851 3005 935 possit
3048 850 3533 918 Sacramentum
3578 865 3884 935 exponere

2279 934 2380 1008 tin
2426 936 2623 1003 Altari
2669 933 2888 1002 maiori
2950 935 3029 1005 ad
3090 935 3484 1026 peragendas
3543 934 3883 1002 confrater·
3998 945 3999 950 ’

2313 1022 2530 1091 nitatis
2572 1024 3055 1108 solemnitates,
3104 1026 3259 1111 quin
3304 1021 3670 1093 functiones
3722 1026 3880 1089 Paro-
3998 1065 3999 1070 ,

2314 1109 2553 1181 chiales
2598 1120 2897 1200 peractae
2941 1111 3121 1181 sint?

2446 1203 2512 1267 2.
2561 1208 2659 1268 An
2704 1200 2903 1288 possit
2947 1199 3115 1268 dicta
3159 1199 3652 1269 confraternitas
3697 1197 3764 1265 in
3793 1216 3882 1263 eo-

2313 1286 2465 1353 dem
2508 1288 2708 1355 Altari
2755 1286 2976 1355 maiori
3024 1289 3267 1356 arissam
3308 1287 3669 1356 solemnem
3731 1285 3885 1351 cele·

2315 1373 2499 1441 brare
2518 1426 2535 1460 ,
2585 1378 3065 1444 Sacramentum
3111 1375 3668 1463 processionaliter
3725 1382 3885 1439 extra

2314 1462 2666 1530 Ecclesiam
2708 1464 2949 1531 ducere
2998 1474 3061 1532 et
3105 1464 3420 1552 populum
3466 1481 3614 1530 cum
3666 1462 3881 1528 eodem

2313 1548 2760 1619 benedicere?

2384 1689 2387 1692 ι
2446 1642 2509 1707 3.
2559 1645 2696 1724 An,
2744 1640 2963 1726 quavis
3007 1639 3119 1707 die
3162 1637 3644 1724 hebdomadae,
3691 1638 3886 1703 fflssas

2315 1746 2542 1794 canere
2591 1737 2673 1793 et·
2703 1727 2912 1796 omnia
2956 1728 3154 1795 relata
3184 1743 3523 1815 peragere,
3556 1725 3794 1812 absque
3823 1724 3886 1789 li·

2313 1816 2518 1882 centia
2584 1815 2849 1883 oratoris
2906 1834 3023 1884 seu
3080 1815 3334 1883 Parochi
3379 1834 3501 1903 pro
3558 1808 3889 1902 tempore?

2443 1907 2524 1971 Et
2570 1907 2754 1972 Sacra
2799 1903 3060 1972 Rituum
3091 1901 3540 1991 congregatio,
3575 1901 3885 1968 referente

2311 1991 2672 2080 subscripto
2717 1992 3072 2060 Secretario
3102 2012 3173 2058 ac
3203 1991 3414 2074 audita
3453 1988 3887 2056 informatione

2315 2089 2380 2145 et
2426 2092 2575 2147 voto
2620 2080 2759 2147 Rmi
2804 2079 3052 2146 Domini
3101 2078 3578 2182 ,archiepiscopi
3632 2076 3887 2144 Bracha·

2314 2167 2546 2254 reusis,
2594 2167 2947 2257 propositis
3014 2165 3484 2254 quaestionibus
3542 2164 3889 2231 raecribere

2313 2267 2444 2322 rata
2488 2269 2633 2323 est:

2443 2367 2482 2410 ι
2514 2346 2610 2413 Ad
2662 2344 2967 2411 eumdem
3011 2342 3604 2432 Archiepiscopum,
3644 2351 3717 2406 ut
3752 2359 3889 2407 con·

2312 2433 2700 2501 ciliationem
2754 2432 2927 2499 ineat
2981 2433 3063 2501 de
3127 2431 3293 2498 bono
3352 2445 3419 2499 et
3478 2446 3683 2514 aequo
3733 2428 3891 2494 inter

2312 2531 2524 2608 partes
2568 2544 2632 2588 s.
2704 2526 2915 2605 Atque
2983 2520 3067 2586 ita
3136 2518 3461 2606 rescripsit
3528 2528 3595 2583 et
3659 2515 3891 2582 servari

2311 2607 2666 2679 mandavit.

2443 2697 2556 2764 Die
2608 2700 2687 2765 10
2732 2695 3098 2764 Decembris
3150 2698 3342 2764 1870.

2313 2840 2566 2924 3232.
2923 2840 3280 2907 ORIOLEN.
3672 2835 3889 2922 (stes)

2441 2968 2647 3045 Quum
2692 2966 2760 3033 in
2803 2964 3089 3036 Ecclesia
3136 2960 3479 3052 parochiali
3523 2965 3659 3029 Deo
3690 2958 3754 3028 in
3785 2959 3889 3028 ho·

2311 3073 2533 3123 norem
2580 3059 2844 3125 Sanctae
2886 3058 3103 3122 Annae
3147 3051 3358 3119 Matris
3400 3056 3625 3118 Beatae
3672 3048 3888 3115 uariae

2314 3142 2591 3230 Virginis
2619 3142 2850 3228 dicata,
2888 3145 2952 3210 in
2982 3140 3274 3223 civitate,
3308 3139 3411 3207 cui
3442 3157 3681 3206 nomen
3704 3137 3885 3218 Eua,

2310 3233 2475 3300 intra
2509 3230 2740 3299 limites
2770 3234 3151 3299 Dioeceseos
3193 3228 3501 3311 Oriolen„
3533 3226 3889 3314 praedictae

2312 3324 2578 3388 Sanctae
2633 3321 2849 3388 Annae
2916 3323 3173 3386 Festum
3231 3333 3456 3403 magna
3507 3331 3659 3381 cum
3703 3313 3890 3380 devo·

2314 3408 2488 3475 tione
2520 3427 2590 3474 ac
2620 3407 2888 3475 solemni
2919 3421 3153 3494 pompa
3181 3404 3283 3490 agi
3312 3404 3550 3486 soleat3
3583 3399 3893 3496 Parocbus

2314 3507 2379 3563 et
2435 3495 2662 3563 Clerus
2722 3496 3039 3585 praefatae
3101 3491 3425 3561 Ecclesiae
3467 3510 3500 3555 a
3547 3493 3737 3558 Sacra
3796 3489 3889 3553 tti-

2314 3596 2495 3651 tuum
2520 3584 3032 3684 Congregatione
3063 3579 3394 3648 humiliter
3424 3574 3890 3661 exquisierunt,
3998 3634 3999 3637 ,

2313 3683 2385 3739 ιιι
2416 3669 2492 3737 ab
2527 3672 2676 3760 ipsis
2706 3675 2952 3761 primae
2983 3671 3301 3758 Vesperae
3331 3662 3610 3755 persolvi
3647 3664 3893 3729 valeant
3998 3684 3999 3689 ¹

2313 3760 2396 3828 de
2441 3763 2664 3829 Sancta
2709 3764 2909 3845 Anna,
2944 3757 3105 3825 facta
3149 3769 3392 3825 tantum
3440 3768 3889 3821 commemora-

2236 3882 2243 3888 ·
2313 3847 2488 3916 tione
2533 3847 2618 3916 de
2664 3850 2896 3916 Sancto
2939 3846 3157 3913 Iacobo
3207 3840 3506 3932 Apostolo
3552 3838 3749 3907 totius
3792 3836 3889 3905 ni·

2311 3935 2563 4024 spaniae
2608 3939 2896 4003 Patrono.
3548 4016 3561 4029 ,

2444 4026 2630 4092 Sacra
2675 4044 2865 4113 porro
2912 4021 3138 4090 eadem
3186 4024 3636 4108 congregatio,
3670 4016 3748 4085 ad
3799 4034 3891 4080 re-

2318 4113 2618 4180 lationem
2685 4110 3027 4199 subscripti
3102 4106 3485 4206 secretarii,
3545 4103 3891 4171 rescribere

2315 4211 2443 4267 rata
2478 4210 2619 4269 est:
2668 4223 2708 4265 c
2740 4204 2856 4266 Pro
2890 4199 3117 4286 gratia,
3151 4197 3323 4264 iuxta
3352 4204 3550 4283 petita
3584 4220 3647 4260 ›.
3681 4194 3890 4277 Atque

2315 4289 2398 4355 ita
2445 4287 2768 4376 rescripsit
2812 4298 2881 4355 et
2930 4285 3217 4357 indulsit.

2446 4376 2556 4444 Die
2608 4382 2687 4446 10
2735 4375 3097 4444 Decembris
3151 4375 3345 4443 1870.

1981 4568 2179 4633 Fmts
2235 4566 2410 4635 VOL.
2461 4569 2538 4634 11.

756 4940 1019 5006 Decreta
1064 4934 1130 5003 in
1176 4937 1294 5003 boc
1343 4935 1667 5003 volumine
1716 4937 1908 5003 relata
1956 4937 2039 5002 ita
2084 4938 2496 5026 reperiuntur
2541 4936 2607 5004 in
2653 4933 2942 5023 Regestis
2992 4929 3408 5001 Decretoruin
3443 4927 3506 4995 in
3536 4925 3887 4997 Secretaria

625 5043 956 5108 Sacrorum
1005 5040 1264 5108 Rituum
1310 5041 1838 5130 congregationis
1887 5042 2333 5111 existentibus.

888 5183 956 5245 ln
1001 5177 1200 5247 fidem
1247 5189 1374 5246 etc.

753 5320 923 5383 Loco
949 5323 1023 5396 υἷα
1053 5316 1262 5403 Sigilli

2114 5426 2485 5498 monens
2529 5426 2784 5499 Pmm
2810 5498 2816 5505 ,
2847 5428 2919 5499 S.
2976 5428 3064 5500 R.
3123 5428 3200 5500 C.
3258 5422 3697 5499 secretarius
