4042 5950
1436 260 2012 341 --385-

135 426 254 485 tur.
305 417 515 496 Quum
542 430 761 486 autem
794 419 968 489 idem
1000 418 1553 488 eaeremoniarnm
1594 424 1715 488 Ha·

133 505 329 593 gister
371 524 790 595 summopere
837 517 1127 598 exoptet,
1163 518 1234 575 ut
1264 508 1342 575 ab
1386 507 1501 576 ista
1531 511 1712 578 Sacra

132 595 391 660 {lituum
438 595 951 683 congregatione
996 598 1402 681 declaretur,
1449 606 1521 663 ut
1565 616 1714 684 qua·

131 691 308 748 tenus
335 700 410 749 se
447 694 621 751 recte
668 684 961 771 gesserit,
995 704 1116 772 per
1144 695 1568 772 opportunam
1597 685 1708 753 de-

131 768 539 837 clarationem
589 770 865 870 idipsum
923 773 1083 840 adeo
1139 771 1590 857 confirmetur,
1637 783 1709 840 ut

131 855 356 924 futuris
418 856 749 944 quibusvis
809 860 1204 963 temporibus
1260 858 1339 927 ab
1396 860 1511 926 hac
1577 860 1713 947 ipsa

128 944 298 1099 plu-axi
361 947 681 1015 recedere
743 967 870 1103 ripn
916 948 1137 1029 hceat3
1189 947 1572 1015 humillimas
1627 947 1704 1016 ad

131 1054 145 1097 ι
282 1052 467 1100 reces
558 1052 775 1102 orrext
812 1087 829 1104 .

235 1053 413 1198 Ῑὸιιεε
474 1053 739 1209 (ιξιίᾶοιιι
798 1143 1031 1211 preces
1085 1124 1150 1193 in
1206 1122 1548 1192 ordinariis
1602 1126 1707 1191 Sa·

128 1227 378 1275 crorum
427 1210 688 1279 Rituum
719 1213 1004 1281 comitiis
1053 1213 1130 1281 ad
1185 1210 1553 1281 Vaticanum
1609 1212 1705 1278 in·

128 1295 451 1384 trascripta
499 1297 607 1365 die
652 1301 1050 1385 coadunatis,
1097 1319 1220 1388 per
1277 1298 1703 1387 subscriptum

126 1384 552 1484 secretarium
613 1388 877 1472 relatas,
938 1399 1272 1476 postquam
1337 1389 1518 1454 Sacra
1571 1386 1704 1542 ipsa

126 1474 548 1560 congregatio
591 1486 839 1542 maturo
885 1477 1172 1544 examine
1222 1474 1556 1564 expendit,
1638 1494 1703 1542 e-

126 1559 494 1629 clarandum
539 1574 608 1629 et
652 1563 1139 1632 rescribendum
1183 1562 1466 1632 censuit:

245 1669 284 1712 c
316 1649 381 1718 Si
430 1651 828 1740 Magistratus
876 1654 1052 1720 Feria
1097 1656 1151 1720 V
1197 1652 1257 1720 in
1314 1653 1523 1720 coena
1581 1654 1701 1717 Do-

126 1734 267 1802 mini
334 1737 499 1805 velit
564 1740 643 1809 ad
702 1742 953 1807 Sacram
1007 1740 1304 1826 Synaxim
1360 1741 1696 1821 accedere,

126 1822 489 1894 admittatur
519 1838 661 1914 post
692 1825 1061 1895 universum
1094 1827 1381 1909 Clerum,
1414 1844 1532 1913 pro
1571 1845 1698 1914 qno

126 1912 495 1981 Communio
539 1915 926 2014 praescripta
972 1926 1105 1982 est=
1169 1915 1235 1984 in
1292 1915 1697 1982 Processione

127 2006 329 2066 autem
376 2002 557 2070 SSmt
601 2003 902 2090 corporis
945 2002 1180 2071 christi
1227 2005 1439 2071 locum
1486 2012 1699 2071 teneat

128 2096 260 2185 post
303 2086 783 2175 baldachinum,
816 2092 996 2159 cuius
1026 2092 1231 2159 hastas
1276 2091 1437 2158 intra
1481 2091 1700 2158 Eccle-

126 2192 267 2242 siam
310 2175 577 2245 deferre
623 2177 819 2247 debet
850 2201 915 2246 ιν.

244 2265 457 2351 Atque
500 2264 584 2333 ita
626 2267 954 2356 rescripsit
984 2277 1050 2335 et
1076 2268 1318 2335 servari
1348 2265 1694 2335 mandavit.

243 2350 357 2419 Die
410 2356 494 2420 12
538 2355 808 2441 Augusti
859 2359 1053 2425 1854.

127 2507 376 2579 3025.
690 2513 1121 2580 FESULANA.

410 2655 599 2719 lime
645 2651 936 2738 Domine,
984 2652 1077 2720 uti
1120 2656 1363 2721 Frater.

1466 2510 1692 2600 (5204)

131 2874 141 2887 .
245 2790 553 2860 Prudenti
585 2791 847 2878 quidem
879 2792 1141 2859 consilio
1165 2792 1535 2881 Amplitudo
1566 2797 1694 2861 'rua

130 2895 183 2943 tn
227 2879 607 2966 exequenda
655 2880 1141 2949 consecratione
1172 2880 1443 2949 duarum
1474 2882 1696 2949 Eccle-

127 2963 345 3067 siarum
388 2967 848 3069 parochialium
894 2967 1074 3069 istius
1105 2968 1466 3069 ‘Fesulanae
1514 2969 1695 3038 Dioe·

130 3072 273 3120 cesis
316 3075 447 3124 non
493 3074 902 3143 acquiescens
946 3058 1227 3146 opinioni
1275 3077 1497 3125 eorum
1516 3107 1535 3142 ,
1583 3058 1693 3145 qui

127 3144 518 3238 autumabant
584 3143 818 3228 exequi
887 3163 1071 3243 posse
1137 3146 1689 3214 consecrationem

128 3246 309 3328 1psam
351 3230 594 3317 absque
639 3230 1043 3300 nedicanone
1089 3233 1317 3300 Altaris
1361 3255 1394 3299 a
1439 3233 1690 3301 Pontifi-

129 3316 235 3384 cah
274 3322 560 3387 Romano
604 3330 671 3387 et
714 3339 748 3386 a
805 3319 1088 3387 Decretis
1155 3319 1413 3388 omnino
1479 3323 1695 3407 requi-

126 3402 254 3487 sita,
299 3427 433 3480 una
474 3425 623 3474 cnm
665 3406 964 3475 Ecclesiis
1007 3409 1240 3476 Altaria
1285 3408 1474 3478 etiam
1509 3408 1691 3478 dedi-

129 3493 302 3562 cavit.
359 3497 571 3575 Quum
629 3514 785 3563 vero
838 3496 1094 3564 Litteris
1152 3497 1312 3565 datis
1372 3496 1492 3568 hoc
1554 3497 1690 3586 ipso

128 3581 407 3651 vertente
451 3603 613 3652 anno
659 3583 768 3650 die
820 3587 902 3652 18
944 3584 1110 3670 Iulii,
1160 3588 1384 3654 Sacrae
1428 3586 1689 3654 Rituum

127 3668 633 3760 congregationis
690 3671 1071 3739 sententiam
1127 3673 1498 3760 Amplitudo
1561 3677 1691 3740 Tua

130 3758 396 3842 requirat
441 3759 631 3845 eique
684 3777 959 3848 sequens
1003 3760 1271 3830 dubium
1316 3762 1687 3851 expenden-

129 3839 271 3910 dum
313 3857 675 3935 proponat:

243 3938 337 4001 An
364 3934 649 4002 Ecclesia
678 3944 861 4004 antea
892 3955 1010 4024 per
1037 3936 1157 4005 sim
1208 3934 1395 4006 licem
1427 3938 1688 4007 Ritualis

130 4015 625 4090 benedictionem
685 4024 760 4091 ad
819 4023 1017 4092 divini
1084 4037 1294 4093 cutus
1354 4026 1686 4095 servitium

128 4117 255 4191 apta
298 4110 584 4196 reddita,
634 4112 815 4179 cuius
855 4112 1090 4182 Altaria
1133 4113 1210 4184 ad
1279 4115 1686 4184 incruentum

128 4211 306 4282 super
349 4199 576 4267 iisdem
625 4198 937 4269 litandum
983 4199 1398 4287 Sacrificium,
1452 4202 1688 4288 absque

128 4287 616 4373 consecratione,
676 4286 912 4375 Lapide
970 4298 1214 4357 tantum
1257 4301 1496 4358 sacrato
1540 4299 1687 4358 sunt

130 4376 537 4459 communita,
597 4375 794 4463 possit
852 4374 1024 4444 licite
1080 4377 1475 4462 consecrari,
1533 4377 1689 4464 quin

131 4457 339 4527 eodem
376 4473 670 4553 tempore
700 4463 916 4531 Altare
948 4462 1408 4533 consecretur?
1439 4475 1504 4533 et
1534 4483 1686 4552 qua·

132 4553 299 4616 tenus
340 4551 748 4619 affirmative:
795 4553 1058 4632 Quinam
1105 4552 1264 4620 ritus
1307 4552 1513 4621 bacin
1545 4572 1685 4621 cae-

130 4640 391 4706 remonia
436 4638 787 4708 servandus
806 4638 840 4708 P

244 4726 419 4795 Sacra
462 4728 727 4797 [lituum
770 4728 1214 4817 congregatio,
1250 4729 1314 4797 in
1357 4727 1685 4796 ordinario

131 4809 313 4878 coetu
341 4817 650 4885 hodierna
684 4816 791 4884 die
816 4817 1162 4885 coadunata
1183 4817 1262 4885 ad
1290 4817 1683 4901 Vaticanum,

130 4897 198 4995 ad
227 4904 597 4973 relationem
640 4903 1023 4993 infrascripti
1055 4903 1418 4990 secretarii,
1450 4923 1685 4993 propo·

128 4995 236 5052 sito
264 4991 842 5081 dubionegativam
887 4993 1365 5081 responsionem
1413 4992 1683 5062 dandam

131 5080 377 5174 consuit,
422 5100 492 5148 ac
539 5081 604 5148 in
650 5081 1072 5150 Ecclesiamm
1123 5080 1531 5149 Dedicatione
1574 5078 1682 5145 Al-

131 5167 262 5230 tans
302 5168 554 5238 omnino
588 5169 1165 5254 consecrationem,
1214 5168 1385 5238 iuxta
1432 5165 1683 5236 Pontifi-

131 5248 263 5318 01158
315 5257 573 5326 Romani
638 5257 928 5347 regulam
995 5269 1060 5324 et
1116 5257 1194 5325 ad
1264 5260 1678 5324 Decretorum

135 5345 597 5435 praescriptum,
645 5343 886 5431 requiri
932 5344 1297 5414 declaravit.

317 5453 1479 5535 mantuanus.n.c.-vot.n.'

1944 422 2122 500 Quod
2154 421 2311 490 dum
2346 421 2762 510 Amplitudini
2792 426 2961 492 Tuae
2992 423 3250 511 aperio;
3284 422 3393 492 din

1818 508 1971 577 felix
2022 518 2085 576 et
2132 509 2467 578 incolumis
2511 510 2704 577 vivat.

1945 597 2061 666 Die
2113 601 2191 665 12
2236 598 2506 686 Augusti
2554 601 2747 667 1854.

1812 735 2080 806 3026.
2280 739 2555 806 sartori
2603 738 2922 805 mmm.
3164 737 3389 828 (5205)

1942 862 2125 926 Sacra
2184 858 2441 927 Rituum
2502 860 2927 961 congregatio
2986 859 3286 946 requisita
3356 881 3391 927 a

1810 946 2209 1035 Gappellanis
2254 947 2572 1015 Ecclesiae
2616 951 2683 1015 S.
2715 948 2991 1016 Miniatiz
3040 948 3138 1014 An
3183 968 3265 1015 ex
3300 947 3391 1015 eis

1811 1036 1972 1101 alter
2015 1034 2126 1120 qui
2163 1034 2491 1103 celebrare
2519 1034 2715 1104 debet
2749 1034 2993 1103 Missam
3025 1054 3170 1103 cum
3202 1046 3388 1103 cantu

1810 1121 1872 1188 in
1919 1122 2050 1221 ipsa
2095 1121 2481 1207 cathedrali,
2513 1123 2748 1210 absque
2795 1135 3006 1192 tamen
3052 1127 3387 1191 Sacrorum

1809 1210 2235 1279 Himstrorum
2267 1210 2638 1295 assistentia,
2673 1210 2870 1298 possit
2901 1211 3132 1278 sedere
3165 1212 3230 1279 in
3259 1230 3388 1277 sca-

1806 1315 1955 1365 mno
2000 1297 2258 1365 diverso
2303 1296 2380 1365 ab
2427 1298 2538 1367 illo
2584 1298 2649 1367 in
2697 1317 2825 1384 quo
2889 1298 3121 1367 sedere
3176 1298 3389 1366 solent

1803 1384 2102 1455 Canonici
2131 1405 2278 1453 cum
2309 1386 2657 1454 assistentia
2704 1389 3041 1454 Sacrorum
3075 1385 3387 1453 Ministro-

1803 1493 1975 1558 rum,
2011 1473 2168 1540 dum
2216 1474 2633 1543 decantantur
2667 1475 2911 1556 Gloria,
2952 1475 3148 1542 Credo
3180 1484 3246 1540 et
3276 1476 3386 1542 Se·

1805 1562 2087 1648 quentia3
2124 1561 2408 1647 quamvis
2435 1562 2795 1631 huiusmodi
2828 1562 3022 1629 sessio
3054 1563 3385 1648 hucusque

1803 1649 1870 1716 in
1930 1658 2273 1802 meznorata
2339 1649 2698 1719 cathedrali
2760 1652 2974 1718 locum
3034 1669 3161 1718 non
3225 1650 3384 1717 obti-

1806 1748 2025 1805 nuent

1932 1824 2030 1891 Ad
2094 1824 2467 1893 relationem
2524 1825 2866 1913 subscripti
2925 1826 3261 1895 Secretarii
3315 1825 3381 1893 in

1798 1911 2126 1981 ordinario
2169 1917 2371 1982 coetu
2402 1914 2480 1982 ad
2520 1914 2881 1982 Vaticanum
2929 1914 3240 1981 hodierna
3278 1913 3384 1981 die

1799 1999 2167 2086 coadunata,
2217 1999 2512 2068 omnibus
2555 2013 2801 2068 maturo
2873 2001 3167 2070 examine
3235 2020 3382 2089 per·

1800 2086 2055 2175 pensis,
2103 2087 2584 2157 rescribendum
2655 2089 2947 2158 censuit:
3016 2110 3055 2153 c
3099 2088 3381 2156 Affirma-

1806 2176 1973 2262 tive;
2021 2176 2370 2246 dummodo
2427 2176 2646 2245 sedeat
2703 2177 2769 2244 in
2813 2196 3067 2245 scamno
3112 2176 3381 2244 diversi-

1800 2264 1990 2332 mode
2036 2274 2281 2349 ornato,
2315 2283 2431 2332 seu
2479 2285 2626 2333 cum
2671 2265 3012 2332 remissiori
3047 2273 3375 2354 apparatu,

1797 2350 1875 2418 ab
1921 2352 2034 2419 illo
2080 2352 2187 2439 qui
2237 2352 2566 2420 canonicis
2611 2352 2953 2421 exhibetur
2984 2375 3048 2420 ι.

1930 2441 2141 2527 Atque
2186 2438 2270 2508 ita
2313 2441 2697 2509 servandum
2741 2440 3013 2510 censuit.

1930 2528 2049 2596 Die
2099 2531 2179 2596 12
2225 2529 2494 2614 Augusti
2548 2532 2741 2596 1854.

1799 2667 2054 2737 3027.
2391 2669 2785 2736 VERONEN.

1925 2794 2132 2871 Quum
2199 2789 2263 2859 in
2331 2790 2635 2878 peculiari
2704 2790 2974 2860 Rubrica
3035 2792 3378 2878 praemissa

1794 2884 1978 2947 Festo
2023 2878 2408 2948 sanctissimi
2455 2878 2749 2966 corporis
2795 2878 3026 2948 Christi
3072 2878 3379 2967 praescri·

1798 2970 1981 3037 batur
2011 2977 2083 3035 ut
2125 2968 2282 3037 inira
2328 2978 2610 3036 octavam
2644 2966 2817 3036 illam
2849 2968 2933 3036 de
2967 2969 3193 3037 Sancto
3223 2967 3375 3035 sim·

1768 3053 1945 3146 'plici
1991 3065 2372 3124 occurrente
2426 3074 2553 3123 non
2600 3054 2850 3142 legatur
2893 3060 2974 3125 lx
3019 3057 3236 3124 Lectio
3281 3054 3376 3122 hi·

1791 3144 2058 3224 storica;
2094 3141 2468 3244 episcopalis
2498 3142 2722 3211 curiae
2757 3147 3083 3212 veronen.
3115 3143 3375 3211 cancel·

1795 3232 1985 3300 larius
2030 3239 2361 3318 sequentia
2405 3231 2534 3299 duo
2593 3229 2782 3298 dubia
2844 3233 3066 3298 Sacrae
3116 3230 3373 3300 Rituum

1789 3319 2282 3406 congregationi
2330 3318 2657 3386 enodanda
2706 3318 3079 3408 proposuitz

1927 3412 1990 3474 1.
2039 3413 2134 3476 An
2181 3406 2502 3475 Dominica
2549 3405 2707 3478 inira
2753 3417 3035 3474 octavam
3102 3407 3371 3476 Sanctis-

1789 3496 1929 3564 simi
2000 3494 2298 3584 corporis
2368 3494 2599 3563 christi
2666 3494 3070 3562 adnumerari
3138 3494 3374 3563 debeat

1791 3583 2018 3651 diebus
2085 3583 2244 3651 inira
2300 3594 2627 3661 octavam,
2674 3582 2757 3648 ita
2812 3594 2884 3650 ut
2944 3583 3245 3652 excludat
3287 3584 3370 3649 lx

1790 3670 2159 3740 Lectionem
2204 3672 2291 3739 de
2334 3668 2675 3758 Simplici?

1922 3763 1985 3827 2.
2037 3762 2134 3827 An
2180 3758 2246 3828 id
2290 3759 2495 3826 valeat
2536 3758 2726 3828 etiam
2759 3758 2821 3826 in
2851 3758 3221 3828 calendario
3252 3763 3369 3826 Ec·

1789 3848 2021 3916 clesiae
2068 3852 2420 3931 veronen..
2471 3847 2536 3914 in
2581 3866 2703 3933 qua
2749 3866 2828 3914 ex
2873 3851 3142 3915 Decreto
3185 3867 3241 3914 s.
3276 3865 3365 3915 m.

1791 3935 1878 4004 Pii
1923 3939 2124 4025 Papae
2172 3939 2275 4003 Vll
2320 3934 2446 4004 diei
2506 3938 2583 4002 16
2630 3934 3004 4002 Novembris
3055 3936 3245 4020 1810,
3293 3933 3370 4002 ab

1790 4025 2094 4092 universo
2138 4025 2326 4092 Glero
2369 4022 2650 4094 civitatis
2703 4041 2774 4089 ac
2830 4022 3145 4090 Dioecesis
3191 4023 3368 4090 Sole·

1791 4113 2016 4179 mnitas
2063 4113 2359 4201 corporis
2404 4111 2635 4180 Christi
2692 4109 2900 4198 agitur
2959 4128 3105 4177 cum
3151 4119 3365 4178 octava

1786 4198 1947 4268 adeo
1996 4198 2417 4288 privilegiata,
2452 4209 2524 4266 ut
2569 4198 2728 4266 intra
2762 4200 2957 4286 ipsam
2992 4199 3203 4266 locum
3236 4210 3369 4265 tan-

1790 4298 1926 4354 tum
1972 4287 2243 4357 habeant
2290 4286 2567 4376 duplicia
2619 4289 2649 4353 1
2698 4297 2763 4354 et
2809 4290 2850 4354 2
2897 4279 3151 4354 classis?

1917 4379 1999 4442 Et
2045 4378 2227 4445 Sacra
2271 4375 2532 4443 Rituum
2578 4372 3026 4460 congregatio,
3075 4373 3152 4441 ad
3199 4370 3367 4440 Vati-

1791 4481 2017 4532 canum
2066 4462 2369 4532 hodierna
2415 4463 2525 4529 die
2571 4461 2937 4546 coadunata,
2985 4460 3062 4527 ad
3107 4460 3362 4528 relatio·

1786 4570 1934 4618 nem
1979 4550 2263 4618 infrascri
2317 4550 2360 4616 ti
2398 4549 2744 4618 'secretarii
2773 4598 2792 4636 ,
2842 4547 3362 4634 respondendum

1787 4639 2084 4707 censuit:
2132 4660 2171 4706 c
2202 4641 2254 4707 A
2327 4636 2589 4708 rmative
2635 4636 2713 4703 ad
2760 4648 3108 4723 utrumque
3140 4658 3204 4703 ιν.

1918 4728 2032 4793 Die
2084 4731 2161 4795 12
2207 4726 2476 4814 Augusti
2528 4726 2718 4794 1854.

1785 4867 2052 4937 3028.
2319 4868 2849 4935 VEN'rlffluEN.

3079 2652 3084 2661 '
3150 2668 3375 2756 (5200)

3137 4865 3362 4957 (5207)

1916 4996 2079 5061 Dum
2137 4989 2446 5081 superiori
2508 5009 2671 5058 anno
2727 4993 2896 5059 1853
2944 5000 3162 5059 octavo
3217 4992 3362 5061 Idus

1786 5077 2183 5167 Septembris
2212 5097 2333 5168 per
2364 5077 2748 5165 Apostolicas
2771 5078 3036 5146 Litteras
3067 5080 3364 5148 informa

1788 5168 2002 5237 Brevis
2072 5165 2508 5236 sanctissimus
2564 5166 2866 5234 Dominus
2924 5168 3152 5236 Noster
3217 5170 3363 5236 Pius

1786 5260 1944 5345 Papa
1990 5259 2074 5325 lx
2118 5274 2235 5344 pro
2280 5253 2668 5341 Regionibus
2696 5253 3177 5323 pedemontanis
3214 5276 3363 5326 con-

1790 5344 1978 5412 traxit
2009 5360 2352 5412 numerum
2383 5347 2710 5410 Festorum
2743 5341 2826 5410 de
2858 5355 3200 5435 praecepto
3230 5364 3361 5412 ser-
