4042 5950
1602 213 2071 294 -327-

173 369 618 459 parochialem
646 389 767 458 pro
793 373 1031 471 populo
1054 370 1373 459 applicare
1405 382 1771 440 teneantur.

172 461 251 525 At
313 459 577 546 duplex
636 461 718 527 de
782 459 972 526 huius
1036 459 1516 527 constitutionis
1581 480 1773 528 sensu

170 546 455 614 dubium
506 558 798 614 exortum
851 557 990 613 estt
1039 550 1205 614 Num
1249 567 1379 615 non
1423 548 1633 616 solum
1666 554 1772 616 Pa-

171 634 352 702 rochi
389 646 463 702 et
496 634 608 721 qui
646 635 902 703 Parochi
952 635 1122 702 vices
1169 635 1511 723 fungentes
1556 656 1771 704 curam

162 725 583 808 primariam
629 735 960 807 exercent,
993 723 1157 791 sicut
1188 723 1290 791 hic
1324 724 1596 792 habetur
1623 745 1772 794 con-

166 810 487 895 suetude,
522 812 635 879 sed
672 811 860 897 etiam
900 829 1123 878 omnes
1168 831 1318 878 cura
1363 813 1770 897 subsidiaria

168 897 532 985 fungentes
576 899 653 967 ad
700 899 1147 986 applicandum
1197 919 1313 989 pro
1359 905 1602 989 populo
1636 901 1769 969 die-

167 985 287 1053 bus
334 986 553 1054 Festis
596 984 1020 1073 obligentur?
1061 991 1292 1054 contra
1342 988 1500 1055 hanc
1549 999 1771 1057 exten-

164 1074 472 1159 sionem,
525 1094 714 1162 quam
776 1074 958 1163 pauci
1018 1085 1126 1141 aut
1171 1075 1331 1142 nulli
1379 1088 1765 1163 sequuntur,

165 1161 352 1229 nobis
401 1181 537 1229 vox
598 1166 798 1231 Missa
837 1163 1281 1250 parochialis,
1332 1184 1495 1250 quae
1558 1176 1769 1232 tamen

163 1250 378 1317 solum
414 1252 687 1318 unicum
720 1261 786 1319 et
817 1271 900 1318 ex
928 1270 1117 1319 sensu
1149 1253 1468 1321 communi
1508 1256 1768 1321 Sacrum

67 1373 73 1383 ·
164 1338 471 1406 solemne
519 1338 854 1426 significat,
905 1340 1215 1408 rationem
1264 1340 1589 1409 fundatam
1622 1361 1764 1429 por·

164 1426 385 1515 rigere
409 1427 701 1495 videtur.
745 1426 1031 1517 Denique
1055 1429 1382 1496 dubitatur
1402 1448 1555 1496 num
1583 1428 1770 1496 etiam

164 1513 229 1580 in
278 1513 414 1580 illis
463 1516 699 1582 diebus
746 1515 969 1601 Festis,
1019 1516 1130 1602 qui
1178 1517 1298 1583 iam
1344 1516 1624 1603 pridem,
1658 1538 1767 1582 au·

168 1601 477 1670 ctoritate
545 1602 727 1673 Sedis
795 1605 1196 1691 Apostolicae
1265 1605 1765 1689 interveniente,

167 1688 269 1756 hic
320 1691 626 1758 locorum
681 1702 833 1760 sunt
888 1691 1209 1778 abrogati,
1274 1701 1339 1757 et
1401 1692 1633 1777 hodie,
1697 1704 1768 1760 ut

165 1776 439 1862 dicunt,
505 1799 634 1847 non
681 1781 747 1848 in
791 1785 951 1847 Foro
1008 1781 1121 1848 sed
1185 1782 1393 1849 solum
1449 1781 1513 1847 in
1557 1782 1766 1848 Chore

166 1865 616 1952 celebrantur,
665 1868 951 1955 quamvis
996 1866 1123 1936 obli
1168 1868 1293 1934 atio
1346 1867 1640 1936 fidelium
1685 1869 1759 1936 ad

167 1954 572 2023 audiendum
620 1960 881 2025 Sacrum
925 1955 1007 2022 sit
1051 1976 1125 2023 su
1176 1958 1319 2039 lata,
1368 1956 1576 2024 adhuc
1608 1956 1767 2024 obli-

166 2042 336 2127 gatio
386 2045 652 2112 Parochi
696 2046 773 2113 ad
836 2065 869 2111 a
918 2044 1286 2131 plicandum
1348 2063 1465 2131 pro
1521 2045 1761 2131 populo

167 2133 433 2199 sacrum
503 2144 878 2221 perseveret
977 2133 1245 2219 Antiqua
1297 2132 1762 2200 Constitutione

166 2217 470 2307 Episcopi
534 2221 981 2288 Monasterien.
1040 2220 1184 2287 anni
1250 2225 1442 2299 1772,
1491 2240 1653 2306 quae
1700 2220 1765 2287 in

166 2305 681 2376 desuetudinem
725 2307 874 2376 abiit
907 2310 1008 2376 vel
1043 2326 1387 2397 numquam
1420 2309 1484 2377 in
1513 2309 1762 2395 praxim

167 2393 448 2462 deducta
513 2406 648 2480 est,
718 2407 1024 2465 statutum
1085 2396 1206 2464 fuit
1265 2396 1437 2484 quod
1506 2397 1761 2483 antiqua

164 2480 474 2568 obligatio
508 2485 866 2572 applicandi
903 2505 1020 2573 pro
1050 2503 1136 2573 po
1190 2486 1318 2569 ulo,
1353 2483 1757 2573 abrogatione

168 2573 536 2658 Festorum,
584 2592 714 2640 non
760 2574 899 2641 tolli
947 2573 1126 2640 inten
1171 2584 1337 2641 atur.

295 2659 377 2724 Et
426 2662 614 2728 Sacra
670 2659 930 2728 Rituum
985 2661 1437 2748 congregatio,
1501 2661 1575 2728 ad
1641 2661 1758 2726 Va-

171 2743 401 2812 ticanas
450 2747 665 2814 Aedes
708 2749 1051 2817 ordinariis
1094 2748 1159 2816 in
1188 2748 1472 2817 comitiis
1503 2750 1616 2816 hac
1649 2747 1758 2814 die

169 2834 544 2919 coadunata,
579 2836 791 2905 audita
823 2838 1135 2905 relatione
1166 2836 1243 2904 ab
1266 2837 1626 2923 subscripto
1651 2840 1758 2903 Se-

102 2968 117 2974 -
171 2923 439 2991 cretario
510 2924 666 2993 facta
729 2938 793 2993 et
854 2926 1146 2995 omnibus
1204 2935 1443 2993 attente
1499 2926 1757 3012 riteque

173 3008 433 3096 libratis,
490 3013 977 3083 rescribendum
1020 3015 1315 3082 censuitx

293 3100 390 3166 Ad
448 3105 513 3168 1.
564 3121 602 3166 ‹
636 3106 820 3170 Posse
867 3102 1250 3189 permitti».

296 3188 391 3286 Ad
443 3193 513 3256 2.
566 3211 604 3256 a
636 3191 850 3268 Quoad
899 3190 1164 3279 primam
1217 3204 1500 3279 partem,
1549 3193 1753 3258 solum

174 3283 367 3340 teneri
391 3279 508 3363 qui
533 3278 885 3345 animarum
910 3297 1128 3345 curam
1145 3284 1545 3364 primariam
1571 3297 1755 3346 exer-

174 3372 349 3441 cent;
398 3367 612 3451 quoad
660 3367 1006 3434 secundam
1053 3377 1326 3456 partem,
1379 3368 1549 3437 iuxta
1607 3367 1755 3433 alias

174 3447 452 3552 decreta,
507 3454 712 3521 teneri
758 3454 948 3522 etiam
994 3454 1057 3524 in
1103 3454 1301 3523 Festis
1336 3456 1618 3542 legitime
1649 3454 1754 3521 ab·

177 3549 401 3624 rogatis
435 3563 506 3608 ».

296 3629 506 3716 Atque
539 3630 622 3697 ita
654 3632 979 3718 rescripsit
1007 3651 1079 3697 ac
1109 3632 1349 3698 servari
1401 3631 1751 3700 mandavit.

298 3718 408 3785 Die
462 3722 545 3785 ¹4
589 3719 749 3786 Iunii
803 3722 992 3786 1845.

176 3851 427 3924 2893.
609 3899 613 3903 »
674 3860 1247 3928 MoNAerfflEN.
1522 3863 1746 3949 (sois)

296 3986 458 4056 Dum
517 4005 685 4053 anno
750 3990 914 4055 ¹843
984 3992 1056 4055 D.
1121 3993 1383 4056 loannes
1442 3988 1754 4057 Hem-icus

177 4068 487 4168 Afphippe
535 4095 616 4141 ex
662 4076 952 4142 Parochia
985 4077 1358 4144 Warandorf
1396 4077 1557 4144 intra
1590 4076 1753 4143 fines

180 4157 487 4255 Djoecesis
555 4164 999 4231 Monasterieu.
1070 4165 1506 4252 apostolicum
1572 4181 1753 4251 roga-

177 4252 259 4308 vit
317 4251 684 4334 indultum,
749 4261 819 4317 ut
879 4251 942 4317 in
1002 4272 1117 4319 suo
1178 4251 1437 4338 publico
1502 4252 1749 4320 Sacello

182 4332 295 4399 Deo
342 4337 403 4405 in
449 4341 762 4408 honorem
794 4340 1000 4407 Sancti
1034 4339 1276 4408 loannis
1308 4341 1620 4430 Baptistae
1653 4341 1751 4408 di·

178 4431 329 4520 (ιρις),
377 4426 441 4494 in
488 4426 829 4495 Dominicis
874 4427 1139 4514 aliisque
1186 4430 1384 4518 Festis
1432 4427 1681 4512 diebus,
1718 4449 1751 4496 a

179 4505 286 4575 sihi
316 4511 619 4582 beneviso
652 4514 997 4582 Sacerdote
1030 4518 1506 4584 Sacrosanctum
1531 4516 1749 4583 Missae

179 4593 553 4670 Sacrificium
598 4602 988 4687 celebretur,
1038 4604 1192 4690 quin
1225 4606 1328 4672 vel
1375 4607 1437 4670 in
1483 4604 1747 4670 minimo

180 4690 539 4763 parochialia
608 4691 740 4756 iura
803 4691 1178 4775 laedantur,
1252 4694 1432 4760 Sacra
1484 4692 1747 4759 Rituum

180 4773 583 4866 congregatio
609 4779 802 4865 ipsius
828 4799 1052 4868 preces
1076 4799 1192 4867 pro
1216 4779 1658 4847 informatione
1683 4790 1747 4845 et

182 4873 317 4928 voto
360 4866 913 4935 Reverendissimo
954 4868 1400 4936 Monasterien.
1430 4867 1746 4968 Episcopo

180 4955 538 5034 transmisit3
588 4973 732 5021 nam
781 4975 862 5023 ex
911 4954 1222 5023 ordinaria
1287 4956 1597 5022 Antistitis
1660 4954 1745 5021 l'a·

183 5040 402 5132 onitate
447 5045 770 5113 indultum
819 5044 1028 5131 ipsum
1092 5045 1451 5132 pendebat,
1502 5053 1566 5109 et
1624 5061 1745 5109 nec

181 5122 285 5189 sibi
316 5132 699 5216 persuadere
722 5142 975 5219 poterat
1004 5152 1037 5197 a
1069 5131 1540 5233 religiosissimo
1565 5135 1744 5197 Prae-

1878 382 2130 461 gratum
2200 372 2545 440 admodum
2605 372 2727 440 fuit
2785 371 3257 440 monasteriensi
3314 372 3464 460 Epi-

1877 480 2107 549 scopo,
2158 471 2227 528 ut
2274 462 2336 529 in
2383 460 2513 527 suis
2572 460 2825 528 Litteris
2889 460 3049 528 datis
3096 460 3306 550 pridie
3354 465 3461 530 ca·

1879 550 2096 617 lendas
2159 549 2294 621 Maii
2351 550 2658 616 vertentis
2712 550 2854 615 anni
2921 559 3221 637 apparet3
3282 548 3465 635 queis

1877 638 2142 723 quidem
2191 637 2414 704 Literis
2460 640 2711 704 Sacram
2757 636 2953 724 ipsam
3000 636 3259 704 Rituum
3301 640 3462 705 Con-

1875 725 2314 813 gregationem
2364 725 2707 793 certiorem
2758 724 2970 792 reddit
3015 723 3293 812 ingenue
3333 723 3462 814 pri-

1875 812 2185 899 vilegium
2246 813 2510 881 oratorii
2570 832 2939 880 concessum
2995 833 3027 878 a
3073 831 3141 877 se
3191 811 3337 878 ideo
3382 811 3459 880 ad

1875 900 2226 968 Dominicas
2272 906 2620 987 Festosque
2654 900 2794 987 dies
2823 900 2907 967 de
2954 910 3298 989 praecepto
3327 918 3458 967 non

1876 988 2168 1072 extendi,
2204 990 2348 1076 quia
2380 990 2515 1057 sine
2547 987 2938 1090 praeiudicio
2972 999 3037 1055 et
3068 987 3457 1055 detrimento

1872 1075 2195 1144 Ecclesiae
2226 1076 2600 1164 parochialis
2632 1075 3005 1164 neutiquam
3049 1087 3357 1159 remotae,
3393 1074 3458 1141 in

1874 1166 2208 1232 enunciato
2241 1165 2484 1233 Sacello
2510 1165 2686 1231 Missa
2717 1163 3028 1232 celebrari
3055 1181 3184 1230 non
3206 1173 3450 1250 potest3

1874 1272 1955 1320 ex
2001 1272 2081 1320 eo
2128 1253 2552 1339 potissimum,
2588 1252 2734 1338 quia
2766 1253 2994 1319 fideles
3032 1250 3094 1317 in
3128 1270 3273 1319 casu
3305 1270 3456 1318 con-

1872 1341 2121 1407 cionem
2192 1340 2601 1429 negligerent
2665 1360 2737 1406 ac
2803 1351 3012 1407 cetera
3075 1338 3453 1426 parochialia

1873 1429 2200 1513 exercitia,
2234 1428 2438 1496 veluti
2470 1427 2713 1516 pluries
2742 1428 2971 1495 oratori
3022 1427 3137 1517 ipsi
3169 1445 3455 1494 commu-

1873 1516 2149 1583 nicatum
2198 1517 2346 1584 fuit:
2401 1527 2464 1583 et
2509 1515 2764 1583 insimul
2814 1515 3192 1598 iniunctum,
3229 1526 3296 1582 ut
3329 1513 3454 1581 sin-

1871 1605 2090 1691 gulare
2140 1604 2638 1672 ecclesiasticum
2683 1602 3074 1671 Beneficium
3108 1622 3223 1690 pro
3256 1602 3452 1692 ipsius

1869 1691 2099 1760 Sacelli
2146 1693 2299 1760 dote
2344 1692 2664 1761 fundaret.
2716 1693 2887 1771 Quae
2940 1691 3203 1778 quidem
3263 1689 3455 1757 ratio-

1869 1798 2025 1847 num
2083 1788 2406 1848 momenta
2463 1779 2540 1847 ab
2598 1780 2831 1848 eodem
2894 1777 3453 1847 Reverendissimo

1868 1867 2184 1955 Episcopo
2230 1868 2555 1970 proposita
2603 1869 2763 1936 adeo
2811 1869 3026 1955 gravia
3080 1869 3261 1935 Sacra
3319 1865 3452 1954 ipsa

1868 1960 2291 2056 Congregatto
2338 1956 2629 2045 agnovit,
2679 1964 2786 2040 ut,
2841 1956 2904 2022 in
2948 1953 3291 2025 Ordinariis
3333 1956 3453 2020 co-

1868 2043 2060 2110 mitiis
2104 2045 2178 2111 ad
2231 2046 2600 2113 Vaticanum
2644 2043 3006 2131 subsignata
3049 2041 3156 2112 die
3196 2040 3449 2127 habitis,

1867 2133 2189 2199 referente
2251 2131 2650 2215 Secretario,
2701 2130 3137 2219 rescripserit:
3204 2135 3452 2197 «iuxta

1867 2230 2087 2287 votum
2137 2220 2470 2310 Episcopi;
2520 2219 2584 2286 id
2636 2229 2758 2303 est,
2826 2218 3185 2306 expetitum
3239 2217 3452 2285 indul·

1867 2320 2003 2375 tum
2072 2307 2304 2375 oratori
2373 2309 2825 2396 denegandum
2902 2304 3162 2373 omnino
3233 2304 3451 2371 existi-

1866 2397 2061 2463 mavit
2092 2419 2154 2463 t.

2000 2484 2114 2552 Die
2166 2488 2244 2552 14
2291 2484 2450 2552 lunii
2502 2486 2700 2552 1845.

1866 2643 2158 2747 2894..
2517 2643 2809 2710 NETEN.

2195 2789 2353 2853 Rflte
2400 2785 2689 2871 Domine,
2738 2783 2829 2853 uti
2876 2789 3118 2852 Frater.

3221 2640 3448 2729 (sois)

1997 2925 2126 2993 Etsi
2158 2946 2189 2991 a
2220 2926 2423 3013 prima
2471 2925 2871 2994 institutione
2916 2923 3300 3014 collegiatae
3325 2928 3443 2992 Ec-

1861 3014 2092 3082 clesiae
2143 3014 2318 3082 SSmi
2377 3014 2677 3082 crucifixi
2727 3015 2791 3082 in
2837 3014 3104 3083 civitate
3165 3013 3307 3080 Neti
3369 3012 3450 3080 ah

1862 3122 2023 3171 anno
2079 3105 2242 3170 1670
2288 3101 2444 3168 facta
2493 3113 2749 3172 cautum
2795 3101 3014 3185 fuerit,
3050 3113 3121 3167 ut
3150 3100 3283 3187 ipsa
3324 3101 3445 3169 sub

1860 3195 2068 3259 Cruce
2111 3190 2441 3258 incederet
2486 3190 2748 3257 alterius
2794 3189 3183 3278 collegiatae
3228 3188 3447 3254 Eccle-

1858 3281 1986 3346 siae
2031 3277 2311 3345 matricis
2356 3298 2389 3343 a
2435 3280 2660 3346 Sancto
2706 3277 2959 3345 Nicolao
3003 3286 3438 3364 nuncupatae:

1860 3385 2049 3453 quam
2095 3365 2362 3453 quidem
2410 3364 2843 3432 conditionem
2891 3361 3190 3431 fideliter·
3225 3363 3442 3431 admo·

1860 3456 2014 3523 dum
2063 3453 2361 3539 servavit,
2409 3454 2697 3540 quamvis
2740 3451 3087 3539 collegiata
3125 3450 3257 3536 ipsa
3289 3452 3440 3519 San·

1858 3542 2120 3612 ctissimi
2168 3540 2468 3610 crucifixi
2513 3561 2675 3609 anno
2730 3544 2896 3609 ¹6⁹8
2943 3539 3234 3608 formiter
3287 3540 3439 3607 Insi-

1859 3631 2000 3719 gnis
2032 3631 2345 3698 declarata
2381 3628 2610 3710 fuerit;
2659 3639 2934 3696 attamen
2962 3628 3026 3695 in
3055 3625 3440 3713 praesentia·

1857 3737 2029 3803 rum,
2064 3737 2263 3804 quum
2292 3737 2412 3806 per
2434 3718 2820 3806 Apostolicas
2842 3717 3107 3784 Litteras
3140 3714 3205 3781 in
3238 3716 3438 3783 forma

1857 3805 2077 3875 Brevis
2122 3805 2436 3894 superiori
2484 3824 2646 3874 anno
2685 3807 2850 3873 1844
2895 3803 3110 3872 Idibus
3155 3802 3289 3870 Maii
3325 3822 3434 3869 ex-

1906 3893 2105 3962 editas
2149 3893 2496 3983 collegiata
2556 3891 2766 3963 Sancti
2824 3890 3059 3959 Nicolai
3107 3892 3169 3957 in
3218 3890 3439 3958 Cathe-

1855 3915 2103 4050 gratem
2153 3983 2347 4049 fuerit
2378 3992 2616 4066 erecta,
2643 3979 3004 4068 capitulum
3053 3977 3438 4047 sanctissimi

1855 4069 2154 4140 crucifixi
2216 4090 2447 4158 anceps
2513 4070 2730 4137 haeret
2789 4068 2870 4135 de
2935 4065 3229 4155 propriae
3280 4069 3436 4133 cru-

1853 4162 1942 4228 cis
1990 4158 2352 4244 erectione,
2413 4159 2568 4226 dum
2627 4175 2829 4225 novae
2892 4153 3283 4222 cathedralis
3327 4157 3433 4220 ca-

1854 4247 2133 4335 pitulum
2184 4248 2302 4313 sub
2358 4246 2607 4335 propria
2662 4250 2866 4314 cruce
2920 4242 3079 4309 illud
3128 4240 3436 4329 deinceps

1853 4335 2171 4426 excipere·
2215 4334 2461 4421 nequit.
2528 4336 2776 4402 Sacram
2838 4330 3107 4422 proinde
3176 4330 3434 4396 Rituum

1850 4423 2426 4510 congregationem
2459 4419 2830 4489 humillimis
2860 4418 3158 4508 precibus
3198 4419 3434 4486 adeun·-

1855 4525 1949 4579 tes
1993 4510 2286 4579 canonici
2333 4509 2718 4577 Sanctissimi
2749 4506 3075 4591 crucifixi,
3110 4504 3281 4573 Sacri
3313 4505 3433 4572 hu-

1851 4601 1946 4666 ius
1994 4603 2336 4667 consessus
2381 4597 2763 4666 sententiam
2810 4604 3115 4682 rogarunt
3160 4614 3229 4660 ac
3283 4612 3431 4681 pro-

1850 4687 2158 4755 visionem
2205 4687 2514 4754 instanter
2558 4685 3005 4772 efflagitarunt.

1976 4778 2377 4861 Quapropter
2438 4770 2933 4840 Eminentissimi
2993 4791 3063 4838 ac
3109 4774 3432 4837 Reveren-

1849 4862 2086 4932 dissimi
2147 4866 2354 4929 Patres
2400 4859 2600 4928 Sacris
2647 4859 2901 4926 tuendis
2944 4858 3190 4928 Ritibus
3250 4876 3429 4947 prae-

1846 4951 2075 5040 positi,
2139 4949 2214 5016 ad
2271 4948 2634 5018 Vaticanum
2698 4947 3003 5015 hodierna
3049 4946 3154 5015 die
3200 4947 3429 5014 coadu-

1849 5039 1975 5107 nati
2022 5039 2087 5106 in
2131 5037 2468 5106 ordinariis
2513 5034 2817 5119 comitiis,
2873 5035 3083 5106 audita
3128 5054 3161 5100 a
3208 5037 3428 5102 Secre-

1848 5127 2002 5195 tario
2058 5126 2233 5194 fideli
2281 5125 2615 5209 relatione,
2663 5123 3142 5226 perpendentes
3185 5121 3430 5211 pluries

181 5210 308 5306 sule
335 5217 569 5306 absque
600 5220 883 5306 legitima
918 5240 1098 5286 causa
1140 5218 1501 5302 huiusmodi
1550 5219 1744 5287 licen·
1843 5215 2155 5283 sancitum
2222 5215 2412 5282 fuisse
2481 5212 2634 5301 quid
2704 5232 2770 5279 in
2839 5231 2984 5279 casu
3043 5210 3426 5279 servandum

184 5302 314 5367 tiam
343 5305 672 5396 denegari.
705 5307 991 5376 Prudens
1018 5308 1358 5376 consilium
1392 5308 1561 5375 istud
1597 5327 1742 5396 per-
1843 5305 1963 5389 sit,
2027 5305 2217 5372 satius
2261 5322 2590 5392 sumpsere
2648 5300 2983 5369 consilium
3043 5300 3121 5369 ad
3167 5316 3425 5369 sensum
