4042 5950
1584 353 1888 432 —481
1952 396 2055 412 —

300 514 485 580 Sacra
541 534 697 581 vero
763 515 988 581 eadem
1039 512 1496 601 congregatio,
1545 509 1755 578 audita

170 599 480 667 relatione
508 602 585 668 ab
616 602 1015 689 infrascripto
1048 601 1399 668 Secretario
1433 601 1619 683 facta,
1657 619 1756 666 re-

165 687 452 773 scripsit:
492 689 894 757 ‹Toleretur
936 688 1367 773 consuetudo,
1400 687 1754 756 dummodo

166 774 533 845 Ordinarius
579 789 796 846 caveat
828 790 898 844 ut
929 777 994 845 in
1025 776 1215 844 Libro
1241 775 1438 844 Officii
1481 785 1660 844 extet
1693 775 1755 842 in

167 863 291 964 alia
317 865 613 932 columna
659 875 875 933 textus
921 866 1154 933 latinus
1188 887 1249 930 a».
1300 870 1512 951 Atque
1543 863 1626 931 ita
1656 882 1756 930 re·

166 952 452 1038 scripsit.

301 1040 413 1107 010
459 1046 545 1110 20
591 1041 861 1131 Augusti
915 1045 1107 1110 1870.

169 1180 424 1250 3222.
819 1184 1102 1252 pacm«.
1528 1179 1758 1270 (sice)

299 1309 495 1373 Rmus
528 1311 601 1374 D.
626 1307 1063 1377 Ferdinandus
1086 1307 1378 1378 Ramirez
1402 1328 1442 1394 y
1470 1309 1757 1391 vasquez

169 1392 523 1481 Episcopus
576 1399 800 1463 Pacen.
850 1417 882 1463 a
930 1401 1115 1465 Sacra
1170 1397 1430 1465 Rituum
1476 1396 1758 1480 Congre-

167 1478 424 1566 gatione
473 1481 801 1551 humiliter
832 1484 1146 1573 expetivit
1175 1482 1563 1551 solutionem
1593 1480 1755 1548 inse·

172 1568 428 1654 quentis
474 1570 689 1650 dubii;
739 1571 1082 1640 nimirum:

301 1659 400 1723 An
422 1659 676 1744 quando
705 1659 961 1745 aliquod
988 1660 1353 1747 capitulum
1378 1656 1758 1726 cathedrale

169 1753 477 1811 statutum
525 1745 716 1814 habet
753 1758 824 1814 ut
868 1748 1163 1816 Canonici
1208 1747 1347 1814 sine
1393 1743 1758 1813 honorificis

169 1830 686 1902 distinctionibus
707 1846 772 1902 et
798 1855 947 1902 cum
969 1836 1104 1903 solo
1128 1832 1486 1903 canonicali
1511 1832 1754 1919 habitu,

171 1917 469 1987 omnibus
537 1924 897 2009 communi,
956 1924 1252 1992 intersint
1310 1920 1759 2076 capitularibus

170 2006 452 2092 actibus,
548 2010 745 2078 ossint
776 2010 841 2078 in
881 2010 1221 2098 praedictis
1264 2010 1384 2077 acti
1435 2028 1508 2076 us
1552 2007 1760 2096 digni-

172 2093 316 2162 tatis
352 2098 454 2163 101
501 2030 761 2165 Bonoris
805 2099 902 2167 sui
951 2098 1428 2168 distinctionem
1460 2095 1757 2163 deferret

308 2187 367 2249 1.
417 2185 532 2263 Qui
575 2185 957 2255 cubicularii
1004 2187 1241 2254 secreti
1287 2187 1393 2252 vel
1441 2184 1761 2252 honorarii

169 2281 320 2336 sunt
365 2273 726 2343 sanctitatis
771 2273 990 2344 Suae?

207 2443 220 2456 Ο
305 2364 370 2459 2.
410 2361 525 2513 0ὶηί
560 2361 846 2430 investiti
878 2375 1028 2431 sunt
1063 2362 1180 2431 alia
1214 2362 1524 2449 dignitate
1556 2361 1760 2429 eccle-

172 2455 413 2514 siastica

307 2538 371 2603 3.
419 2536 536 2615 Qui
581 2537 792 2625 aliqua
837 2539 1151 2627 dignitate
1197 2535 1416 2606 civili?
1506 2627 1510 2631 ‚

305 2626 492 2692 Sacra
515 2646 668 2692 vero
693 2627 915 2696 eadem
946 2626 1399 2730 congregatio,
1432 2623 1761 2693 referente

171 2709 578 2800 infrascripto
622 2716 1003 2817 secretario,
1039 2715 1396 2784 rescribere
1443 2722 1572 2780 rata
1615 2723 1759 2780 esti

304 2800 401 2867 Ad
457 2806 514 2869 1.
563 2822 603 2868 ‹
635 2803 1019 2872 Cubicularii
1050 2804 1284 2872 secreti
1332 2813 1397 2870 et
1441 2800 1764 2870 honorarii

171 2887 530 2986 sanctitatis
560 2893 724 2959 Suae
753 2911 1075 2960 assumere
1120 2902 1388 2981 possunt
1431 2890 1762 2957 subtanam

174 2980 516 3044 violaceam
546 2981 771 3046 subtus
805 2980 1088 3048 habitum
1133 2980 1600 3062 canonicalem,
1633 2997 1765 3045 non

175 3063 466 3133 obstante
509 3077 748 3134 statuto
795 3069 1137 3135 enunciato
1171 3089 1232 3133 ».

309 3153 403 3220 Ad
449 3157 516 3221 2.
570 3175 608 3218 ‹
633 3154 1076 3224 Enuncienti‘ir
1105 3155 1171 3223 in
1202 3153 1567 3242 particulari
1600 3173 1762 3241 quae

172 3240 301 3307 siut
346 3240 502 3308 istae
550 3241 891 3328 dignitates
937 3243 1412 3311 Ecclesiasticae
1446 3265 1509 3310 a».

308 3328 404 3395 Ad
452 3332 520 3396 3.
571 3352 609 3395 ι
640 3333 938 3399 canonici
996 3331 1062 3399 in
1122 3351 1268 3399 casu
1324 3342 1586 3420 pareant
1632 3334 1765 3399 Sta·

178 3426 321 3484 tuto
366 3417 706 3505 Capitulari
741 3442 805 3488 ».

311 3507 518 3591 Atque
569 3507 650 3573 ita
694 3508 1046 3596 rescripsit.

310 3590 424 3658 Die
471 3597 556 3663 20
600 3595 872 3682 Augusti
925 3600 1116 3665 1870.

178 3732 434 3802 3223.
839 3737 1100 3805 enisis.
1540 3736 1764 3825 (5457)

310 3860 505 3924 Rihus
535 3862 609 3924 D.
646 3859 869 3927 Tobiae
899 3860 1124 3928 Mulier
1155 3860 1505 3961 Episcopus
1544 3862 1761 3929 Erien.

179 3947 520 4012 Sacrorum
550 3946 811 4015 Rituum
843 3948 1332 4036 Congregationi
1369 3948 1766 4036 insequentia

180 4031 371 4099 dubia
419 4034 751 4103 enodanda
794 4037 1173 4123 proposuit3
1223 4036 1573 4104 nimirum:

312 4121 586 4189 Dubium
632 4127 679 4190 1.
727 4129 827 4191 An
889 4125 1264 4212 Episcopus,
1313 4126 1567 4211 quando
1614 4125 1769 4193 alios

182 4207 522 4294 niniati-os,
570 4228 844 4296 quorum
893 4212 1137 4281 mentio
1195 4212 1268 4281 fit
1314 4214 1379 4281 in
1432 4216 1767 4281 Caeremo-

183 4294 331 4363 niali
365 4297 853 4387 Episcoporum,
890 4300 1183 4368 obtinere
1213 4321 1341 4369 non
1373 4303 1600 4387 valeat,
1629 4303 1768 4370 Mis-

181 4402 312 4450 sam
360 4386 788 4455 Pontificalem
837 4388 1167 4457 celebrare
1195 4391 1394 4475 possit
1439 4409 1586 4458 cum
1634 4390 1770 4456 Dia·

184 4491 344 4539 cono
393 4483 460 4540 et
502 4474 958 4544 subdiacono?

315 4560 588 4628 Dubium
620 4567 695 4631 11.
730 4567 829 4632 An
873 4564 1217 4633 Dominicis
1267 4576 1333 4633 et
1377 4565 1512 4632 aliis
1542 4565 1772 4633 diebus

183 4649 385 4715 Festis
410 4697 427 4732 ,
498 4652 841 4719 Sacerdote
899 4654 1161 4723 absente
1216 4654 1322 4740 qui
1385 4654 1506 4722 hoc
1563 4653 1770 4722 officio

183 4734 629 4822 perfungitur,
685 4741 930 4807 Missam
992 4741 1277 4809 ultimam
1337 4753 1643 4811 cantatam
1705 4742 1767 4809 in

180 4841 292 4888 sua
337 4823 695 4892 cathedrali
741 4827 915 4895 solus
961 4828 1269 4898 celebrari
1318 4828 1569 4916 possit?

313 4910 588 4981 Dubium
636 4917 736 4982 ΙΙΙ.
787 4918 907 5002 An,
971 4928 1227 5004 rogatus
1270 4939 1301 4984 a
1350 4918 1648 4987 fidelibus
1700 4931 1774 4988 ut

184 5001 432 5068 Missam
476 5014 785 5070 cantatam
830 5023 948 5092 pro
995 5004 1323 5073 Defunctis
1381 5007 1553 5075 solus
1599 5008 1774 5075 cele-

183 5089 353 5171 bret,
406 5106 629 5157 eorum
724 5094 974 5160 recibus
1020 5111 1303 5158 annuere
1349 5092 1633 5163 debeat?

316 5175 591 5244 Dubium
623 5182 646 5245 1
710 5225 729 5249 .
759 5181 858 5246 An
889 5178 1249 5268 Presbyteri
1281 5180 1559 5250 Eriensis
1591 5184 1771 5251 0100-

184 5283 401 5331 ceseos
450 5265 650 5332 Festis
695 5266 1061 5354 duplicibus
1108 5266 1354 5336 Missam
1399 5270 1482 5339 de
1528 5271 1771 5358 Reqnie

182 5364 437 5420 cantare
484 5352 781 5440 possint?

312 5444 394 5507 Et
437 5442 622 5509 Sacra
673 5442 937 5515 Rituum
984 5446 1437 5536 congregatio,
1484 5447 1562 5516 ad
1610 5448 1772 5516 rela—

1862 511 2103 579 tionem
2148 508 2486 599 subscripti
2531 506 2867 577 secretarii
2912 471 3221 576 et'audita
3252 506 3443 574 etiam

1858 598 2171 668 sententia
2220 603 2282 666 111
2325 598 2577 685 scriptis
2623 597 2884 664 alterius
2931 615 3011 662 ex
3057 594 3443 682 Apostolica-

1862 706 2006 756 rum
2067 684 2625 756 caeremoniarum
2687 682 3031 773 Magistris,
3090 681 3445 751 rescribere

1864 785 2188 931 rau'Adstli
2236 866 2308 930 11.
2360 874 2427 931 et
2472 866 2572 930 111.
2624 883 2662 926 ι
2693 860 3003 950 Negative
3037 882 3099 928 ».

1991 951 2089 1019 Ad
2137 954 2240 1019 lv.
2292 972 2330 1015 ι
2362 952 2501 1024 Non
2560 961 2772 1040 potest
2832 948 3068 1017 cantari
3129 947 3302 1015 Missa
3338 947 3445 1015 ·de

1861 1038 2109 1125 Requie
2158 1038 2221 1106 in
2265 1037 2668 1126 Duplicibus,
2726 1038 2864 1106 sine
2923 1035 3290 1124 Apostolico
3350 1039 3446 1103 ln-

1860 1128 2204 1302 dunxtque
2236 1215 2318 1281 ita
2350 1216 2676 1305 rescripsit
2709 1226 2775 1283 et
2812 1213 3050 1284 servari
3097 1211 3446 1280 mandavit.

1993 1304 2106 1371 Die
2154 1308 2238 1373 20
2282 1303 2548 1392 Augusti
2604 1307 2800 1372 1870.

1861 1447 2122 1517 3224.
2389 1447 2917 1520 immenasas.
3084 1489 3091 1496 .
3218 1440 3446 1531 (stus)

1990 1570 2225 1635 Rector
2269 1564 2603 1637 Seminarii
2636 1563 2999 1632 nissionum
3033 1568 3443 1650 Exterarum,

1864 1656 2064 1723 erecti
2120 1673 2320 1742 prope
2380 1653 2729 1721 Ecclesiam
2774 1673 2807 1718 a
2862 1654 3088 1721 Sancto
3146 1653 3448 1721 calocero

1862 1753 2290 1830 nuncupatam
2348 1742 2414 1809 in
2472 1740 2741 1810 Civitate
2805 1740 3291 1823 Mediolanensi,
3341 1759 3450 1807 ex·

1863 1831 2076 1920 posuit
2106 1830 2183 1898 ab
2214 1830 2701 1898 immemorabili
2732 1829 2798 1898 in
2829 1828 3096 1897 Civitate
3127 1840 3193 1895 et
3228 1829 3451 1896 Archi·

1862 1919 2139 1989 dioecesi
2187 1919 2612 1986 Mediolanen.
2659 1918 2937 2007 viguisse
2983 1917 3234 2006 praxim
3275 1919 3451 2004 quod

1865 2009 2240 2078 Sacerdotes
2299 2007 2563 2076 Romani
2621 2006 2833 2091 Ritus,
2895 2025 3129 2073 munus
3193 2005 3452 2091 aliquod

1866 2107 2282 2181 exercentes,
2334 2096 2436 2163 vel
2497 2094 2665 2183 apud
2728 2094 3269 2195 congregationes
3330 2098 3453 2163 Re-

1864 2184 2213 2273 gularium,
2264 2184 2368 2251 vel
2415 2182 2583 2272 apud
2632 2183 2919 2250 Instituta
2962 2201 3100 2249 sive
3145 2181 3452 2249 Ecclesia·

1864 2272 2018 2340 stica
2062 2270 2199 2339 sive
2244 2270 2502 2355 civilia,
2551 2274 2660 2340 vel
2720 2271 2908 2338 etiam
2968 2269 3147 2357 apud
3184 2270 3452 2338 familias

1864 2360 2163 2451 privatas,
2189 2359 2393 2429 libere
2426 2359 2837 2428 exercuerint
2866 2358 3152 2446 publicas
3181 2358 3451 2426 functio·

1863 2469 1978 2517 nes
2025 2448 2475 2517 ecclesiasticas
2519 2447 2665 2518 Ritu
2696 2445 3147 2515 Ambrosianoz
3180 2448 3453 2516 abstine·

1866 2538 2013 2604 bant
2061 2536 2231 2604 enim
2281 2538 2723 2605 tantummodo
2772 2536 3147 2607 Sacerdotes
3203 2533 3454 2623 praedi·

1866 2626 1952 2693 cti
1991 2646 2025 2692 a
2070 2623 2405 2711 sequendo
2452 2625 2685 2693 eodem
2715 2629 2865 2693 Ritu
2909 2623 2976 2690 in
3020 2622 3452 2692 celebratione

1863 2714 2241 2782 sacrosancti
2307 2713 2527 2782 Missae
2566 2712 2922 2798 -Sacrilicii,
2986 2711 3052 2779 in
3113 2710 3455 2780 recitandis

1865 2802 2048 2870 Eoris
2077 2801 2405 2870 Canonicis
2452 2813 2516 2869 et
2565 2802 2628 2870 in
2674 2798 3210 2872 administratione
3241 2801 3454 2868 Sacra·

1867 2902 2259 2958 mentorum.
2310 2894 2473 2957 Haec
2578 2891 2744 2958 raxis
2799 2888 2999 2979 viguit
3063 2907 3267 2978 usque
3329 2888 3453 2956 huc

1867 2980 2057 3046 etiam
2100 2978 2274 3046 inter
2316 2982 2507 3048 Sacer
2555 2992 2692 3048 otes
2751 2981 3067 3066 degentes
3128 2979 3193 3046 in
3254 2996 3454 3046 enun-

1866 3067 2031 3135 ciato
2075 3066 2458 3136 seminario.
2506 3071 2750 3137 Verum
2796 3085 2996 3155 quum
3041 3065 3233 3133 modo
3293 3083 3452 3134 non·

1867 3155 2031 3225 nulli
2091 3175 2175 3222 ex
2230 3156 2382 3244 ipsis
2442 3154 2739 3225 dubitent
2780 3177 2860 3225 an
2906 3153 3283 3222 Sacerdotes
3333 3159 3455 3222 Ro·

1867 3245 2033 3311 mani
2067 3244 2246 3312 Ritus
2278 3245 2387 3330 qui
2421 3242 2580 3312 hanc
2611 3245 2858 3333 praxim
2904 3253 3293 3330 sequuntur,
3327 3260 3458 3310 non

1867 3334 2158 3401 obstante
2227 3331 2732 3417 consuetudine,
2794 3341 2972 3400 recte
3037 3349 3109 3398 se
3176 3342 3452 3420 gerant;

1868 3421 2188 3510 praefatus
2239 3426 2474 3491 nector
2517 3441 2552 3487 a
2605 3421 2789 3489 Sacra
2847 3420 3111 3488 Rituum
3176 3423 3457 3507 congre·

1868 3510 2123 3598 gatione
2171 3508 2450 3597 benigne
2496 3508 3031 3598 dispensationem
3077 3507 3154 3575 ad
3204 3509 3457 3598 praedi-

1869 3608 2036 3698 ctam
2082 3598 2345 3696 ‘praxim
2405 3596 2896 3666 continuandam
2961 3595 3291 3664 humiliter
3343 3616 3453 3664 ex·

1870 3696 2154 3774 quisivit.
2482 3694 2486 3703 ’

2001 3776 2186 3841 Sacra
2231 3793 2387 3842 vero
2448 3775 2674 3843 eadem
2736 3778 2869 3843 Con
2917 3773 3199 3860 regatio,
3246 3770 3458 3843 audita

1868 3862 2178 3930 relatione
2209 3862 2296 3931 de
2335 3863 2630 3932 omnibus
2676 3863 2754 3930 ab
2800 3863 2817 3929 i
2894 3861 3197 3948 rasel-ipio
3231 3866 3456 3931 Secre-

1873 3950 2026 4018 tario
2073 3950 2257 4037 facta,
2290 3970 2412 4019 nec
2443 3969 2571 4017 non
2604 3961 2753 4018 voto
2801 3951 2939 4018 ami
2983 3954 3061 4017 Ι).
3092 3949 3313 4018 Aloisii
3343 3951 3456 4016 Na·

1870 4037 1997 4105 sari
2044 4037 2108 4107 di
2152 4039 2477 4108 Calabiana
2514 4038 2997 4129 Archiepiscopi
3027 4036 3450 4106 mediolanen.

1869 4127 1951 4195 de
1984 4125 2435 4195 informatione
2469 4139 2533 4194 et
2565 4137 2713 4194 voto
2746 4126 3062 4216 requisiti,
3109 4126 3462 4196 rescriben-

1870 4214 2028 4281 dum
2061 4214 2348 4282 censuit:
2395 4236 2436 4281 (
2469 4220 2648 4283 quta
2684 4216 2994 4305 praedicti
3027 4214 3166 4282 Rmi
3195 4215 3460 4283 Archis-

1871 4303 2115 4390 piscopi
2178 4313 2438 4383 vetum3
2496 4321 2731 4392 nempe
2791 4302 3029 4372 servari
3096 4302 3358 4371 solitum
3393 4325 3454 4370 a».

1872 4392 2082 4476 Atque
2131 4391 2214 4457 ita
2260 4391 2612 4482 rescripsit.

2004 4479 2119 4545 Die
2163 4482 2249 4546 20
2293 4479 2563 4568 Augusti
2617 4483 2810 4548 1870.

1876 4620 2134 4690 3225.
2507 4622 2822 4688 urmes.
3231 4622 3458 4710 (sisa)

2007 4745 2314 4813 Sacerdos
2337 4748 2599 4814 loannes
2622 4744 3107 4834 chrysostomus
3130 4746 3459 4833 Colmano,

1874 4834 2223 4902 hodiernus
2267 4838 2499 4903 nector
2545 4832 2918 4923 parochialis
2981 4833 3296 4902 Ecclesiae
3339 4837 3463 4923 Op-

1876 4921 2010 5009 pidi
2045 4923 2391 5009 nuncupati
2422 4923 2617 4989 Furni
2651 4920 2995 5005 inferioris,
3030 4922 3193 4989 intra
3226 4921 3461 4990 limites

1873 5009 2435 5077 Archidioeceseos
2472 5009 2762 5093 Utinen.,
2810 5009 3106 5097 exposuit
3138 5010 3204 5076 in
3238 5010 3461 5078 eadem

1876 5097 2163 5164 Paroecia
2210 5097 2492 5199 viguisse
2585 5098 2787 5165 raxim
2845 5096 2923 5164 ab
2974 5097 3462 5166 immemorabili

1879 5184 2305 5254 benedicendi
2364 5202 2539 5276 popu
2568 5203 2677 5254 um
2741 5195 2805 5253 et
2862 5185 3086 5254 domos
3145 5195 3211 5252 et
3277 5203 3462 5274 agros

1879 5274 1943 5340 in
2009 5273 2448 5342 determinatis
2513 5273 2886 5342 stationibus
2950 5284 3018 5341 et
3086 5273 3461 5363 praesertim

1875 5371 2019 5429 ante
2067 5362 2234 5429 fores
2285 5360 2642 5447 Ecclesiae,
2700 5362 2955 5449 quoties
3014 5360 3087 5431 fii
3139 5362 3461 5431 Processio

1877 5461 2075 5517 extra.
2131 5451 2481 5521 Ecclesiam
2550 5471 2699 5521 cum
2767 5453 2961 5521 SSfllo
3026 5453 3454 5521 sacramento.
