<?xml version="1.0" encoding="UTF-8"?>
<!DOCTYPE html PUBLIC "-//W3C//DTD XHTML 1.0 Transitional//EN"
    "http://www.w3.org/TR/xhtml1/DTD/xhtml1-transitional.dtd">
<html xmlns="http://www.w3.org/1999/xhtml" xml:lang="en" lang="en">
 <head>
  <title>
</title>
<meta http-equiv="Content-Type" content="text/html;charset=utf-8" />
  <meta name='ocr-system' content='tesseract 3.04.00' />
  <meta name='ocr-capabilities' content='ocr_page ocr_carea ocr_par ocr_line ocrx_word'/>
</head>
<body>
  <div class='ocr_page' id='page_1' title='image "./decretaauthenti00ritugoog_0528.png"; bbox 0 0 4042 5950; ppageno 0'>
   <div class='ocr_carea' id='block_1_1' title="bbox 2079 249 2549 330">
    <p class='ocr_par' dir='ltr' id='par_1_1' title="bbox 2079 249 2549 330">
     <span class='ocr_line' id='line_1_1' title="bbox 2079 249 2549 330; baseline 0.004 -2"><span class='ocrx_word' id='word_1_1' title='bbox 2079 249 2393 330; x_wconf 86' lang='lat'>-478</span> <span class='ocrx_word' id='word_1_2' title='bbox 2446 293 2549 308; x_wconf 88' lang='lat'><em>-</em></span> 
     </span>
    </p>
   </div>
   <div class='ocr_carea' id='block_1_2' title="bbox 671 408 2269 5442">
    <p class='ocr_par' dir='ltr' id='par_1_2' title="bbox 679 408 2268 940">
     <span class='ocr_line' id='line_1_2' title="bbox 684 408 2267 500; baseline -0.001 -22"><span class='ocrx_word' id='word_1_3' title='bbox 684 408 1104 500; x_wconf 87' lang='lat' dir='ltr'><strong>cbiepiscopi,</strong></span> <span class='ocrx_word' id='word_1_4' title='bbox 1154 428 1234 475; x_wconf 83' lang='lat' dir='ltr'><strong>ex</strong></span> <span class='ocrx_word' id='word_1_5' title='bbox 1279 408 1572 497; x_wconf 88' lang='lat' dir='ltr'><strong>pluribus</strong></span> <span class='ocrx_word' id='word_1_6' title='bbox 1627 410 1960 476; x_wconf 76' lang='lat' dir='ltr'>Sacrorum</span> <span class='ocrx_word' id='word_1_7' title='bbox 2006 408 2267 476; x_wconf 71' lang='lat' dir='ltr'><strong>Rittium</strong></span> 
     </span>
     <span class='ocr_line' id='line_1_3' title="bbox 681 495 2267 584; baseline -0.003 -18"><span class='ocrx_word' id='word_1_8' title='bbox 681 496 1202 584; x_wconf 73' lang='lat' dir='ltr'><strong>congregationis</strong></span> <span class='ocrx_word' id='word_1_9' title='bbox 1233 496 1517 565; x_wconf 81' lang='lat' dir='ltr'><strong>Decretis</strong></span> <span class='ocrx_word' id='word_1_10' title='bbox 1547 495 1612 563; x_wconf 91' lang='lat' dir='ltr'><strong>in</strong></span> <span class='ocrx_word' id='word_1_11' title='bbox 1643 496 1933 564; x_wconf 79' lang='lat' dir='ltr'><strong>universa</strong></span> <span class='ocrx_word' id='word_1_12' title='bbox 1980 495 2267 564; x_wconf 86' lang='lat' dir='ltr'><strong>Dioecesi</strong></span> 
     </span>
     <span class='ocr_line' id='line_1_4' title="bbox 679 583 2267 685; baseline -0.001 -33"><span class='ocrx_word' id='word_1_13' title='bbox 679 585 1003 653; x_wconf 89' lang='lat' dir='ltr'><strong>recitanda</strong></span> <span class='ocrx_word' id='word_1_14' title='bbox 1049 585 1129 651; x_wconf 91' lang='lat' dir='ltr'><strong>sit</strong></span> <span class='ocrx_word' id='word_1_15' title='bbox 1177 586 1240 652; x_wconf 94' lang='lat' dir='ltr'><strong>in</strong></span> <span class='ocrx_word' id='word_1_16' title='bbox 1286 585 1580 653; x_wconf 90' lang='lat' dir='ltr'><strong>omnibus</strong></span> <span class='ocrx_word' id='word_1_17' title='bbox 1632 583 1828 652; x_wconf 68' lang='lat' dir='ltr'><strong>Missis</strong></span> <span class='ocrx_word' id='word_1_18' title='bbox 1881 584 2088 653; x_wconf 85' lang='lat' dir='ltr'><strong>Oratio</strong></span> <span class='ocrx_word' id='word_1_19' title='bbox 2151 605 2267 685; x_wconf 87' lang='lat' dir='ltr'><strong>pro</strong></span> 
     </span>
     <span class='ocr_line' id='line_1_5' title="bbox 680 672 2266 762; baseline -0.002 -22"><span class='ocrx_word' id='word_1_20' title='bbox 680 673 1021 762; x_wconf 82' lang='lat' dir='ltr'><strong>Episcopo,</strong></span> <span class='ocrx_word' id='word_1_21' title='bbox 1071 684 1137 740; x_wconf 89' lang='lat' dir='ltr'><strong>et</strong></span> <span class='ocrx_word' id='word_1_22' title='bbox 1182 693 1330 740; x_wconf 89' lang='lat' dir='ltr'><strong>cum</strong></span> <span class='ocrx_word' id='word_1_23' title='bbox 1379 673 1534 740; x_wconf 84' lang='lat' dir='ltr'><strong>baec</strong></span> <span class='ocrx_word' id='word_1_24' title='bbox 1581 672 1810 739; x_wconf 88' lang='lat' dir='ltr'><strong>eadem</strong></span> <span class='ocrx_word' id='word_1_25' title='bbox 1853 672 1934 739; x_wconf 88' lang='lat' dir='ltr'><strong>sit</strong></span> <span class='ocrx_word' id='word_1_26' title='bbox 1980 674 2266 740; x_wconf 48' lang='lat' dir='ltr'><strong>cnmaeilla</strong></span> 
     </span>
     <span class='ocr_line' id='line_1_6' title="bbox 682 760 2268 850; baseline 0.001 -24"><span class='ocrx_word' id='word_1_27' title='bbox 682 781 842 849; x_wconf 86' lang='lat' dir='ltr'><strong>quae</strong></span> <span class='ocrx_word' id='word_1_28' title='bbox 912 781 1027 850; x_wconf 90' lang='lat' dir='ltr'><strong>pro</strong></span> <span class='ocrx_word' id='word_1_29' title='bbox 1095 766 1253 850; x_wconf 83' lang='lat' dir='ltr'><strong>Papa</strong></span> <span class='ocrx_word' id='word_1_30' title='bbox 1322 761 1603 840; x_wconf 88' lang='lat' dir='ltr'><strong>dicitur;</strong></span> <span class='ocrx_word' id='word_1_31' title='bbox 1667 761 2037 847; x_wconf 84' lang='lat' dir='ltr'><strong>quaeritur:</strong></span> <span class='ocrx_word' id='word_1_32' title='bbox 2108 760 2268 840; x_wconf 84' lang='lat' dir='ltr'>Quid</span> 
     </span>
     <span class='ocr_line' id='line_1_7' title="bbox 683 847 1697 940; baseline -0.003 -23"><span class='ocrx_word' id='word_1_33' title='bbox 683 848 1004 940; x_wconf 85' lang='lat' dir='ltr'><strong>praedicta</strong></span> <span class='ocrx_word' id='word_1_34' title='bbox 1050 850 1156 917; x_wconf 87' lang='lat' dir='ltr'><strong>die</strong></span> <span class='ocrx_word' id='word_1_35' title='bbox 1200 850 1280 917; x_wconf 91' lang='lat' dir='ltr'><strong>sit</strong></span> <span class='ocrx_word' id='word_1_36' title='bbox 1322 847 1697 937; x_wconf 73' lang='lat' dir='ltr'><strong>agendum?</strong></span> 
     </span>
    </p>

    <p class='ocr_par' dir='ltr' id='par_1_3' title="bbox 675 936 2269 2173">
     <span class='ocr_line' id='line_1_8' title="bbox 810 936 2269 1006; baseline 0 -2"><span class='ocrx_word' id='word_1_37' title='bbox 810 937 1088 1005; x_wconf 85' lang='lat' dir='ltr'><strong>Dubium</strong></span> <span class='ocrx_word' id='word_1_38' title='bbox 1139 943 1215 1005; x_wconf 82' lang='grc' dir='ltr'><strong>ΙΙ.</strong></span> <span class='ocrx_word' id='word_1_39' title='bbox 1262 944 1332 1006; x_wconf 90' lang='lat' dir='ltr'><strong>In</strong></span> <span class='ocrx_word' id='word_1_40' title='bbox 1362 938 1651 1006; x_wconf 85' lang='lat' dir='ltr'><strong>Rubricis</strong></span> <span class='ocrx_word' id='word_1_41' title='bbox 1684 937 2100 1005; x_wconf 85' lang='lat' dir='ltr'><strong>Generalibus</strong></span> <span class='ocrx_word' id='word_1_42' title='bbox 2130 936 2269 1004; x_wconf 71' lang='lat' dir='ltr'><strong>His·</strong></span> 
     </span>
     <span class='ocr_line' id='line_1_9' title="bbox 677 1025 2268 1112; baseline -0.001 -19"><span class='ocrx_word' id='word_1_43' title='bbox 677 1025 823 1094; x_wconf 88' lang='lat' dir='ltr'><strong>salis</strong></span> <span class='ocrx_word' id='word_1_44' title='bbox 865 1026 1129 1094; x_wconf 84' lang='lat' dir='ltr'><strong>Romani</strong></span> <span class='ocrx_word' id='word_1_45' title='bbox 1159 1028 1244 1095; x_wconf 91' lang='lat' dir='ltr'><strong>de</strong></span> <span class='ocrx_word' id='word_1_46' title='bbox 1273 1026 1421 1095; x_wconf 87' lang='lat' dir='ltr'><strong>Ritu</strong></span> <span class='ocrx_word' id='word_1_47' title='bbox 1454 1025 1823 1096; x_wconf 86' lang='lat' dir='ltr'><strong>celebrandi</strong></span> <span class='ocrx_word' id='word_1_48' title='bbox 1852 1025 2123 1112; x_wconf 75' lang='lat' dir='ltr'><strong>Missam,</strong></span> <span class='ocrx_word' id='word_1_49' title='bbox 2172 1026 2268 1092; x_wconf 92' lang='lat' dir='ltr'><strong>Ti-</strong></span> 
     </span>
     <span class='ocr_line' id='line_1_10' title="bbox 678 1113 2268 1199; baseline -0.003 -17"><span class='ocrx_word' id='word_1_50' title='bbox 678 1117 799 1183; x_wconf 90' lang='lat' dir='ltr'><strong>tul.</strong></span> <span class='ocrx_word' id='word_1_51' title='bbox 851 1117 993 1197; x_wconf 82' lang='lat' dir='ltr'><strong>Vll,</strong></span> <span class='ocrx_word' id='word_1_52' title='bbox 1059 1134 1127 1182; x_wconf 90' lang='lat' dir='ltr'><strong>n.</strong></span> <span class='ocrx_word' id='word_1_53' title='bbox 1181 1117 1299 1199; x_wconf 75' lang='lat'><strong>10,</strong></span> <span class='ocrx_word' id='word_1_54' title='bbox 1349 1114 1503 1181; x_wconf 88' lang='lat' dir='ltr'><strong>haec</strong></span> <span class='ocrx_word' id='word_1_55' title='bbox 1560 1113 1643 1182; x_wconf 90' lang='lat' dir='ltr'><strong>de</strong></span> <span class='ocrx_word' id='word_1_56' title='bbox 1706 1113 1984 1181; x_wconf 90' lang='lat' dir='ltr'><strong>secunda</strong></span> <span class='ocrx_word' id='word_1_57' title='bbox 2038 1114 2268 1182; x_wconf 78' lang='lat' dir='ltr'><strong>Altaris</strong></span> 
     </span>
     <span class='ocr_line' id='line_1_11' title="bbox 681 1201 2269 1290; baseline -0.003 -19"><span class='ocrx_word' id='word_1_58' title='bbox 681 1203 1112 1282; x_wconf 77' lang='lat' dir='ltr'><strong>incensatione</strong></span> <span class='ocrx_word' id='word_1_59' title='bbox 1158 1201 1721 1290; x_wconf 86' lang='lat' dir='ltr'><strong>praescribuntur:</strong></span> <span class='ocrx_word' id='word_1_60' title='bbox 1768 1223 1809 1268; x_wconf 68' lang='lat' dir='ltr'><strong>c</strong></span> <span class='ocrx_word' id='word_1_61' title='bbox 1834 1201 2080 1271; x_wconf 87' lang='lat' dir='ltr'><strong>Deinde</strong></span> <span class='ocrx_word' id='word_1_62' title='bbox 2109 1203 2269 1269; x_wconf 75' lang='lat' dir='ltr'><strong>facta</strong></span> 
     </span>
     <span class='ocr_line' id='line_1_12' title="bbox 679 1290 2267 1375; baseline -0.001 -17"><span class='ocrx_word' id='word_1_63' title='bbox 679 1290 1045 1358; x_wconf 80' lang='lat' dir='ltr'><strong>reverentia</strong></span> <span class='ocrx_word' id='word_1_64' title='bbox 1112 1291 1394 1358; x_wconf 86' lang='lat' dir='ltr'><strong>incensat</strong></span> <span class='ocrx_word' id='word_1_65' title='bbox 1452 1294 1727 1357; x_wconf 82' lang='lat' dir='ltr'><strong>Crucem</strong></span> <span class='ocrx_word' id='word_1_66' title='bbox 1776 1303 1839 1357; x_wconf 91' lang='lat' dir='ltr'><strong>et</strong></span> <span class='ocrx_word' id='word_1_67' title='bbox 1895 1291 2147 1375; x_wconf 83' lang='lat' dir='ltr'><strong>Altare,</strong></span> <span class='ocrx_word' id='word_1_68' title='bbox 2196 1300 2267 1356; x_wconf 92' lang='lat' dir='ltr'><strong>ut</strong></span> 
     </span>
     <span class='ocr_line' id='line_1_13' title="bbox 679 1378 2265 1467; baseline -0.002 -20"><span class='ocrx_word' id='word_1_69' title='bbox 679 1381 925 1448; x_wconf 91' lang='lat' dir='ltr'><strong>dictum</strong></span> <span class='ocrx_word' id='word_1_70' title='bbox 958 1392 1055 1444; x_wconf 89' lang='lat' dir='ltr'><strong>est</strong></span> <span class='ocrx_word' id='word_1_71' title='bbox 1085 1398 1300 1467; x_wconf 88' lang='lat' dir='ltr'><strong>supra,</strong></span> <span class='ocrx_word' id='word_1_72' title='bbox 1335 1379 1664 1446; x_wconf 80' lang='lat' dir='ltr'><strong>assistente</strong></span> <span class='ocrx_word' id='word_1_73' title='bbox 1697 1379 1928 1446; x_wconf 89' lang='lat' dir='ltr'><strong>eodem</strong></span> <span class='ocrx_word' id='word_1_74' title='bbox 1968 1378 2265 1461; x_wconf 87' lang='lat' dir='ltr'><strong>Diacono,</strong></span> 
     </span>
     <span class='ocr_line' id='line_1_14' title="bbox 680 1465 2265 1553; baseline -0.002 -18"><span class='ocrx_word' id='word_1_75' title='bbox 680 1465 939 1535; x_wconf 90' lang='lat' dir='ltr'><strong>interim</strong></span> <span class='ocrx_word' id='word_1_76' title='bbox 985 1467 1254 1534; x_wconf 87' lang='lat' dir='ltr'><strong>dicens:</strong></span> <span class='ocrx_word' id='word_1_77' title='bbox 1304 1470 1658 1553; x_wconf 74' lang='lat' dir='ltr'><strong>Diriqatur</strong></span> <span class='ocrx_word' id='word_1_78' title='bbox 1719 1470 1984 1534; x_wconf 72' lang='lat' dir='ltr'><strong>Domine</strong></span> <span class='ocrx_word' id='word_1_79' title='bbox 2040 1477 2159 1533; x_wconf 81' lang='lat' dir='ltr'><strong>etc.</strong></span> <span class='ocrx_word' id='word_1_80' title='bbox 2198 1489 2265 1532; x_wconf 71' lang='lat' dir='ltr'><strong>a».</strong></span> 
     </span>
     <span class='ocr_line' id='line_1_15' title="bbox 681 1554 2266 1624; baseline -0.001 -2"><span class='ocrx_word' id='word_1_81' title='bbox 681 1560 746 1624; x_wconf 90' lang='lat' dir='ltr'><strong>ln</strong></span> <span class='ocrx_word' id='word_1_82' title='bbox 795 1554 1020 1623; x_wconf 80' lang='lat' dir='ltr'><strong>ordine</strong></span> <span class='ocrx_word' id='word_1_83' title='bbox 1082 1557 1297 1623; x_wconf 66' lang='lat' dir='ltr'><strong>Missae</strong></span> <span class='ocrx_word' id='word_1_84' title='bbox 1358 1575 1512 1622; x_wconf 75' lang='lat' dir='ltr'><strong>vero</strong></span> <span class='ocrx_word' id='word_1_85' title='bbox 1577 1555 1662 1622; x_wconf 93' lang='lat' dir='ltr'><strong>de</strong></span> <span class='ocrx_word' id='word_1_86' title='bbox 1711 1556 1935 1624; x_wconf 88' lang='lat' dir='ltr'><strong>eadem</strong></span> <span class='ocrx_word' id='word_1_87' title='bbox 1986 1556 2266 1621; x_wconf 91' lang='lat' dir='ltr'><strong>incensa·</strong></span> 
     </span>
     <span class='ocr_line' id='line_1_16' title="bbox 680 1642 2267 1730; baseline -0.003 -19"><span class='ocrx_word' id='word_1_88' title='bbox 680 1645 852 1711; x_wconf 92' lang='lat' dir='ltr'><strong>tione</strong></span> <span class='ocrx_word' id='word_1_89' title='bbox 902 1643 1177 1730; x_wconf 77' lang='lat' dir='ltr'><strong>legitur:</strong></span> <span class='ocrx_word' id='word_1_90' title='bbox 1227 1666 1265 1709; x_wconf 69' lang='grc' dir='ltr'><strong><em>ι</em></strong></span> <span class='ocrx_word' id='word_1_91' title='bbox 1304 1644 1543 1711; x_wconf 86' lang='lat' dir='ltr'><strong>Deinde</strong></span> <span class='ocrx_word' id='word_1_92' title='bbox 1588 1642 1870 1713; x_wconf 88' lang='lat' dir='ltr'><strong>incensat</strong></span> <span class='ocrx_word' id='word_1_93' title='bbox 1916 1647 2129 1710; x_wconf 79' lang='lat' dir='ltr'><strong>Altare</strong></span> <span class='ocrx_word' id='word_1_94' title='bbox 2177 1643 2267 1710; x_wconf 88' lang='lat' dir='ltr'><strong>di·</strong></span> 
     </span>
     <span class='ocr_line' id='line_1_17' title="bbox 677 1729 2268 1817; baseline -0.003 -17"><span class='ocrx_word' id='word_1_95' title='bbox 677 1750 864 1800; x_wconf 87' lang='lat' dir='ltr'><strong>cens:</strong></span> <span class='ocrx_word' id='word_1_96' title='bbox 930 1735 1282 1817; x_wconf 71' lang='lat' dir='ltr'><strong>Diriyatur</strong></span> <span class='ocrx_word' id='word_1_97' title='bbox 1344 1736 1600 1798; x_wconf 79' lang='lat' dir='ltr'><strong>Domine</strong></span> <span class='ocrx_word' id='word_1_98' title='bbox 1659 1744 1782 1800; x_wconf 79' lang='lat' dir='ltr'><strong>etc.</strong></span> <span class='ocrx_word' id='word_1_99' title='bbox 1820 1754 1882 1798; x_wconf 71' lang='lat' dir='ltr'><strong>a».</strong></span> <span class='ocrx_word' id='word_1_100' title='bbox 1932 1729 2268 1810; x_wconf 79' lang='lat' dir='ltr'><strong>Quaeritur</strong></span> 
     </span>
     <span class='ocr_line' id='line_1_18' title="bbox 675 1820 2266 1911; baseline -0.002 -23"><span class='ocrx_word' id='word_1_101' title='bbox 675 1820 872 1911; x_wconf 77' lang='lat' dir='ltr'><strong>igitur</strong></span> <span class='ocrx_word' id='word_1_102' title='bbox 916 1839 1073 1888; x_wconf 91' lang='lat' dir='ltr'><strong>num</strong></span> <span class='ocrx_word' id='word_1_103' title='bbox 1118 1822 1444 1905; x_wconf 87' lang='lat' dir='ltr'><strong>praedicta</strong></span> <span class='ocrx_word' id='word_1_104' title='bbox 1488 1822 1678 1888; x_wconf 85' lang='lat' dir='ltr'><strong>verba</strong></span> <span class='ocrx_word' id='word_1_105' title='bbox 1725 1820 2109 1909; x_wconf 80' lang='lat' dir='ltr'><strong>proferenda</strong></span> <span class='ocrx_word' id='word_1_106' title='bbox 2139 1820 2266 1886; x_wconf 90' lang='lat' dir='ltr'><strong>sint</strong></span> 
     </span>
     <span class='ocr_line' id='line_1_19' title="bbox 680 1908 2265 1997; baseline 0 -22"><span class='ocrx_word' id='word_1_107' title='bbox 680 1931 714 1975; x_wconf 87' lang='lat' dir='ltr'><strong>a</strong></span> <span class='ocrx_word' id='word_1_108' title='bbox 756 1909 1138 1976; x_wconf 84' lang='lat' dir='ltr'><strong>celebrante</strong></span> <span class='ocrx_word' id='word_1_109' title='bbox 1198 1928 1347 1976; x_wconf 92' lang='lat' dir='ltr'><strong>cum</strong></span> <span class='ocrx_word' id='word_1_110' title='bbox 1405 1908 1626 1997; x_wconf 87' lang='lat' dir='ltr'><strong>incipit</strong></span> <span class='ocrx_word' id='word_1_111' title='bbox 1685 1908 2052 1976; x_wconf 80' lang='lat' dir='ltr'><strong>thurificare</strong></span> <span class='ocrx_word' id='word_1_112' title='bbox 2108 1909 2265 1975; x_wconf 90' lang='lat' dir='ltr'><strong>Cru—</strong></span> 
     </span>
     <span class='ocr_line' id='line_1_20' title="bbox 681 1994 2263 2082; baseline -0.001 -18"><span class='ocrx_word' id='word_1_113' title='bbox 681 2015 848 2081; x_wconf 85' lang='lat' dir='ltr'><strong>cem,</strong></span> <span class='ocrx_word' id='word_1_114' title='bbox 883 1996 986 2065; x_wconf 83' lang='lat' dir='ltr'><strong>vel</strong></span> <span class='ocrx_word' id='word_1_115' title='bbox 1031 2014 1203 2082; x_wconf 89' lang='lat' dir='ltr'><strong>cum,</strong></span> <span class='ocrx_word' id='word_1_116' title='bbox 1238 1997 1556 2065; x_wconf 87' lang='lat' dir='ltr'><strong>incensata</strong></span> <span class='ocrx_word' id='word_1_117' title='bbox 1604 2000 1726 2064; x_wconf 86' lang='lat' dir='ltr'><strong>iam</strong></span> <span class='ocrx_word' id='word_1_118' title='bbox 1757 2000 1963 2065; x_wconf 87' lang='lat' dir='ltr'><strong>Cruce</strong></span> <span class='ocrx_word' id='word_1_119' title='bbox 1998 2006 2063 2062; x_wconf 89' lang='lat' dir='ltr'><strong>et</strong></span> <span class='ocrx_word' id='word_1_120' title='bbox 2093 1994 2263 2064; x_wconf 82' lang='lat' dir='ltr'><strong>Reli·</strong></span> 
     </span>
     <span class='ocr_line' id='line_1_21' title="bbox 679 2082 1825 2173; baseline 0 -21"><span class='ocrx_word' id='word_1_121' title='bbox 679 2086 867 2172; x_wconf 88' lang='lat' dir='ltr'><strong>quiis,</strong></span> <span class='ocrx_word' id='word_1_122' title='bbox 917 2082 1139 2173; x_wconf 85' lang='lat' dir='ltr'><strong>incipit</strong></span> <span class='ocrx_word' id='word_1_123' title='bbox 1187 2087 1513 2152; x_wconf 89' lang='lat' dir='ltr'><strong>incensare</strong></span> <span class='ocrx_word' id='word_1_124' title='bbox 1561 2083 1825 2154; x_wconf 78' lang='lat' dir='ltr'><strong>Altare&#39;?</strong></span> 
     </span>
    </p>

    <p class='ocr_par' dir='ltr' id='par_1_4' title="bbox 675 2173 2265 3318">
     <span class='ocr_line' id='line_1_22' title="bbox 812 2173 2265 2262; baseline -0.003 -21"><span class='ocrx_word' id='word_1_125' title='bbox 812 2173 1084 2241; x_wconf 88' lang='lat' dir='ltr'><strong>Dubium</strong></span> <span class='ocrx_word' id='word_1_126' title='bbox 1129 2177 1229 2241; x_wconf 90' lang='lat'>111.</span> <span class='ocrx_word' id='word_1_127' title='bbox 1279 2176 1506 2241; x_wconf 85' lang='lat' dir='ltr'><strong>Utrum</strong></span> <span class='ocrx_word' id='word_1_128' title='bbox 1551 2175 1617 2242; x_wconf 93' lang='lat' dir='ltr'><strong>in</strong></span> <span class='ocrx_word' id='word_1_129' title='bbox 1654 2174 2089 2262; x_wconf 83' lang='lat' dir='ltr'><strong>completorio</strong></span> <span class='ocrx_word' id='word_1_130' title='bbox 2119 2182 2265 2258; x_wconf 90' lang='lat' dir='ltr'><strong>post</strong></span> 
     </span>
     <span class='ocr_line' id='line_1_23' title="bbox 675 2259 2264 2348; baseline -0.002 -20"><span class='ocrx_word' id='word_1_131' title='bbox 675 2260 752 2348; x_wconf 57' lang='grc' dir='ltr'><strong>ὴ.</strong></span> <span class='ocrx_word' id='word_1_132' title='bbox 786 2265 951 2330; x_wconf 75' lang='lat' dir='ltr'><strong>Dm</strong></span> <span class='ocrx_word' id='word_1_133' title='bbox 996 2265 1070 2329; x_wconf 74' lang='lat' dir='ltr'><strong>itt</strong></span> <span class='ocrx_word' id='word_1_134' title='bbox 1115 2262 1526 2330; x_wconf 78' lang='lat' dir='ltr'><strong>adiutorium</strong></span> <span class='ocrx_word' id='word_1_135' title='bbox 1556 2282 1763 2331; x_wconf 76' lang='lat' dir='ltr'><strong>mcum</strong></span> <span class='ocrx_word' id='word_1_136' title='bbox 1792 2274 1916 2330; x_wconf 83' lang='lat' dir='ltr'><strong>etc.</strong></span> <span class='ocrx_word' id='word_1_137' title='bbox 1962 2262 2112 2331; x_wconf 88' lang='lat' dir='ltr'><strong>addi</strong></span> <span class='ocrx_word' id='word_1_138' title='bbox 2151 2259 2264 2326; x_wconf 89' lang='lat' dir='ltr'><strong>de·</strong></span> 
     </span>
     <span class='ocr_line' id='line_1_24' title="bbox 679 2348 2263 2439; baseline -0.003 -19"><span class='ocrx_word' id='word_1_139' title='bbox 679 2352 823 2420; x_wconf 88' lang='lat' dir='ltr'><strong>beat</strong></span> <span class='ocrx_word' id='word_1_140' title='bbox 870 2349 1175 2431; x_wconf 74' lang='lat' dir='ltr'><strong>Alleluia,</strong></span> <span class='ocrx_word' id='word_1_141' title='bbox 1235 2350 1340 2417; x_wconf 85' lang='lat' dir='ltr'><strong>vel</strong></span> <span class='ocrx_word' id='word_1_142' title='bbox 1394 2369 1510 2417; x_wconf 91' lang='lat' dir='ltr'><strong>suo</strong></span> <span class='ocrx_word' id='word_1_143' title='bbox 1573 2364 1865 2439; x_wconf 85' lang='lat' dir='ltr'><strong>tempore</strong></span> <span class='ocrx_word' id='word_1_144' title='bbox 1922 2354 2092 2418; x_wconf 72' lang='lat' dir='ltr'><strong>Laus</strong></span> <span class='ocrx_word' id='word_1_145' title='bbox 2144 2348 2263 2416; x_wconf 80' lang='lat' dir='ltr'><strong>tibi</strong></span> 
     </span>
     <span class='ocr_line' id='line_1_25' title="bbox 679 2437 2265 2592; baseline -0.001 -87"><span class='ocrx_word' id='word_1_146' title='bbox 679 2441 965 2592; x_wconf 59' lang='grc' dir='ltr'><strong>Βοηιίπς,</strong></span> <span class='ocrx_word' id='word_1_147' title='bbox 995 2438 1185 2505; x_wconf 91' lang='lat' dir='ltr'><strong>sicuti</strong></span> <span class='ocrx_word' id='word_1_148' title='bbox 1217 2439 1279 2505; x_wconf 89' lang='lat' dir='ltr'><strong>in</strong></span> <span class='ocrx_word' id='word_1_149' title='bbox 1312 2440 1544 2506; x_wconf 89' lang='lat' dir='ltr'><strong>ceteris</strong></span> <span class='ocrx_word' id='word_1_150' title='bbox 1571 2439 1743 2507; x_wconf 84' lang='lat' dir='ltr'><strong>horis</strong></span> <span class='ocrx_word' id='word_1_151' title='bbox 1767 2437 2096 2507; x_wconf 88' lang='lat' dir='ltr'><strong>Canonicis</strong></span> <span class='ocrx_word' id='word_1_152' title='bbox 2119 2456 2265 2526; x_wconf 89' lang='lat' dir='ltr'><strong>per·</strong></span> 
     </span>
     <span class='ocr_line' id='line_1_26' title="bbox 677 2527 890 2595; baseline 0.009 -2"><span class='ocrx_word' id='word_1_153' title='bbox 677 2547 711 2593; x_wconf 86' lang='lat' dir='ltr'><strong>a</strong></span> <span class='ocrx_word' id='word_1_154' title='bbox 761 2527 890 2595; x_wconf 90' lang='lat' dir='ltr'><strong>itur</strong></span> 
     </span>
     <span class='ocr_line' id='line_1_27' title="bbox 714 2546 2262 2705; baseline 0.001 -24"><span class='ocrx_word' id='word_1_155' title='bbox 714 2546 756 2616; x_wconf 51' lang='grc' dir='ltr'><strong>Β</strong></span> <span class='ocrx_word' id='word_1_156' title='bbox 810 2615 1083 2683; x_wconf 90' lang='lat' dir='ltr'><strong>Dubium</strong></span> <span class='ocrx_word' id='word_1_157' title='bbox 1131 2619 1238 2684; x_wconf 84' lang='lat' dir='ltr'><strong>IV.</strong></span> <span class='ocrx_word' id='word_1_158' title='bbox 1285 2621 1381 2683; x_wconf 78' lang='lat' dir='ltr'><strong>An</strong></span> <span class='ocrx_word' id='word_1_159' title='bbox 1429 2616 1777 2705; x_wconf 83' lang='lat' dir='ltr'><strong>Episcopus</strong></span> <span class='ocrx_word' id='word_1_160' title='bbox 1825 2616 1888 2683; x_wconf 91' lang='lat' dir='ltr'><strong>in</strong></span> <span class='ocrx_word' id='word_1_161' title='bbox 1919 2614 2113 2683; x_wconf 68' lang='lat' dir='ltr'><strong>Missis</strong></span> <span class='ocrx_word' id='word_1_162' title='bbox 2144 2618 2262 2683; x_wconf 88' lang='lat' dir='ltr'><strong>De·</strong></span> 
     </span>
     <span class='ocr_line' id='line_1_28' title="bbox 679 2703 2265 2786; baseline -0.001 -14"><span class='ocrx_word' id='word_1_163' title='bbox 679 2705 1045 2772; x_wconf 77' lang='lat' dir='ltr'><strong>functorum</strong></span> <span class='ocrx_word' id='word_1_164' title='bbox 1093 2704 1557 2772; x_wconf 83' lang='lat' dir='ltr'><strong>absolutionem</strong></span> <span class='ocrx_word' id='word_1_165' title='bbox 1603 2713 1848 2772; x_wconf 84' lang='lat' dir='ltr'><strong>tantum</strong></span> <span class='ocrx_word' id='word_1_166' title='bbox 1895 2703 2163 2786; x_wconf 77' lang='lat' dir='ltr'><strong>iaciens,</strong></span> <span class='ocrx_word' id='word_1_167' title='bbox 2212 2704 2265 2770; x_wconf 91' lang='lat' dir='ltr'><strong>si</strong></span> 
     </span>
     <span class='ocr_line' id='line_1_29' title="bbox 678 2790 2262 2893; baseline 0 -34"><span class='ocrx_word' id='word_1_168' title='bbox 678 2793 883 2859; x_wconf 90' lang='lat' dir='ltr'><strong>lectus</strong></span> <span class='ocrx_word' id='word_1_169' title='bbox 930 2803 1329 2859; x_wconf 86' lang='lat' dir='ltr'><strong>mortuorum</strong></span> <span class='ocrx_word' id='word_1_170' title='bbox 1377 2802 1555 2858; x_wconf 82' lang='lat' dir='ltr'><strong>extra</strong></span> <span class='ocrx_word' id='word_1_171' title='bbox 1600 2790 2075 2893; x_wconf 85' lang='lat' dir='ltr'><strong>presbyterium</strong></span> <span class='ocrx_word' id='word_1_172' title='bbox 2105 2793 2262 2859; x_wconf 89' lang='lat' dir='ltr'><strong>situs</strong></span> 
     </span>
     <span class='ocr_line' id='line_1_30' title="bbox 677 2878 2261 2968; baseline 0.001 -23"><span class='ocrx_word' id='word_1_173' title='bbox 677 2879 785 2965; x_wconf 87' lang='lat' dir='ltr'><strong>sit,</strong></span> <span class='ocrx_word' id='word_1_174' title='bbox 818 2878 1049 2947; x_wconf 88' lang='lat' dir='ltr'><strong>sedere</strong></span> <span class='ocrx_word' id='word_1_175' title='bbox 1092 2879 1326 2948; x_wconf 86' lang='lat' dir='ltr'><strong>debeat</strong></span> <span class='ocrx_word' id='word_1_176' title='bbox 1372 2881 1440 2948; x_wconf 91' lang='lat' dir='ltr'><strong>in</strong></span> <span class='ocrx_word' id='word_1_177' title='bbox 1485 2892 1691 2968; x_wconf 72' lang='lat' dir='ltr'><strong>capite</strong></span> <span class='ocrx_word' id='word_1_178' title='bbox 1739 2881 1863 2949; x_wconf 93' lang='lat' dir='ltr'><strong>loci</strong></span> <span class='ocrx_word' id='word_1_179' title='bbox 1909 2879 1973 2947; x_wconf 90' lang='lat' dir='ltr'><strong>in</strong></span> <span class='ocrx_word' id='word_1_180' title='bbox 2004 2878 2261 2962; x_wconf 90' lang='lat' dir='ltr'><strong>medio;</strong></span> 
     </span>
     <span class='ocr_line' id='line_1_31' title="bbox 676 2967 2262 3070; baseline 0.001 -36"><span class='ocrx_word' id='word_1_181' title='bbox 676 2968 782 3036; x_wconf 83' lang='lat' dir='ltr'><strong>vel</strong></span> <span class='ocrx_word' id='word_1_182' title='bbox 827 2967 1041 3070; x_wconf 90' lang='lat' dir='ltr'><strong>potius</strong></span> <span class='ocrx_word' id='word_1_183' title='bbox 1084 2968 1420 3060; x_wconf 88' lang='lat' dir='ltr'><strong>paululum</strong></span> <span class='ocrx_word' id='word_1_184' title='bbox 1482 2989 1706 3038; x_wconf 80' lang='lat' dir='ltr'><strong>versus</strong></span> <span class='ocrx_word' id='word_1_185' title='bbox 1761 2990 1959 3037; x_wconf 87' lang='lat' dir='ltr'><strong>cornu</strong></span> <span class='ocrx_word' id='word_1_186' title='bbox 2014 2968 2262 3059; x_wconf 89' lang='lat' dir='ltr'><strong>Episto-</strong></span> 
     </span>
     <span class='ocr_line' id='line_1_32' title="bbox 677 3057 2263 3147; baseline -0.001 -21"><span class='ocrx_word' id='word_1_187' title='bbox 677 3059 800 3142; x_wconf 90' lang='lat' dir='ltr'><strong>lae,</strong></span> <span class='ocrx_word' id='word_1_188' title='bbox 835 3067 916 3123; x_wconf 77' lang='lat' dir='ltr'><strong>tta</strong></span> <span class='ocrx_word' id='word_1_189' title='bbox 963 3068 1036 3125; x_wconf 88' lang='lat' dir='ltr'><strong>ut</strong></span> <span class='ocrx_word' id='word_1_190' title='bbox 1080 3061 1352 3127; x_wconf 84' lang='lat' dir='ltr'><strong>Crucem</strong></span> <span class='ocrx_word' id='word_1_191' title='bbox 1395 3057 1771 3127; x_wconf 87' lang='lat' dir='ltr'><strong>Subdiaconi</strong></span> <span class='ocrx_word' id='word_1_192' title='bbox 1821 3057 2141 3147; x_wconf 85' lang='lat' dir='ltr'><strong>respiciat,</strong></span> <span class='ocrx_word' id='word_1_193' title='bbox 2183 3057 2263 3124; x_wconf 88' lang='lat' dir='ltr'><strong>si-</strong></span> 
     </span>
     <span class='ocr_line' id='line_1_33' title="bbox 678 3145 2263 3214; baseline -0.001 0"><span class='ocrx_word' id='word_1_194' title='bbox 678 3155 786 3214; x_wconf 92' lang='lat' dir='ltr'><strong>cut</strong></span> <span class='ocrx_word' id='word_1_195' title='bbox 899 3145 1306 3214; x_wconf 87' lang='lat' dir='ltr'><strong>raescribitur</strong></span> <span class='ocrx_word' id='word_1_196' title='bbox 1371 3146 1437 3214; x_wconf 91' lang='lat' dir='ltr'><strong>in</strong></span> <span class='ocrx_word' id='word_1_197' title='bbox 1503 3146 1790 3214; x_wconf 84' lang='lat' dir='ltr'><strong>Rubricis</strong></span> <span class='ocrx_word' id='word_1_198' title='bbox 1847 3147 2263 3214; x_wconf 87' lang='lat' dir='ltr'><strong>Generalibus</strong></span> 
     </span>
     <span class='ocr_line' id='line_1_34' title="bbox 678 3232 1871 3318; baseline -0.001 -16"><span class='ocrx_word' id='word_1_199' title='bbox 678 3233 853 3302; x_wconf 75' lang='lat' dir='ltr'><strong>Missa</strong></span> <span class='ocrx_word' id='word_1_200' title='bbox 887 3234 936 3300; x_wconf 91' lang='lat' dir='ltr'><strong>is</strong></span> <span class='ocrx_word' id='word_1_201' title='bbox 980 3234 1238 3302; x_wconf 84' lang='lat' dir='ltr'><strong>Romani</strong></span> <span class='ocrx_word' id='word_1_202' title='bbox 1288 3234 1410 3302; x_wconf 85' lang='lat' dir='ltr'><strong>Tit.</strong></span> <span class='ocrx_word' id='word_1_203' title='bbox 1459 3238 1619 3318; x_wconf 84' lang='lat' dir='ltr'><strong>xm,</strong></span> <span class='ocrx_word' id='word_1_204' title='bbox 1652 3255 1720 3302; x_wconf 92' lang='lat' dir='ltr'><strong>n.</strong></span> <span class='ocrx_word' id='word_1_205' title='bbox 1757 3232 1871 3303; x_wconf 67' lang='lat' dir='ltr'><strong><em>w</em></strong></span> 
     </span>
    </p>

    <p class='ocr_par' dir='ltr' id='par_1_5' title="bbox 673 3321 2262 4395">
     <span class='ocr_line' id='line_1_35' title="bbox 807 3321 2261 3410; baseline -0.002 -20"><span class='ocrx_word' id='word_1_206' title='bbox 807 3322 1081 3391; x_wconf 87' lang='lat' dir='ltr'><strong>Dubium</strong></span> <span class='ocrx_word' id='word_1_207' title='bbox 1113 3327 1189 3392; x_wconf 81' lang='lat' dir='ltr'><strong>V.</strong></span> <span class='ocrx_word' id='word_1_208' title='bbox 1239 3328 1311 3391; x_wconf 91' lang='lat' dir='ltr'><strong>In</strong></span> <span class='ocrx_word' id='word_1_209' title='bbox 1341 3322 1819 3410; x_wconf 66' lang='lat' dir='ltr'><strong>Metropolitana</strong></span> <span class='ocrx_word' id='word_1_210' title='bbox 1857 3321 2261 3391; x_wconf 81' lang='lat' dir='ltr'><strong>olomucensi</strong></span> 
     </span>
     <span class='ocr_line' id='line_1_36' title="bbox 675 3409 2261 3499; baseline -0.003 -20"><span class='ocrx_word' id='word_1_211' title='bbox 675 3434 708 3479; x_wconf 92' lang='lat' dir='ltr'><strong>a</strong></span> <span class='ocrx_word' id='word_1_212' title='bbox 756 3410 1124 3480; x_wconf 74' lang='lat' dir='ltr'><strong>fundatione</strong></span> <span class='ocrx_word' id='word_1_213' title='bbox 1155 3412 1428 3499; x_wconf 85' lang='lat' dir='ltr'><strong>Capituli</strong></span> <span class='ocrx_word' id='word_1_214' title='bbox 1474 3410 1879 3479; x_wconf 86' lang='lat' dir='ltr'><strong>celebrantur</strong></span> <span class='ocrx_word' id='word_1_215' title='bbox 1923 3409 2261 3498; x_wconf 87' lang='lat' dir='ltr'><strong>quotannis</strong></span> 
     </span>
     <span class='ocr_line' id='line_1_37' title="bbox 676 3499 2261 3588; baseline -0.002 -21"><span class='ocrx_word' id='word_1_216' title='bbox 676 3505 960 3588; x_wconf 88' lang='lat' dir='ltr'><strong>quinque</strong></span> <span class='ocrx_word' id='word_1_217' title='bbox 985 3500 1202 3567; x_wconf 74' lang='lat' dir='ltr'><strong>Missae</strong></span> <span class='ocrx_word' id='word_1_218' title='bbox 1233 3501 1549 3567; x_wconf 83' lang='lat' dir='ltr'><strong>solemnes</strong></span> <span class='ocrx_word' id='word_1_219' title='bbox 1629 3519 1698 3566; x_wconf 93' lang='lat' dir='ltr'><strong>ro</strong></span> <span class='ocrx_word' id='word_1_220' title='bbox 1728 3499 2082 3568; x_wconf 77' lang='lat' dir='ltr'><strong>Defunctis:</strong></span> <span class='ocrx_word' id='word_1_221' title='bbox 2109 3518 2261 3585; x_wconf 88' lang='lat' dir='ltr'><strong>qua·</strong></span> 
     </span>
     <span class='ocr_line' id='line_1_38' title="bbox 678 3586 2262 3689; baseline -0.002 -33"><span class='ocrx_word' id='word_1_222' title='bbox 678 3607 819 3656; x_wconf 89' lang='lat' dir='ltr'><strong>rum</strong></span> <span class='ocrx_word' id='word_1_223' title='bbox 868 3607 990 3654; x_wconf 91' lang='lat' dir='ltr'><strong>una</strong></span> <span class='ocrx_word' id='word_1_224' title='bbox 1037 3607 1152 3689; x_wconf 86' lang='lat' dir='ltr'><strong>pro</strong></span> <span class='ocrx_word' id='word_1_225' title='bbox 1195 3586 1588 3656; x_wconf 77' lang='lat' dir='ltr'><strong>Benefactori</strong></span> <span class='ocrx_word' id='word_1_226' title='bbox 1636 3607 1734 3671; x_wconf 89' lang='lat' dir='ltr'><strong>us,</strong></span> <span class='ocrx_word' id='word_1_227' title='bbox 1770 3588 1966 3654; x_wconf 87' lang='lat' dir='ltr'><strong>altera</strong></span> <span class='ocrx_word' id='word_1_228' title='bbox 1999 3606 2116 3675; x_wconf 91' lang='lat' dir='ltr'><strong>pro</strong></span> <span class='ocrx_word' id='word_1_229' title='bbox 2148 3590 2262 3654; x_wconf 80' lang='lat' dir='ltr'><strong>Ar·</strong></span> 
     </span>
     <span class='ocr_line' id='line_1_39' title="bbox 678 3675 2262 3766; baseline -0.002 -22"><span class='ocrx_word' id='word_1_230' title='bbox 678 3675 1126 3764; x_wconf 88' lang='lat' dir='ltr'><strong>cbiepiscop1s,</strong></span> <span class='ocrx_word' id='word_1_231' title='bbox 1178 3677 1360 3745; x_wconf 89' lang='lat' dir='ltr'><strong>tertia</strong></span> <span class='ocrx_word' id='word_1_232' title='bbox 1408 3697 1526 3766; x_wconf 92' lang='lat' dir='ltr'><strong>pro</strong></span> <span class='ocrx_word' id='word_1_233' title='bbox 1572 3675 1861 3742; x_wconf 80' lang='lat' dir='ltr'><strong>omnibus</strong></span> <span class='ocrx_word' id='word_1_234' title='bbox 1906 3676 1972 3742; x_wconf 90' lang='lat' dir='ltr'><strong>in</strong></span> <span class='ocrx_word' id='word_1_235' title='bbox 2032 3676 2262 3741; x_wconf 68' lang='lat' dir='ltr'><strong>Metro·</strong></span> 
     </span>
     <span class='ocr_line' id='line_1_40' title="bbox 679 3762 2261 3854; baseline -0.001 -25"><span class='ocrx_word' id='word_1_236' title='bbox 679 3763 952 3853; x_wconf 90' lang='lat' dir='ltr'><strong>politana</strong></span> <span class='ocrx_word' id='word_1_237' title='bbox 997 3765 1304 3854; x_wconf 86' lang='lat' dir='ltr'><strong>sepultis,</strong></span> <span class='ocrx_word' id='word_1_238' title='bbox 1354 3776 1574 3852; x_wconf 88' lang='lat' dir='ltr'><strong>quarta</strong></span> <span class='ocrx_word' id='word_1_239' title='bbox 1617 3783 1734 3853; x_wconf 90' lang='lat' dir='ltr'><strong>pro</strong></span> <span class='ocrx_word' id='word_1_240' title='bbox 1798 3762 2261 3831; x_wconf 86' lang='lat' dir='ltr'><strong>Fundatoribus</strong></span> 
     </span>
     <span class='ocr_line' id='line_1_41' title="bbox 675 3850 2262 3942; baseline -0.001 -23"><span class='ocrx_word' id='word_1_241' title='bbox 675 3851 1224 3939; x_wconf 68' lang='lat' dir='ltr'><strong>metropolitanae,</strong></span> <span class='ocrx_word' id='word_1_242' title='bbox 1272 3854 1491 3940; x_wconf 87' lang='lat' dir='ltr'><strong>quinta</strong></span> <span class='ocrx_word' id='word_1_243' title='bbox 1537 3873 1656 3942; x_wconf 90' lang='lat' dir='ltr'><strong>pro</strong></span> <span class='ocrx_word' id='word_1_244' title='bbox 1702 3850 2019 3920; x_wconf 78' lang='lat' dir='ltr'><strong>defunctis</strong></span> <span class='ocrx_word' id='word_1_245' title='bbox 2066 3853 2262 3918; x_wconf 89' lang='lat' dir='ltr'><strong>Cano-</strong></span> 
     </span>
     <span class='ocr_line' id='line_1_42' title="bbox 673 3938 2261 4009; baseline -0.001 0"><span class='ocrx_word' id='word_1_246' title='bbox 673 3939 861 4009; x_wconf 84' lang='lat' dir='ltr'><strong>nicis.</strong></span> <span class='ocrx_word' id='word_1_247' title='bbox 909 3943 1068 4008; x_wconf 91' lang='lat' dir='ltr'><strong>Cum</strong></span> <span class='ocrx_word' id='word_1_248' title='bbox 1115 3950 1331 4009; x_wconf 86' lang='lat' dir='ltr'><strong>autem</strong></span> <span class='ocrx_word' id='word_1_249' title='bbox 1396 3941 1461 4008; x_wconf 88' lang='lat' dir='ltr'><strong>bi</strong></span> <span class='ocrx_word' id='word_1_250' title='bbox 1508 3960 1729 4008; x_wconf 91' lang='lat' dir='ltr'><strong>omnes</strong></span> <span class='ocrx_word' id='word_1_251' title='bbox 1774 3938 2075 4008; x_wconf 86' lang='lat' dir='ltr'><strong>recensiti</strong></span> <span class='ocrx_word' id='word_1_252' title='bbox 2133 3959 2261 4007; x_wconf 94' lang='lat' dir='ltr'><strong>non</strong></span> 
     </span>
     <span class='ocr_line' id='line_1_43' title="bbox 676 4028 2260 4117; baseline -0.002 -19"><span class='ocrx_word' id='word_1_253' title='bbox 676 4048 798 4098; x_wconf 89' lang='lat' dir='ltr'><strong>una</strong></span> <span class='ocrx_word' id='word_1_254' title='bbox 831 4030 1185 4117; x_wconf 88' lang='lat' dir='ltr'><strong>eademqne</strong></span> <span class='ocrx_word' id='word_1_255' title='bbox 1217 4029 1324 4097; x_wconf 88' lang='lat' dir='ltr'><strong>die</strong></span> <span class='ocrx_word' id='word_1_256' title='bbox 1354 4028 1655 4114; x_wconf 90' lang='lat' dir='ltr'><strong>obierint,</strong></span> <span class='ocrx_word' id='word_1_257' title='bbox 1688 4030 2053 4116; x_wconf 82' lang='lat' dir='ltr'><strong>quaeritur:</strong></span> <span class='ocrx_word' id='word_1_258' title='bbox 2095 4030 2260 4095; x_wconf 88' lang='lat' dir='ltr'><strong>Num</strong></span> 
     </span>
     <span class='ocr_line' id='line_1_44' title="bbox 675 4116 2259 4206; baseline 0.001 -24"><span class='ocrx_word' id='word_1_259' title='bbox 675 4116 1040 4206; x_wconf 82' lang='lat' dir='ltr'><strong>praedictae</strong></span> <span class='ocrx_word' id='word_1_260' title='bbox 1093 4118 1307 4185; x_wconf 80' lang='lat' dir='ltr'><strong>Missae</strong></span> <span class='ocrx_word' id='word_1_261' title='bbox 1363 4118 1671 4185; x_wconf 89' lang='lat' dir='ltr'><strong>celebrari</strong></span> <span class='ocrx_word' id='word_1_262' title='bbox 1732 4117 2007 4185; x_wconf 88' lang='lat' dir='ltr'><strong>debeant</strong></span> <span class='ocrx_word' id='word_1_263' title='bbox 2068 4128 2141 4182; x_wconf 91' lang='lat' dir='ltr'><strong>ut</strong></span> <span class='ocrx_word' id='word_1_264' title='bbox 2197 4117 2259 4183; x_wconf 92' lang='lat' dir='ltr'><strong>in</strong></span> 
     </span>
     <span class='ocr_line' id='line_1_45' title="bbox 673 4203 2262 4293; baseline -0.003 -20"><span class='ocrx_word' id='word_1_265' title='bbox 673 4205 1119 4274; x_wconf 77' lang='lat' dir='ltr'><strong>Anniversario</strong></span> <span class='ocrx_word' id='word_1_266' title='bbox 1166 4207 1656 4288; x_wconf 75' lang='lat' dir='ltr'><strong>defunctorum;</strong></span> <span class='ocrx_word' id='word_1_267' title='bbox 1698 4204 1803 4272; x_wconf 80' lang='lat' dir='ltr'><strong>vel</strong></span> <span class='ocrx_word' id='word_1_268' title='bbox 1850 4205 2063 4293; x_wconf 92' lang='lat' dir='ltr'><strong>potius</strong></span> <span class='ocrx_word' id='word_1_269' title='bbox 2093 4203 2262 4270; x_wconf 86' lang='lat' dir='ltr'><strong>utin</strong></span> 
     </span>
     <span class='ocr_line' id='line_1_46' title="bbox 678 4292 1358 4395; baseline 0 -34"><span class='ocrx_word' id='word_1_270' title='bbox 678 4292 876 4361; x_wconf 70' lang='lat' dir='ltr'><strong>Missis</strong></span> <span class='ocrx_word' id='word_1_271' title='bbox 921 4292 1358 4395; x_wconf 74' lang='lat' dir='ltr'><strong>quotidianis?</strong></span> 
     </span>
    </p>

    <p class='ocr_par' dir='ltr' id='par_1_6' title="bbox 675 4382 2263 4629">
     <span class='ocr_line' id='line_1_47' title="bbox 808 4382 2263 4472; baseline -0.001 -25"><span class='ocrx_word' id='word_1_272' title='bbox 808 4382 1082 4450; x_wconf 77' lang='lat' dir='ltr'><strong>Dubium</strong></span> <span class='ocrx_word' id='word_1_273' title='bbox 1128 4386 1233 4452; x_wconf 82' lang='lat' dir='ltr'><strong>v1.</strong></span> <span class='ocrx_word' id='word_1_274' title='bbox 1285 4385 1381 4452; x_wconf 83' lang='lat' dir='ltr'><strong>An</strong></span> <span class='ocrx_word' id='word_1_275' title='bbox 1427 4383 1742 4472; x_wconf 87' lang='lat' dir='ltr'><strong>Episcopo</strong></span> <span class='ocrx_word' id='word_1_276' title='bbox 1786 4382 2033 4448; x_wconf 76' lang='lat' dir='ltr'><strong>Missam</strong></span> <span class='ocrx_word' id='word_1_277' title='bbox 2096 4382 2263 4447; x_wconf 92' lang='lat' dir='ltr'><strong>sole-</strong></span> 
     </span>
     <span class='ocr_line' id='line_1_48' title="bbox 677 4468 2261 4560; baseline -0.001 -23"><span class='ocrx_word' id='word_1_278' title='bbox 677 4486 895 4537; x_wconf 90' lang='lat' dir='ltr'><strong>mnem</strong></span> <span class='ocrx_word' id='word_1_279' title='bbox 927 4470 1298 4558; x_wconf 88' lang='lat' dir='ltr'><strong>celebranti,</strong></span> <span class='ocrx_word' id='word_1_280' title='bbox 1325 4483 1577 4560; x_wconf 86' lang='lat' dir='ltr'><strong>peracta</strong></span> <span class='ocrx_word' id='word_1_281' title='bbox 1610 4468 2088 4549; x_wconf 90' lang='lat' dir='ltr'><strong>communione,</strong></span> <span class='ocrx_word' id='word_1_282' title='bbox 2122 4489 2261 4536; x_wconf 91' lang='lat' dir='ltr'><strong>rur-</strong></span> 
     </span>
     <span class='ocr_line' id='line_1_49' title="bbox 675 4555 1890 4629; baseline -0.001 -4"><span class='ocrx_word' id='word_1_283' title='bbox 675 4578 782 4626; x_wconf 90' lang='lat' dir='ltr'><strong>sus</strong></span> <span class='ocrx_word' id='word_1_284' title='bbox 828 4558 913 4625; x_wconf 91' lang='lat' dir='ltr'><strong>im</strong></span> <span class='ocrx_word' id='word_1_285' title='bbox 1002 4562 1063 4628; x_wconf 90' lang='lat' dir='ltr'><strong>ni</strong></span> <span class='ocrx_word' id='word_1_286' title='bbox 1113 4561 1388 4629; x_wconf 87' lang='lat' dir='ltr'><strong>debeant</strong></span> <span class='ocrx_word' id='word_1_287' title='bbox 1435 4555 1890 4629; x_wconf 70' lang='lat' dir='ltr'><strong>chirothecae?</strong></span> 
     </span>
    </p>

    <p class='ocr_par' dir='ltr' id='par_1_7' title="bbox 675 4646 2263 4915">
     <span class='ocr_line' id='line_1_50' title="bbox 810 4646 2263 4717; baseline -0.001 -3"><span class='ocrx_word' id='word_1_288' title='bbox 810 4651 904 4715; x_wconf 88' lang='lat' dir='ltr'><strong>Du</strong></span> <span class='ocrx_word' id='word_1_289' title='bbox 950 4649 1082 4716; x_wconf 91' lang='lat' dir='ltr'><strong>ium</strong></span> <span class='ocrx_word' id='word_1_290' title='bbox 1129 4653 1261 4717; x_wconf 82' lang='lat' dir='ltr'><strong>VII.</strong></span> <span class='ocrx_word' id='word_1_291' title='bbox 1320 4651 1414 4715; x_wconf 82' lang='lat' dir='ltr'><strong>An</strong></span> <span class='ocrx_word' id='word_1_292' title='bbox 1458 4650 1709 4716; x_wconf 89' lang='lat' dir='ltr'><strong>mitram</strong></span> <span class='ocrx_word' id='word_1_293' title='bbox 1763 4665 2087 4714; x_wconf 86' lang='lat' dir='ltr'><strong>assumere</strong></span> <span class='ocrx_word' id='word_1_294' title='bbox 2147 4646 2263 4713; x_wconf 86' lang='lat' dir='ltr'><strong>de-</strong></span> 
     </span>
     <span class='ocr_line' id='line_1_51' title="bbox 677 4734 2261 4827; baseline -0.001 -24"><span class='ocrx_word' id='word_1_295' title='bbox 677 4736 822 4803; x_wconf 88' lang='lat' dir='ltr'><strong>beat</strong></span> <span class='ocrx_word' id='word_1_296' title='bbox 867 4736 1242 4827; x_wconf 88' lang='lat' dir='ltr'><strong>Episcopus,</strong></span> <span class='ocrx_word' id='word_1_297' title='bbox 1275 4737 1431 4803; x_wconf 91' lang='lat' dir='ltr'><strong>dum</strong></span> <span class='ocrx_word' id='word_1_298' title='bbox 1479 4738 1543 4804; x_wconf 89' lang='lat' dir='ltr'><strong>in</strong></span> <span class='ocrx_word' id='word_1_299' title='bbox 1587 4738 1765 4804; x_wconf 74' lang='lat' dir='ltr'><strong>Missa</strong></span> <span class='ocrx_word' id='word_1_300' title='bbox 1808 4735 2082 4804; x_wconf 89' lang='lat' dir='ltr'><strong>solemni</strong></span> <span class='ocrx_word' id='word_1_301' title='bbox 2117 4734 2261 4802; x_wconf 83' lang='lat' dir='ltr'><strong>thus</strong></span> 
     </span>
     <span class='ocr_line' id='line_1_52' title="bbox 675 4822 1928 4915; baseline -0.001 -25"><span class='ocrx_word' id='word_1_302' title='bbox 675 4823 950 4914; x_wconf 90' lang='lat' dir='ltr'><strong>imponit</strong></span> <span class='ocrx_word' id='word_1_303' title='bbox 995 4846 1112 4915; x_wconf 91' lang='lat' dir='ltr'><strong>pro</strong></span> <span class='ocrx_word' id='word_1_304' title='bbox 1162 4825 1596 4894; x_wconf 78' lang='lat' dir='ltr'><strong>thurificandis</strong></span> <span class='ocrx_word' id='word_1_305' title='bbox 1638 4822 1928 4895; x_wconf 72' lang='lat' dir='ltr'><strong>oblatis?</strong></span> 
     </span>
    </p>

    <p class='ocr_par' dir='ltr' id='par_1_8' title="bbox 671 4911 2262 5442">
     <span class='ocr_line' id='line_1_53' title="bbox 807 4911 2262 5003; baseline -0.002 -23"><span class='ocrx_word' id='word_1_306' title='bbox 807 4914 1083 4982; x_wconf 88' lang='lat' dir='ltr'><strong>Dubium</strong></span> <span class='ocrx_word' id='word_1_307' title='bbox 1128 4918 1287 4983; x_wconf 82' lang='lat' dir='ltr'><strong>Vlll.</strong></span> <span class='ocrx_word' id='word_1_308' title='bbox 1336 4917 1432 4982; x_wconf 82' lang='lat' dir='ltr'><strong>An</strong></span> <span class='ocrx_word' id='word_1_309' title='bbox 1482 4913 1828 5003; x_wconf 85' lang='lat' dir='ltr'><strong>Episcopus</strong></span> <span class='ocrx_word' id='word_1_310' title='bbox 1890 4911 2109 4980; x_wconf 78' lang='lat' dir='ltr'><strong>Missae</strong></span> <span class='ocrx_word' id='word_1_311' title='bbox 2164 4931 2262 4977; x_wconf 88' lang='lat' dir='ltr'><strong>so-</strong></span> 
     </span>
     <span class='ocr_line' id='line_1_54' title="bbox 678 5000 2261 5086; baseline 0 -20"><span class='ocrx_word' id='word_1_312' title='bbox 678 5001 877 5069; x_wconf 85' lang='lat' dir='ltr'><strong>lemni</strong></span> <span class='ocrx_word' id='word_1_313' title='bbox 972 5022 1044 5070; x_wconf 93' lang='lat' dir='ltr'><strong>er</strong></span> <span class='ocrx_word' id='word_1_314' title='bbox 1087 5004 1280 5071; x_wconf 88' lang='lat' dir='ltr'><strong>alium</strong></span> <span class='ocrx_word' id='word_1_315' title='bbox 1331 5002 1688 5071; x_wconf 79' lang='lat' dir='ltr'><strong>celebratae</strong></span> <span class='ocrx_word' id='word_1_316' title='bbox 1734 5002 2051 5086; x_wconf 86' lang='lat' dir='ltr'><strong>assistens,</strong></span> <span class='ocrx_word' id='word_1_317' title='bbox 2088 5000 2261 5067; x_wconf 91' lang='lat' dir='ltr'><strong>dicto</strong></span> 
     </span>
     <span class='ocr_line' id='line_1_55' title="bbox 677 5023 2255 5178; baseline 0.002 -26"><span class='ocrx_word' id='word_1_318' title='bbox 677 5086 744 5155; x_wconf 92' lang='lat' dir='ltr'><strong>in</strong></span> <span class='ocrx_word' id='word_1_319' title='bbox 774 5023 1183 5161; x_wconf 58' lang='lat' dir='ltr'><strong>GonAEssione</strong></span> <span class='ocrx_word' id='word_1_320' title='bbox 1229 5078 1547 5159; x_wconf 79' lang='lat' dir='ltr'><strong>ve&#39;rsiculo</strong></span> <span class='ocrx_word' id='word_1_321' title='bbox 1595 5090 2073 5178; x_wconf 72' lang='lat' dir='ltr'><strong>Indulycntiam</strong></span> <span class='ocrx_word' id='word_1_322' title='bbox 2107 5100 2255 5167; x_wconf 69' lang='lat' dir='ltr'><strong>etc„</strong></span> 
     </span>
     <span class='ocr_line' id='line_1_56' title="bbox 671 5177 2261 5262; baseline 0.001 -21"><span class='ocrx_word' id='word_1_323' title='bbox 671 5178 917 5245; x_wconf 80' lang='lat' dir='ltr'><strong>reverti</strong></span> <span class='ocrx_word' id='word_1_324' title='bbox 963 5182 1172 5247; x_wconf 90' lang='lat' dir='ltr'><strong>statim</strong></span> <span class='ocrx_word' id='word_1_325' title='bbox 1216 5178 1450 5249; x_wconf 86' lang='lat' dir='ltr'><strong>debeat</strong></span> <span class='ocrx_word' id='word_1_326' title='bbox 1497 5178 1575 5244; x_wconf 89' lang='lat' dir='ltr'><strong>ad</strong></span> <span class='ocrx_word' id='word_1_327' title='bbox 1610 5180 1843 5247; x_wconf 89' lang='lat' dir='ltr'><strong>Sedem</strong></span> <span class='ocrx_word' id='word_1_328' title='bbox 1890 5196 2103 5262; x_wconf 85' lang='lat' dir='ltr'><strong>suam;</strong></span> <span class='ocrx_word' id='word_1_329' title='bbox 2157 5177 2261 5243; x_wconf 82' lang='lat' dir='ltr'><strong>vel</strong></span> 
     </span>
     <span class='ocr_line' id='line_1_57' title="bbox 673 5264 2261 5354; baseline -0.002 -22"><span class='ocrx_word' id='word_1_330' title='bbox 673 5265 888 5354; x_wconf 89' lang='lat' dir='ltr'><strong>potius</strong></span> <span class='ocrx_word' id='word_1_331' title='bbox 943 5267 1231 5334; x_wconf 43' lang='lat' dir='ltr'><strong>*recitare</strong></span> <span class='ocrx_word' id='word_1_332' title='bbox 1275 5278 1601 5336; x_wconf 83' lang='lat' dir='ltr'><strong>-teneatur</strong></span> <span class='ocrx_word' id='word_1_333' title='bbox 1666 5286 1813 5335; x_wconf 91' lang='lat' dir='ltr'><strong>cum</strong></span> <span class='ocrx_word' id='word_1_334' title='bbox 1883 5264 2261 5334; x_wconf 87' lang='lat' dir='ltr'><strong>Celebrante</strong></span> 
     </span>
     <span class='ocr_line' id='line_1_58' title="bbox 679 5353 1708 5442; baseline 0.006 -21"><span class='ocrx_word' id='word_1_335' title='bbox 679 5353 870 5421; x_wconf 88' lang='lat' dir='ltr'><strong>etiam</strong></span> <span class='ocrx_word' id='word_1_336' title='bbox 915 5358 1266 5421; x_wconf 76' lang='lat' dir='ltr'><strong>versiculos</strong></span> <span class='ocrx_word' id='word_1_337' title='bbox 1308 5353 1708 5442; x_wconf 73' lang='lat' dir='ltr'><strong>sequentes?</strong></span> 
     </span>
    </p>
   </div>
   <div class='ocr_carea' id='block_1_3' title="bbox 2361 407 4019 4273">
    <p class='ocr_par' dir='ltr' id='par_1_9' title="bbox 2368 407 3943 1028">
     <span class='ocr_line' id='line_1_59' title="bbox 2502 407 3938 509; baseline -0.001 -33"><span class='ocrx_word' id='word_1_338' title='bbox 2502 407 2773 477; x_wconf 85' lang='lat' dir='ltr'><strong>Dubium</strong></span> <span class='ocrx_word' id='word_1_339' title='bbox 2842 411 2950 476; x_wconf 80' lang='lat' dir='ltr'><strong>tx.</strong></span> <span class='ocrx_word' id='word_1_340' title='bbox 3032 413 3349 509; x_wconf 89' lang='lat' dir='ltr'><strong>Tempore</strong></span> <span class='ocrx_word' id='word_1_341' title='bbox 3421 408 3938 495; x_wconf 69' lang='lat' dir='ltr'><strong>Quadrassesimali</strong></span> 
     </span>
     <span class='ocr_line' id='line_1_60' title="bbox 2371 494 3938 585; baseline 0.003 -24"><span class='ocrx_word' id='word_1_342' title='bbox 2371 494 2902 585; x_wconf 82' lang='lat' dir='ltr'><strong>Arcbiepiscopus</strong></span> <span class='ocrx_word' id='word_1_343' title='bbox 2950 497 3284 583; x_wconf 72' lang='lat' dir='ltr'><strong>aliquoties</strong></span> <span class='ocrx_word' id='word_1_344' title='bbox 3329 497 3603 564; x_wconf 86' lang='lat' dir='ltr'><strong>solemni</strong></span> <span class='ocrx_word' id='word_1_345' title='bbox 3664 499 3793 563; x_wconf 90' lang='lat' dir='ltr'><strong>ritu</strong></span> <span class='ocrx_word' id='word_1_346' title='bbox 3833 501 3938 565; x_wconf 72' lang='lat' dir='ltr'><strong>Ve-</strong></span> 
     </span>
     <span class='ocr_line' id='line_1_61' title="bbox 2369 585 3939 673; baseline 0.001 -23"><span class='ocrx_word' id='word_1_347' title='bbox 2369 603 2587 672; x_wconf 86' lang='lat' dir='ltr'><strong>speras</strong></span> <span class='ocrx_word' id='word_1_348' title='bbox 2647 586 2958 652; x_wconf 84' lang='lat' dir='ltr'><strong>celebrat.</strong></span> <span class='ocrx_word' id='word_1_349' title='bbox 3020 590 3181 654; x_wconf 92' lang='lat' dir='ltr'><strong>Cum</strong></span> <span class='ocrx_word' id='word_1_350' title='bbox 3239 604 3393 652; x_wconf 83' lang='lat' dir='ltr'><strong>vero</strong></span> <span class='ocrx_word' id='word_1_351' title='bbox 3454 585 3939 673; x_wconf 80' lang='lat' dir='ltr'><strong>completorium</strong></span> 
     </span>
     <span class='ocr_line' id='line_1_62' title="bbox 2368 673 3939 760; baseline 0.001 -21"><span class='ocrx_word' id='word_1_352' title='bbox 2368 691 2501 739; x_wconf 92' lang='lat' dir='ltr'><strong>non</strong></span> <span class='ocrx_word' id='word_1_353' title='bbox 2565 673 3030 759; x_wconf 89' lang='lat' dir='ltr'><strong>subsequatur,</strong></span> <span class='ocrx_word' id='word_1_354' title='bbox 3102 674 3477 760; x_wconf 87' lang='lat' dir='ltr'><strong>quaeritur:</strong></span> <span class='ocrx_word' id='word_1_355' title='bbox 3550 674 3717 740; x_wconf 87' lang='lat' dir='ltr'><strong>Num</strong></span> <span class='ocrx_word' id='word_1_356' title='bbox 3788 673 3939 740; x_wconf 78' lang='lat' dir='ltr'><strong>Anti-</strong></span> 
     </span>
     <span class='ocr_line' id='line_1_63' title="bbox 2370 760 3943 849; baseline 0.001 -23"><span class='ocrx_word' id='word_1_357' title='bbox 2370 760 2581 849; x_wconf 84' lang='lat' dir='ltr'><strong>pbona</strong></span> <span class='ocrx_word' id='word_1_358' title='bbox 2641 761 2843 828; x_wconf 80' lang='lat' dir='ltr'><strong>finalis</strong></span> <span class='ocrx_word' id='word_1_359' title='bbox 2902 766 3127 828; x_wconf 85' lang='lat' dir='ltr'><strong>Beatae</strong></span> <span class='ocrx_word' id='word_1_360' title='bbox 3188 762 3412 830; x_wconf 70' lang='lat' dir='ltr'><strong>Mariae</strong></span> <span class='ocrx_word' id='word_1_361' title='bbox 3473 762 3755 848; x_wconf 72' lang='lat' dir='ltr'><strong>Virginis</strong></span> <span class='ocrx_word' id='word_1_362' title='bbox 3816 775 3943 848; x_wconf 85' lang='lat' dir='ltr'><strong>post</strong></span> 
     </span>
     <span class='ocr_line' id='line_1_64' title="bbox 2369 849 3942 948; baseline -0.002 -31"><span class='ocrx_word' id='word_1_363' title='bbox 2369 851 2681 948; x_wconf 73' lang='lat' dir='ltr'><strong>vesperas</strong></span> <span class='ocrx_word' id='word_1_364' title='bbox 2726 849 3115 916; x_wconf 82' lang='lat' dir='ltr'><strong>decantanda</strong></span> <span class='ocrx_word' id='word_1_365' title='bbox 3160 850 3287 935; x_wconf 86' lang='lat' dir='ltr'><strong>sit;</strong></span> <span class='ocrx_word' id='word_1_366' title='bbox 3339 861 3406 918; x_wconf 90' lang='lat' dir='ltr'><strong>et</strong></span> <span class='ocrx_word' id='word_1_367' title='bbox 3450 862 3767 937; x_wconf 88' lang='lat' dir='ltr'><strong>quatenus</strong></span> <span class='ocrx_word' id='word_1_368' title='bbox 3794 850 3942 917; x_wconf 82' lang='lat' dir='ltr'><strong>affir-</strong></span> 
     </span>
     <span class='ocr_line' id='line_1_65' title="bbox 2371 936 3797 1028; baseline 0.002 -25"><span class='ocrx_word' id='word_1_369' title='bbox 2371 947 2629 1022; x_wconf 74' lang='lat' dir='ltr'><strong>mative,</strong></span> <span class='ocrx_word' id='word_1_370' title='bbox 2678 956 2805 1023; x_wconf 94' lang='lat' dir='ltr'><strong>quo</strong></span> <span class='ocrx_word' id='word_1_371' title='bbox 2854 950 3174 1028; x_wconf 89' lang='lat' dir='ltr'><strong>tempore,</strong></span> <span class='ocrx_word' id='word_1_372' title='bbox 3226 949 3289 1005; x_wconf 90' lang='lat' dir='ltr'><strong>et</strong></span> <span class='ocrx_word' id='word_1_373' title='bbox 3335 957 3458 1024; x_wconf 85' lang='lat' dir='ltr'><strong>qua</strong></span> <span class='ocrx_word' id='word_1_374' title='bbox 3504 936 3797 1006; x_wconf 68' lang='lat' dir='ltr'><strong>ratione?</strong></span> 
     </span>
    </p>

    <p class='ocr_par' dir='ltr' id='par_1_10' title="bbox 2366 1024 3946 1466">
     <span class='ocr_line' id='line_1_66' title="bbox 2497 1024 3943 1116; baseline 0.001 -24"><span class='ocrx_word' id='word_1_375' title='bbox 2497 1024 2595 1093; x_wconf 79' lang='lat' dir='ltr'><strong>Ad</strong></span> <span class='ocrx_word' id='word_1_376' title='bbox 2644 1025 2803 1092; x_wconf 89' lang='lat' dir='ltr'><strong>haec</strong></span> <span class='ocrx_word' id='word_1_377' title='bbox 2850 1044 3043 1113; x_wconf 91' lang='lat' dir='ltr'><strong>porro</strong></span> <span class='ocrx_word' id='word_1_378' title='bbox 3090 1025 3308 1113; x_wconf 89' lang='lat' dir='ltr'><strong>dubia,</strong></span> <span class='ocrx_word' id='word_1_379' title='bbox 3348 1046 3548 1116; x_wconf 86' lang='lat' dir='ltr'><strong>super</strong></span> <span class='ocrx_word' id='word_1_380' title='bbox 3589 1026 3822 1112; x_wconf 74' lang='lat' dir='ltr'><strong>quibus</strong></span> <span class='ocrx_word' id='word_1_381' title='bbox 3850 1029 3943 1093; x_wconf 86' lang='lat' dir='ltr'><strong>Sa-</strong></span> 
     </span>
     <span class='ocr_line' id='line_1_67' title="bbox 2368 1113 3942 1203; baseline 0.001 -24"><span class='ocrx_word' id='word_1_382' title='bbox 2368 1133 2475 1179; x_wconf 90' lang='lat' dir='ltr'><strong>cra</strong></span> <span class='ocrx_word' id='word_1_383' title='bbox 2518 1114 2944 1201; x_wconf 70' lang='lat' dir='ltr'><strong>congregatio</strong></span> <span class='ocrx_word' id='word_1_384' title='bbox 2991 1113 3193 1181; x_wconf 76' lang='lat' dir='ltr'><strong>voluit</strong></span> <span class='ocrx_word' id='word_1_385' title='bbox 3239 1126 3310 1182; x_wconf 89' lang='lat' dir='ltr'><strong>ut</strong></span> <span class='ocrx_word' id='word_1_386' title='bbox 3356 1115 3520 1182; x_wconf 84' lang='lat' dir='ltr'><strong>alter</strong></span> <span class='ocrx_word' id='word_1_387' title='bbox 3565 1133 3646 1181; x_wconf 84' lang='lat' dir='ltr'><strong>ex</strong></span> <span class='ocrx_word' id='word_1_388' title='bbox 3696 1118 3942 1203; x_wconf 75' lang='lat' dir='ltr'><strong>Aposto-</strong></span> 
     </span>
     <span class='ocr_line' id='line_1_68' title="bbox 2371 1200 3943 1288; baseline -0.001 -21"><span class='ocrx_word' id='word_1_389' title='bbox 2371 1200 2636 1270; x_wconf 90' lang='lat' dir='ltr'><strong>licarum</strong></span> <span class='ocrx_word' id='word_1_390' title='bbox 2682 1202 3239 1270; x_wconf 86' lang='lat' dir='ltr'><strong>Caeremoniarum</strong></span> <span class='ocrx_word' id='word_1_391' title='bbox 3286 1202 3593 1288; x_wconf 65' lang='lat' dir='ltr'><strong>magistris</strong></span> <span class='ocrx_word' id='word_1_392' title='bbox 3654 1222 3831 1269; x_wconf 86' lang='lat' dir='ltr'><strong>suam</strong></span> <span class='ocrx_word' id='word_1_393' title='bbox 3890 1203 3943 1267; x_wconf 84' lang='lat' dir='ltr'><strong>in</strong></span> 
     </span>
     <span class='ocr_line' id='line_1_69' title="bbox 2367 1288 3944 1377; baseline -0.001 -21"><span class='ocrx_word' id='word_1_394' title='bbox 2367 1288 2617 1376; x_wconf 87' lang='lat' dir='ltr'><strong>scriptis</strong></span> <span class='ocrx_word' id='word_1_395' title='bbox 2663 1290 2982 1377; x_wconf 79' lang='lat' dir='ltr'><strong>proferret</strong></span> <span class='ocrx_word' id='word_1_396' title='bbox 3012 1294 3423 1374; x_wconf 89' lang='lat' dir='ltr'><strong>sententiam,</strong></span> <span class='ocrx_word' id='word_1_397' title='bbox 3456 1309 3645 1377; x_wconf 90' lang='lat' dir='ltr'><strong>quam</strong></span> <span class='ocrx_word' id='word_1_398' title='bbox 3686 1289 3944 1357; x_wconf 86' lang='lat' dir='ltr'><strong>subscri·</strong></span> 
     </span>
     <span class='ocr_line' id='line_1_70' title="bbox 2366 1379 3946 1466; baseline -0.001 -23"><span class='ocrx_word' id='word_1_399' title='bbox 2366 1390 2514 1466; x_wconf 90' lang='lat' dir='ltr'><strong>ptus</strong></span> <span class='ocrx_word' id='word_1_400' title='bbox 2558 1379 2901 1446; x_wconf 85' lang='lat' dir='ltr'><strong>Cardinalis</strong></span> <span class='ocrx_word' id='word_1_401' title='bbox 2956 1381 3292 1449; x_wconf 83' lang='lat' dir='ltr'><strong>Sacrorum</strong></span> <span class='ocrx_word' id='word_1_402' title='bbox 3356 1382 3621 1448; x_wconf 75' lang='lat' dir='ltr'><strong>Ritnum</strong></span> <span class='ocrx_word' id='word_1_403' title='bbox 3677 1382 3946 1465; x_wconf 80' lang='lat' dir='ltr'><strong>Congre-</strong></span> 
     </span>
    </p>

    <p class='ocr_par' dir='ltr' id='par_1_11' title="bbox 2364 1464 3949 2260">
     <span class='ocr_line' id='line_1_71' title="bbox 2410 1464 3947 1551; baseline 0.001 -21"><span class='ocrx_word' id='word_1_404' title='bbox 2410 1464 2603 1532; x_wconf 91' lang='lat' dir='ltr'><strong>ationi</strong></span> <span class='ocrx_word' id='word_1_405' title='bbox 2653 1468 3039 1551; x_wconf 76' lang='lat' dir='ltr'><strong>Praefectus,</strong></span> <span class='ocrx_word' id='word_1_406' title='bbox 3077 1469 3216 1535; x_wconf 90' lang='lat' dir='ltr'><strong>loco</strong></span> <span class='ocrx_word' id='word_1_407' title='bbox 3264 1479 3329 1535; x_wconf 92' lang='lat' dir='ltr'><strong>et</strong></span> <span class='ocrx_word' id='word_1_408' title='bbox 3374 1469 3516 1535; x_wconf 81' lang='lat' dir='ltr'><strong>vice</strong></span> <span class='ocrx_word' id='word_1_409' title='bbox 3546 1467 3687 1534; x_wconf 76' lang='lat' dir='ltr'><strong>Emi</strong></span> <span class='ocrx_word' id='word_1_410' title='bbox 3725 1477 3792 1533; x_wconf 91' lang='lat' dir='ltr'><strong>et</strong></span> <span class='ocrx_word' id='word_1_411' title='bbox 3821 1464 3947 1532; x_wconf 76' lang='lat' dir='ltr'><strong>Rffii</strong></span> 
     </span>
     <span class='ocr_line' id='line_1_72' title="bbox 2425 1553 3946 1638; baseline -0.001 -18"><span class='ocrx_word' id='word_1_412' title='bbox 2425 1600 2443 1620; x_wconf 88' lang='lat'><strong>.</strong></span> <span class='ocrx_word' id='word_1_413' title='bbox 2491 1555 2839 1623; x_wconf 89' lang='lat' dir='ltr'><strong>Cardinalis</strong></span> <span class='ocrx_word' id='word_1_414' title='bbox 2887 1555 3102 1622; x_wconf 71' lang='lat' dir='ltr'><strong>Aloisii</strong></span> <span class='ocrx_word' id='word_1_415' title='bbox 3150 1555 3308 1623; x_wconf 87' lang='lat' dir='ltr'><strong>Bilio</strong></span> <span class='ocrx_word' id='word_1_416' title='bbox 3353 1557 3689 1638; x_wconf 84' lang='lat' dir='ltr'><strong>Ponentis,</strong></span> <span class='ocrx_word' id='word_1_417' title='bbox 3737 1553 3946 1622; x_wconf 87' lang='lat' dir='ltr'><strong>retulit</strong></span> 
     </span>
     <span class='ocr_line' id='line_1_73' title="bbox 2370 1641 3945 1712; baseline 0 -5"><span class='ocrx_word' id='word_1_418' title='bbox 2370 1641 2434 1708; x_wconf 94' lang='lat' dir='ltr'><strong>in</strong></span> <span class='ocrx_word' id='word_1_419' title='bbox 2477 1642 2817 1710; x_wconf 88' lang='lat' dir='ltr'><strong>Ordinariis</strong></span> <span class='ocrx_word' id='word_1_420' title='bbox 2849 1646 3185 1712; x_wconf 82' lang='lat' dir='ltr'><strong>Sacrorum</strong></span> <span class='ocrx_word' id='word_1_421' title='bbox 3216 1644 3478 1712; x_wconf 87' lang='lat' dir='ltr'><strong>Rituum</strong></span> <span class='ocrx_word' id='word_1_422' title='bbox 3524 1643 3815 1712; x_wconf 90' lang='lat' dir='ltr'><strong>Comitiis</strong></span> <span class='ocrx_word' id='word_1_423' title='bbox 3847 1644 3945 1708; x_wconf 89' lang='lat' dir='ltr'><strong>bo·</strong></span> 
     </span>
     <span class='ocr_line' id='line_1_74' title="bbox 2368 1728 3949 1817; baseline -0.001 -20"><span class='ocrx_word' id='word_1_424' title='bbox 2368 1728 2589 1806; x_wconf 88' lang='lat' dir='ltr'><strong>dierna</strong></span> <span class='ocrx_word' id='word_1_425' title='bbox 2649 1731 2755 1799; x_wconf 88' lang='lat' dir='ltr'><strong>die</strong></span> <span class='ocrx_word' id='word_1_426' title='bbox 2817 1732 2894 1799; x_wconf 87' lang='lat' dir='ltr'><strong>ad</strong></span> <span class='ocrx_word' id='word_1_427' title='bbox 2944 1732 3316 1801; x_wconf 83' lang='lat' dir='ltr'><strong>Vaticanum</strong></span> <span class='ocrx_word' id='word_1_428' title='bbox 3378 1730 3642 1817; x_wconf 87' lang='lat' dir='ltr'><strong>habitis,</strong></span> <span class='ocrx_word' id='word_1_429' title='bbox 3690 1731 3837 1800; x_wconf 75' lang='lat' dir='ltr'><strong>Emi</strong></span> <span class='ocrx_word' id='word_1_430' title='bbox 3893 1743 3949 1796; x_wconf 86' lang='lat' dir='ltr'><strong>et</strong></span> 
     </span>
     <span class='ocr_line' id='line_1_75' title="bbox 2366 1818 3949 1907; baseline 0 -22"><span class='ocrx_word' id='word_1_431' title='bbox 2366 1818 2506 1885; x_wconf 78' lang='lat' dir='ltr'><strong>Rmi</strong></span> <span class='ocrx_word' id='word_1_432' title='bbox 2551 1823 2765 1887; x_wconf 85' lang='lat' dir='ltr'><strong>Patres</strong></span> <span class='ocrx_word' id='word_1_433' title='bbox 2811 1820 3014 1887; x_wconf 86' lang='lat' dir='ltr'><strong>Sacris</strong></span> <span class='ocrx_word' id='word_1_434' title='bbox 3076 1821 3327 1888; x_wconf 89' lang='lat' dir='ltr'><strong>tuendis</strong></span> <span class='ocrx_word' id='word_1_435' title='bbox 3386 1821 3635 1888; x_wconf 85' lang='lat' dir='ltr'><strong>Ritibus</strong></span> <span class='ocrx_word' id='word_1_436' title='bbox 3689 1838 3949 1907; x_wconf 84' lang='lat' dir='ltr'><strong>praepo·</strong></span> 
     </span>
     <span class='ocr_line' id='line_1_76' title="bbox 2364 1906 3949 1998; baseline 0.001 -26"><span class='ocrx_word' id='word_1_437' title='bbox 2364 1907 2492 1993; x_wconf 87' lang='lat' dir='ltr'><strong>siti,</strong></span> <span class='ocrx_word' id='word_1_438' title='bbox 2528 1908 2823 1976; x_wconf 90' lang='lat' dir='ltr'><strong>omnibus</strong></span> <span class='ocrx_word' id='word_1_439' title='bbox 2868 1920 3160 1975; x_wconf 87' lang='lat' dir='ltr'><strong>accurate</strong></span> <span class='ocrx_word' id='word_1_440' title='bbox 3207 1909 3566 1998; x_wconf 85' lang='lat' dir='ltr'><strong>perpensis,</strong></span> <span class='ocrx_word' id='word_1_441' title='bbox 3602 1906 3949 1975; x_wconf 82' lang='lat' dir='ltr'><strong>rescriben-</strong></span> 
     </span>
     <span class='ocr_line' id='line_1_77' title="bbox 2365 1996 3143 2064; baseline 0.004 -2"><span class='ocrx_word' id='word_1_442' title='bbox 2365 1996 2521 2063; x_wconf 91' lang='lat' dir='ltr'><strong>dum</strong></span> <span class='ocrx_word' id='word_1_443' title='bbox 2569 2005 3007 2064; x_wconf 82' lang='lat' dir='ltr'><strong>censuerunt:</strong></span> <span class='ocrx_word' id='word_1_444' title='bbox 3128 2035 3143 2042; x_wconf 75' lang='lat'><em>—</em></span> 
     </span>
     <span class='ocr_line' id='line_1_78' title="bbox 2367 2083 3949 2238; baseline 0.001 -89"><span class='ocrx_word' id='word_1_445' title='bbox 2367 2174 2411 2238; x_wconf 68' lang='lat' dir='ltr'>P</span> <span class='ocrx_word' id='word_1_446' title='bbox 2494 2085 2592 2152; x_wconf 78' lang='lat' dir='ltr'><strong>Ad</strong></span> <span class='ocrx_word' id='word_1_447' title='bbox 2638 2089 2686 2152; x_wconf 91' lang='lat'><strong>1.</strong></span> <span class='ocrx_word' id='word_1_448' title='bbox 2738 2107 2776 2150; x_wconf 67' lang='grc' dir='ltr'><strong><em>ι</em></strong></span> <span class='ocrx_word' id='word_1_449' title='bbox 2810 2089 2897 2152; x_wconf 85' lang='lat' dir='ltr'><strong>Ea</strong></span> <span class='ocrx_word' id='word_1_450' title='bbox 2943 2083 3049 2154; x_wconf 91' lang='lat' dir='ltr'><strong>die</strong></span> <span class='ocrx_word' id='word_1_451' title='bbox 3108 2085 3437 2153; x_wconf 83' lang='lat' dir='ltr'><strong>omittatur</strong></span> <span class='ocrx_word' id='word_1_452' title='bbox 3494 2084 3785 2153; x_wconf 88' lang='lat' dir='ltr'><strong>Collecta</strong></span> <span class='ocrx_word' id='word_1_453' title='bbox 3846 2104 3949 2171; x_wconf 83' lang='lat' dir='ltr'><strong>pro</strong></span> 
     </span>
     <span class='ocr_line' id='line_1_79' title="bbox 2411 2192 2621 2260; baseline -0.005 -21"><span class='ocrx_word' id='word_1_454' title='bbox 2411 2192 2525 2260; x_wconf 88' lang='lat' dir='ltr'><strong>apa</strong></span> <span class='ocrx_word' id='word_1_455' title='bbox 2559 2194 2621 2239; x_wconf 65' lang='grc' dir='ltr'><strong>ιν.</strong></span> 
     </span>
    </p>

    <p class='ocr_par' dir='ltr' id='par_1_12' title="bbox 2368 2260 4019 2506">
     <span class='ocr_line' id='line_1_80' title="bbox 2494 2260 3953 2350; baseline 0.001 -23"><span class='ocrx_word' id='word_1_456' title='bbox 2494 2261 2589 2327; x_wconf 75' lang='lat' dir='ltr'><strong>Ad</strong></span> <span class='ocrx_word' id='word_1_457' title='bbox 2640 2265 2719 2330; x_wconf 86' lang='lat'><strong>11.</strong></span> <span class='ocrx_word' id='word_1_458' title='bbox 2768 2285 2806 2328; x_wconf 69' lang='grc' dir='ltr'><strong><em>ι</em></strong></span> <span class='ocrx_word' id='word_1_459' title='bbox 2840 2261 3269 2345; x_wconf 82' lang='lat' dir='ltr'><strong>Affirmative,</strong></span> <span class='ocrx_word' id='word_1_460' title='bbox 3331 2260 3409 2329; x_wconf 92' lang='lat' dir='ltr'><strong>ad</strong></span> <span class='ocrx_word' id='word_1_461' title='bbox 3475 2262 3755 2350; x_wconf 86' lang='lat' dir='ltr'><strong>primam</strong></span> <span class='ocrx_word' id='word_1_462' title='bbox 3824 2282 3953 2350; x_wconf 83' lang='lat' dir='ltr'><strong>par·</strong></span> 
     </span>
     <span class='ocr_line' id='line_1_81' title="bbox 2368 2350 4019 2506; baseline -0.001 -89"><span class='ocrx_word' id='word_1_463' title='bbox 2368 2360 2498 2419; x_wconf 88' lang='lat' dir='ltr'><strong>tem</strong></span> <span class='ocrx_word' id='word_1_464' title='bbox 2495 2351 2981 2506; x_wconf 46' lang='lat' dir='ltr'><strong>ssdNfiiafivg&#39;ffi</strong></span> <span class='ocrx_word' id='word_1_465' title='bbox 2972 2350 3050 2417; x_wconf 88' lang='lat' dir='ltr'><strong>ad</strong></span> <span class='ocrx_word' id='word_1_466' title='bbox 3098 2350 3442 2505; x_wconf 61' lang='lat' dir='ltr'><strong>stecuudam</strong></span> <span class='ocrx_word' id='word_1_467' title='bbox 3478 2372 3542 2417; x_wconf 71' lang='lat' dir='ltr'><strong>s.</strong></span> <span class='ocrx_word' id='word_1_468' title='bbox 4018 2391 4019 2404; x_wconf 27' lang='grc' dir='ltr'><strong>κ</strong></span> 
     </span>
    </p>

    <p class='ocr_par' dir='ltr' id='par_1_13' title="bbox 2721 2457 3346 2506">
     <span class='ocr_line' id='line_1_82' title="bbox 2721 2457 3346 2506; baseline -0.005 0"><span class='ocrx_word' id='word_1_469' title='bbox 2721 2489 2737 2506; x_wconf 92' lang='grc'><strong><em>.</em></strong></span> <span class='ocrx_word' id='word_1_470' title='bbox 2790 2460 2828 2503; x_wconf 83' lang='lat'><strong>‹</strong></span> <span class='ocrx_word' id='word_1_471' title='bbox 2986 2457 3116 2506; x_wconf 87' lang='lat' dir='ltr'><strong>rma</strong></span> <span class='ocrx_word' id='word_1_472' title='bbox 3149 2458 3252 2505; x_wconf 72' lang='lat' dir='ltr'><strong>ive</strong></span> <span class='ocrx_word' id='word_1_473' title='bbox 3283 2459 3346 2504; x_wconf 72' lang='lat' dir='ltr'><strong>s.</strong></span> 
     </span>
    </p>

    <p class='ocr_par' dir='ltr' id='par_1_14' title="bbox 2366 2526 3952 2703">
     <span class='ocr_line' id='line_1_83' title="bbox 2496 2526 3952 2614; baseline 0.001 -23"><span class='ocrx_word' id='word_1_474' title='bbox 2496 2527 2592 2594; x_wconf 77' lang='lat' dir='ltr'><strong>Ad</strong></span> <span class='ocrx_word' id='word_1_475' title='bbox 2641 2531 2744 2596; x_wconf 82' lang='lat' dir='ltr'><strong>IV.</strong></span> <span class='ocrx_word' id='word_1_476' title='bbox 2797 2548 2835 2591; x_wconf 69' lang='grc' dir='ltr'><strong><em>ι</em></strong></span> <span class='ocrx_word' id='word_1_477' title='bbox 2869 2526 3292 2611; x_wconf 77' lang='lat' dir='ltr'><strong>Affirmative,</strong></span> <span class='ocrx_word' id='word_1_478' title='bbox 3339 2528 3417 2595; x_wconf 86' lang='lat' dir='ltr'><strong>ad</strong></span> <span class='ocrx_word' id='word_1_479' title='bbox 3476 2527 3757 2614; x_wconf 81' lang='lat' dir='ltr'><strong>primam</strong></span> <span class='ocrx_word' id='word_1_480' title='bbox 3823 2547 3952 2614; x_wconf 86' lang='lat' dir='ltr'><strong>par-</strong></span> 
     </span>
     <span class='ocr_line' id='line_1_84' title="bbox 2366 2615 3540 2703; baseline 0 -22"><span class='ocrx_word' id='word_1_481' title='bbox 2366 2625 2547 2697; x_wconf 91' lang='lat' dir='ltr'><strong>tem;</strong></span> <span class='ocrx_word' id='word_1_482' title='bbox 2596 2615 2929 2703; x_wconf 77' lang='lat' dir='ltr'><strong>Negative,</strong></span> <span class='ocrx_word' id='word_1_483' title='bbox 2974 2615 3055 2682; x_wconf 89' lang='lat' dir='ltr'><strong>ad</strong></span> <span class='ocrx_word' id='word_1_484' title='bbox 3101 2616 3445 2683; x_wconf 90' lang='lat' dir='ltr'><strong>secundam</strong></span> <span class='ocrx_word' id='word_1_485' title='bbox 3476 2637 3540 2681; x_wconf 70' lang='lat' dir='ltr'><strong>s.</strong></span> 
     </span>
    </p>

    <p class='ocr_par' dir='ltr' id='par_1_15' title="bbox 2361 2701 3955 3145">
     <span class='ocr_line' id='line_1_85' title="bbox 2499 2701 3954 2805; baseline -0.002 -32"><span class='ocrx_word' id='word_1_486' title='bbox 2499 2705 2594 2773; x_wconf 77' lang='lat' dir='ltr'><strong>Ad</strong></span> <span class='ocrx_word' id='word_1_487' title='bbox 2640 2707 2716 2772; x_wconf 83' lang='lat' dir='ltr'><strong>V.</strong></span> <span class='ocrx_word' id='word_1_488' title='bbox 2770 2726 2809 2768; x_wconf 67' lang='lat' dir='ltr'><strong>c</strong></span> <span class='ocrx_word' id='word_1_489' title='bbox 2839 2703 2937 2770; x_wconf 79' lang='lat' dir='ltr'><strong>Ad</strong></span> <span class='ocrx_word' id='word_1_490' title='bbox 2991 2702 3260 2805; x_wconf 88' lang='lat' dir='ltr'><strong>primam</strong></span> <span class='ocrx_word' id='word_1_491' title='bbox 3322 2714 3604 2791; x_wconf 85' lang='lat' dir='ltr'><strong>partem,</strong></span> <span class='ocrx_word' id='word_1_492' title='bbox 3668 2701 3954 2771; x_wconf 71' lang='lat' dir='ltr'><strong>Affirma-</strong></span> 
     </span>
     <span class='ocr_line' id='line_1_86' title="bbox 2367 2790 3955 2881; baseline 0 -23"><span class='ocrx_word' id='word_1_493' title='bbox 2367 2793 2546 2874; x_wconf 78' lang='lat' dir='ltr'><strong>tive;</strong></span> <span class='ocrx_word' id='word_1_494' title='bbox 2610 2803 2881 2881; x_wconf 84' lang='lat' dir='ltr'><strong>excepta</strong></span> <span class='ocrx_word' id='word_1_495' title='bbox 2941 2794 3116 2859; x_wconf 69' lang='lat' dir='ltr'><strong>Missa</strong></span> <span class='ocrx_word' id='word_1_496' title='bbox 3161 2811 3280 2880; x_wconf 94' lang='lat' dir='ltr'><strong>pro</strong></span> <span class='ocrx_word' id='word_1_497' title='bbox 3336 2792 3667 2880; x_wconf 86' lang='lat' dir='ltr'><strong>Episcopis</strong></span> <span class='ocrx_word' id='word_1_498' title='bbox 3726 2790 3955 2858; x_wconf 77' lang='lat' dir='ltr'><strong>defun-</strong></span> 
     </span>
     <span class='ocr_line' id='line_1_87' title="bbox 2367 2878 3951 2968; baseline -0.003 -20"><span class='ocrx_word' id='word_1_499' title='bbox 2367 2882 2509 2968; x_wconf 90' lang='lat' dir='ltr'><strong>ctis,</strong></span> <span class='ocrx_word' id='word_1_500' title='bbox 2557 2900 2719 2967; x_wconf 88' lang='lat' dir='ltr'><strong>quae</strong></span> <span class='ocrx_word' id='word_1_501' title='bbox 2765 2879 3075 2947; x_wconf 89' lang='lat' dir='ltr'><strong>celebrari</strong></span> <span class='ocrx_word' id='word_1_502' title='bbox 3121 2878 3318 2946; x_wconf 91' lang='lat' dir='ltr'><strong>debet</strong></span> <span class='ocrx_word' id='word_1_503' title='bbox 3364 2891 3437 2947; x_wconf 89' lang='lat' dir='ltr'><strong>ut</strong></span> <span class='ocrx_word' id='word_1_504' title='bbox 3481 2880 3547 2947; x_wconf 92' lang='lat' dir='ltr'><strong>in</strong></span> <span class='ocrx_word' id='word_1_505' title='bbox 3593 2879 3703 2947; x_wconf 91' lang='lat' dir='ltr'><strong>die</strong></span> <span class='ocrx_word' id='word_1_506' title='bbox 3765 2883 3951 2947; x_wconf 83' lang='lat' dir='ltr'><strong>Gom·</strong></span> 
     </span>
     <span class='ocr_line' id='line_1_88' title="bbox 2361 2966 3955 3037; baseline -0.003 0"><span class='ocrx_word' id='word_1_507' title='bbox 2361 2967 2840 3037; x_wconf 82' lang='lat' dir='ltr'><strong>memorationis</strong></span> <span class='ocrx_word' id='word_1_508' title='bbox 2900 2968 3184 3036; x_wconf 89' lang='lat' dir='ltr'><strong>omnium</strong></span> <span class='ocrx_word' id='word_1_509' title='bbox 3243 2968 3560 3037; x_wconf 86' lang='lat' dir='ltr'><strong>Fidelium</strong></span> <span class='ocrx_word' id='word_1_510' title='bbox 3613 2966 3955 3036; x_wconf 71' lang='lat' dir='ltr'><strong>Defuncto-</strong></span> 
     </span>
     <span class='ocr_line' id='line_1_89' title="bbox 2366 3058 3558 3145; baseline -0.002 -19"><span class='ocrx_word' id='word_1_511' title='bbox 2366 3078 2558 3126; x_wconf 86' lang='lat' dir='ltr'><strong>rum:</strong></span> <span class='ocrx_word' id='word_1_512' title='bbox 2607 3058 2685 3125; x_wconf 88' lang='lat' dir='ltr'><strong>ad</strong></span> <span class='ocrx_word' id='word_1_513' title='bbox 2733 3058 3105 3142; x_wconf 88' lang='lat' dir='ltr'><strong>secundam,</strong></span> <span class='ocrx_word' id='word_1_514' title='bbox 3154 3058 3463 3145; x_wconf 81' lang='lat' dir='ltr'><strong>Negative</strong></span> <span class='ocrx_word' id='word_1_515' title='bbox 3493 3080 3558 3124; x_wconf 71' lang='lat' dir='ltr'><strong>s.</strong></span> 
     </span>
    </p>

    <p class='ocr_par' dir='ltr' id='par_1_16' title="bbox 2495 3147 3551 3234">
     <span class='ocr_line' id='line_1_90' title="bbox 2495 3147 3551 3234; baseline -0.001 -22"><span class='ocrx_word' id='word_1_516' title='bbox 2495 3147 2592 3214; x_wconf 77' lang='lat' dir='ltr'><strong>Ad</strong></span> <span class='ocrx_word' id='word_1_517' title='bbox 2639 3150 2743 3215; x_wconf 82' lang='lat' dir='ltr'><strong>Vl.</strong></span> <span class='ocrx_word' id='word_1_518' title='bbox 2785 3156 2852 3212; x_wconf 91' lang='lat' dir='ltr'><strong>et</strong></span> <span class='ocrx_word' id='word_1_519' title='bbox 2897 3149 3027 3213; x_wconf 84' lang='lat' dir='ltr'><strong>vn.</strong></span> <span class='ocrx_word' id='word_1_520' title='bbox 3075 3166 3116 3211; x_wconf 69' lang='lat' dir='ltr'><strong>c</strong></span> <span class='ocrx_word' id='word_1_521' title='bbox 3150 3147 3456 3234; x_wconf 73' lang='lat' dir='ltr'><strong>Negative</strong></span> <span class='ocrx_word' id='word_1_522' title='bbox 3489 3167 3551 3211; x_wconf 57' lang='grc' dir='ltr'><strong>ι.</strong></span> 
     </span>
    </p>

    <p class='ocr_par' dir='ltr' id='par_1_17' title="bbox 2362 3234 3955 3848">
     <span class='ocr_line' id='line_1_91' title="bbox 2496 3234 3954 3322; baseline -0.003 -20"><span class='ocrx_word' id='word_1_523' title='bbox 2496 3235 2593 3302; x_wconf 77' lang='lat' dir='ltr'><strong>Ad</strong></span> <span class='ocrx_word' id='word_1_524' title='bbox 2639 3238 2792 3303; x_wconf 82' lang='lat' dir='ltr'><strong>Vlll.</strong></span> <span class='ocrx_word' id='word_1_525' title='bbox 2844 3256 2882 3299; x_wconf 68' lang='grc' dir='ltr'><strong><em>ι</em></strong></span> <span class='ocrx_word' id='word_1_526' title='bbox 2915 3234 3011 3301; x_wconf 78' lang='lat' dir='ltr'><strong>Ad</strong></span> <span class='ocrx_word' id='word_1_527' title='bbox 3075 3235 3346 3322; x_wconf 89' lang='lat' dir='ltr'><strong>primam</strong></span> <span class='ocrx_word' id='word_1_528' title='bbox 3405 3244 3694 3322; x_wconf 89' lang='lat' dir='ltr'><strong>partem,</strong></span> <span class='ocrx_word' id='word_1_529' title='bbox 3752 3236 3954 3319; x_wconf 69' lang='lat' dir='ltr'><strong>Nega·</strong></span> 
     </span>
     <span class='ocr_line' id='line_1_92' title="bbox 2365 3321 3954 3410; baseline -0.002 -21"><span class='ocrx_word' id='word_1_530' title='bbox 2365 3323 2543 3410; x_wconf 76' lang='lat' dir='ltr'><strong>tive3</strong></span> <span class='ocrx_word' id='word_1_531' title='bbox 2594 3324 2669 3391; x_wconf 89' lang='lat' dir='ltr'><strong>ad</strong></span> <span class='ocrx_word' id='word_1_532' title='bbox 2717 3322 3111 3390; x_wconf 86' lang='lat' dir='ltr'><strong>secundam:</strong></span> <span class='ocrx_word' id='word_1_533' title='bbox 3169 3322 3340 3390; x_wconf 87' lang='lat' dir='ltr'><strong>dicto</strong></span> <span class='ocrx_word' id='word_1_534' title='bbox 3385 3340 3504 3410; x_wconf 84' lang='lat' dir='ltr'><strong>per</strong></span> <span class='ocrx_word' id='word_1_535' title='bbox 3564 3321 3954 3408; x_wconf 84' lang='lat' dir='ltr'><strong>Episcopum</strong></span> 
     </span>
     <span class='ocr_line' id='line_1_93' title="bbox 2364 3409 3953 3497; baseline -0.003 -20"><span class='ocrx_word' id='word_1_536' title='bbox 2364 3411 2440 3496; x_wconf 58' lang='lat' dir='ltr'><strong>y.</strong></span> <span class='ocrx_word' id='word_1_537' title='bbox 2488 3412 2967 3497; x_wconf 73' lang='lat' dir='ltr'><strong>Indulqentiam</strong></span> <span class='ocrx_word' id='word_1_538' title='bbox 3011 3421 3136 3476; x_wconf 83' lang='lat' dir='ltr'><strong>etc.</strong></span> <span class='ocrx_word' id='word_1_539' title='bbox 3190 3410 3527 3479; x_wconf 82' lang='lat' dir='ltr'><strong>celebrans</strong></span> <span class='ocrx_word' id='word_1_540' title='bbox 3570 3409 3851 3477; x_wconf 86' lang='lat' dir='ltr'><strong>retrahit</strong></span> <span class='ocrx_word' id='word_1_541' title='bbox 3892 3426 3953 3473; x_wconf 83' lang='lat' dir='ltr'><strong>se</strong></span> 
     </span>
     <span class='ocr_line' id='line_1_94' title="bbox 2362 3497 3955 3587; baseline -0.005 -19"><span class='ocrx_word' id='word_1_542' title='bbox 2362 3499 2844 3568; x_wconf 77' lang='lat' dir='ltr'><strong>Confessionem</strong></span> <span class='ocrx_word' id='word_1_543' title='bbox 2921 3498 3259 3587; x_wconf 82' lang='lat' dir='ltr'><strong>perficiens</strong></span> <span class='ocrx_word' id='word_1_544' title='bbox 3327 3516 3477 3569; x_wconf 77' lang='lat' dir='ltr'><strong>,cum</strong></span> <span class='ocrx_word' id='word_1_545' title='bbox 3543 3497 3843 3575; x_wconf 79' lang='lat' dir='ltr'><strong>Diacono,</strong></span> <span class='ocrx_word' id='word_1_546' title='bbox 3895 3508 3955 3561; x_wconf 92' lang='lat' dir='ltr'><strong>et</strong></span> 
     </span>
     <span class='ocr_line' id='line_1_95' title="bbox 2365 3584 3951 3676; baseline -0.003 -20"><span class='ocrx_word' id='word_1_547' title='bbox 2365 3587 2797 3674; x_wconf 79' lang='lat' dir='ltr'><strong>subdiacon03</strong></span> <span class='ocrx_word' id='word_1_548' title='bbox 2861 3587 3215 3676; x_wconf 90' lang='lat' dir='ltr'><strong>Episcopus</strong></span> <span class='ocrx_word' id='word_1_549' title='bbox 3265 3605 3447 3671; x_wconf 83' lang='lat' dir='ltr'><strong>vero,</strong></span> <span class='ocrx_word' id='word_1_550' title='bbox 3501 3599 3673 3652; x_wconf 86' lang='lat' dir='ltr'><strong>stans</strong></span> <span class='ocrx_word' id='word_1_551' title='bbox 3723 3584 3797 3652; x_wconf 85' lang='lat' dir='ltr'><strong>in</strong></span> <span class='ocrx_word' id='word_1_552' title='bbox 3853 3604 3951 3651; x_wconf 91' lang='lat' dir='ltr'><strong>eo-</strong></span> 
     </span>
     <span class='ocr_line' id='line_1_96' title="bbox 2365 3673 3953 3760; baseline -0.001 -18"><span class='ocrx_word' id='word_1_553' title='bbox 2365 3676 2515 3743; x_wconf 90' lang='lat' dir='ltr'><strong>dem</strong></span> <span class='ocrx_word' id='word_1_554' title='bbox 2565 3677 2733 3760; x_wconf 91' lang='lat' dir='ltr'><strong>loco,</strong></span> <span class='ocrx_word' id='word_1_555' title='bbox 2781 3676 3257 3743; x_wconf 78' lang='lat' dir='ltr'><strong>Confessionem</strong></span> <span class='ocrx_word' id='word_1_556' title='bbox 3309 3673 3577 3741; x_wconf 77' lang='lat' dir='ltr'><strong>absolvit</strong></span> <span class='ocrx_word' id='word_1_557' title='bbox 3622 3690 3779 3740; x_wconf 88' lang='lat' dir='ltr'><strong>cum</strong></span> <span class='ocrx_word' id='word_1_558' title='bbox 3826 3673 3953 3740; x_wconf 82' lang='lat' dir='ltr'><strong>Dia-</strong></span> 
     </span>
     <span class='ocr_line' id='line_1_97' title="bbox 2366 3763 3206 3848; baseline -0.005 -18"><span class='ocrx_word' id='word_1_559' title='bbox 2366 3764 2651 3848; x_wconf 75' lang='lat' dir='ltr'><strong>conibns,</strong></span> <span class='ocrx_word' id='word_1_560' title='bbox 2676 3763 3110 3831; x_wconf 88' lang='lat' dir='ltr'><strong>assistentibus</strong></span> <span class='ocrx_word' id='word_1_561' title='bbox 3141 3785 3206 3827; x_wconf 71' lang='lat' dir='ltr'><strong>s.</strong></span> 
     </span>
    </p>

    <p class='ocr_par' dir='ltr' id='par_1_18' title="bbox 2364 3849 3949 4030">
     <span class='ocr_line' id='line_1_98' title="bbox 2498 3849 3949 3953; baseline -0.001 -36"><span class='ocrx_word' id='word_1_562' title='bbox 2498 3853 2590 3920; x_wconf 77' lang='lat' dir='ltr'><strong>Ad</strong></span> <span class='ocrx_word' id='word_1_563' title='bbox 2625 3856 2732 3921; x_wconf 81' lang='lat' dir='ltr'><strong>lx.</strong></span> <span class='ocrx_word' id='word_1_564' title='bbox 2782 3873 2820 3916; x_wconf 69' lang='grc' dir='ltr'><strong><em>ι</em></strong></span> <span class='ocrx_word' id='word_1_565' title='bbox 2853 3851 2950 3919; x_wconf 80' lang='lat' dir='ltr'><strong>Ad</strong></span> <span class='ocrx_word' id='word_1_566' title='bbox 2982 3850 3253 3953; x_wconf 86' lang='lat' dir='ltr'><strong>primam</strong></span> <span class='ocrx_word' id='word_1_567' title='bbox 3287 3861 3564 3940; x_wconf 86' lang='lat' dir='ltr'><strong>partem,</strong></span> <span class='ocrx_word' id='word_1_568' title='bbox 3596 3849 3949 3936; x_wconf 67' lang='lat' dir='ltr'><strong>Negative3</strong></span> 
     </span>
     <span class='ocr_line' id='line_1_99' title="bbox 2364 3939 3613 4030; baseline -0.003 -22"><span class='ocrx_word' id='word_1_569' title='bbox 2364 3941 2442 4008; x_wconf 87' lang='lat' dir='ltr'><strong>ad</strong></span> <span class='ocrx_word' id='word_1_570' title='bbox 2488 3941 2778 4026; x_wconf 88' lang='lat' dir='ltr'><strong>alteram,</strong></span> <span class='ocrx_word' id='word_1_571' title='bbox 2826 3957 3155 4030; x_wconf 73' lang='lat' dir='ltr'><strong>provisum</strong></span> <span class='ocrx_word' id='word_1_572' title='bbox 3201 3939 3268 4006; x_wconf 90' lang='lat' dir='ltr'><strong>in</strong></span> <span class='ocrx_word' id='word_1_573' title='bbox 3310 3939 3517 4027; x_wconf 89' lang='lat' dir='ltr'><strong>prima</strong></span> <span class='ocrx_word' id='word_1_574' title='bbox 3546 3961 3613 4005; x_wconf 70' lang='lat' dir='ltr'><strong>s.</strong></span> 
     </span>
    </p>

    <p class='ocr_par' dir='ltr' id='par_1_19' title="bbox 2367 4027 3953 4185">
     <span class='ocr_line' id='line_1_100' title="bbox 2496 4027 3953 4115; baseline -0.002 -21"><span class='ocrx_word' id='word_1_575' title='bbox 2496 4031 2704 4115; x_wconf 81' lang='lat' dir='ltr'><strong>Atque</strong></span> <span class='ocrx_word' id='word_1_576' title='bbox 2767 4029 2849 4096; x_wconf 92' lang='lat' dir='ltr'><strong>ita</strong></span> <span class='ocrx_word' id='word_1_577' title='bbox 2908 4029 3095 4096; x_wconf 85' lang='lat' dir='ltr'><strong>Sacra</strong></span> <span class='ocrx_word' id='word_1_578' title='bbox 3154 4028 3576 4115; x_wconf 75' lang='lat' dir='ltr'><strong>Congregatio</strong></span> <span class='ocrx_word' id='word_1_579' title='bbox 3626 4027 3953 4115; x_wconf 83' lang='lat' dir='ltr'><strong>rescripsit</strong></span> 
     </span>
     <span class='ocr_line' id='line_1_101' title="bbox 2367 4116 3104 4185; baseline -0.004 -1"><span class='ocrx_word' id='word_1_580' title='bbox 2367 4129 2431 4185; x_wconf 92' lang='lat' dir='ltr'><strong>et</strong></span> <span class='ocrx_word' id='word_1_581' title='bbox 2475 4117 2711 4184; x_wconf 80' lang='lat' dir='ltr'><strong>servari</strong></span> <span class='ocrx_word' id='word_1_582' title='bbox 2761 4116 3104 4185; x_wconf 82' lang='lat' dir='ltr'><strong>mandavit.</strong></span> 
     </span>
    </p>

    <p class='ocr_par' dir='ltr' id='par_1_20' title="bbox 2498 4205 3187 4273">
     <span class='ocr_line' id='line_1_102' title="bbox 2498 4205 3187 4273; baseline 0 0"><span class='ocrx_word' id='word_1_583' title='bbox 2498 4205 2609 4273; x_wconf 87' lang='lat' dir='ltr'><strong>Die</strong></span> <span class='ocrx_word' id='word_1_584' title='bbox 2656 4210 2697 4273; x_wconf 71' lang='lat' dir='ltr'><strong>tt</strong></span> <span class='ocrx_word' id='word_1_585' title='bbox 2744 4205 2941 4272; x_wconf 73' lang='lat' dir='ltr'><strong>Martii</strong></span> <span class='ocrx_word' id='word_1_586' title='bbox 2992 4207 3187 4273; x_wconf 73' lang='lat'><strong>1870.-</strong></span> 
     </span>
    </p>
   </div>
   <div class='ocr_carea' id='block_1_4' title="bbox 2365 4346 3950 4433">
    <p class='ocr_par' dir='ltr' id='par_1_21' title="bbox 2365 4346 3950 4433">
     <span class='ocr_line' id='line_1_103' title="bbox 2365 4346 3950 4433; baseline 0 -19"><span class='ocrx_word' id='word_1_587' title='bbox 2365 4346 2611 4418; x_wconf 80' lang='lat'><strong>3214.</strong></span> <span class='ocrx_word' id='word_1_588' title='bbox 2924 4346 3383 4414; x_wconf 76' lang='lat' dir='ltr'><strong>PosNANJnN.</strong></span> <span class='ocrx_word' id='word_1_589' title='bbox 3723 4346 3950 4433; x_wconf 63' lang='lat' dir='ltr'><strong>(scas)</strong></span> 
     </span>
    </p>
   </div>
   <div class='ocr_carea' id='block_1_5' title="bbox 2364 4466 4019 5440">
    <p class='ocr_par' dir='ltr' id='par_1_22' title="bbox 2364 4466 4019 5440">
     <span class='ocr_line' id='line_1_104' title="bbox 2497 4466 4019 4556; baseline -0.003 -21"><span class='ocrx_word' id='word_1_590' title='bbox 2497 4471 2704 4547; x_wconf 86' lang='lat' dir='ltr'><strong>Quum</strong></span> <span class='ocrx_word' id='word_1_591' title='bbox 2750 4468 2941 4536; x_wconf 87' lang='lat' dir='ltr'><strong>modo</strong></span> <span class='ocrx_word' id='word_1_592' title='bbox 2980 4466 3384 4555; x_wconf 72' lang='lat' dir='ltr'><strong>corrigantur</strong></span> <span class='ocrx_word' id='word_1_593' title='bbox 3411 4478 3643 4534; x_wconf 87' lang='lat' dir='ltr'><strong>statuta</strong></span> <span class='ocrx_word' id='word_1_594' title='bbox 3674 4468 3951 4556; x_wconf 88' lang='lat' dir='ltr'><strong>Capituli</strong></span> <span class='ocrx_word' id='word_1_595' title='bbox 4018 4518 4019 4525; x_wconf 11' lang='grc' dir='ltr'><strong>κ</strong></span> 
     </span>
     <span class='ocr_line' id='line_1_105' title="bbox 2366 4555 3951 4644; baseline -0.001 -20"><span class='ocrx_word' id='word_1_596' title='bbox 2366 4557 2829 4644; x_wconf 68' lang='lat' dir='ltr'><strong>metropolitani</strong></span> <span class='ocrx_word' id='word_1_597' title='bbox 2868 4555 3325 4641; x_wconf 85' lang='lat' dir='ltr'><strong>Posnaniensis‚</strong></span> <span class='ocrx_word' id='word_1_598' title='bbox 3385 4558 3580 4622; x_wconf 74' lang='lat' dir='ltr'><strong>Rmus</strong></span> <span class='ocrx_word' id='word_1_599' title='bbox 3625 4559 3702 4622; x_wconf 87' lang='lat' dir='ltr'><strong>D.</strong></span> <span class='ocrx_word' id='word_1_600' title='bbox 3747 4557 3951 4622; x_wconf 69' lang='lat' dir='ltr'><strong>Micci-</strong></span> 
     </span>
     <span class='ocr_line' id='line_1_106' title="bbox 2364 4642 3950 4732; baseline -0.004 -19"><span class='ocrx_word' id='word_1_601' title='bbox 2364 4648 2532 4714; x_wconf 89' lang='lat' dir='ltr'><strong>slaus</strong></span> <span class='ocrx_word' id='word_1_602' title='bbox 2573 4643 3037 4713; x_wconf 75' lang='lat' dir='ltr'><strong>Ledocbowski</strong></span> <span class='ocrx_word' id='word_1_603' title='bbox 3068 4642 3597 4732; x_wconf 82' lang='lat' dir='ltr'><strong>Arcbiepiscopus</strong></span> <span class='ocrx_word' id='word_1_604' title='bbox 3626 4646 3950 4711; x_wconf 84' lang='lat' dir='ltr'><strong>Gnesnen.</strong></span> 
     </span>
     <span class='ocr_line' id='line_1_107' title="bbox 2367 4731 3952 4822; baseline 0.001 -21"><span class='ocrx_word' id='word_1_605' title='bbox 2367 4746 2433 4801; x_wconf 88' lang='lat' dir='ltr'><strong>et</strong></span> <span class='ocrx_word' id='word_1_606' title='bbox 2478 4733 2851 4802; x_wconf 84' lang='lat' dir='ltr'><strong>Posnanien.</strong></span> <span class='ocrx_word' id='word_1_607' title='bbox 2900 4736 3239 4801; x_wconf 88' lang='lat' dir='ltr'><strong>Sacrorum</strong></span> <span class='ocrx_word' id='word_1_608' title='bbox 3282 4731 3542 4799; x_wconf 86' lang='lat' dir='ltr'><strong>Rituum</strong></span> <span class='ocrx_word' id='word_1_609' title='bbox 3589 4734 3952 4822; x_wconf 70' lang='lat' dir='ltr'><strong>Congrega—</strong></span> 
     </span>
     <span class='ocr_line' id='line_1_108' title="bbox 2370 4820 3951 4922; baseline 0.001 -33"><span class='ocrx_word' id='word_1_610' title='bbox 2370 4822 2525 4890; x_wconf 86' lang='lat' dir='ltr'><strong>tioni</strong></span> <span class='ocrx_word' id='word_1_611' title='bbox 2574 4821 2869 4922; x_wconf 82' lang='lat' dir='ltr'><strong>exposuit</strong></span> <span class='ocrx_word' id='word_1_612' title='bbox 2913 4821 3112 4908; x_wconf 89' lang='lat' dir='ltr'><strong>quod,</strong></span> <span class='ocrx_word' id='word_1_613' title='bbox 3161 4820 3225 4885; x_wconf 83' lang='lat' dir='ltr'><strong>vi</strong></span> <span class='ocrx_word' id='word_1_614' title='bbox 3270 4820 3745 4907; x_wconf 90' lang='lat' dir='ltr'><strong>antiquissimae</strong></span> <span class='ocrx_word' id='word_1_615' title='bbox 3808 4844 3951 4890; x_wconf 87' lang='lat' dir='ltr'><strong>con·</strong></span> 
     </span>
     <span class='ocr_line' id='line_1_109' title="bbox 2364 4907 3947 5003; baseline -0.002 -25"><span class='ocrx_word' id='word_1_616' title='bbox 2364 4911 2721 4979; x_wconf 75' lang='lat' dir='ltr'><strong>suetudinis</strong></span> <span class='ocrx_word' id='word_1_617' title='bbox 2765 4928 3021 5003; x_wconf 79' lang='lat' dir='ltr'><strong>semper</strong></span> <span class='ocrx_word' id='word_1_618' title='bbox 3066 4919 3374 4994; x_wconf 80' lang='lat' dir='ltr'><strong>servatae,</strong></span> <span class='ocrx_word' id='word_1_619' title='bbox 3411 4918 3476 4975; x_wconf 91' lang='lat' dir='ltr'><strong>et</strong></span> <span class='ocrx_word' id='word_1_620' title='bbox 3507 4907 3696 4975; x_wconf 88' lang='lat' dir='ltr'><strong>modo</strong></span> <span class='ocrx_word' id='word_1_621' title='bbox 3747 4910 3947 4979; x_wconf 82' lang='lat' dir='ltr'><strong>adbuc</strong></span> 
     </span>
     <span class='ocr_line' id='line_1_110' title="bbox 2367 4996 4019 5087; baseline -0.003 -21"><span class='ocrx_word' id='word_1_622' title='bbox 2367 5000 2431 5068; x_wconf 94' lang='lat' dir='ltr'><strong>in</strong></span> <span class='ocrx_word' id='word_1_623' title='bbox 2480 4999 2957 5086; x_wconf 72' lang='lat' dir='ltr'><strong>Metropolitana</strong></span> <span class='ocrx_word' id='word_1_624' title='bbox 3002 4996 3399 5083; x_wconf 83' lang='lat' dir='ltr'><strong>Posnaniensi</strong></span> <span class='ocrx_word' id='word_1_625' title='bbox 3435 4996 3740 5084; x_wconf 73' lang='lat' dir='ltr'><strong>vigentis,</strong></span> <span class='ocrx_word' id='word_1_626' title='bbox 3776 5018 3947 5087; x_wconf 85' lang='lat' dir='ltr'><strong>prae-</strong></span> <span class='ocrx_word' id='word_1_627' title='bbox 4018 5038 4019 5061; x_wconf 57' lang='lat'>2</span> 
     </span>
     <span class='ocr_line' id='line_1_111' title="bbox 2368 5084 3948 5188; baseline -0.003 -32"><span class='ocrx_word' id='word_1_628' title='bbox 2368 5088 2656 5156; x_wconf 86' lang='lat' dir='ltr'><strong>cedentia</strong></span> <span class='ocrx_word' id='word_1_629' title='bbox 2724 5085 3019 5188; x_wconf 85' lang='lat' dir='ltr'><strong>Episcopi</strong></span> <span class='ocrx_word' id='word_1_630' title='bbox 3080 5084 3467 5171; x_wconf 80' lang='lat' dir='ltr'><strong>suffraganei</strong></span> <span class='ocrx_word' id='word_1_631' title='bbox 3515 5087 3577 5152; x_wconf 88' lang='lat' dir='ltr'><strong>in</strong></span> <span class='ocrx_word' id='word_1_632' title='bbox 3621 5084 3842 5153; x_wconf 88' lang='lat' dir='ltr'><strong>Choro</strong></span> <span class='ocrx_word' id='word_1_633' title='bbox 3893 5102 3948 5152; x_wconf 75' lang='lat' dir='ltr'><strong>et</strong></span> 
     </span>
     <span class='ocr_line' id='line_1_112' title="bbox 2369 5174 3947 5265; baseline -0.001 -22"><span class='ocrx_word' id='word_1_634' title='bbox 2369 5179 2432 5243; x_wconf 91' lang='lat' dir='ltr'><strong>in</strong></span> <span class='ocrx_word' id='word_1_635' title='bbox 2478 5175 2771 5265; x_wconf 86' lang='lat' dir='ltr'><strong>Capitulo</strong></span> <span class='ocrx_word' id='word_1_636' title='bbox 2833 5184 3084 5262; x_wconf 71' lang='lat' dir='ltr'><strong>regitur</strong></span> <span class='ocrx_word' id='word_1_637' title='bbox 3144 5192 3221 5239; x_wconf 93' lang='lat' dir='ltr'><strong>eo</strong></span> <span class='ocrx_word' id='word_1_638' title='bbox 3284 5174 3477 5240; x_wconf 90' lang='lat' dir='ltr'><strong>modo</strong></span> <span class='ocrx_word' id='word_1_639' title='bbox 3525 5174 3636 5259; x_wconf 91' lang='lat' dir='ltr'><strong>qui</strong></span> <span class='ocrx_word' id='word_1_640' title='bbox 3679 5183 3947 5242; x_wconf 78' lang='lat' dir='ltr'><strong>statutus</strong></span> 
     </span>
     <span class='ocr_line' id='line_1_113' title="bbox 2366 5259 3949 5352; baseline -0.003 -20"><span class='ocrx_word' id='word_1_641' title='bbox 2366 5264 2486 5332; x_wconf 78' lang='lat' dir='ltr'><strong>fuit</strong></span> <span class='ocrx_word' id='word_1_642' title='bbox 2518 5264 2582 5331; x_wconf 92' lang='lat' dir='ltr'><strong>in</strong></span> <span class='ocrx_word' id='word_1_643' title='bbox 2614 5262 3011 5332; x_wconf 89' lang='lat' dir='ltr'><strong>ordinatione</strong></span> <span class='ocrx_word' id='word_1_644' title='bbox 3042 5259 3359 5328; x_wconf 84' lang='lat' dir='ltr'><strong>Timothei</strong></span> <span class='ocrx_word' id='word_1_645' title='bbox 3406 5261 3766 5329; x_wconf 75' lang='lat' dir='ltr'><strong>Gorzenski</strong></span> <span class='ocrx_word' id='word_1_646' title='bbox 3810 5263 3949 5352; x_wconf 85' lang='lat' dir='ltr'><strong>Epi·</strong></span> 
     </span>
     <span class='ocr_line' id='line_1_114' title="bbox 2368 5348 3947 5440; baseline -0.002 -22"><span class='ocrx_word' id='word_1_647' title='bbox 2368 5352 2541 5439; x_wconf 90' lang='lat' dir='ltr'><strong>scopi</strong></span> <span class='ocrx_word' id='word_1_648' title='bbox 2588 5353 2959 5419; x_wconf 84' lang='lat' dir='ltr'><strong>Posnanien.</strong></span> <span class='ocrx_word' id='word_1_649' title='bbox 3010 5351 3165 5417; x_wconf 79' lang='lat' dir='ltr'><strong>facta</strong></span> <span class='ocrx_word' id='word_1_650' title='bbox 3212 5348 3278 5416; x_wconf 92' lang='lat' dir='ltr'><strong>in</strong></span> <span class='ocrx_word' id='word_1_651' title='bbox 3330 5349 3614 5437; x_wconf 73' lang='lat' dir='ltr'><strong>generali</strong></span> <span class='ocrx_word' id='word_1_652' title='bbox 3661 5352 3947 5440; x_wconf 87' lang='lat' dir='ltr'><strong>Capitulo</strong></span> 
     </span>
    </p>
   </div>
   <div class='ocr_carea' id='block_1_6' title="bbox 4016 4538 4021 5933">
    <p class='ocr_par' dir='ltr' id='par_1_23' title="bbox 4016 4538 4021 5933">
     <span class='ocr_line' id='line_1_115' title="bbox 4016 4538 4021 5933; baseline 0 0"><span class='ocrx_word' id='word_1_653' title='bbox 4016 4538 4021 5933; x_wconf 95' lang='lat' dir='ltr'><strong> </strong></span> 
     </span>
    </p>
   </div>
  </div>
 </body>
</html>
