4042 5950
1561 277 2031 368 —253—

183 439 297 509 vari
323 464 353 507 a
391 440 625 511 celebri
657 440 837 511 istius
865 440 1385 532 Metropolitanae
1413 443 1733 532 Capitulo,

182 532 342 598 cuius
466 543 713 618 rspecta
762 531 953 601 hahet
999 549 1150 619 erga
1183 532 1422 602 Sedem
1469 535 1735 620 Aposto-

181 619 347 685 licam
382 551 739 687 ffivotionis
772 631 837 688 et
866 620 1154 708 obsequii
1198 631 1594 710 argumenta.
1644 624 1734 689 Ac

177 718 523 794 pergratum
567 708 863 796 accipiet,
912 710 1262 777 conciliatis
1305 709 1550 794 animis,
1589 710 1739 799 Epi-

177 814 418 881 scopum
461 797 810 865 Titularem
863 799 1253 866 canonicum
1311 799 1511 902 Zoppi
1554 818 1737 886 prae·

179 884 449 951 cedentia
494 884 689 953 fuisse
719 887 1064 974 donatum;
1100 889 1276 974 quod
1307 890 1574 975 quidem
1603 898 1739 955 tur-

177 971 310 1038 bare
332 974 555 1059 nequit
584 975 979 1062 peculiarem
1013 975 1193 1043 istius
1217 976 1739 1064 metropolitanae

177 1061 393 1141 Ritum,
429 1082 497 1129 ac
529 1063 724 1130 decet
754 1063 1196 1150 Episcopalem
1229 1066 1638 1152 Dignitatem,
1674 1071 1738 1130 et

177 1168 307 1215 cum
329 1151 773 1235 praecedentia
796 1152 1009 1220 eidem
1037 1153 1396 1222 restitutam
1419 1155 1740 1220 conscien-

180 1237 289 1303 tiae
330 1239 639 1325 quietem,
672 1259 795 1307 nec
839 1259 966 1308 non
1012 1241 1232 1309 amissa
1265 1243 1734 1321 emolumenta;

175 1343 356 1410 quum
385 1327 521 1415 ipse
553 1329 928 1397 abstinuerit
951 1350 983 1395 a
1008 1331 1216 1397 choro
1244 1331 1490 1398 veritus
1512 1333 1736 1398 Sacrae

177 1416 677 1503 Congu-egationis
746 1418 1151 1506 perfringere
1220 1424 1484 1486 Decreta
1549 1438 1737 1505 quae,

174 1502 544 1591 ubicumque
590 1506 779 1572 floret
824 1507 1144 1576 catholica
1173 1507 1449 1594 Religio,
1481 1526 1738 1574 servan-

178 1604 269 1658 tur
307 1612 373 1659 ac
421 1595 825 1661 recoluntur.

289 1686 447 1749 Haec
496 1682 703 1749 omnia
750 1682 1150 1751 Eminentiae
1197 1687 1463 1752 Vestrae
1508 1682 1743 1773 signifi-

177 1788 305 1835 care
347 1788 450 1836 me
496 1771 802 1860 oportuit,
856 1782 925 1837 ut
970 1772 1382 1840 sacratissimi
1437 1772 1741 1861 Prmcipis

176 1860 443 1926 mandata
465 1859 853 1947 perficerem
880 1871 944 1926 et
968 1864 1192 1929 Sacrae
1223 1862 1741 1948 congregationis

174 1957 439 2014 mentem
476 1947 1044 2035 communicarem,
1081 1951 1252 2036 quod
1285 1950 1515 2017 sedulo
1546 1950 1741 2017 adim-

175 2036 342 2121 plens
382 2037 788 2103 Eminentiae
818 2040 1081 2105 Vestrae
1111 2057 1334 2106 manus
1380 2038 1739 2106 humillime

175 2125 519 2193 deosculor.

181 2265 394 2338 2⁷11.
661 2271 1210 2338 roncasrnns.
1510 2270 1736 2359 (4719)

289 2390 527 2458 Blasius
574 2392 824 2460 Lentini
874 2394 1407 2481 Archipresbyter
1452 2404 1518 2460 et
1562 2398 1743 2461 Paro-

178 2477 317 2544 chus
362 2479 697 2566 primariae
759 2483 1081 2548 Ecclesiae
1139 2487 1271 2549 Deo
1318 2483 1380 2550 in
1429 2484 1739 2550 honorem

180 2568 368 2634 Sancti
419 2569 660 2637 Nicolai
719 2571 1020 2658 Episcopi
1074 2571 1319 2638 dicatae
1376 2571 1609 2659 Oppidi
1654 2576 1742 2638 De

178 2659 394 2723 Laurea
466 2658 789 2727 Dioecesis
862 2659 1267 2727 Policastren.
1340 2661 1742 2727 considerans

178 2748 361 2832 Caput
403 2748 491 2814 de
537 2748 843 2833 Exequiis
891 2753 930 2829 ἓ
970 2751 1010 2814 15
1056 2748 1318 2817 Ritualis
1362 2748 1625 2817 Romani
1670 2768 1739 2815 ac

179 2833 642 2921 dispositionem
701 2836 993 2922 MissaliS,
1056 2837 1230 2922 quod
1287 2857 1403 2904 suo
1463 2839 1604 2905 loco
1650 2858 1742 2903 as·

177 2922 364 3010 signat
415 2925 664 2992 Missam
715 2925 779 2993 in
833 2924 939 2993 die
986 2923 1196 2994 obitus
1240 2946 1355 2995 000
1402 2926 1745 3014 depositio-

177 3012 262 3078 nis
303 3014 614 3098 defuncti,
663 3024 854 3101 atque
901 3014 1338 3104 internoscens
1365 3015 1746 3084 Rubricista·

179 3118 307 3166 rum
349 3104 638 3171 omnium
684 3103 1065 3169 sententiam
1121 3104 1537 3171 asserentium
1584 3105 1744 3171 hanc

177 3188 401 3257 Missam
467 3191 818 3258 canendam
879 3209 1055 3277 0000,
1117 3203 1191 3259 01
1252 3194 1424 3259 10000
1484 3193 1580 3259 1111
1637 3193 1742 3259 fiat

178 3276 234 3343 in
284 3278 507 3348 diebus
569 3281 743 3346 festis
802 3282 907 3346 vel
967 3282 1126 3347 ritus
1186 3280 1502 3382 duplicis;
1573 3292 1741 3349 ratus

179 3375 264 3432 est
316 3387 632 3458 pauperes
697 3369 1074 3452 defunctos,
1145 3389 1325 3456 queis
1386 3369 1555 3438 vires
1616 3391 1744 3438 non

175 3469 510 3544 suppetunt
556 3476 675 3544 pro
721 3457 1066 3526 obtinenda
1111 3459 1288 3525 Missa
1334 3459 1618 3527 Solemni
1662 3462 1745 3528 de

175 3546 469 3631 Requiem
521 3548 587 3615 in
631 3546 738 3613 die
784 3546 1224 3635 depositionis,
1259 3547 1575 3616 inferioris
1608 3567 1746 3615 esse

175 3635 543 3702 conditionis
592 3646 892 3722 respectu
937 3635 1242 3714 divitum3
1292 3649 1631 3724 propterea
1660 3655 1745 3702 00

177 3719 284 3788 1100
326 3723 638 3810 peculiari
699 3725 829 3791 ritu
877 3726 951 3791 ab
999 3725 1278 3791 Ecclesia
1337 3733 1571 3792 statuto
1616 3725 1745 3812 pri-

175 3823 429 3893 ventur;
478 3812 750 3880 concedi
795 3821 867 3880 ut
912 3832 1031 3899 pro
1085 3813 1406 3880 defunctis
1450 3813 1747 3900 pauperi-

175 3897 282 3964 bus
326 3901 502 3968 Missa
548 3919 583 3967 a
619 3899 845 3969 Rituali
879 3903 1188 3968 recensita
1217 3902 1326 3968 die
1357 3902 1744 3991 praescripta

177 3985 293 4074 legi
337 3990 529 4057 etiam
575 3990 782 4055 valeat
827 3989 892 4055 in
938 3989 1167 4057 diebus
1213 3991 1388 4057 festis
1433 3990 1537 4055 vel
1586 3991 1743 4057 ritus

175 4074 459 4163 duplicis,
515 4090 708 4164 atque
763 4078 840 4145 ad
893 4079 1012 4146 hoc
1075 4078 1398 4145 indultum
1454 4078 1743 4166 expediri

178 4165 382 4317 81110το0
405 4168 669 4234 Rituum
691 4166 1184 4254 congregationi
1210 4167 1569 4234 humillime
1600 4186 1746 4256 sup—

239 4254 446 4321 lcavit.

175 4269 212 4336 p
291 4346 368 4410 Et
414 4347 600 4411 Sacra
631 4345 890 4411 Rituum
922 4344 1371 4446 Congregatio,
1418 4344 1495 4411 ad
1542 4343 1742 4423 Quiri-

176 4429 307 4497 nale
340 4431 459 4499 sub
500 4431 893 4520 infrascripta
934 4433 1040 4499 die
1074 4451 1138 4498 m
1167 4431 1496 4499 Ordinatio
1539 4437 1742 4499 coetu

177 4518 544 4605 coadunata,
592 4520 804 4588 audita
864 4521 1175 4587 relatione
1221 4520 1298 4586 ab
1344 4519 1741 4608 infrascripto

175 4607 519 4675 Secretario
552 4607 710 4675 facta
734 4621 799 4677 et
833 4608 1130 4677 omnibus
1160 4609 1285 4675 rite
1310 4608 1744 4693 consideratis,

175 4697 539 4778 praesertim
608 4699 892 4764 Decretis
957 4718 1012 4763 0.
1069 4715 1160 4763 m.
1224 4696 1571 4765 Alexandri
1634 4700 1741 4764 Pa-

175 4799 281 4865 pae
313 4787 441 4869 vu,
477 4785 962 4853 rescribendum
994 4785 1282 4853 censuit:
1332 4806 1372 4850 ‹
1395 4786 1737 4873 Negative3

176 4880 235 4934 et
273 4883 612 4941 serventur
654 4873 965 4943 Rubricae
996 4895 1062 4939 a.
1112 4876 1319 4960 Atque
1381 4875 1461 4942 ita
1514 4874 1739 4941 rescri-

175 4958 313 5043 psit.
363 4960 479 5028 Die
531 4965 608 5028 17
655 4962 926 5048 Augusti
980 4966 1168 5032 1833.

177 5132 403 5210 2712.
759 5142 1139 5209 BOSANEN.
1513 5138 1740 5227 (4720)

295 5317 674 5385 Parochialis
721 5319 1000 5387 Ecclesia
1063 5319 1292 5409 Oppidi
1341 5319 1446 5387 cui
1505 5339 1742 5389 000100

174 5405 359 5493 vulgo
409 5407 701 5492 cuylieri
753 5408 1074 5477 Dioecesis
1130 5412 1443 5477 Bosanen.
1489 5429 1739 5494 recens,

1835 463 1999 511 anno
2032 443 2278 513 scilicet
2310 444 2504 529 1810,
2537 466 2572 512 0
2600 466 2652 512 0.
2686 465 2774 513 10.
2808 439 2917 512 Pio
2948 446 3104 533 Papa
3136 446 3241 516 VII
3274 446 3414 517 Col-

1837 531 2110 620 legiatae
2142 533 2331 601 titulo
2363 534 2660 623 insignita
2691 533 2839 601 fuit.-
2882 539 3021 621 Ipse
3054 547 3267 604 autem
3295 537 3422 605 Lit-

1841 631 2124 688 terarum
2173 621 2680 711 Apostolicarum
2736 623 3241 709 exequutionem
3300 629 3423 694 Re·

1837 710 2299 777 verendissimo
2325 716 2628 779 Bosanen.
2667 710 2981 800 Episcopo
3014 731 3133 779 ceu
3156 717 3421 801 Aposto-

1839 796 1964 864 lico
1995 798 2074 865 ad
2105 799 2225 865 hoc
2256 804 2558 885 Delegato
2591 799 2942 880 commisit;
2980 800 3092 886 qui
3126 802 3244 869 1100
3276 821 3421 890 spe-

1840 885 1976 952 ciali
2001 904 2274 954 munere
2299 888 2664 955 honestatus
2688 889 2887 976 ipsam
2907 889 3336 958 Parochialem
3356 891 3421 958 in

1839 975 2253 1062 collegiatam
2284 978 2515 1043 erexit.
2565 980 2730 1044 Dum
2769 977 2969 1046 Sacris
3002 976 3243 1046 ibidem
3272 979 3421 1068 Epi-

1840 1083 2072 1151 scopus
2116 1065 2295 1132 daret
2342 1083 2630 1152 operam,
2664 1065 2898 1133 factum
2933 1077 3053 1150 est,
3089 1077 3160 1134 ut
3191 1088 3224 1134 a
3254 1086 3418 1135 novo

1841 1153 2132 1240 Capitulo
2181 1153 2379 1220 Sedes
2428 1152 2517 1223 1111
2552 1153 2932 1222 Pontificalis
2961 1163 3027 1221 et
3060 1154 3306 1224 Solium
3338 1157 3420 1224 de

1843 1261 2023 1310 more
2056 1241 2483 1308 attolleretur.
2520 1240 2764 1310 Deinde
2796 1244 2988 1310 rebus
3016 1244 3311 1312 omnibus
3340 1246 3418 1313 ad

1843 1332 2089 1397 exitum
2139 1330 2437 1397 deductis
2490 1336 2709 1397 Bosam
2755 1331 3089 1416 remeavit,
3139 1331 3294 1419 quin
3341 1333 3422 1400 ob

1844 1420 1978 1487 eius
2025 1417 2373 1486 discessum
2418 1418 2795 1486 cathedram
2854 1418 3291 1510 Episcopalem
3346 1421 3422 1488 ab

1841 1506 2120 1575 Ecclesia
2163 1505 2512 1595 collegiata
2555 1508 2920 1595 capitulum
2966 1520 3316 1578 amoveret.
3353 1515 3421 1578 ln

1842 1597 2022 1664 cuius
2077 1594 2172 1661 rei
2228 1596 2516 1663 notitiam
2575 1597 2682 1664 ubi
2740 1608 2884 1685 post
2938 1598 3177 1685 aliquot
3227 1618 3423 1667 annos

1842 1693 2110 1752 ventum
2172 1695 2303 1768 est,
2368 1704 2713 1771 numquam
2771 1686 3019 1752 destitit
3072 1688 3425 1789 Episcopus

1840 1772 2188 1842 Canonicos
2247 1773 2426 1842 colle
2471 1773 2624 1840 iales
2681 1775 2944 1859 hortari,
2992 1775 3187 1842 immo
3233 1786 3422 1843 etiam

1844 1862 2016 1929 iussu
2048 1879 2281 1950 cogere
2312 1881 2395 1929 ne
2474 1862 2665 1930 iutius
2693 1862 2982 1930 sinerent
3011 1864 3246 1931 Sedem
3276 1864 3425 1952 Epi-

1839 1952 2164 2037 scopalem
2231 1961 2298 2016 et
2364 1951 2609 2018 Solium
2675 1952 2741 2018 in
2808 1951 3067 2019 illorum
3140 1953 3423 2022 Ecclesia

1843 2039 2154 2119 retineri;
2214 2039 2326 2107 sed
2376 2038 2654 2107 frustrat
2710 2039 3047 2127 imperanti
3107 2040 3425 2129 siquidem

1844 2129 2159 2228 Episcopo
2203 2127 2433 2194 acriter
2475 2130 2851 2195 restiterunt
2883 2128 3244 2197 dictitantes
3275 2149 3423 2198 con·

1803 2217 2279 2299 suetudinem,
2332 2217 2483 2285 licet
2527 2235 2877 2305 paucorum
2922 2235 3257 2304 annorum,
3306 2217 3424 2285 sihi

1846 2304 2091 2392 liquido
2151 2305 2498 2392 suffragari.
2559 2306 2761 2383 Quare
2819 2324 3022 2391 quum
3080 2306 3254 2373 nulla
3300 2307 3422 2374 iam

1844 2414 1990 2483 spes
2048 2393 2357 2481 Episcopo
2419 2405 2783 2480 superesset
2845 2394 3135 2463 futurum
3194 2404 3268 2460 ut
3312 2394 3424 2460 ali-

1845 2483 2099 2570 quando
2146 2483 2534 2549 reluctantes
2591 2501 2741 2550 suae
2796 2494 3094 2571 parerent
3154 2483 3424 2551 auctori-

1850 2571 1983 2655 tati,
2035 2569 2358 2639 Sardiniae
2400 2571 2606 2659 Regni
2653 2571 3079 2660 Vice-Regem
3125 2573 3191 2639 in
3237 2591 3426 2660 opem

1849 2659 2244 2748 imploravit;
2293 2660 2402 2746 qui
2464 2659 2691 2726 invitos
2749 2660 3092 2729 canonicos
3149 2660 3227 2728 ad
3274 2663 3425 2730 obe-

1844 2748 2150 2816 dientiam
2190 2747 2429 2836 adegit.
2466 2749 2721 2816 Interim
2753 2769 2908 2816 vero
2938 2751 3290 2838 Episcopus
3322 2753 3426 2819 Sa-

1846 2856 1989 2903 crae
2035 2836 2296 2903 Rituum
2342 2837 2830 2924 congregationi
2872 2839 3205 2924 sequentia
3237 2838 3427 2907 dubia

1848 2924 2181 2994 enodanda
2224 2927 2582 3014 proposuit,
2629 2935 2702 2992 ut
2748 2945 2829 2994 ex
2876 2925 3063 2994 huius
3110 2937 3287 2996 certo
3334 2927 3427 2995 iu·

1844 3014 2013 3083 dicio
2069 3015 2225 3101 quid
2286 3015 2350 3081 in
2411 3026 2738 3103 postemm
2795 3016 2913 3084 sibi
2973 3017 3293 3103 agendum
3347 3018 3428 3083 sit

1846 3103 2238 3183 innotescat;
2285 3102 2636 3170 videlicet:

1985 3196 2044 3259 1.
2095 3198 2190 3259 An
2235 3190 2618 3259 cathedram
2675 3212 2792 3259 000
2853 3192 3098 3260 Solium
3153 3191 3234 3259 oh
3282 3193 3427 3280 Epi-

1845 3281 2022 3368 scopi
2071 3282 2417 3348 adventum
2466 3281 2531 3346 in
2575 3281 2923 3369 collegiata
2969 3281 3247 3347 Ecclesia
3276 3300 3428 3348 suae

1846 3369 2166 3436 Dioecesis
2212 3380 2537 3453 erectum,
2587 3371 2698 3437 illo
2745 3388 3003 3457 quoque
3058 3370 3315 3438 absente
3362 3380 3427 3435 et

1848 3458 1913 3525 in
1956 3477 2134 3524 suam
2170 3458 2577 3526 residentiam
2612 3479 2896 3542 reverso,
2931 3457 2995 3525 in
3026 3459 3254 3526 eadem
3283 3457 3425 3525 col·

1852 3545 2079 3635 legiata
2128 3547 2406 3614 Ecclesia
2454 3548 2739 3616 retinere
2786 3546 3025 3616 liceat?

1983 3639 2052 3701 2.
2098 3638 2267 3703 Num
2314 3635 2378 3702 in
2423 3636 2710 3704 adductis
2753 3655 2972 3704 rerum
3021 3635 3427 3703 circumstan-

1847 3721 1949 3788 tiis
1998 3723 2082 3788 ob
2126 3724 2659 3792 consuetudinem
2717 3725 3035 3813 generalis
3087 3724 3195 3791 lex
3242 3722 3425 3792 alicui

1851 3812 2218 3900 exceptioni
2266 3810 2689 3880 subiiciatur?

1978 3904 2061 3967 Et
2127 3904 2313 3969 Sacra
2378 3900 2637 3968 Rituum
2705 3902 3126 3990 congregatio
3193 3902 3258 3970 in
3319 3905 3431 3969 Or-

1844 3988 2087 4057 dinario
2134 3993 2335 4059 coetu
2395 3991 2472 4058 ad
2519 3990 2888 4066 Vaticanum
2943 3991 3063 4058 sub
3118 3989 3431 4058 infrascri-

1850 4086 1955 4167 pta
2021 4077 2131 4145 die
2200 4080 2583 4163 coadunata,
2659 4077 2995 4168 perpensis
3063 4078 3430 4165 libratisque

1847 4165 2178 4251 omnibus,
2239 4167 2616 4254 praesertim
2664 4168 2739 4233 iis
2798 4187 2961 4254 quae
3026 4167 3146 4233 iam
3203 4166 3434 4234 sancita

1847 4257 2032 4323 fuere
2080 4275 2200 4344 per
2240 4258 2504 4322 Decreta
2550 4257 2615 4323 in
2673 4256 2986 4343 Ugentina
3030 4253 3151 4321 sub
3197 4256 3301 4322 die
3347 4259 3432 4324 23

1847 4344 1987 4411 10111
2050 4347 2212 4411 1661
2275 4354 2340 4409 et
2400 4343 2465 4410 10
2523 4344 2790 4411 Naulen.
2855 4343 2975 4411 suh
3037 4342 3141 4410 die
3207 4346 3284 4410 11
3332 4349 3431 4411 10-

1848 4433 1917 4501 111
1996 4436 2214 4515 1711,
2295 4431 2611 4518 exquisito
2685 4433 2873 4499 etiam
2945 4442 3095 4501 voto
3169 4432 3429 4499 alterius

1809 4542 1928 4596 .ex
1973 4521 2477 4611 Apostolicarum
2524 4520 3084 4589 caeremoniarum
3127 4520 3432 4607 Magistris

1845 4609 2101 4697 scriptis
2176 4609 2432 4677 reddito
2500 4609 2848 4697 praeloque
2917 4628 3114 4695 cuso,
3185 4611 3261 4676 ad
3331 4627 3430 4675 re-

1849 4698 2152 4766 lationem
2216 4697 2707 4765 Eminentissimi
2772 4709 2839 4763 et
2896 4695 3429 4765 Reverendissimi

1845 4790 2028 4853 Dom.
2095 4786 2437 4854 cardinalis
2500 4791 2577 4854 D.
2638 4785 2871 4853 Placidi
2940 4787 3123 4854 Zurla
3192 4790 3432 4853 Ponen-

1846 4875 1967 4958 110,
2038 4874 2560 4962 respondendum
2629 4875 2925 4942 censuit:
2993 4896 3031 4941 ‹
3075 4880 3254 4943 quta
3320 4893 3432 4940 vo·

1848 4973 1987 5029 tum
2056 4963 2330 5051 Magistri
2399 4963 3005 5044 caeremoniarum;
3075 4962 3429 5046 nimirum:

1846 5052 1923 5119 ad
1971 5051 2292 5139 primum,
2341 5051 2695 5138 Negative3
2754 5053 2831 5119 ad
2875 5052 3231 5122 secundum
3253 5104 3271 5141 ,
3316 5053 3431 5118 Le-

1846 5159 1996 5240 gem
2034 5140 2414 5244 ‘generalem
2457 5140 2524 5207 in
2568 5159 2716 5207 casu
2760 5141 2923 5208 nulli
2967 5141 3189 5210 subiici
3244 5159 3432 5210 exce·

1922 5248 2052 5297 roni
2084 5251 2149 5295 ».

1849 5239 1918 5320 μ
1975 5321 2059 5385 Et
2106 5320 2188 5386 ita
2233 5318 2528 5388 decrevit
2565 5328 2631 5385 et
2666 5318 2905 5388 servari
2938 5319 3287 5389 mandavit.
3320 5319 3433 5386 Die

1849 5413 1935 5477 26
1968 5406 2204 5495 Aprilis
2243 5412 2438 5477 1834.
