4042 5950
1983 272 2537 349 ·-212-

665 443 1122 521 componentes
1144 432 1574 518 magistratum
1605 439 1925 516 tamquam
1955 431 2240 512 Praeses,

666 535 740 590 ut
786 520 1227 589 consideratur
1271 520 1337 586 in
1383 517 1520 584 aliis
1568 516 1880 605 negotiis?

803 611 906 677 10·.
959 610 1053 674 An
1099 608 1231 674 duo
1278 606 1400 673 soli
1444 608 1526 673 de
1573 606 1936 692 magistratu
1968 605 2246 672 interve-

664 699 805 766 nire
849 697 1168 774 debeant;
1216 696 1321 760 vel
1356 694 1646 782 suppleri
1683 693 1881 781 possit
1913 713 1982 759 ac
2012 693 2247 761 debeat

663 807 784 873 per
828 785 1021 856 alium
1067 782 1278 850 virum
1328 779 1777 849 consularem?

791 877 874 940 Et
919 876 988 941 8.
1013 876 1082 939 R.
1104 875 1207 957 C.,
1243 890 1315 939 re
1348 881 1594 937 mature
1626 869 2110 958 diligenterque
2148 869 2244 938 di-

661 982 901 1044 scussa,
937 972 1003 1028 et
1039 961 1251 1027 audita
1300 959 1479 1047 prius
1522 959 1838 1025 sententia
1869 958 2135 1025 alterius
2169 978 2246 1026 ex

660 1049 1163 1138 Apostolicarum
1187 1047 1742 1114 caeremoniarum
1766 1046 2075 1132 Magistris
2093 1047 2247 1113 scri-

661 1138 787 1224 ptis
829 1136 1078 1204 reddita
1126 1139 1474 1223 praeloque
1520 1153 1690 1218 cusa„
1740 1134 1817 1202 ad
1866 1134 2244 1202 relationem

663 1225 799 1292 Emi
848 1238 911 1292 et
942 1224 1080 1292 Rmi
1114 1223 1362 1291 Domini
1395 1223 1585 1290 card.
1625 1222 1887 1311 Serlupi
1917 1222 2243 1309 Ponentis,

660 1313 1187 1401 respondendum
1239 1311 1530 1378 censuit:
1792 1368 1803 1376 .

791 1402 886 1469 Ad
940 1405 1000 1466 1.
1050 1420 1088 1464 α
1121 1398 1540 1481 Affirmative,
1572 1397 1928 1465 dummodo
1976 1399 2043 1465 in
2091 1399 2246 1468 locis

658 1488 975 1556 Dioecesis
1019 1487 1237 1554 nullus
1268 1487 1635 1575 reperiatur
1666 1486 1996 1573 legitimus
2042 1491 2250 1554 Patro-

660 1596 779 1644 nus
825 1574 1199 1664 principalis
1231 1596 1294 1641 ι.

788 1666 884 1731 Ad
931 1668 995 1729 2.
1047 1684 1085 1728 ⁴:
1120 1667 1245 1729 lam
1289 1663 1623 1749 provisum
1669 1664 1731 1729 in
1780 1665 1989 1752 primo
2025 1685 2089 1730 ιν.

788 1751 884 1819 Ad
921 1756 984 1820 3.
1020 1772 1059 1815 ‹
1091 1752 1430 1837 Negative,
1467 1750 1714 1817 etiamsi
1737 1753 2023 1820 Officium
2059 1756 2245 1819 Bmae

657 1839 882 1907 Mariae
929 1839 1206 1927 Virginis
1250 1839 1618 1907 celebretur
1659 1841 1779 1906 sub
1827 1840 1956 1908 ritu
2000 1840 2247 1929 duplici

657 1929 903 2017 primae
937 1928 1152 1994 classis
1199 1947 1347 1994 cum
1392 1939 1611 1995 octava
1647 1949 1710 1994 r.

787 2017 883 2084 Ad
930 2019 997 2082 4.
1046 2035 1084 2079 α
1118 2016 1452 2103 Negamus,
1498 2017 1578 2084 ad
1626 2017 1896 2103 primam
1953 2027 2240 2105 partem3

656 2103 1071 2188 Affirmative,
1121 2104 1199 2170 ad
1233 2105 1622 2172 secundam:
1673 2115 1740 2170 et
1773 2107 2244 2173 consulendum

655 2196 849 2262 SSmo
897 2212 1011 2281 pro
1059 2192 1457 2260 absolutione
1498 2194 1729 2276 ¹quoad
1791 2194 2244 2281 praeteritum,

655 2291 721 2350 et
782 2280 1199 2368 exemptione
1259 2281 1468 2368 quoad
1532 2280 1862 2366 futurum,
1930 2293 2245 2369 quatenus

657 2389 694 2435 o
745 2388 819 2435 us
866 2370 1045 2435 sit».

697 2387 742 2456 p
786 2457 882 2524 Ad
931 2462 994 2525 5.
1045 2478 1084 2521 ‹
1120 2455 1552 2541 Affirmative3
1605 2466 1671 2522 et
1717 2458 2021 2544 compelli
2056 2477 2242 2544 posse

652 2546 1081 2632 magistratum
1130 2544 1437 2612 remediis
1481 2564 1515 2609 a
1562 2548 1703 2611 lure
1752 2546 2004 2612 statutis
2037 2568 2098 2613 a·

783 2634 881 2701 Ad
915 2638 980 2700 6.
1017 2653 1055 2697 α
1089 2632 1514 2715 Affirmative,
1547 2632 1625 2697 ad
1660 2633 1928 2720 primam
1963 2645 2238 2721 partem;

650 2720 988 2808 Negative,
1036 2721 1113 2787 ad
1164 2721 1510 2788 secundam
1544 2741 1608 2786 s.

781 2808 880 2875 Ad
930 2812 993 2874 7.
1031 2818 1096 2875 et
1129 2811 1193 2874 8.
1239 2827 1277 2871 ⁴1
1312 2810 1437 2873 lam
1464 2808 1793 2898 provisum
1826 2810 1892 2878 in
1923 2810 2147 2897 quinto
2174 2831 2236 2876 ιν.

787 2897 884 2964 Ad
930 2899 1003 2964 0.
1050 2916 1088 2960 α
1121 2895 1517 2963 Affirmative
1559 2919 1620 2961 ».

780 2988 875 3053 Ad
931 2989 1037 3055 10.
1084 3006 1122 3050 α
1160 2985 1580 3069 Affirmative,
1630 2985 1705 3052 ad
1761 2986 2036 3074 primam
2097 3006 2238 3074 par·

650 3085 821 3160 tem;
869 3074 1203 3160 Negative,
1250 3073 1328 3139 ad
1375 3074 1725 3140 secundam
1760 3097 1824 3140 ιι.

778 3163 987 3249 Atque
1035 3163 1116 3228 ita
1164 3162 1458 3230 decrevit
1505 3172 1571 3228 et
1614 3162 1856 3229 servari
1886 3164 2234 3231 mandavit.

650 3250 761 3317 Die
807 3254 848 3317 5
896 3249 1096 3317 Martii
1152 3253 1349 3317 1825.

776 3341 958 3405 Facta
989 3348 1207 3404 autem
1238 3338 1322 3405 de
1354 3338 1719 3423 praemissis
1748 3338 2044 3406 omnibus
2088 3343 2237 3407 San-

646 3427 929 3493 ctissimo
962 3426 1230 3492 Domino
1256 3426 1482 3491 Nostro
1507 3428 1699 3494 Leoni
1726 3429 1834 3493 xll
1858 3430 2041 3494 Pont.
2071 3432 2233 3495 Max.

645 3531 766 3599 per
792 3513 1259 3601 infrascriptum
1280 3515 1709 3582 Secretarium
1737 3515 2074 3598 relatione,
2094 3519 2238 3584 San·

646 3599 827 3666 ctitas
858 3603 977 3668 Sua
1004 3603 1227 3667 Sacrae
1251 3601 1775 3689 congregationis
1800 3621 2100 3690 responsa
2129 3624 2235 3692 ap·

643 3687 937 3773 probavit
996 3688 1345 3774 annuitque
1400 3708 1514 3776 pro
1568 3690 1962 3757 absolutione
2025 3693 2232 3777 quoad

646 3775 1096 3861 praeteritum,
1148 3785 1214 3840 et
1259 3786 1571 3860 quatenus
1627 3796 1787 3862 opus
1846 3776 1952 3861 sit,
2014 3798 2232 3846 exem-

644 3861 865 3949 ptione
911 3864 1118 3949 quoad
1167 3862 1484 3941 futurum3
1533 3874 1752 3949 atque,
1799 3874 1872 3932 ut
1917 3865 1993 3931 ab
2034 3869 2234 3934 omni-

642 3950 761 4017 bus
804 3959 1125 4033 servetur,
1190 3954 1533 4018 Decretum
1592 3953 1876 4038 desuper
1936 3956 2232 4042 expediri

640 4037 853 4105 iussit.
903 4037 1014 4104 Die
1062 4044 1105 4106 8
1151 4039 1349 4104 Martii
1405 4043 1601 4108 1825.

646 4180 907 4255 2639.
1312 4183 1566 4250 uasis,
1996 4182 2225 4271 (teis)

772 4304 1166 4373 Humillimas
1211 4305 1767 4372 caeremoniarum
1816 4306 2090 4394 Magistri
2122 4311 2227 4374 Pa-

639 4392 990 4471 triarchalis
1020 4392 1318 4459 Basilicas
1357 4393 1790 4462 Lateranensis
1820 4414 2049 4483 preces
2081 4415 2227 4484 por·

642 4491 951 4548 rexerunt
998 4481 1404 4547 sanctissimo
1460 4482 1726 4548 Domino
1787 4486 2014 4550 Nostro
2069 4488 2225 4552 Leo·

640 4568 704 4637 ni
752 4571 857 4637 111
904 4567 1190 4635 Pontifici
1252 4570 1556 4652 Maximo,
1620 4572 2017 4657 postulantes
2072 4593 2226 4641 non-

639 4658 864 4740 nullas,
890 4657 1334 4742 ampliationes
1376 4658 1861 4747 privilegiorum
1908 4671 2031 4726 tam
2065 4661 2227 4731 iutra

640 4763 829 4831 quam
886 4755 1063 4810 extra
1124 4746 1474 4813 Ecclesiam
1563 4748 1829 4814 dum-in
1874 4750 2224 4817 Ordinatio·

640 4831 826 4901 nibus
875 4842 939 4899 et
986 4833 1429 4901 ecclesiasticis
1481 4797 1914 4903 functionibus
1966 4839 2225 4924 quibus·

640 4938 940 5006 cumque,
975 4940 1046 4986 ac
1092 4921 1279 4988 etiam
1324 4920 1395 4987 in
1440 4923 1971 5010 processionibus,
2019 4929 2220 4994 Reve-

637 5007 1017 5093 rendissimo
1071 5009 1340 5076 Domino
1388 5011 1701 5079 cardinali
1744 5010 1929 5078 Urbis
1977 5013 2224 5081 Vicario

639 5094 907 5180 eiusque
954 5095 1397 5181 Vicesgerenti
1443 5100 1546 5165 vel
1580 5099 1765 5165 alicui
1814 5118 1892 5165 ex
1928 5101 2220 5168 eiusdem

639 5180 1074 5247 Patriarchalis
1135 5184 1463 5251 Canonicis
1522 5186 1833 5273 Episcopo
1886 5189 2218 5269 assistunt3

640 5269 723 5335 ita
754 5278 827 5335 ut
873 5269 938 5336 in
980 5270 1268 5337 omnibus
1315 5274 1865 5341 caeremoniarum
1914 5276 2221 5362 magistris

637 5355 995 5433 sanctitatis
1051 5360 1213 5427 Suae
1274 5378 1346 5427 ac
1408 5361 1472 5425 S.
1522 5360 1702 5426 Sedis
1761 5362 1825 5428 in
1883 5372 2215 5448 posterum

2344 426 2738 515 aequiparari
2782 427 3096 495 valerent.
3144 430 3307 507 Quas
3336 447 3487 496 sane
3519 446 3754 518 preces
3781 432 3920 497 Sau-

2349 515 2661 583 ctissimus
2713 516 3014 603 Princeps
3066 519 3290 584 Sacrae
3343 518 3605 585 Rituum
3656 520 3923 603 Congre-

2348 603 2582 689 gationi
2643 606 3105 705 expendendas
3163 604 3434 672 remisit.
3497 610 3666 672 Haec
3723 617 3920 672 autem

2348 694 2413 759 in
2456 690 2787 760 ordinario
2842 695 3177 761 conventu
3232 693 3445 761 habito
3490 694 3602 761 die
3653 698 3696 759 5
3741 693 3922 760 Martii

2347 780 2687 865 currentis,
2723 790 2973 848 mature
3019 782 3355 869 perpensis
3383 782 3460 848 iis
3491 801 3659 869 quae
3698 781 3766 848 in
3791 799 3922 866 sup·

2347 866 2502 955 plici
2559 867 2809 936 Libello
2873 872 3382 955 exponebantur,
3433 871 3799 957 auditisque
3840 889 3923 934 ra-

2348 959 2596 1023 tionum
2651 957 2992 1025 momentis
3035 977 3197 1043 quae
3246 976 3325 1024 ex
3371 968 3553 1045 parte
3617 958 3923 1045 Magistro-

2345 1063 2491 1111 rum
2523 1043 3078 1112 caeremoniarum
3125 1047 3481 1113 sanctitatis
3520 1049 3692 1113 Suae
3723 1045 3923 1112 affere-

2348 1133 2578 1199 bantur
2636 1134 2738 1200 vel
2795 1134 3086 1221 petitioni
3145 1134 3461 1201 adversari
3521 1134 3920 1215 videbantur,

2348 1223 2426 1292 ad
2473 1221 2853 1288 relationem
2897 1220 3064 1287 Emi·
3087 1232 3152 1288 et
3183 1223 3324 1289 Rmi
3355 1226 3432 1290 D.
3465 1223 3661 1290 Card.
3696 1221 3921 1288 Galleffi

2348 1306 2669 1392 PonentiS,
2704 1309 3190 1377 rescribendum
3223 1311 3502 1379 censuit:
3539 1331 3577 1375 α
3609 1315 3679 1377 ln
3711 1307 3925 1378 decisis

2348 1399 2469 1465 sub
2515 1398 2622 1466 die
2660 1401 2736 1465 17
2771 1397 3166 1485 Septembris
3205 1401 3395 1484 1822,
3423 1400 3487 1467 in
3521 1398 3924 1487 responsione

2348 1486 2426 1552 ad
2473 1484 2744 1553 dubium
2800 1488 2876 1553 13
2909 1508 2972 1550 ».
3022 1488 3133 1552 Die
3181 1492 3222 1554 5
3266 1486 3466 1554 Martii
3517 1490 3717 1554 1825.

2481 1578 2659 1640 Facta
2691 1583 2908 1640 autem
2939 1574 3020 1642 de
3050 1575 3411 1660 praemissis
3441 1576 3638 1643 SSmo
3673 1573 3921 1641 Domino

2347 1666 2576 1729 Nostro
2622 1662 2815 1730 Leoni
2862 1665 2971 1729 xil
3016 1667 3197 1729 Pont.
3249 1666 3408 1729 Max.
3459 1663 3778 1731 relatione
3822 1681 3924 1750 per

2349 1749 2823 1835 infrascriptum
2884 1752 3350 1835 secretarium,
3399 1753 3714 1820 Sanctitas
3775 1753 3920 1816 Suaz

2345 1858 2383 1902 α
2409 1840 2635 1904 Sacrae
2662 1839 3187 1927 congregationis
3211 1842 3620 1925 Rescriptum
3646 1840 3713 1907 in
3737 1839 3923 1906 omni·

2349 1926 2465 1992 bus
2520 1926 2892 2011 approbavit
2939 1939 3004 1994 et
3064 1927 3503 2012 confirmavit,
3561 1949 3636 1995 ac
3691 1928 3923 1995 similes

2347 2033 2575 2102 preces
2603 2014 2877 2100 amplius
2907 2015 2971 2082 in
3005 2027 3331 2103 posterum
3372 2015 3784 2104 recipiendas
3810 2035 3921 2081 non

2349 2120 2488 2169 esse
2533 2103 2946 2170 mandavit».
2997 2105 3110 2170 Die
3157 2110 3199 2174 8
3245 2104 3443 2171 Martii
3496 2109 3699 2173 1825.

2352 2243 2617 2317 2640.
2903 2248 3371 2315 NssrroNEN.
3706 2249 3919 2339 (4614)

2477 2369 2769 2437 Pluribus
2815 2370 3273 2457 praerogativis
3317 2383 3383 2438 et
3429 2372 3922 2442 honorificentiis

2346 2478 2379 2523 a
2428 2470 2749 2547 tempore,
2776 2458 2956 2524 cuius
3002 2458 3164 2524 initii
3210 2460 3520 2527 memoria
3564 2480 3702 2527 non
3735 2470 3918 2536 extat,

2344 2547 2537 2614 fuisse
2585 2546 2822 2634 potitos
2850 2546 3455 2634 Archipresbyteros
3487 2568 3604 2637 pro
3635 2559 3924 2639 tempore

2344 2635 2733 2722 collegiatae
2765 2634 3090 2702 Ecclesiae
3122 2640 3194 2704 Β.
3227 2639 3310 2703 Μ.
3349 2639 3429 2705 V.
3476 2638 3553 2705 ad
3585 2638 3786 2704 Nives
3813 2641 3922 2722 Op·

2345 2724 2479 2813 pidi
2507 2723 2838 2811 Cupertini
2865 2724 3186 2808 quondam
3218 2724 3493 2811 Nullius,
3520 2745 3697 2792 nnnc
3722 2735 3920 2793 autem

2343 2812 2720 2879 Neritonen.
2801 2811 3159 2897 Dioecesis,
3210 2813 3698 2880 evidentissime
3758 2814 3916 2881 evin·

2342 2912 2496 2967 cunt
2539 2897 2789 2965 Literae
2838 2900 2901 2965 in
2949 2899 3151 2966 forma
3181 2903 3402 2969 Brevis
3425 2922 3479 2968 s.
3506 2921 3595 2968 m.
3632 2905 3918 2970 Clemen-

2343 2990 2423 3055 tis
2470 2991 2549 3055 Xl
2594 2987 2706 3054 die
2753 2991 2837 3055 29
2882 2990 3254 3057 Decembris
3284 2991 3428 3058 anni
3464 2994 3659 3075 1713,
3699 2991 3916 3078 quibus

2339 3088 2493 3144 tunc
2541 3075 2853 3162 temporis
2895 3077 3469 3167 Archipresbytero
3533 3080 3638 3146 illa
3704 3078 3916 3148 confir-

2283 3170 2291 3178 '
2342 3166 2699 3233 mabantur.
2751 3165 3017 3251 Vulgata
3066 3184 3219 3232 vero
3272 3185 3392 3252 per
3432 3189 3486 3233 s.
3536 3186 3626 3234 m.
3679 3166 3919 3236 Pontifi-

2338 3272 2480 3320 cem
2529 3252 2708 3318 Pium
2755 3256 2860 3320 Vll
2907 3254 3407 3322 Constitutione:
3456 3256 3642 3322 Decet
3705 3258 3916 3322 Roma·

2339 3361 2453 3407 nos
2497 3341 2872 3427 Pontifices,
2924 3358 3045 3425 qua
3114 3342 3190 3408 ad
3241 3343 3701 3433 praescriptum
3750 3362 3917 3411 cano-

2338 3432 2624 3496 nicarum
2679 3428 3078 3497 sanctionum
3152 3431 3399 3497 indulta
3475 3431 3806 3518 quaelibet
3862 3442 3916 3496 et

2336 3517 2678 3605 privilegia
2724 3527 2904 3584 erant
2960 3518 3355 3585 revocanda:
3428 3520 3769 3587 arbitratus
3833 3530 3915 3586 est

2337 3606 2935 3673 Reverendissimus
2958 3605 3492 3694 Archiepiscopus
3515 3607 3912 3688 Neritoneu.,

2336 3694 2526 3761 huius
2570 3693 2819 3780 vigore,
2867 3691 3181 3761 hodierno
3230 3695 3422 3763 etiam
3463 3697 3914 3784 Archipresby·

2337 3793 2476 3848 tero
2523 3780 2600 3847 ab
2645 3781 2899 3848 assertis
2947 3782 3192 3848 iuribus
3237 3781 3717 3869 abstinendum,
3749 3785 3914 3852 cuius

2335 3888 2484 3936 sane
2532 3870 2703 3936 iussu
2753 3869 3065 3941 facessere
3101 3868 3201 3936 hic
3233 3870 3407 3938 illico
3438 3874 3713 3940 studuit.
3763 3874 3913 3949 Quo·

2335 3957 2503 4024 niam
2535 3977 2719 4042 vero,
2748 3976 2830 4024 ne
2863 3958 3159 4041 cuiquam
3191 3960 3656 4046 praeiudicium
3701 3957 3911 4028 inferri

2335 4046 2696 4129 videretur,
2744 4055 3000 4112 cautum
3049 4046 3171 4112 luit
3216 4048 3281 4114 in
3329 4047 3573 4116 laudata
3608 4049 3910 4118 Constitu-

2334 4132 2548 4217 tione,
2597 4144 2671 4200 ut
2728 4132 2894 4219 siqui
2953 4135 3366 4223 amplioribus
3424 4137 3786 4226 privilegiis
3848 4153 3907 4200 se

2332 4222 2666 4289 decoratos
2726 4221 3220 4308 arbitrarentur,
3272 4222 3428 4292 haec
3483 4225 3561 4292 ad
3611 4229 3676 4294 S.
3725 4229 3802 4316 P«.
3842 4228 3908 4291 C.

2331 4310 2736 4378 deducerent
2781 4311 3277 4397 perpendenda;
3343 4313 3488 4381 hinc
3550 4314 3909 4383 Vincentius

2333 4398 2596 4465 Maritati
2645 4398 3180 4486 Archipresbyter
3226 4402 3644 4489 Cupertinus,
3687 4423 3772 4472 ne
3800 4401 3908 4471 sibi

2332 4496 2397 4553 et
2441 4482 2919 4553 successoribus
2964 4505 3085 4573 pro
3131 4500 3424 4575 tempore
3453 4491 3909 4579 Archipresby·

2330 4575 2487 4641 teris
2532 4577 2600 4642 S.
2633 4576 2859 4640 Mariae
2906 4574 2982 4641 ad
3046 4575 3237 4643 Nives
3292 4578 3522 4666 Oppidi
3580 4577 3904 4666 Cupertiui

2328 4663 2705 4729 Neritonen.
2755 4661 3076 4730 Dioecesis
3122 4682 3204 4729 ex
3236 4668 3704 4751 acquiescentia
3740 4686 3904 4756 prae-

2330 4751 2639 4820 iudicium
2668 4751 2928 4837 aliquod
2973 4752 3303 4838 inferatur,
3340 4753 3641 4822 exhibitis
3670 4756 3904 4824 iuribus

2328 4856 2491 4925 quae
2537 4838 2752 4905 favere
2802 4851 3100 4927 possunt,
3150 4843 3401 4909 Sacram
3463 4844 3902 4933 congregatio·

2328 4944 2479 4993 nem
2527 4928 2774 5014 rogavit
2806 4945 2923 5012 pro
2954 4930 3462 5014 manutentione,
3497 4942 3562 4998 et
3602 4947 3901 5019 quatenus

2326 5033 2489 5116 opus
2536 5015 2727 5102 foret,
2775 5033 2896 5101 pro
2944 5034 3103 5082 nova
3148 5018 3635 5107 privilegiorum
3685 5021 3900 5090 confir·

2325 5114 2631 5170 matrone.

2459 5194 2538 5255 Et
2586 5194 2807 5260 eadem
2859 5196 2925 5260 S.
2961 5198 3037 5261 R.
3073 5198 3176 5280 C.,
3210 5198 3687 5284 praerequisitis
3727 5197 3896 5266 ratio·

2327 5297 2481 5346 num
2517 5280 2860 5347 momentis
2906 5283 3072 5349 serio
3121 5283 3598 5372 diligenterque
3629 5304 3892 5376 perpen-

2321 5366 2431 5450 sis,
2465 5385 2537 5432 ac
2581 5366 2906 5435 referente
2941 5373 3196 5438 Emo-et
3227 5376 3385 5439 nmo
3417 5375 3689 5442 Domino
3720 5373 3890 5444 card.
