4042 5950
572 3645 581 3656 ·
677 3597 807 3666 ulla
833 3616 867 3661 e

2077 289 2490 367 -36-

806 455 901 555 ad
950 459 1015 520 4.
1066 475 1103 517 ι
1137 450 1561 534 Affirmative,
1625 448 1709 515 de
1774 445 2028 514 licentia
2104 444 2248 530 Epi·

675 561 852 628 scopi
884 564 947 607 ι».

805 631 901 697 Ad
949 633 1101 695 5.·‹
1132 625 1566 710 Affirmative,
1635 626 1716 692 de
1786 621 2038 689 licentia
2099 621 2245 706 Epi·
2300 626 2309 639 '

673 736 779 783 sco
831 737 848 780 ι
882 738 947 781 ».

782 735 899 869 1'Ad
946 808 1013 869 6.
1064 824 1105 867 ι
1134 802 1394 886 Licere,
1443 802 1526 869 de
1589 800 1839 866 licentia
1909 795 2245 883 Episcopi,

677 902 742 956 et
786 891 861 956 ad
911 900 1236 973 mentem;
1273 900 1337 955 et
1367 908 1545 954 mens
1576 897 1772 953 estut
1819 884 2069 951 licentia
2101 902 2247 949 con-

675 979 940 1045 cedatur
973 998 1037 1043 ».
1270 1034 1277 1045 .

805 1065 900 1131 Ad
949 1068 1015 1131 7.
1065 1086 1102 1128 ι
1136 1065 1467 1151 Negative,
1492 1062 1699 1148 quoad
1724 1060 2110 1135 Parochum3
2145 1058 2247 1127 Af-

676 1152 1017 1238 firmative,
1063 1153 1270 1238 quoad
1317 1151 1779 1238 Cappellanum
1812 1170 1875 1213 s.

804 1246 885 1307 Et
938 1242 1022 1306 ita
1082 1239 1426 1306 declaravit
1486 1257 1554 1303 ac
1609 1237 1847 1304 servari
1903 1234 2243 1301 mandavit.

674 1328 786 1395 Die
838 1333 915 1394 13
962 1327 1098 1392 Maii
1151 1330 1345 1393 1719.

677 1468 933 1538 2264.
1280 1468 1685 1532 rsRusmA.
2018 1464 2243 1552 (3929)

806 1597 921 1658 Pro
953 1589 1380 1657 declaratione
1413 1588 1589 1655 dubii
1619 1588 1780 1654 circa
1815 1589 2075 1654 modum
2102 1606 2248 1653 con-

677 1678 949 1747 cedendi
982 1678 1271 1745 licentias
1315 1677 1711 1763 cappellanis
1756 1674 2245 1742 confraternita-

675 1779 816 1833 tum
860 1764 1160 1833 audiendi
1207 1763 1672 1847 confessioneS,

806 1857 872 1920 S.
907 1857 982 1919 R.
1018 1855 1086 1918 C.
1140 1851 1493 1918 mandavit:
1526 1872 1563 1914 ι
1589 1851 1915 1917 scribatur
1940 1849 2246 1936 Episcopo

678 1941 849 2007 iuxta
894 1952 1221 2026 mentem,
1286 1948 1350 2004 et
1407 1958 1587 2005 mens
1647 1951 1780 2023 est,
1831 1938 2002 2024 quod
2065 1937 2251 2002 absti-

677 2040 821 2095 neat
880 2028 944 2093 in
1001 2038 1329 2115 posterum
1387 2048 1419 2091 a
1488 2027 1916 2093 concedendis
1976 2024 2248 2091 licentiis

678 2115 972 2182 audiendi
1029 2114 1455 2205 confessiones
1501 2133 1646 2180 cnm
1693 2115 1993 2195 clausula,
2050 2113 2120 2178 de
2166 2114 2245 2178 li·

679 2205 892 2270 contia
937 2203 1214 2269 Paroclti
1244 2224 1305 2267 ν.
1356 2200 1468 2266 Ι)16
1520 2205 1597 2267 13
1646 2200 1782 2267 Maii
1834 2204 2023 2268 1719.

685 2376 942 2446 2265.
1028 2390 1039 2395 ·
1327 2376 1635 2443 motas.
2020 2373 2246 2459 (assa)

808 2553 971 2618 cum
1016 2567 1218 2633 usque
1265 2549 1341 2615 ab
1386 2566 1548 2614 anno
1599 2551 1790 2629 1663,
1861 2546 2248 2633 subsequuta

677 2657 842 2706 anno
894 2636 1059 2703 1669
1112 2635 1423 2703 ordinarii
1476 2634 1963 2723 approbatione,
2022 2636 2084 2700 in
2133 2640 2248 2702 Ec-

678 2724 868 2791 clesia
935 2721 1277 2809 parochiali
1341 2725 1407 2789 S.
1470 2721 1670 2791 lacobi
1737 2722 2022 2807 Apostoli
2085 2723 2251 2793 Civi-

679 2811 819 2878 tatis
863 2808 1132 2877 lmolen.
1181 2820 1390 2875 erecta
1437 2809 1631 2875 fuerit
1685 2810 2105 2896 congregatio
2166 2814 2247 2878 72

678 2898 1093 2965 Sacerdotum
1167 2898 1593 2963 Saecularium
1663 2898 1782 2964 sub
1850 2897 2248 2964 invocatione

618 2997 629 3004 ’
677 2990 745 3054 S.
779 2984 1054 3082 Philippi
1100 2983 1295 3070 Nerii,
1331 2986 1440 3070 qui
1473 2996 1637 3052 cotta
1669 2997 1733 3051 et
1762 2985 1967 3052 bireto
2012 2985 2244 3069 induti,

676 3094 795 3163 per
841 3074 1102 3141 modum
1147 3071 1452 3158 simplicis
1501 3074 1749 3140 unionis
1794 3093 1909 3159 pro
1935 3090 2246 3159 peragen-

677 3162 772 3230 dis
831 3160 1444 3249 congregationibus
1513 3175 1577 3227 et
1643 3161 2018 3227 solemniter
2078 3163 2246 3228 cele-

676 3249 909 3316 branda
952 3248 1316 3317 Festivitate
1365 3268 1589 3316 eorum
1638 3254 1706 3317 S.
1754 3249 2136 3315 Protectoris
2181 3250 2245 3315 in

678 3337 905 3404 eadem
952 3337 1233 3403 Ecclesia
1265 3347 1760 3424 congregantur,
1791 3348 1855 3402 et
1901 3336 2074 3403 iuxta
2106 3357 2247 3424 pro·

679 3423 891 3513 prium
936 3424 1299 3491 Institutum
1346 3423 1499 3491 inibi
1543 3424 1754 3491 Officia
1810 3435 1872 3490 et
1930 3424 2137 3491 Missas
2181 3424 2246 3490 in

675 3510 1045 3664 suffragium
1093 3510 1481 3577 confratrum
1513 3511 1965 3578 defunctorum
2011 3512 2247 3596 absque

900 3616 1273 3685 eemosynae
1298 3599 1664 3684 receptione
1688 3617 1944 3684 semper
1967 3597 2247 3665 celebra·

676 3695 860 3768 runt;
914 3694 978 3749 et
1026 3684 1352 3751 occasione
1398 3684 1819 3752 associationis
1864 3687 2246 3754 cadaverum

678 3772 1080 3842 confratrum
1150 3771 1438 3840 eiusdem
1501 3771 2039 3840 confraternitatis
2103 3794 2247 3842 cum

677 3859 934 3947 propria
963 3862 1166 3926 Gruce
1211 3879 1327 3927 seu
1374 3860 1624 3926 vexillo
1654 3878 1841 3947 supra
1873 3880 2093 3928 omnes
2128 3866 2246 3929 Re·

677 3949 933 4033 gulares
1008 3946 1523 4032 praecedentiam
1602 3947 1931 4034 hucusque
2013 3950 2248 4016 habue-

638 4045 867 4120 ⁴runt3
930 4052 1206 4120 cumque
1266 4035 1734 4102 controversiae
1786 4056 1981 4123 super
2032 4037 2247 4105 huius-

679 4121 853 4188 modi
911 4121 1052 4188 iure
1113 4122 1544 4206 praecedendi
1599 4133 1663 4189 et
1725 4123 1862 4190 iure
1909 4125 2245 4193 deferendi

726 4208 998 4296 ropriam
1024 4212 1297 4276 Crucem
1327 4230 1442 4277 seu
1468 4211 1816 4295 Vexillum,
1842 4210 1919 4278 31)
1950 4212 2246 4279 universo

679 4231 866 4366 glero
889 4297 1186 4381 Regulari
1230 4298 1536 4364 adversus
1562 4298 1961 4385 supradictos
1991 4301 2244 4367 confra-

681 4398 808 4453 tres
853 4383 1099 4452 dudum
1148 4384 1479 4466 excitatae,
1524 4407 1559 4452 a
1604 4391 1761 4455 Rffio
1809 4388 2075 4454 Domino
2122 4392 2247 4457 Au-

677 4473 885 4542 ditore
933 4471 1116 4539 SSmi·
1152 4469 1231 4540 ad
1280 4474 1347 4539 S.
1381 4476 1458 4538 R.
1495 4476 1568 4539 c.
1618 4475 1919 4541 remissae
1966 4476 2243 4562 fuerint3

678 4581 850 4628 nunc
896 4565 1089 4626 Effius
1136 4571 1201 4624 et
1245 4564 1437 4627 Rmus
1484 4566 1560 4628 D.
1594 4562 1778 4630 card.
1815 4563 2059 4630 Priolus
2109 4566 2246 4632 loco

680 4649 821 4714 Emi
869 4659 933 4716 et
977 4648 1116 4716 Risi
1162 4651 1343 4716 Dom.
1391 4650 1578 4716 Card.
1612 4649 1981 4718 zondadarii
2028 4650 2246 4719 ahsen-

680 4735 784 4813 tis,
833 4735 1196 4803 huiusmodi
1230 4756 1448 4808 causae
1478 4737 1808 4820 Ponentis,
1858 4737 2248 4827 infrascripta

679 4821 869 4891 dubia
928 4823 1098 4922 inter
1162 4835 1373 4910 partes
1442 4827 1815 4912 concordata
1873 4826 2248 4897 declaranda

762 4928 798 4974 o
885 4920 1042 4975 suit:

680 4930 758 4998 pr
802 4928 884 5096 pq
926 4997 1022 5062 An
1084 5001 1570 5098 congregationi
1632 5006 2044 5073 Sacerdotum
2105 5008 2248 5074 Sae-

681 5087 990 5153 cularium
1035 5085 1152 5152 sub
1199 5091 1593 5157 invocatione
1640 5096 1707 5158 S.
1755 5093 2026 5179 Philippi
2073 5094 2245 5160 Nerii

681 5173 744 5240 in
768 5172 1173 5239 associatione
1197 5174 1594 5246 confratrum
1613 5179 2061 5245 defunctorum
2079 5198 2246 5246 com-

600 5339 617 5345 ,
681 5271 858 5347 petat
902 5261 1350 5347 praecedentia
1395 5283 1584 5348 supra
1630 5264 2018 5349 Regulares‘?

812 5351 878 5418 2.
937 5351 1033 5414 An
1080 5348 1296 5416 eidem
1340 5350 1852 5437 Congregationi‚
1923 5351 2246 5419 occasione

2334 3810 2338 3814 ,
2356 3739 2603 3808 2267.

2339 439 2762 508 associationis
2825 439 3205 507 eorumdem
3261 437 3687 519 cadaverum,
3739 434 3914 501 liceat
4021 468 4022 503 1

2345 532 2603 597 elevare
2651 527 2970 616 propriam
3014 525 3331 593 crucem?
4021 560 4022 571 κ

2475 622 2554 683 Et
2600 620 2669 684 S.
2719 616 2942 683 eadem
2987 618 3062 680 R.
3104 616 3205 696 c.,
3253 613 3492 681 iuribus
3550 613 3710 681 hinc
3779 612 3918 678 inde

2342 705 2641 773 deductis
2687 715 2933 772 mature
2987 702 3422 784 consideratiS,
3471 711 3537 767 et
3591 712 3732 766 tam
3780 699 3921 764 scri·

2343 794 2469 881 ptis
2514 811 2705 878 quam
2750 809 2907 857 voce
2952 790 3287 875 utriusque
3355 788 3550 876 partis
3623 792 3918 854 Procura-

2346 880 2586 949 toribus
2634 878 3113 946 informantibus
3143 877 3395 960 auditis,
3433 876 3921 943 rescribendum

2350 968 2635 1036 censuit:

2473 1055 2569 1123 Ad
2623 1060 2686 1121 1.
2735 1065 2801 1121 et
2847 1056 2911 1120 2.
2964 1075 3001 1116 αι
3035 1052 3446 1137 Affirmativ03
3469 1063 3536 1116 et
3559 1051 3920 1138 amplius».

2350 1150 2429 1212 Et
2475 1146 2558 1209 ita
2604 1143 2890 1210 decrevit
2922 1162 2992 1207 ac
3022 1141 3255 1207 servari
3304 1138 3652 1219 mandavit.
3687 1138 3804 1204 Die
3855 1141 3926 1205 19
4021 1200 4022 1205 ,

2348 1231 2614 1316 Augusti
2653 1234 2844 1298 1719.

2348 1369 2605 1439 2266.
2917 1368 3380 1435 vamensi.
3698 1366 3923 1455 (3633)

2474 1494 2693 1563 Habito
2724 1495 2801 1560 ab
2825 1495 3101 1561 Abatissa
3133 1504 3199 1560 et
3223 1493 3592 1560 monialibus
3613 1497 3926 1559 nonaste-

2348 1583 2424 1648 rii
2470 1584 2588 1650 sub
2637 1583 2820 1649 titulo
2853 1583 3026 1649 SSfiii
3056 1581 3338 1648 Nominis
3371 1586 3508 1647 lesu
3533 1582 3610 1648 ad
3647 1584 3719 1649 S.
3751 1584 3827 1646 R.
3856 1585 3925 1647 c.

2350 1690 2650 1753 recursu,
2716 1670 3096 1755 exponendo
3151 1670 3366 1755 quod,
3431 1670 3773 1736 occasione
3821 1673 3926 1734 Fe·

2346 1757 2696 1824 stivitatum
2755 1757 2932 1828 dicti,
2970 1753 3325 1824 Monasterii
3383 1758 3461 1824 ad
3521 1777 3680 1842 quas
3742 1756 3926 1841 Magi-

2343 1856 2574 1911 stratus
2620 1844 2910 1911 eiusdem
2956 1844 3235 1911 Civitatis
3266 1864 3411 1911 cum
3455 1844 3792 1912 delatione
3824 1844 3925 1908 ob·

2345 1932 2651 1999 lationum
2695 1930 3002 1998 accedere
3046 1931 3323 2014 solebat,
3374 1932 3456 1999 ob
3511 1929 3925 2020 praetermis·
4021 1978 4022 2015 3

2341 2039 2471 2085 sam
2516 2029 2735 2105 postea
2781 2040 2814 2084 a
2859 2019 3239 2086 celebrante
3282 2022 3738 2087 salutationem
3764 2018 3925 2084 eius·
4021 2088 4022 2101 χ

2347 2108 2498 2174 dem
2543 2107 2608 2172 in
2652 2106 2781 2173 fine
2828 2107 3080 2190 Missae,
3131 2108 3208 2174 ad
3255 2126 3543 2174 normam
3588 2103 3850 2174 Decreti
3894 2124 3924 2167 a

2347 2198 2412 2261 S.
2448 2198 2522 2261 R.
2558 2197 2629 2260 c.
2666 2193 2783 2260 sub
2828 2194 2936 2260 die
2989 2197 3067 2260 10
3113 2196 3481 2261 Decembris
3533 2199 3708 2262 1718
3744 2191 3920 2272 editi,

2343 2283 2551 2350 dictus
2598 2281 2988 2368 Magistratus
3017 2281 3230 2348 solitas
3262 2282 3611 2350 oblationes
3642 2289 3924 2367 postmo-

2345 2371 2500 2436 dum
2547 2368 2806 2436 deferre
2836 2370 3144 2451 omiserit,
3180 2369 3445 2457 illasque
3479 2370 3556 2436 ad
3588 2370 3784 2435 aliam
3816 2372 3923 2433 Ec-

2341 2458 2599 2524 clesiam
2644 2457 2987 2524 detulerit:
3021 2456 3305 2543 indeque
3337 2457 3718 2525 Monialibus
3753 2472 3927 2544 prae-

2343 2545 2555 2626 dictis,
2602 2564 2682 2611 ne
2731 2545 2812 2609 ob
2859 2543 3311 2612 executionem
3370 2545 3743 2613 huiusmodi
3811 2547 3922 2609 De-
4021 2596 4022 2609 ,

2342 2634 2503 2698 creti
2563 2632 2640 2697 ab
2684 2633 2835 2718 ipsis
2883 2633 3135 2700 debitae
3183 2632 3616 2701 observantiae
3661 2632 3924 2698 deman·

2345 2721 2502 2803 dati,
2551 2719 2615 2785 in
2664 2731 2991 2807 posterum
3040 2720 3502 2805 praeiudicium
3550 2719 3779 2786 inferri
3828 2736 3923 2783 va·

2348 2807 2497 2891 leat,
2532 2827 2647 2892 pro
2692 2806 2903 2893 aliquo
2949 2826 3031 2894 op
3081 2820 3310 2875 ortuno
3342 2810 3496 2875 iuris
3535 2807 3832 2874 remedio
3862 2805 3922 2869 in

2349 2898 2593 2963 S.R.c.
2629 2895 2817 2961 enixe
2861 2914 3026 2984 supp
3057 2896 3392 2978 icantibus3

2477 2983 2714 3052 Eadem
2761 2987 2825 3050 S.
2862 2987 2938 3049 R.
2973 2989 3043 3050 c.
3092 2984 3574 3052 rescribendum
3620 2981 3918 3050 censuit:
4021 2985 4022 2990 ’

2346 3095 2383 3136 ‹
2419 3071 2843 3156 magistratum
2888 3072 3249 3159 cogendum
3299 3093 3439 3139 esse
3484 3083 3623 3139 tum
3676 3071 3760 3137 ad
3818 3070 3920 3136 de-

2348 3159 2639 3227 ferendas
2688 3159 2749 3226 in
2795 3168 3121 3240 posterum
3189 3160 3540 3227 oblationes
3601 3160 3666 3243 in
3722 3155 3922 3223 solitis

2347 3246 2813 3314 Festivitatibus
2869 3246 3133 3332 praefati
3201 3248 3596 3330 Monasterii,
3646 3258 3791 3312 tum
3849 3242 3920 3307 ad

2346 3335 2730 3406 solutionem
2777 3336 3041 3402 omissae
3087 3334 3420 3401 oblationis
3465 3335 3530 3401 1))
3579 3331 3918 3421 praeterita

2345 3424 2756 3490 Festivitate:
2836 3441 3264 3510 praesensque
3342 3430 3685 3490 Decretum
3769 3423 3921 3488 Effio

2344 3511 2661 3597 Episcopo
2709 3530 2825 3596 pro
2874 3511 3254 3578 executione
3303 3511 3684 3577 tradendum
3722 3530 3787 3573 ».
3845 3511 3918 3572 Et

2350 3600 2431 3664 ita
2476 3599 2788 3665 decrevit.
2836 3598 2948 3665 Die
2993 3602 3033 3666 9
3065 3598 3426 3665 Decembris
3464 3602 3653 3665 1719.

2928 3743 3364 3819 ΛουιιΕιΕΝ.
3693 3739 3915 3829 (3940)

2480 3867 2637 3930 cnm
2684 3864 3006 3948 MonialeS,
3057 3864 3434 3931 Educandae
3468 3873 3530 3929 et
3562 3866 3916 3930 conversae

2347 3951 2701 4018 Monasterii
2757 3952 3193 4017 Ursulinarum
3261 3951 3532 4017 coritiae
3601 3950 3917 4017 Dioecesis

2352 4039 2678 4124 Aquileiae
2710 4060 2743 4104 a
2777 4047 3065 4128 tempore
3100 4037 3585 4105 immemorabili
3633 4039 3697 4104 in
3728 4050 3917 4105 nocte

2348 4126 2696 4194 Nativitatis
2741 4131 2813 4192 D.
2851 4131 2926 4194 N.
2958 4130 3002 4191 l.
3041 4129 3110 4191 c.
3162 4126 3227 4192 in
3273 4127 3399 4193 fine
3430 4126 3672 4212 primae
3703 4128 3914 4192 Missae

2350 4225 2626 4280 cantatae
2673 4218 2920 4282 Sacram
2965 4215 3495 4282 communionem
3538 4232 3797 4302 semper
3829 4233 3917 4280 re·

2348 4302 2566 4388 cipere
2615 4302 3120 4384 consueverint,
3151 4322 3320 4369 nunc
3379 4321 3496 4389 pro
3555 4301 3808 4372 indulto
3856 4301 3914 4367 in

2348 4400 2678 4477 posterum
2724 4389 3127 4456 continuandi
3174 4389 3236 4455 in
3284 4388 3606 4477 praedicta
3651 4409 3914 4457 consue-

2352 4477 2597 4560 tudine,
2663 4479 2831 4565 apud
2892 4483 2955 4544 S.
3006 4482 3082 4543 R.
3135 4481 3205 4544 c.
3259 4478 3622 4545 humillime
3673 4479 3913 4565 suppli·

2353 4575 2596 4630 carunt.

2480 4654 2547 4719 S.
2585 4652 2809 4722 eadem
2854 4658 2929 4724 R.
2958 4656 3027 4719 c.
3065 4654 3395 4720 ‹Attentis
3435 4653 3914 4720 circumstantiis

2346 4759 2535 4825 supra
2583 4741 2921 4828 expressis,
2973 4740 3330 4808 huiusmodi
3377 4741 3704 4810 instantiae
3747 4741 3911 4807 iuxta
3957 4779 3968 4788 ·

2395 4828 2542 4894 etita
2586 4830 2995 4900 annuendum
3057 4846 3196 4896 esse
3256 4829 3602 4896 censuit».
3671 4827 3786 4894 Die
3832 4831 3908 4896 27

2381 4916 2489 4982 ulii
2539 4920 2729 4984 1720.

2350 5056 2605 5126 2268.
2891 5061 3401 5128 FutcmA‘rEN.
3684 5060 3904 5147 (3941)

2477 5180 2697 5250 Habito
2745 5201 2824 5247 ex
2869 5197 3066 5270 parte.
3101 5183 3399 5272 crispolti
3459 5183 3540 5250 de
3593 5184 3905 5270 Gregoriis

2351 5268 2642 5336 moderni
2688 5270 2913 5338 Prioris
2941 5291 3009 5337 ac
3041 5271 3280 5358 primae
3325 5270 3655 5357 Dignitatis
3685 5272 3904 5338 Cathe-

2350 5356 2539 5423 dralis
2585 5357 2979 5442 Fulginaten.
3029 5359 3107 5425 ad
3153 5361 3404 5426 Sacram
3463 5359 3903 5447 congregatio-
