4042 5950
1484 285 2003 388 ¹-169—

155 451 376 522 2576.
666 449 1152 516 CAUERINEN.

259 627 405 694 cum
464 622 755 690 nonnulli
818 643 899 689 ex
958 622 1253 690 Parochis
1322 620 1482 688 intra
1538 620 1708 687 {ines

155 722 388 783 necatus
418 722 484 779 et
517 710 831 778 Dioecesis
862 710 1265 780 camerinen.
1293 727 1495 776 unum
1522 709 1704 777 dum·

156 813 292 870 taxat
332 800 690 890 principem
739 803 1078 866 Patronum
1137 799 1204 865 in
1262 817 1391 864 uno
1446 814 1707 883 quoque

156 895 269 957 loco
329 889 445 955 sub
506 898 785 972 utroque
852 898 1201 976 praecepto
1269 886 1707 952 venerandum

154 977 599 1062 colendumque
644 974 1139 1058 contenderent,
1189 972 1435 1041 seilicet
1482 975 1547 1064 S.
1585 976 1708 1039 Ve-

154 1065 403 1132 nantium
467 1063 1025 1145 camerinensem,
1082 1061 1465 1150 posthabitis,
1515 1064 1709 1215 pecu-

156 1154 380 1220 liaribus
409 1153 723 1237 cuiusque
759 1151 879 1218 loci
910 1150 1190 1218 Patronis
1224 1149 1511 1236 principa
1543 1146 1707 1232 ibus,

156 1243 207 1308 in
241 1259 505 1327 quorum
540 1239 741 1306 Festis
784 1259 927 1306 sese
974 1248 1311 1325 exemptos
1350 1247 1711 1304 assererent

154 1330 214 1394 ab
259 1349 446 1395 onere
507 1326 953 1414 applicationis
1012 1346 1127 1415 pro
1176 1325 1459 1413 populo,
1516 1333 1712 1412 prout

156 1418 486 1571 perplures
516 1435 715 1482 annos
760 1427 1062 1502 egeraut3
1115 1413 1400 1481 institum
1450 1425 1715 1500 propte·

157 1526 241 1570 rea
304 1506 390 1572 uit
437 1505 502 1572 ln
550 1503 1063 1590 congregatione
1125 1501 1447 1573 ordinaria
1494 1504 1713 1568 Sacro·

159 1613 274 1659 rum
313 1595 574 1660 Rituum
622 1611 743 1680 pro
787 1592 1257 1658 declaratione:
1309 1591 1405 1657 An
1451 1595 1711 1656 Festum

156 1682 452 1784 utriusque
510 1679 819 1769 principis
870 1680 1158 1762 Patroni,
1208 1682 1419 1747 Status
1467 1677 1714 1744 scilicet

156 1772 519 1836 Camennen.
560 1778 627 1833 et
662 1766 1164 1854 uniuscuiusque
1197 1767 1347 1849 loci,
1384 1766 1714 1832 celebran-

157 1858 285 1924 dum
329 1858 489 1924 foret
539 1855 663 1923 sub
708 1865 986 1940 utroque
1029 1852 1389 1942 precepto?
1435 1859 1510 1920 Et
1557 1871 1714 1920 num

158 1945 377 2013 Parochi
407 1944 737 2012 omnesdn
767 1942 1063 2029 praefatis
1098 1942 1296 2009 Fastis
1337 1951 1714 2009 tenerentur

159 2033 528 2121 applicationi
581 2032 795 2099 Missae
825 2047 945 2117 pro
979 2029 1262 2120 populo?
1304 2032 1393 2096 Ac
1427 2030 1710 2113 tandem,

158 2131 432 2206 qnatenus
475 2121 559 2188 ad
606 2121 727 2187 boc
773 2118 1169 2203 affirmative,
1203 2118 1356 2205 quid
1391 2117 1714 2218 agendum

162 2229 252 2296 pro
294 2207 660 2277 huiusmodi
707 2206 1239 2299 applicationibus
1281 2208 1549 2273 omissis.

265 2300 326 2365 S.
360 2298 590 2364 eadem
637 2300 717 2364 R.
756 2300 860 2378 c.,
908 2296 986 2362 ad
1032 2296 1408 2362 relationem
1459 2295 1717 2361 Emi-et

160 2385 273 2452 Puni
325 2390 399 2453 D.
448 2385 645 2454 card.
702 2385 789 2452 de
842 2384 1114 2451 Somalia
1172 2384 1386 2451 eidem
1434 2387 1716 2470 congre·

161 2473 361 2556 gatioui
405 2471 721 2540 Praefecti
766 2492 835 2537 ac
881 2471 1217 2555 Relatoris,
1277 2470 1483 2538 habita
1538 2471 1717 2558 prius

162 2560 575 2628 informatione
624 2562 712 2627 de
754 2560 1113 2648 praemissis
1157 2579 1276 2647 per
1333 2564 1490 2626 Rev.
1544 2560 1721 2628 Vica-

163 2649 298 2715 rium
339 2649 771 2738 capitularem
823 2650 1223 2715 camerinen.
1274 2649 1513 2734 scripto
1573 2647 1721 2714 red-

162 2736 287 2821 dita,
331 2737 708 2825 respondit:
758 2759 797 2801 ι
831 2739 1227 2805 servandum
1264 2756 1400 2803 esse
1431 2736 1517 2802 de
1548 2754 1724 2822 prae·

163 2837 322 2912 cepto
350 2838 707 2911 utrumque
754 2829 1012 2891 Festum
1060 2835 1125 2892 et
1170 2825 1480 2891 Parochos
1514 2824 1719 2890 teneri

162 2912 221 2978 ad
261 2912 752 3003 applicationem
798 2913 1015 2987 Missae
1062 2932 1178 3001 pro
1227 2913 1495 3003 populo,
1547 2909 1719 2979 et'ad

166 3005 223 3067 D.
251 3002 676 3069 secretarium
722 3020 871 3069 cum
917 3004 1111 3069 SSmo
1145 3026 1207 3069 ν.
1268 3000 1381 3068 Die
1429 3004 1512 3068 22
1561 3005 1718 3067 uar-

164 3089 219 3154 tii
261 3094 439 3158 1817.
866 3154 879 3157 ,
1044 3152 1057 3157 ,
1498 3123 1505 3131 ·

268 3183 439 3246 Facta
484 3190 735 3261 autem,
768 3179 873 3247 die
913 3183 997 3247 25
1046 3177 1339 3247 eiusdem
1386 3177 1622 3245 mensis
1653 3189 1723 3244 et

82 3316 83 3351 3
162 3268 303 3351 anni,
336 3287 450 3355 per
497 3286 605 3333 me
656 3268 1130 3354 infrascriptum
1178 3266 1607 3337 secretarium
1637 3266 1719 3333 de

82 3400 83 3405 ,
164 3355 493 3439 praemissis
551 3358 749 3424 ssmo
801 3361 877 3422 D.
925 3358 1002 3422 N.
1055 3354 1363 3422 relatione
1416 3353 1723 3422 Sanctitas

82 3450 83 3459 ’
165 3446 263 3508 Sua
292 3447 353 3511 S.
386 3446 459 3512 C.
496 3463 761 3513 sensum
806 3442 1179 3532 approbavit
1225 3454 1293 3509 et
1325 3442 1721 3511 confirmavit

165 3542 326 3618 atque
353 3533 417 3600 in
449 3545 785 3622 posterum
810 3532 1049 3599 servari
1083 3530 1441 3599 mandavit:
1474 3530 1723 3598 annuit·

165 3637 269 3702 que
308 3641 421 3707 pro
468 3620 869 3690 absolutione
915 3619 1123 3707 quoad
1171 3620 1617 3706 praeteritum.

170 3797 378 3867 2577.
685 3800 1176 3866 PUTEOLANA.
1490 3799 1714 3884 (4534)

275 3980 419 4044 zelo
479 3979 725 4066 gloriae
782 3975 1030 4061 Domini
1092 3963 1575 4062 animarum’que
1630 3997 1727 4042 sa-

173 4062 297 4131 lutis
359 4078 698 4154 correptus
765 4067 1149 4132 Puteolanus
1216 4065 1569 4153 Episcopus
1626 4065 1726 4131 sui

172 4155 417 4220 muneris
463 4165 681 4243 partes
728 4172 866 4220 esse
913 4153 1202 4241 apprime
1261 4153 1437 4220 novit
1491 4171 1722 4240 panem

173 4240 569 4309 esurientibus
614 4241 931 4328 frangere
957 4258 1359 4328 gregemque
1403 4242 1524 4308 sibi
1555 4259 1724 4306 com-

173 4325 398 4395 missum
455 4349 752 4417 pascere.
822 4330 979 4396 Hinc
1039 4331 1312 4415 singulis
1380 4329 1723 4396 Dominicis

174 4414 365 4483 diebus
410 4420 627 4486 eidem
665 4417 730 4485 in
762 4437 939 4486 more
988 4429 1109 4502 est,
1144 4419 1451 4485 instructa
1496 4418 1719 4484 Cethe·-

176 4502 341 4589 cbesi,
388 4527 507 4594 per
553 4527 623 4573 se
674 4508 881 4595 ipsum
928 4507 1169 4607 populo
1201 4508 1279 4573 ad
1313 4507 1513 4572 maius
1545 4511 1728 4572 Tem·

177 4594 323 4673 plum
353 4596 700 4661 confluenti
732 4594 1121 4662 Christianae
1152 4594 1502 4681 Religionis
1548 4595 1726 4662 rudi-

178 4692 355 4747 menta
404 4684 686 4766 tradere,
733 4683 1059 4750 nonnullis
1109 4682 1539 4768 superadditis
1583 4702 1727 4769 pre·

176 4765 323 4835 cibus
364 4783 510 4838 ante
557 4769 1093 4858 Angustissimum
1138 4769 1565 4837 Eucharistiae
1622 4773 1726 4838 Sa·

178 4872 579 4944 cramentum,
654 4878 781 4944 quo
857 4877 1001 4924 cum
1080 4875 1348 4946 gregem
1428 4857 1722 4925 benedici

178 4948 527 5030 congaudet.
593 4951 780 5031 Haec,
837 4958 903 5012 ut
956 4946 1188 5014 debitis
1252 4948 1610 5014 reverentia
1660 4958 1724 5011 et

177 5028 381 5099 decore
434 5036 619 5121 fiant,
682 5037 933 5105 mandat
977 5055 1047 5101 ac
1098 5035 1405 5123 praecipit
1459 5046 1563 5120 ut,
1616 5054 1725 5101 ex-

180 5118 323 5269 pleta
377 5127 804 5210 vesperarum
864 5124 1275 5207 recitatione,
1340 5125 1552 5191 locum

215 5221 365 5292 eant,
398 5213 726 5279 canonicis
774 5213 1017 5279 interea
1047 5212 1165 5280 sibi
1208 5211 1729 5279 concionantias-

180 5292 510 5366 sistentibus
543 5310 605 5365 et
633 5302 1144 5388 completorium
1185 5312 1324 5388 post
1371 5300 1725 5386 praedictas

185 5379 507 5454 functiones
553 5389 1090 5477 persolventibus·
1142 5392 1597 5458 Verumtamen
1660 5387 1724 5453 id

1614 5564 1629 5599 l

1398 451 1407 461 ”
1475 444 1702 531 (4332)
1805 460 1997 528 aegre
2023 441 2309 509 ferentes
2329 442 2623 510 canonici
2650 442 3019 510 institerunt
3045 442 3108 510 ln
3134 446 3200 510 S.
3218 445 3388 511 R.c.

1809 549 1926 618 pro
1958 530 2368 615 sequentium
2400 530 2742 597 dubiorum
2774 523 3172 599 resolutione
3203 554 3221 597 ι

1948 622 2007 685 1.
2059 619 2154 684 An
2200 617 2551 708 Episcopus
2581 618 2867 685 censuris
2914 629 2979 684 et
3027 619 3253 708 poenis
3285 621 3387 687 vel

1812 704 2330 779 distributionum
2398 706 2730 772 amissione
2797 706 3000 773 valeat
3069 706 3404 775 canonicis

1815 793 2138 860 Ecclesiae
2200 794 2591 862 cathedralis
2658 795 3121 882 praescribere,
3173 807 3244 862 ut
3289 798 3401 862 ca-

1812 880 2124 949 tecbismo
2164 882 2459 949 intersint
2491 900 2686 968 quem
2719 883 2798 949 ad
2833 884 3144 970 populum
3180 882 3399 969 habet,

1816 970 2160 1056 eidemque
2203 970 2270 1036 in
2300 972 2590 1038 Ambone
2639 971 3036 1038 concionanti
3081 973 3401 1053 assistere,

1816 1056 1867 1123 si
1912 1057 1978 1125 id
2023 1059 2207 1125 faciat
2255 1058 2427 1125 talari
2486 1059 2705 1127 ’nabitu
2765 1059 3051 1142 indutus,
3102 1063 3207 1128 vel
3254 1077 3405 1126 cum

1818 1156 2132 1212 mezzetta
2179 1145 2262 1213 et'
2290 1145 2515 1215 Stola‘?
2579 1206 2584 1212 .

1948 1237 2013 1300 2.
2073 1234 2168 1301 An
2229 1234 2401 1302 idem
2456 1234 2823 1322 Episcopus·
2854 1235 3047 1323 possit
3092 1236 3405 1326 praescri·

1818 1320 1973 1387 bere
2020 1332 2116 1406 ut,
2169 1323 2466 1410 Vesperis
2514 1324 2579 1389 in
2625 1323 2834 1390 choro
2890 1326 3188 1412 peractiS,
3240 1325 3407 1391 reci-

1820 1409 1968 1476 tatio
2016 1410 2430 1497 completorii
2476 1412 2926 1511 suspendatur,
2978 1431 3185 1500 usque
3247 1414 3405 1480 dum

1820 1501 2003 1565 Sacra
2051 1499 2236 1585 Pyxis
2284 1498 2347 1564 in
2396 1498 2644 1565 maioris
2689 1499 2918 1566 Altaris
2971 1502 3406 1569 'tabernaculo

1821 1588 2204 1669 collocetur,
2238 1586 2720 1653 cathechismus
2768 1589 2867 1655 vel
2917 1589 3154 1657 concio
3184 1591 3261 1658 ad
3293 1608 3409 1677 po·

1820 1678 2049 1761 pulum
2097 1674 2483 1759 absolvatur,
2535 1676 2847 1760 quaedam
2891 1678 3219 1745 Orationes
3253 1677 3411 1744 reci·

1824 1774 2043 1830 teutur
2073 1762 2138 1829 in
2170 1774 2518 1849 conspectu
2563 1763 2740 1832 SSmi
2781 1767 3171 1834 sacramenti
3204 1779 3270 1833 et
3303 1764 3410 1831 flat

1821 1869 1967 1918 cum
2016 1871 2094 1917 eo
2142 1850 2533 1936 benedictio,
2584 1854 2756 1939 quod
2798 1863 2893 1920 est
2923 1866 3139 1922 contra
3188 1854 3408 1922 Eccle-

1820 1941 1949 2008 siae
2000 1939 2380 2006 Puteolanae
2434 1942 2996 2027 consuetudinem,
3053 1962 3199 2010 cum
3247 1942 3413 2009 eius-

1823 2030 1973 2096 dem
2021 2027 2321 2095 canonici
2364 2029 2612 2097 soleant
2659 2041 2801 2118 post
2840 2034 3153 2119 Vesperas
3198 2033 3410 2098 statim

1822 2116 2336 2202 completorium
2387 2116 2709 2198 recitare?

1956 2209 2037 2271 Et
2083 2207 2152 2272 S.
2177 2208 2252 2272 R.
2281 2207 2383 2289 c.,
2417 2207 2627 2274 audita
2662 2206 2841 2293 prius
2873 2209 3191 2275 sententia
3222 2207 3414 2275 nnius

1825 2312 1907 2359 ex
1937 2292 2441 2381 Apostolicarum
2479 2294 3033 2362 caeremoniarum
3074 2295 3408 2383 Magistris,

1823 2383 2045 2470 praelo
2096 2382 2318 2449 tradita
2349 2392 2544 2468 atque
2575 2383 2893 2471 evulgata,
2924 2384 3001 2452 ad
3032 2384 3411 2452 relationem

1829 2470 1965 2536 Emi
2017 2482 2083 2536 et
2128 2472 2268 2536 Rmi
2314 2475 2387 2536 D.
2436 2472 2623 2539 card.
2670 2471 3057 2549 Quarantotti
3125 2471 3413 2540 eiusdem

1786 2562 2062 2645 ‚Causae
2114 2557 2457 2644 Relatoris,
2522 2560 2639 2626 etsi
2700 2551 3256 2628 commendatione
3315 2557 3427 2628 di:

1828 2663 2029 2733 gnum
2077 2646 2215 2712 Emi
2262 2649 2372 2713 PP.
2423 2649 2751 2715 duxerunt
2811 2648 3024 2714 zelum
3089 2649 3414 2717 Puteolani

1829 2734 2165 2817 Antistitis,
2201 2734 2400 2801 nihilo
2433 2746 2643 2803 tamen
2677 2735 2911 2821 minus,
2955 2739 3417 2805 canonicorum

1827 2822 2352 2891 Procuratoribus
2395 2825 2637 2911 scripto
2685 2834 2750 2890 et
2795 2844 2956 2891 voce
2984 2825 3239 2910 auditiS,
3274 2844 3420 2894 cen·
3539 2831 3548 2838 ’

1825 2912 1950 2979 suit
2008 2911 2580 2996 respondendum:
2648 2932 2685 2978 αι
2720 2915 2896 2979 quta
2955 2922 3225 2999 votum·;
3293 2914 3416 2984 boc

1827 3011 1946 3085 est,
1995 3000 2081 3067 de
2130 3001 2269 3067 iure
2333 3002 2679 3068 canonicos
2743 3020 2870 3067 nou
2934 3003 3243 3069 teneri».
3302 2995 3458 3071 Βία

1828 3088 1913 3154 22
1957 3087 2156 3155 Martii
2209 3092 2401 3157 ¹8¹7.

1829 3266 1997 3334 257
2000 3266 2081 3333 8.
2404 3269 2824 3336 DUBIORUM.
3187 3269 3416 3356 (4⁸36)

1959 3448 2121 3512 Cum
2186 3443 2739 3533 Caeremoniarum
2802 3448 3124 3536 Magister,
3173 3446 3273 3513 cui
3323 3444 3417 3511 in-

1831 3533 2074 3601 cumbit
2105 3554 2266 3601 onus
2298 3535 2620 3623 dirigendi
2653 3535 3104 3623 ecclesiasticas
3148 3532 3419 3602 functio·

1829 3641 1944 3688 nes
1976 3621 2039 3688 in
2071 3624 2343 3709 quadam
2389 3624 2672 3691 Ecclesia
2717 3623 3106 3709 cathedrali,
3145 3623 3420 3689 nonnul-

1829 3712 1921 3776 los
1967 3710 2493 3778 animadverterit
2541 3711 2606 3779 in
2655 3713 2762 3779 illa
2809 3731 3019 3778 mores
3070 3710 3181 3799 qui
3229 3710 3289 3777 ei
3325 3730 3419 3776 sa-

1829 3798 1951 3864 cris
2001 3797 2226 3865 ritibus
2272 3810 2380 3866 aut
2427 3800 2635 3867 minus
2680 3801 3049 3868 conformes
3086 3799 3418 3868 autetiam

1831 3896 2266 3987 repugnantes
2310 3889 2426 3955 visi
2474 3900 2645 3973 sunt,
2681 3891 2796 3957 hac
2823 3909 3036 3977 super
3084 3909 3153 3957 re
3195 3907 3420 3956 consu—

1834 3977 1954 4042 luit
1994 3978 2064 4043 S.
2097 3978 2173 4042 R.
2211 3981 2282 4045 C.
2321 3989 2385 4045 et
2421 3976 2753 4064 sequentia
2800 3978 2995 4046 dubia
3043 3978 3260 4045 eidem
3307 3977 3421 4043 de·
3541 4069 3548 4077 ἱ

1832 4062 2105 4132 cidenda
2151 4066 2508 4154 proposuit,
2560 4065 2914 4133 videlicet:

1968 4157 2032 4217 l.
2081 4152 2316 4219 Diebus
2375 4156 2701 4221 Feriarum
2758 4154 3087 4221 Adventus
3145 4165 3210 4221 et
3264 4157 3423 4233 Qua-

1830 4240 2256 4340 dragesimae‚
2293 4242 2665 4330 Vigiliarum
2715 4254 2782 4309 et
2811 4242 3275 4329 Rogationum,
3311 4246 3422 4311 ca-

1826 4328 2038 4395 nontci
2107 4330 2500 4398 cathedralis
2569 4330 2892 4398 Ecclesiae
2963 4350 3092 4398 non
3157 4330 3422 4420 privile·

1829 4417 2062 4504 giatae,
2096 4418 2147 4483 si
2182 4419 2321 4486 dies
2351 4420 2432 4485 sit
2472 4421 2783 4504 Festivus,
2836 4418 3166 4487 celebrare
3212 4420 3423 4486 solent

1830 4505 2077 4573 Missam
2125 4509 2209 4575 de
2271 4509 2446 4574 Faria
2510 4521 2654 4594 post
2699 4508 3012 4590 Tertiam,
3063 4508 3144 4575 de
3193 4510 3422 4575 Sancto

1830 4614 1985 4660 vero
2034 4606 2415 4662 occurrente
2461 4608 2608 4696 post
2651 4599 2930 4684 Nonam;
2968 4595 3113 4683 quia
3144 4596 3322 4663 aiunt
3351 4614 3423 4662 se

1832 4682 2041 4749 vicem
2082 4702 2314 4771 gerere
2361 4686 2686 4771 Episcopi.
2735 4684 2890 4750 Hinc
2922 4684 3293 4771 quaeritur:
3326 4687 3422 4749 An

1831 4771 1985 4837 haec
2036 4772 2432 4838 consuetudo
2477 4772 2560 4836 sit
2609 4771 2977 4859 toleranda;
3038 4773 3142 4838 vel
3208 4770 3425 4859 potius

1830 4868 2152 4943 tamquam
2198 4860 2430 4926 abusus
2479 4857 2815 4926 tollenda?

1962 4953 2026 5015 2.
2056 4950 2152 5012 An
2170 4947 2466 5033 Magister
2488 4948 3044 5015 caeremoniarum
3070 4948 3131 5013 in
3159 4966 3426 5037 egressu

1831 5036 2208 5103 e'Sacristia
2257 5055 2374 5123 pro
2423 5035 2762 5121 Matutinis,
2820 5035 3139 5103 Laudibus
3192 5049 3257 5103 et
3304 5039 3426 5105 Ve-

1620 5123 1725 5190 ha-
1829 5125 2033 5212 speris
2089 5124 2468 5192 solemniter
2522 5125 2970 5210 persolvendis
3030 5125 3426 5212 praecedere

1832 5214 2059 5283 debeat
2090 5212 2486 5301 presbyteris
2519 5213 2907 5302 pluvialibus
2938 5212 3182 5280 indutis
3219 5223 3285 5280 et
3316 5213 3428 5279 bli-

1829 5301 2045 5370 nistris
2069 5302 2273 5370 Sacris
2299 5302 2362 5367 in
2396 5301 2826 5370 celebratione
2851 5301 3104 5391 Missae,
3141 5303 3247 5369 vel
3282 5301 3424 5386 cogi

1834 5393 2035 5482 possit
2080 5391 2172 5456 ire
2222 5389 2590 5457 immediate
2621 5399 2783 5489 ‚ante
2830 5390 3218 5459 Canonicum
3254 5388 3427 5456 cele·
