4042 5950
1992 228 2468 307 ——312—

585 409 760 474 nem,
796 399 932 457 tum
966 388 1173 477 quoad
1217 389 1504 457 colorem
1549 386 1845 477 pluvialis
1873 387 1942 454 in
1971 386 2167 453 bene-

586 478 903 563 dictione;
954 488 1092 544 tum
1120 476 1330 562 quoad
1364 474 1630 545 modum
1677 475 1986 544 recitandi
2018 475 2167 541 Ora·

587 568 826 633 tionem
856 568 900 631 ι’
925 568 1175 652 Respice
1220 585 1610 649 quaesumus
1657 567 1947 647 Domine,
1998 584 2030 628 a
2064 566 2169 631 Sa-

588 653 852 722 cerdote
878 654 980 720 vel
1008 653 1353 742 genuflexo
1377 654 1479 720 vel
1506 663 1754 730 stante;
1788 661 1929 719 tum
1960 651 2169 737 quoad

588 741 1015 809 admittendos
1054 740 1281 809 fideles
1310 742 1388 810 ad
1419 743 1708 810 osculum
1739 740 1927 807 buius
1959 742 2172 806 Sacra-

592 830 864 897 tissimae
897 830 1278 916 Reliquiae;
1331 841 1465 896 tum
1511 831 1771 897 demum
1824 829 2032 914 quoad
2067 829 2173 893 Sa-

588 937 729 983 cros
775 917 1114 1001 Ministros,
1165 918 1506 985 Diaconum
1553 917 1853 985 nimirum
1899 926 1966 982 et
2010 915 2173 982 Sub·

589 1004 950 1090 diaconum,
985 1007 1365 1074 accedentes
1409 1006 1486 1073 ad
1531 1004 1963 1075 adorationem
2004 1002 2175 1070 Reli-

588 1094 774 1179 quiae
808 1097 917 1161 SS.
953 1095 1209 1162 Crucis:
1260 1094 1580 1179 siquidem
1618 1111 1882 1160 necesse
1915 1110 2045 1158 non
2077 1101 2177 1158 est

590 1192 662 1247 ut
707 1191 778 1248 et
821 1183 938 1269 ipsi
988 1182 1415 1250 calceamenta
1460 1182 1809 1268 deponant.
1860 1184 1927 1245 ln
1972 1182 2175 1246 Gene-

590 1269 707 1335 rali
749 1269 1011 1337 tandem
1057 1274 1328 1338 Decreto
1376 1291 1410 1336 a
1456 1272 1637 1338 Sacra
1694 1268 1954 1336 Rituum
2011 1269 2174 1336 Gon·

589 1358 965 1444 gregatione
1011 1360 1129 1426 sub
1177 1360 1292 1435 die,
1330 1362 1371 1425 6
1416 1359 1553 1425 lllaii
1608 1360 1777 1425 1826
1825 1355 1976 1440 lato,
2030 1364 2094 1423 et
2139 1376 2171 1421 a

588 1467 643 1512 s,
701 1464 792 1513 m.
849 1450 1061 1513 Leone
1119 1451 1281 1534 Papa
1338 1448 1446 1514 xit
1507 1445 1875 1515 confirmato
1938 1444 2046 1513 die
2089 1447 2171 1511 27

592 1532 882 1601 eiusdem
939 1536 1175 1601 mensis
1234 1544 1300 1601 et
1355 1535 1537 1619 anni,
1600 1535 1755 1601 dum
1815 1532 2177 1599 admittitur

588 1640 706 1688 seu
755 1621 1060 1688 toleratur
1107 1622 1504 1690 consuetudo
1551 1622 1887 1691 deferendi
1927 1621 1990 1688 in
2030 1625 2176 1688 Pro-

591 1708 980 1776 cessionibus
1025 1708 1146 1778 sub
1193 1710 1568 1778 baldachino
1618 1708 1978 1795 Reliquiam
2025 1711 2177 1776 San-

591 1796 907 1863 ctissimae
965 1797 1229 1877 Crucis;
1298 1799 1362 1866 id
1424 1799 1700 1868 edicitur
1758 1798 2056 1882 omnino,
2106 1804 2179 1863 ut

589 1884 879 1971 Reliquia
924 1885 1040 1955 ista
1068 1885 1335 1953 seorsim
1379 1908 1414 1953 a
1459 1885 1767 1974 Reliquiis
1798 1888 2178 1953 Sanctorum

593 1973 988 2041 custodiatur
1012 1976 1076 2041 in
1098 1974 1516 2061 Reliquiario,
1539 1987 1730 2062 atque
1755 1974 1976 2064 stricte
2001 1991 2179 2061 prae-

593 2059 829 2149 cipitur
877 2062 1216 2130 ordinariis
1268 2070 1614 2148 Locorum,
1662 2075 1736 2130 ut
1776 2061 2179 2130 eliminandis

593 2149 708 2216 hac
740 2147 928 2218 etiam
976 2150 1042 2219 in
1088 2171 1159 2218 re
1203 2152 1474 2240 singulis
1518 2151 1817 2220 abusibus
1868 2150 2037 2217 serio
2084 2149 2177 2216 in·

593 2239 927 2324 cumbant,
989 2240 1240 2308 Decr‘eti
1301 2242 1496 2330 ipsius
1555 2237 2018 2307 observantiam
2076 2258 2177 2304 so-

594 2323 928 2395 lertissime
989 2341 1262 2415 urgeant
1317 2348 1388 2396 ac
1446 2347 1565 2416 pro
1625 2326 1868 2394 viribus
1922 2327 2177 2394 adlabo-

595 2423 764 2499 rent,
797 2435 879 2483 ne
911 2416 1220 2504 deinceps
1265 2435 1413 2485 cum
1459 2420 1837 2484 Sanctorum
1867 2414 2178 2501 Reliquiis

593 2500 660 2567 in
693 2502 920 2571 eadem
945 2504 1156 2572 Theca
1182 2504 1458 2592 Lignum
1491 2502 1931 2572 Sanctissimae
1960 2501 2182 2570 Crucis

593 2590 923 2659 occlusum
967 2603 1360 2681 permaneat.

723 2682 915 2764 Haec,
966 2699 1210 2767 quae⁴a
1251 2683 1437 2750 Sacra
1495 2680 1757 2748 Rituum
1815 2684 2179 2767 congrega-

597 2765 769 2833 tione
814 2767 1148 2855 bucusque
1193 2768 1358 2837 circa
1414 2770 1661 2837 cultum
1711 2778 1777 2834 et
1822 2770 2179 2835 veneratio·

594 2872 746 2921 nem
790 2855 1232 2942 Reliquiarum
1277 2856 1719 2926 Sanctissimae
1770 2856 1991 2924 Crucis
2035 2859 2180 2923 Ser-

595 2944 829 3011 vatoris
858 2945 1066 3013 Nostri
1096 2949 1237 3013 Iesu
1269 2946 1555 3032 decreta,
1588 2945 1862 3014 stabilita
1905 2943 2012 3012 vel
2059 2963 2184 3033 per

595 3032 860 3103 modum
903 3035 1222 3121 generalis
1267 3035 1532 3123 regulae
1592 3035 1820 3104 tradita
1879 3033 2066 3101 fuere
2115 3045 2181 3100 et

596 3122 1026 3189 communiter
1085 3124 1149 3189 in
1209 3124 1510 3191 Ecclesiis
1566 3123 1752 3192 Urbis
1816 3133 2178 3206 servantur,

593 3209 673 3276 ad
719 3214 1272 3300 mentemSacrae
1318 3212 1611 3280 eiusdem
1656 3210 2180 3298 congregationis

594 3299 962 3366 summatim
1019 3300 1570 3369 communicantur
1625 3297 2177 3368 Reverendissimo

598 3386 914 3478 Episcopo
974 3391 1436 3472 cenomanen„
1495 3399 1567 3455 ut
1630 3408 1703 3456 ea
1761 3407 1916 3477 prae
1975 3387 2178 3454 oculis

596 3474 822 3543 babeat
867 3476 934 3543 in
981 3474 1386 3545 efformandis
1430 3495 1546 3566 pro
1592 3497 1704 3544 sua
1748 3475 2033 3544 Dioecesi
2079 3494 2176 3543 re-

595 3561 763 3648 gulis
824 3563 887 3630 in
952 3563 1133 3630 cultu
1194 3577 1260 3631 et
1314 3564 1722 3632 veneratione
1785 3563 1983 3653 ipsius
2030 3566 2179 3632 San-

597 3650 909 3718 ctissimae
955 3651 1173 3718 Crucis
1217 3652 1547 3738 Reliquiae
1593 3653 1945 3721 servandis.

733 3738 842 3805 Die
878 3742 958 3806 18
1003 3739 1327 3807 Februarii
1382 3744 1576 3808 1843.

598 3897 833 3969 2855
844 3945 862 3965 .
1143 3901 1638 3970 CLEchRUu

1072 4008 1125 4072 tt
1139 4009 1188 4070 E.
1205 4009 1254 4072 G
1272 4009 1326 4073 1]
1341 4011 1388 4074 1,
1406 4009 1458 4073 A
1472 4010 1524 4073 R
1541 4011 1565 4073 1
1582 4009 1634 4074 U
1650 4010 1709 4073 M

785 4111 1450 4179 CONGREGATIONIS
1496 4113 1978 4181 SOMASGHAE.

727 4270 859 4338 Etsi
905 4271 1198 4338 Generali
1247 4275 1521 4338 Dect-eto
1567 4272 1685 4339 sub
1733 4270 1840 4339 die
1887 4275 1971 4338 26
2003 4272 2183 4359 Apri-

595 4358 676 4425 lis
727 4363 896 4426 1834
942 4362 1124 4426 Sacra
1177 4360 1440 4427 Rituum
1497 4359 1920 4462 congregatio
1982 4371 2184 4427 certas

597 4448 892 4514 statuerit
940 4447 1120 4536 leges
1148 4447 1355 4535 quoad
1392 4447 1732 4532 Breviaria,
1766 4448 2047 4528 Missalia,
2079 4449 2183 4516 Ol-

598 4532 738 4602 flcia
797 4554 989 4621 parva
1048 4539 1271 4602 Beatae
1332 4534 1558 4602 Mariae
1613 4535 1919 4624 Virginis,
1970 4537 2183 4604 Officia

597 4624 1044 4692 Hebdomadae
1088 4624 1344 4691 maioris
1378 4623 1627 4711 aliaque
1672 4624 1862 4691 huius
1892 4626 2180 4713 generis,

597 4730 760 4798 quae
804 4712 883 4778 ab
926 4731 1088 4779 anno
1133 4711 1510 4801 praesertim
1562 4715 1730 4780 1788
1776 4732 1845 4779 ac
1877 4714 2186 4803 deinceps

599 4801 817 4888 praelo
863 4800 1127 4869 fuerunt
1173 4801 1528 4885 commissa,
1562 4801 1718 4890 quin
1748 4801 2185 4890 praeseferant

597 4887 1069 4956 ordinariorum
1119 4888 1577 4974 attestationes,
1608 4890 1790 4977 queis
1821 4890 2187 4959 declaretur

598 4975 664 5043 in
708 4977 967 5046 cusione
1012 4988 1288 5045 servatas
1335 4977 1532 5045 fuisse
1579 4981 1834 5067 regulas
1882 4977 1948 5047 in
1986 4981 2184 5048 Bullis

599 5067 1009 5133 Summorum
1056 5066 1432 5134 Pontificum
1490 5072 1918 5135 Romanorum
1975 5070 2185 5136 Sancti

598 5151 687 5218 Pii
732 5156 809 5236 V,
857 5153 1209 5221 Clementis
1258 5158 1386 5222 vlu
1449 5165 1515 5222 et
1567 5155 1802 5223 Urbani
1849 5158 1979 5224 vlu
2028 5155 2189 5224 indi·

601 5251 727 5308 ctas
774 5248 841 5307 et
883 5240 950 5309 in
993 5260 1109 5307 suo
1166 5242 1397 5309 robore
1455 5243 1826 5331 plenissime
1884 5262 2188 5330 perseve-

1953 3903 2174 3990 (4957)

600 5341 855 5412 rantea;
918 5339 1112 5416 atque
1172 5329 1429 5397 insimul
1490 5332 2007 5400 commendatum
2053 5349 2181 5398 ma-

2271 386 2444 454 xime
2489 384 2685 454 luerit
2742 384 2973 453 iisdem
3026 384 3601 455 Reverendissimis
3662 390 3854 456 Loco·

2272 494 2417 542 rum
2484 474 2828 542 ordinariis
2898 484 2969 542 ut
3040 474 3104 541 in
3174 484 3501 562 posterum
3571 497 3692 564 pro
3749 496 3859 544 suo

2275 582 2545 631 munere
2615 562 3060 649 invigilarent,
3128 571 3200 629 ut
3266 561 3487 632 Bullae
3560 564 3738 650 ipsae
3793 584 3859 632 ac

2273 650 2722 736 subsequentia
2792 654 3059 718 Decreta
3125 649 3384 718 omnino
3451 664 3860 720 servarentur

2272 740 2339 835 in
2387 738 2750 805 huiusmodi
2808 736 3148 806 Librorum
3213 738 3520 818 cnsione;
3587 749 3861 809 attamen

2277 846 2395 914 pro
2454 838 2637 912 parte
2695 826 3237 895 Reverendissimi
3305 827 3497 894 Patris
3566 831 3863 896 Procura-

2278 914 2431 982 toris
2462 914 2789 982 Generalis
2818 915 3217 983 elericorum
3260 917 3687 1002 Regularium
3718 919 3865 985 Con·

2276 1002 2662 1092 gregationis
2708 1003 3085 1071 Somascbae
3131 1005 3261 1071 duo
3308 1005 3462 1071 baec
3509 1004 3714 1072 dubia
3755 1024 3861 1091 pro

2277 1101 2635 1178 opportuna
2696 1090 3017 1159 solutione
3076 1092 3358 1160 exhibita
3417 1091 3612 1160 tuere
3661 1094 3862 1161 eidem

2277 1183 2498 1248 Sacrae
2541 1179 2802 1246 Rituum
2831 1180 3364 1268 congregationi3
3413 1180 3769 1251 nimirum:

2415 1273 2477 1334 1.
2525 1272 2621 1334 An
2684 1267 2870 1335 liceat
2925 1268 3018 1335 uti
3075 1267 3435 1352 Breviariis,
3486 1268 3861 1352 Hissalibus,

2275 1357 2540 1443 aliisque
2609 1356 2799 1423 buius
2866 1357 3124 1444 generis
3187 1358 3393 1425 Sacris
3451 1356 3700 1442 Libris,
3766 1356 3865 1444 qui

2274 1463 2402 1511 non
2438 1444 2884 1533 praeseferunt
2917 1444 3251 1530 requisitas
3278 1466 3312 1510 a
3336 1443 3695 1514 pontificiis
3722 1449 3869 1514 Gon·

2274 1532 2712 1601 stitutionibus
2732 1534 3217 1615 ordinariorum
3242 1533 3714 1619 attestationes,
3741 1553 3869 1633 per-

2278 1619 2428 1687 inde
2454 1641 2524 1687 ac
2547 1620 2743 1707 siper
2773 1621 3347 1709 praescriptionem
3378 1621 3445 1688 in
3475 1632 3865 1688 contrarium

2279 1719 2664 1776 memoratae
2723 1709 3227 1778 constitutiones
3280 1709 3531 1777 censeri
3601 1708 3869 1776 debeant

2277 1816 2405 1865 non
2458 1796 2731 1883 amplius
2786 1798 2850 1864 in
2908 1818 3025 1865 suo
3083 1799 3314 1866 robore
3362 1794 3869 1899 permanentes?

2409 1891 2472 1952 2.
2524 1889 2621 1951 An
2686 1885 3037 1954 enunciatis
3093 1886 3455 1971 Breviariis,
3518 1886 3869 1953 Hissalibus

2276 1976 2544 2061 aliisque
2589 1973 2779 2041 buius
2822 1975 3082 2061 generis
3126 1973 3304 2041 libris
3360 1974 3539 2042 licite
3591 1974 3741 2075 quis
3784 1974 3867 2040 uti

2276 2062 2501 2151 possit,
2550 2061 2601 2128 si
2648 2060 2961 2130 ordinarii
3024 2063 3347 2147 locorum,
3396 2081 3665 2152 praevia
3712 2062 3869 2129 revi-

2277 2151 2453 2217 sione
2483 2170 2515 2215 a
2546 2169 2618 2217 se
2651 2150 2963 2235 instituta,
2999 2150 3330 2218 declarent
3374 2149 3648 2223 eosdem
3686 2152 3868 2239 plene

2277 2239 2671 2307 concordare
2730 2257 2879 2306 cum
2936 2238 3075 2305 aliis
3134 2243 3373 2307 Romae
3430 2236 3607 2308 cusis
3667 2248 3735 2305 et
3790 2238 3869 2303 de

2279 2345 2462 2394 more
2511 2325 2735 2407 revisis
2782 2337 2850 2393 et
2894 2325 3314 2415 approbatis?

2410 2419 2493 2483 Et
2536 2418 2721 2483 Sacra
2765 2415 3027 2482 Rituum
3072 2415 3525 2504 congregatio,
3578 2415 3662 2482 ad
3712 2413 3869 2482 Vati-

2281 2523 2508 2573 canum
2554 2501 2860 2571 hodierna
2907 2504 3013 2571 die
3060 2503 3409 2572 coadunata
3452 2505 3517 2572 in
3546 2501 3869 2572 Ordinatio

2279 2597 2507 2677 Coetu,
2547 2592 2760 2659 audita
2807 2592 3119 2660 relatione
3170 2613 3204 2659 a
3254 2592 3623 2681 subscripto
3656 2595 3871 2660 Secre-

2281 2681 2440 2749 tario
2487 2681 2672 2765 facta,
2703 2680 3123 2767 perpendens
3169 2681 3235 2748 in
3282 2691 3643 2749 memorato
3675 2683 3869 2748 Gene-

2280 2770 2390 2836 rali
2437 2774 2711 2836 Decreto
2758 2780 3114 2856 utrumque
3158 2769 3432 2836 dubium
3480 2768 3869 2856 contempla·

2282 2870 2421 2925 tum
2465 2856 2693 2943 fuisse,
2740 2856 2898 2944 quin
2945 2857 3096 2958 ipsis
3142 2856 3397 2926 directe
3449 2857 3866 2938 satisfaceret,

2285 2944 2773 3024 rescribendum
2822 2945 3072 3013 edixit:
3123 2966 3162 3013 α
3197 2947 3507 3014 Servetur
3560 2943 3869 3015 Generale

2282 3040 2625 3102 Decretum
2670 3034 2800 3103 diei
2847 3037 2931 3102 26
2976 3034 3214 3121 Aprilis
3256 3038 3425 3103 1834
3450 3056 3517 3102 ».

2416 3123 2527 3190 Die
2564 3126 2646 3190 18
2675 3123 3004 3191 Februarii
3043 3126 3235 3190 1843.

2285 3264 2551 3334 2856.
2820 3213 3361 3334 rnoaummss
3647 3265 3865 3356 (sess)

2412 3391 2620 3468 Quum
2665 3388 2732 3457 in
2774 3388 3060 3456 Ecclesia
3106 3391 3371 3456 Sanctae
3409 3390 3642 3457 Mariae
3672 3411 3706 3457 a
3739 3394 3869 3456 lesu

2280 3489 2642 3565 nuncupata
2701 3477 2766 3545 in
2830 3476 3080 3565 Oppido
3123 3477 3323 3564 vulgo
3368 3479 3506 3545 San
3556 3480 3869 3547 casciano

2280 3569 2355 3633 in
2411 3566 2524 3633 Val
2568 3567 2639 3633 dt·
2680 3568 2843 3632 Pasa
2912 3565 3073 3631 intra
3141 3564 3301 3632 fines
3361 3565 3871 3635 Archidioecesis

2279 3655 2684 3721 Florentinae
2735 3655 2840 3721 ubi
2906 3662 3120 3720 erecta
3176 3653 3501 3741 reperitur
3562 3654 3868 3724 Sodalitas

2283 3741 2602 3828 suffragii,
2637 3743 2797 3811 dum
2840 3760 2959 3829 pro
2992 3740 3316 3809 defunctis
3350 3742 3413 3810 in
3442 3758 3695 3829 genere
3726 3746 3866 3812 San-

2279 3830 2637 3899 ctissimum
2668 3829 3099 3898 Eucharistiae
3133 3831 3612 3898 Sacramentum
3669 3827 3867 3921 publi·

2283 3939 2393 3986 cae
2419 3918 2714 3986 fidelium
2745 3917 3142 3985 venerationi
3177 3919 3544 4005 exponitur,
3582 3932 3737 3987 ante
3766 3917 3866 3984 be·

2283 4005 2718 4073 nedictionem
2764 4015 2831 4073 et
2885 4008 3165 4073 Tantum
3209 4026 3353 4092 erqo
3400 4006 3721 4075 recitetur
3754 4010 3867 4074 An·

2283 4094 2547 4182 tiphona
2594 4094 3009 4162 Eoeuttabunt
3063 4113 3213 4161 cum
3272 4095 3517 4163 Psalmo
3576 4096 3866 4164 Miserere

2288 4191 2351 4249 et
2398 4183 2461 4248 in
2509 4182 2640 4250 fine
2686 4185 2989 4267 Requiem
3036 4193 3368 4250 aeternam
3415 4202 3484 4250 ac
3520 4183 3735 4251 Oratio
3764 4184 3864 4249 Fi-

2282 4268 2524 4337 delium
2594 4273 2797 4354 Deus,
2872 4273 2976 4338 vel
3052 4274 3215 4339 Deus
3264 4274 3485 4339 veniae
3544 4274 3863 4359 turpiter,-

2287 4377 2619 4446 quumque
2692 4359 3059 4427 huiusmodi
3133 4358 3349 4448 praxis
3414 4360 3494 4427 ab
3561 4359 3866 4449 aliquibus

2286 4466 2416 4514 non
2460 4469 2493 4514 a
2542 4449 2875 4537 probetur,
2910 4448 3105 4515 immo
3145 4450 3341 4515 etiam
3379 4451 3860 4528 contradicatur,

2284 4538 2477 4604 Sacer
2526 4556 2595 4603 os
2641 4540 2903 4604 loannes
2946 4536 3223 4626 Baptista
3267 4539 3567 4624 Borboni,
3616 4535 3862 4607 nomine

2290 4624 2482 4692 etiam
2547 4636 2932 4692 memoratae
3003 4624 3400 4710 sodalitatis,
3464 4627 3715 4695 Sacram
3770 4622 3859 4691 lti-

2288 4723 2473 4780 tuum
2533 4714 3116 4802 congregationem
3183 4712 3545 4782 humillime
3599 4711 3859 4806 rogavit,

2290 4814 2360 4867 ut
2390 4815 2701 4889 quatenus
2732 4801 2867 4888 ipsa
2896 4803 3108 4890 praxis
3139 4820 3367 4889 reapse
3397 4804 3479 4869 sit
3509 4802 3858 4882 interdicta,

2290 4891 2489 4979 ipsam
2533 4900 2751 4958 tamen
2796 4891 3177 4959 confirmare
3221 4891 3601 4980 dignaretur
3643 4901 3749 4960 aut
3779 4900 3858 4955 to·

2290 4979 2496 5047 lerare
2541 4980 2769 5047 saltem
2815 4979 2878 5046 in
2926 4992 3273 5047 memorata
3340 4981 3667 5062 Ecclesia3
3726 4994 3859 5048 nam

2291 5067 2599 5135 Sodalitas
2633 5069 2766 5157 ipsa
2813 5068 2874 5134 in
2924 5069 2991 5137 id
3035 5069 3435 5156 potissimum
3467 5070 3763 5153 intendit,
3794 5074 3857 5131 ut

2292 5174 2371 5221 ex
2424 5156 2544 5243 piis
2589 5156 2910 5224 exercitiis
2958 5157 3254 5228 levamen
3301 5157 3595 5228 obveniat
3640 5160 3856 5227 anima·

2290 5243 2433 5327 bns„
2482 5263 2646 5330 quae
2691 5244 3113 5333 piacularibus
3159 5249 3450 5317 addictae
3495 5246 3761 5316 flammis
3800 5243 3853 5309 in

2293 5334 2662 5418 Purgatorio
2708 5344 3096 5402 cremantur.
