4042 5950
1960 235 2440 314 -202-

565 393 789 460 venire
832 393 908 460 ad
943 394 1209 460 domum
1256 394 1568 488 defuncti,
1604 407 1674 462 ut
1707 392 1952 484 pluries
1983 393 2140 461 haec

569 483 635 548 S.
687 487 760 549 c.
808 482 1172 549 sancivit».

702 570 797 637 Ad
844 573 909 636 4.
958 590 996 634 α
1030 573 1302 657 Semper
1370 583 1435 637 et
1492 572 1731 657 ubique
1794 571 1857 637 in
1915 571 2143 638 cathe-

569 657 814 724 dralem
860 658 1410 743 conveniendum,
1459 659 1507 725 si
1557 660 1847 727 eiusdem
1892 659 2145 745 capitu-

572 746 707 812 lum
752 745 1003 812 intersit
1049 746 1125 813 ad
1177 746 1366 814 funus
1398 769 1462 811 ».

703 834 797 900 Ad
833 838 897 901 ll.
931 855 970 898 ‹
1002 837 1235 902 Omnes
1267 834 1458 902 funus
1484 835 1859 903 associantes
1901 835 1966 901 in
1998 855 2146 902 casu

570 923 876 989 accedere
934 922 1177 989 debere
1237 922 1313 989 ad
1360 923 1851 1007 Cathedralem,
1902 923 2147 989 etiamsi

570 1011 934 1096 capitulum
979 1029 1107 1078 non
1155 1010 1429 1095 intersit,
1462 1012 1574 1077 sed
1608 1012 1815 1077 solum
1854 1010 2148 1078 eiusdem

572 1097 884 1252 Par-ochus
940 1119 1064 1165 una
1123 1119 1269 1169 cum
1336 1101 1537 1167 altero
1603 1100 1878 1166 Parocho
1938 1099 2146 1166 domi-

573 1207 629 1253 ci
658 1206 701 1252 ιι
734 1209 800 1252 ».

703 1278 781 1340 Et
828 1273 910 1340 ita
959 1274 1204 1343 censuit
1241 1296 1310 1341 ac
1356 1275 1590 1341 servari
1638 1275 1982 1341 mandavit.
2032 1276 2144 1342 Die

578 1367 651 1429 17
701 1363 1098 1451 Septembris
1151 1367 1342 1429 1822.

572 1503 833 1572 2624.
1130 1505 1574 1569 Decumum.
1917 1503 2145 1589 (4593)

709 1633 800 1694 Ex
843 1631 1267 1694 Romanorum
1314 1626 1684 1694 Pontificum
1716 1627 2145 1713 indulgentia,

573 1724 745 1781 certa
776 1715 1088 1801 quaedam
1121 1714 1387 1781 illustria
1420 1716 1678 1783 honoris
1713 1716 1981 1804 insignia
2002 1715 2149 1781 Col-

575 1802 760 1890 legiis
794 1802 1266 1871 'canonicorum
1319 1803 1424 1869 vel
1472 1825 1504 1869 a
1550 1804 1772 1890 priscis
1840 1803 2148 1891 tempori-

576 1891 693 1957 bus
738 1889 1012 1958 adtribui
1060 1909 1478 1976 consuevere,
1526 1890 1755 1977 quibus
1788 1902 1852 1958 et
1896 1890 2151 1959 Ordinis

574 1978 863 2045 maiestas
899 1978 1460 2045 commendaretur
1506 1981 1727 2067 magiS,
1770 1990 1834 2045 et
1868 1981 1997 2068 ipsa
2044 1981 2150 2045 Sa-

575 2085 829 2133 crorum
873 2066 1235 2153 procuratio
1280 2067 1695 2154 splendidiori
1724 2079 2025 2157 apparatu
2073 2066 2152 2133 ad

573 2155 964 2242 populorum
1010 2155 1250 2230 animos
1312 2157 1374 2222 in
1422 2154 1675 2222 divinae
1742 2158 1835 2222 rei
1883 2175 2150 2222 venera-

578 2243 817 2311 tionem
865 2242 1217 2330 impensius
1263 2243 1718 2331 comparandos
1777 2243 2143 2331 effulgeret.

573 2336 684 2397 Ast
729 2351 876 2399 cum
923 2351 995 2397 ea
1042 2330 1121 2396 sit
1169 2350 1387 2398 rerum
1449 2329 1863 2398 humanarum
1932 2330 2150 2397 condi-

576 2417 688 2502 tio,
725 2430 794 2486 ut
837 2438 998 2507 quae
1043 2418 1604 2505 providentissime
1634 2420 1972 2486 constituta
2018 2419 2149 2505 pri-

573 2524 754 2573 mum
800 2508 982 2576 tuere
1012 2556 1029 2589 ,
1078 2525 1274 2593 pravo
1342 2508 1646 2594 deinceps
1690 2525 1807 2573 usu
1872 2517 2066 2593 atque
2114 2529 2147 2573 a

574 2594 1068 2663 concedentium
1113 2594 1441 2661 voluntate
1499 2597 1684 2680 plane
1730 2593 2003 2677 absono,
2055 2596 2145 2659 in-

573 2681 849 2748 feliciter
906 2690 1397 2770 pervertantur,
1447 2681 1509 2748 id
1561 2692 1625 2747 et
1683 2682 1767 2749 de
1828 2682 2151 2749 canonica-

576 2768 738 2836 libus
801 2768 1151 2858 privilegiis
1196 2779 1267 2835 ut
1321 2768 1667 2857 plurimum
1730 2772 2147 2855 contingere,

577 2877 802 2945 graves
872 2856 1156 2940 undique
1225 2857 1622 2925 invalescunt
1680 2859 1985 2944 querelae
2047 2859 2155 2924 ho-

578 2945 823 3013 minum
868 2955 935 3012 et
978 2945 1350 3012 auctoritate
1384 2957 1449 3014 et
1493 2946 1796 3034 sapientia
1828 2957 2151 3048 praestan-

578 3033 759 3102 tium.
831 3035 1086 3102 Nedum
1155 3033 1327 3101 enim
1393 3036 1622 3103 modus
1667 3034 1995 3102 Pontificio
2051 3035 2151 3101 Di·

576 3125 854 3223 plomate
887 3120 1301 3210 praestitutus
1339 3123 1555 3190 violari
1594 3123 2001 3210 conspicitur,
2037 3122 2149 3189 sed

579 3210 641 3277 id
703 3212 927 3278 crebro
989 3211 1247 3277 honoris
1307 3232 1377 3279 ac
1430 3209 1752 3298 privilegii
1816 3210 2150 3298 usurpari,

578 3299 751 3367 nulla
799 3298 1002 3365 habita
1051 3300 1366 3384 locorum,
1411 3309 1665 3365 actuum
1712 3311 2155 3386 personarum-

580 3406 708 3472 que
752 3388 1021 3471 ratione,
1077 3387 1252 3472 quod
1300 3387 1687 3473 primoribus
1732 3405 1814 3452 ex
1849 3386 2158 3453 Ecclesia·

577 3474 730 3540 stica
778 3474 1133 3542 Hierarchia
1181 3475 1400 3541 datum
1444 3474 1863 3562 dignoscitur.

587 3636 591 3643 ‚
708 3565 901 3627 Tanto
952 3561 1099 3628 huic
1143 3563 1310 3629 malo
1355 3562 1783 3631 convellendo
1828 3562 1996 3629 haud
2056 3580 2156 3627 se-

579 3648 707 3714 mel
755 3647 1142 3717 adlaboravit
1172 3653 1355 3718 Sacra
1402 3653 1659 3719 Rituum
1701 3649 2153 3735 Congregatio,

578 3756 738 3824 quae
785 3738 862 3805 ad
908 3747 1148 3803 rectam
1195 3757 1413 3804 rerum
1466 3756 1783 3805 sacrarum
1841 3738 2156 3804 actionem

579 3823 996 3892 ordinandam
1046 3836 1142 3891 est
1184 3827 1582 3912 praeposita3
1652 3837 1842 3912 atque
1890 3824 2157 3908 idcirco,

580 3913 752 3999 quod
799 3913 1215 3999 praecipuum
1263 3912 1572 3980 abusuum
1621 3913 1685 3979 id
1720 3930 1922 3998 genus
1969 3923 2160 4001 caput

581 4013 701 4085 est,
751 3999 1164 4087 privilegium
1207 4001 1668 4068 pontificalium
1712 4000 2017 4087 collegiis
2048 4004 2159 4067 ca-

579 4087 956 4157 nonicorum
1004 4088 1453 4178 insignioribus
1501 4088 1777 4155 libenter
1823 4091 2155 4173 collatum,

576 4178 753 4244 statis
785 4177 1164 4264 quibusdam
1188 4175 1660 4244 conditionibus
1690 4176 2160 4244 moderandum

582 4267 849 4350 curavit,
899 4266 1276 4354 praesertim
1323 4266 1388 4332 in
1432 4266 1860 4333 Panormitam
1922 4264 2029 4331 die
2076 4269 2160 4330 22

580 4352 815 4441 Aprilis
882 4359 1048 4422 1684
1111 4364 1174 4421 et
1222 4354 1283 4420 in
1332 4354 1703 4421 Urbinaten.
1767 4353 1875 4420 die
1936 4357 2019 4420 29
2075 4357 2163 4419 la-

582 4441 785 4509 nuarii
841 4446 1034 4511 1752.

713 4529 902 4597 Novis
948 4542 1162 4598 tamen
1211 4542 1276 4597 et
1322 4530 1757 4597 deterioribus
1786 4529 1993 4597 adhuc
2025 4547 2169 4616 per-

583 4616 1140 4687 crebrescentibus
1184 4619 1487 4686 adversus
1518 4619 1672 4685 haec
1705 4617 1986 4685 instituta
2017 4637 2166 4684 con-

582 4706 1076 4791 suetudinibus,
1147 4705 1604 4792 nonnullisque
1673 4705 1883 4774 dubiis
1957 4725 2168 4794 nuper

582 4794 811 4861 delatis
857 4815 931 4862 su
983 4815 1054 4863 er
1096 4814 1213 4862 usu
1263 4793 1724 4862 Pontificalium
1756 4795 1820 4862 in
1852 4797 2167 4880 Metropo-

585 4883 770 4948 litana
804 4886 928 4949 Ecc
960 4884 1086 4950 esia
1119 4888 1375 4969 Barea„
1407 4883 1648 4971 placuit
1679 4885 1868 4950 SSmo
1901 4885 2167 4949 Domino

584 4972 811 5037 Nostro
859 4970 965 5036 Pio
995 4976 1195 5058 Papae
1230 4976 1334 5040 Vll
1374 4991 1504 5037 rem
1554 4972 1915 5038 universam
1951 4971 2166 5037 eidem

585 5061 652 5127 S.
688 5060 1184 5146 congregationi
1233 5059 1704 5128 discutiendam
1742 5060 2169 5137 demandare;

586 5160 775 5232 quae,
826 5146 1138 5231 exquisita
1182 5148 1362 5234 prius
1407 5149 1717 5214 sententia
1772 5150 1839 5214 S.
1887 5151 2167 5232 congre-

585 5233 855 5323 gationis
901 5235 1393 5302 caeremonialis
1446 5235 1832 5318 secretarii,
1881 5234 2170 5320 itemque

583 5321 766 5392 Sedis
810 5320 1214 5410 Apostolicae
1259 5322 1818 5389 caeremoniarum
1852 5322 2158 5410 Magistri,

2223 1011 2389 1077 iure
2422 1010 2714 1082 inhaeret

2245 393 2624 480 cunctisque
2671 393 2986 460 rationum
3020 392 3359 460 momentis
3406 402 3704 459 accurate
3733 394 3824 462 di·

2243 482 2654 569 ligenterque
2689 482 3045 571 perpensis,
3081 482 3408 549 edendum
3437 481 3691 548 censuit
3719 487 3833 548 De-

2247 580 2523 654 cretum,
2573 590 2699 657 qno
2776 569 3239 636 Pontificalium
3311 569 3653 658 privilegia
3721 570 3830 636 de·

2246 658 2603 741 clarentur,
2653 658 2976 745 certisque
3032 657 3284 745 legibus
3340 658 3419 724 ad
3481 656 3830 723 Ritualium

2247 747 2822 834 praescriptionum
2856 763 3142 812 normam
3188 755 3630 812 coerceantur.
3685 745 3834 811 Eius

2249 854 2442 922 porro
2474 837 2724 902 Decreti
2774 835 3023 901 articuli
3063 843 3239 918 sunt,
3272 833 3380 918 qui
3423 842 3829 916 sequuntur:

2386 926 2446 989 l.
2497 926 2681 990 Sacra
2798 941 3065 1010 eragere
3133 921 3280 988 Ritu
3335 920 3690 988 Pontificali
3751 920 3833 987 de

2747 944 3074 1079 dumtaxat
3104 1010 3467 1095 Episcopali
3498 1009 3830 1095 Dignitati.

2380 1103 2448 1164 2.
2496 1100 2762 1167 Praelati
2811 1099 3122 1188 Episcopo
3176 1098 3516 1164 inferiores
3577 1096 3836 1182 pontili-

2247 1187 2473 1252 caliter
2522 1189 2847 1256 celebrant
2896 1207 2971 1253 ex
3024 1185 3390 1274 privilegio,
3437 1186 3552 1251 sed
3610 1195 3832 1250 ornatu

2249 1275 2685 1359 moderatiori,
2712 1276 2959 1342 statutis
2995 1285 3239 1341 tantum
3284 1271 3538 1355 diebus,
3576 1273 3637 1337 in
3689 1289 3833 1372 pro·

2251 1361 2403 1450 priis
2475 1365 2774 1432 Ecclesiis
2820 1364 2896 1428 ab
2968 1362 3323 1450 Episcopali
3392 1361 3831 1428 iurisdictione

2251 1452 2608 1539 exemptis;
2657 1464 2721 1519 et
2772 1461 3076 1519 tenentur
3114 1451 3177 1517 in
3222 1448 3489 1534 reliquis
3535 1445 3832 1513 omnibus

2251 1538 2632 1606 adamussim
2677 1560 2936 1607 servare
2983 1536 3304 1623 generalia
3371 1540 3638 1602 Decreta
3687 1533 3831 1599 ‘Ale-

2251 1626 2477 1693 xandri
2523 1630 2653 1713 Vll,
2703 1650 2734 1693 a
2778 1627 3122 1694 Benedicta
3169 1629 3307 1694 XIV
3352 1625 3745 1690 confirmata.

2386 1719 2449 1781 3.
2502 1718 2566 1780 ln
2627 1716 2929 1782 Ecclesiis
2974 1735 3104 1782 non
3173 1713 3490 1800 exemptis
3537 1721 3835 1777 vetantur

2251 1801 2447 1868 iidem
2495 1801 2876 1870 pontificalia
2940 1822 3279 1885 exercere,
3330 1801 3578 1866 etiamsi
3634 1800 3832 1864 inter-

2250 1890 2440 1958 cedat
2485 1911 2786 1979 expressa
2815 1890 3126 1958 ordinarii
3177 1889 3298 1956 loci
3345 1886 3629 1953 licentia.

2382 1981 2445 2044 4.
2496 1980 2869 2065 Dignitates,
2907 1977 3230 2061 canonici,
3279 1980 3584 2043 Rectores
3613 1976 3837 2041 Eccle-

2250 2069 2487 2133 siarum
2534 2086 2946 2154 quocumque
2993 2066 3256 2132 nomine
3296 2062 3639 2150 insignium
3691 2084 3839 2151 pro-

2251 2157 2556 2223 hibentur
2590 2155 2748 2222 ritus
2782 2170 2845 2221 et
2879 2155 3310 2222 caeremonias
3353 2170 3472 2233 pro
3502 2150 3837 2251 Episcopis

2253 2256 2318 2311 et
2365 2243 2662 2309 Praelatis
2697 2242 3107 2310 inferioribus
3152 2240 3513 2326 designatas
3552 2260 3618 2306 in
3646 2240 3840 2305 sacris

2253 2331 2638 2418 peragendis
2685 2332 2993 2399 adhibere
3039 2341 3145 2396 aut
3193 2339 3487 2395 ornatum
3556 2326 3838 2413 aliquem

2254 2419 2685 2508 pontificalem
2734 2420 3029 2502 induere,
3079 2418 3315 2504 absque
3360 2415 3623 2502 speciali
3670 2422 3839 2500 Apo-

2251 2507 2515 2574 stolicae
2559 2507 2742 2575 Sedis
2788 2505 3153 2595 privilegiu.

2389 2599 2453 2660 5.
2501 2595 2965 2682 Quodcumque
3013 2592 3425 2681 privilegium
3469 2592 3547 2658 ad
3596 2609 3838 2678 augen-

2253 2684 2409 2750 dum
2485 2682 2830 2769 insignium
2906 2681 3326 2770 quarumdam
3403 2679 3842 2745 Ecclesiarum

2253 2769 2668 2860 splendorem
2699 2772 2777 2839 ab
2796 2771 3158 2858 Apostolica
3188 2769 3357 2835 Sede
3388 2766 3839 2854 Dignitatibus,

2255 2859 2621 2942 Canonicis,
2670 2859 3047 2926 Rectoribus
3100 2869 3207 2925 aut
3254 2857 3377 2922 alio
3424 2874 3842 2942 quocumque

2255 2946 2513 3014 nomine
2560 2948 2939 3034 nuncupatis
2986 2963 3386 3030 concessum,
3435 2953 3664 3031 utpote
3711 2943 3843 3010 lae-

2233 3036 2460 3101 -sivum
2507 3035 2800 3122 dignitati
2848 3035 3234 3123 Episcopali,
3270 3034 3354 3099 de
3389 3034 3527 3099 iure
3574 3029 3842 3097 strictis-

2255 3125 2414 3189 sime
2464 3135 2559 3189 est
2627 3124 3205 3210 interpretandum.
3276 3119 3703 3199 Quamobrem
3747 3119 3840 3184 nil

2258 3211 2428 3278 aliud
2477 3230 2849 3278 concessum
2898 3210 3391 3296 intelligendum
3437 3216 3561 3292 est,
3601 3206 3721 3272 nisi
3767 3205 3846 3270 il-

2259 3298 2370 3365 lud
2416 3300 2590 3385 quod
2639 3309 2735 3365 est
2780 3299 3109 3385 speciatim
3156 3315 3578 3384 expressum,
3629 3313 3846 3379 neque

2261 3405 2342 3451 ex
2416 3386 2668 3453 indulto
2737 3406 2867 3453 uno
2915 3389 3200 3454 alterove
3268 3384 3615 3472 privilegio
3678 3380 3845 3447 trahi

2260 3484 2475 3560 potest
2506 3474 2961 3560 consequentia
2989 3477 3066 3543 ad
3097 3475 3239 3559 alia,
3275 3492 3438 3560 quae
3468 3469 3847 3558 singillatim

2260 3562 2580 3649 descripta
2626 3580 2754 3630 non
2803 3563 3070 3629 fuerint.

2392 3656 2459 3717 6.
2505 3651 2637 3716 Nec
2688 3663 2926 3735 tamen,
2975 3651 3182 3738 posito
3228 3646 3597 3738 privilegio,
3636 3642 3846 3711 omnia

2262 3737 2555 3805 omnibus
2602 3756 2805 3824 aeque
2853 3747 3257 3825 competunt,
3305 3736 3418 3803 sed
3469 3733 3845 3802 discrimine

2265 3835 2359 3892 est
2408 3843 2568 3912 opus
2614 3824 2783 3893 inter
2835 3826 3280 3893 Celebrantem
3343 3835 3408 3890 et
3461 3823 3848 3889 Assistentes

2265 3932 2412 3980 cum
2461 3912 2814 4000 insignibus
2857 3913 3357 3994 pontificalibus.

2396 4005 2461 4068 7.
2511 4003 2664 4067 Nam
2710 4002 3070 4069 celebranti
3109 4001 3430 4088 ‚quaedam
3475 4006 3850 4086 competere

2267 4101 2529 4179 possunt
2575 4089 2958 4177 pontificalia
3008 4088 3313 4176 insignia;
3364 4108 3494 4155 non
3539 4086 3702 4152 item
3737 4086 3850 4148 As-

2263 4177 2656 4261 sistentibus,
2708 4177 2864 4244 dum
2929 4177 3302 4266 Dignitates,
3352 4173 3677 4255 canonici,
3730 4175 3847 4238 Re·

2265 4278 2473 4333 ctores
2504 4276 2633 4331 etc.
2681 4285 2848 4332 sacra
2880 4284 3139 4332 sumere
3172 4263 3412 4331 debent
3445 4262 3846 4358 indumenta.

2397 4359 2461 4420 8.
2512 4352 2643 4421 Sub
2688 4353 2995 4440 generice
3065 4362 3586 4421 ornamentorum
3632 4357 3854 4435 pontt-

2268 4443 2544 4510 ficalium
2590 4441 2894 4524 nomine,
2944 4459 3106 4526 quae
3155 4459 3237 4506 ex
3332 4436 3626 4538 rivilegio
3681 4441 3853 4521 Apo-

2267 4530 2485 4597 stolica
2533 4529 2733 4596 Sedes
2779 4527 3230 4615 insignioribus
3325 4526 3579 4614 apitults
3649 4541 3854 4611 quan·

2267 4620 2482 4703 doque
2531 4617 2851 4700 concedit,
2887 4616 3336 4702 intelliguntur
3374 4614 3736 4697 dumtaxat,
3772 4631 3855 4676 ex

2271 4705 2511 4795 pluries
2556 4705 2783 4772 decisis
2838 4726 2871 4770 a
2916 4707 3098 4771 Sacra
3131 4701 3666 4788 congregatione,
3703 4698 3857 4766 cali-

2268 4811 2412 4880 gae,
2454 4792 2750 4875 sandalia,
2785 4812 2903 4860 nec
2948 4810 3100 4856 auro
3145 4810 3265 4857 nec
3310 4799 3574 4875 argento
3607 4797 3852 4869 ornata,

2269 4882 2508 4948 sericae
2556 4881 2713 4947 item
2761 4880 3192 4962 chirothecae,
3250 4876 3609 4960 Dalmatica,
3661 4875 3855 4942 Tuni-

2272 4971 2458 5053 cella,
2491 4968 2764 5035 annulus
2810 4986 2960 5035 cum
2994 4966 3174 5033 unica
3223 4983 3501 5053 gemma,
3537 4968 3711 5032 crux
3746 4981 3857 5051 pe-

2272 5057 2524 5125 ctoralis
2569 5057 2708 5125 sine
2756 5075 3032 5144 gemma,
3069 5055 3251 5119 mitra
3300 5054 3576 5141 simplex
3614 5072 3694 5119 ex
3732 5050 3857 5115 tela

2270 5146 2405 5211 alba
2454 5165 2600 5212 cum
2646 5142 2865 5210 sericis
2913 5141 3154 5211 laciniis
3201 5140 3383 5207 rubei
3418 5141 3704 5208 coloris,-

2403 5236 2467 5300 9.
2510 5233 2694 5300 Hisce
2727 5234 3021 5300 omnibus
3051 5229 3145 5295 uti
3177 5231 3416 5316 poterit
3447 5226 3855 5294 solummodo

2269 5321 2547 5409 Dignitas
2593 5330 2699 5385 aut
2767 5324 3003 5386 Rector
3061 5317 3435 5385 solemniter
3491 5315 3848 5397 celebrans,
