4042 5950
1576 242 2049 319 —219—

296 404 363 466 2.
434 404 533 466 An
583 399 811 466 saltem
873 400 1356 465 Sacramentum
1431 408 1759 464 extremae

154 487 499 642 UnctioPnis
560 506 704 554 cum
784 488 956 555 Stola
1026 497 1270 553 tantum
1333 485 1758 554 administrari

250 576 373 642 ssit

156 595 247 665 po
295 665 513 732 Tertia
559 662 706 730 iacti
751 662 1041 750 species:
1106 662 1479 731 Sacerdotes
1541 682 1759 729 curam

151 754 526 821 animarum
559 762 965 837 exercentes,
996 772 1113 840 pro
1144 771 1250 818 sua
1276 751 1757 836 commoditate,

152 842 338 929 apud
389 862 458 908 se
507 842 570 908 in
615 839 911 909 domibus
955 840 1084 908 suis
1129 839 1414 907 retinent
1471 851 1760 907 sanctum

151 934 397 998 Oleum
446 929 889 997 infirmorum:
939 929 1314 1014 quaeritur:

294 1023 423 1101 An,
473 1028 710 1085 attenta
756 1017 1252 1100 consuetudine,
1304 1015 1463 1083 banc
1513 1016 1756 1105 praxim

155 1107 341 1174 licite
396 1105 679 1173 retinere
724 1103 1018 1173 valeant?

297 1196 526 1272 Quarta
561 1193 706 1260 facti
740 1194 1022 1283 species:
1077 1195 1260 1260 Sacra
1291 1193 1443 1259 Olea
1466 1194 1529 1258 in
1551 1195 1763 1259 coena

154 1283 418 1350 Domini
451 1283 792 1351 benedicta
828 1283 1347 1350 transmittuntur
1371 1281 1446 1347 ad
1483 1284 1763 1347 Decanos

159 1370 491 1456 foraneos,
540 1371 649 1457 qui
697 1391 770 1437 ea
802 1370 1197 1439 distribuunt
1228 1370 1586 1436 Pastoribus
1617 1388 1765 1436 suo-

160 1478 314 1526 rum
367 1459 823 1527 Districtuum:
876 1458 1214 1545 quaeritur

296 1551 399 1614 An
447 1549 679 1615 Decani
724 1548 1250 1616 distributionem
1309 1547 1571 1616 differre
1622 1566 1766 1634 pos·

161 1638 292 1702 sint
340 1655 551 1722 usque
598 1648 743 1723 post
794 1636 1188 1704 Dominicam
1235 1638 1299 1704 in
1346 1632 1563 1702 Albis?

297 1725 526 1802 Quinta
576 1725 721 1792 facti
766 1725 1055 1813 species:
1107 1725 1288 1793 Multi
1333 1728 1617 1791 Pastores
1663 1742 1763 1788 ac·

167 1823 364 1900 cepta
406 1833 579 1879 sacra
621 1815 771 1881 Olea
819 1814 1157 1901 deponunt
1206 1815 1270 1880 in
1310 1812 1607 1881 domibus
1635 1811 1766 1878 suis

169 1919 379 1987 usque
441 1901 504 1968 in
564 1912 946 1989 sequentem
1006 1902 1437 1985 Dominicam;
1495 1910 1561 1967 et
1617 1910 1765 1967 tunc

166 2008 319 2055 cum
387 1989 659 2057 solemni
729 1990 1179 2075 Processione,
1244 1989 1550 2056 videlicet
1618 2005 1758 2053 cum

165 2081 404 2159 cmce,
441 2097 588 2145 cum
637 2079 920 2146 candelis
965 2077 1337 2145 ardentibus
1372 2090 1437 2144 et
1468 2078 1586 2144 sub
1633 2074 1762 2141 bal-

167 2166 470 2250 dachino,
497 2187 529 2231 a
562 2178 695 2232 toto
728 2169 917 2234 clero
949 2167 1014 2233 in
1048 2166 1267 2234 habitu
1299 2187 1476 2235 sacro
1508 2175 1762 2254 portan-

167 2268 273 2320 tur
301 2254 382 2321 ad
419 2255 800 2340 Ecclesiam,
837 2255 1251 2344 exponuntur
1300 2255 1361 2325 in
1393 2255 1608 2340 aliquo
1656 2250 1762 2317 Al-

168 2341 289 2409 tari
321 2359 470 2408 cum
512 2344 900 2430 hymnorum
947 2354 1138 2410 cantu
1184 2354 1374 2431 atque
1408 2343 1633 2410 eadem
1664 2360 1761 2406 so·

166 2431 502 2496 lemnitate
538 2439 874 2519 portantur
904 2433 980 2499 ad
1016 2436 1283 2499 Fontem
1321 2430 1763 2519 baptismalem

167 2522 363 2605 eique
396 2518 869 2588 infunduntur:
904 2520 1271 2607 quaeritur:

310 2610 368 2672 1.
421 2610 519 2674 An
550 2612 834 2675 Pastores
865 2620 1042 2675 recte
1079 2608 1397 2674 retineant
1418 2626 1589 2674 sacra
1614 2605 1765 2673 Olea

167 2696 233 2762 in
280 2695 580 2762 domibus
624 2696 757 2762 suis
804 2716 1011 2782 usque
1056 2697 1131 2763 ad
1167 2696 1557 2762 Dominicam
1588 2713 1765 2760 rece·

165 2784 464 2871 ptionem
513 2787 894 2853 eorumdem
940 2781 1503 2873 subsequentem?

303 2875 374 2938 2.
422 2876 519 2939 An
561 2893 737 2939 sacra
780 2874 931 2941 Olea
980 2892 1127 2941 cum
1187 2873 1293 2939 tali
1358 2871 1764 2939 solemnitate

168 2960 497 3028 introduci
545 2962 788 3049 possint
833 2962 899 3030 in
946 2958 1343 3030 Ecclesiam?

306 3053 371 3116 3.
398 3051 495 3115 An
514 3069 662 3118 cum
687 3052 791 3118 tali
814 3052 1224 3118 solemnitate
1249 3048 1500 3117 infundi
1523 3049 1765 3138 possint

170 3139 359 3205 Fonti
410 3139 794 3227 baptismali,
830 3141 932 3207 cui
967 3160 1095 3208 non
1129 3150 1482 3229 potuerunt
1515 3136 1766 3204 infundi

172 3231 241 3295 in
286 3229 560 3296 Sabbato
609 3233 864 3314 Sancto,
913 3248 1061 3298 cum
1107 3240 1260 3296 tunc
1316 3229 1597 3297 necdum
1661 3226 1767 3292 ha-

174 3319 317 3387 beri
366 3315 776 3407 potuissent?

309 3409 595 3476 Tandem
642 3408 1025 3494 quaeritur:

306 3498 405 3562 An
439 3496 805 3565 benedictio
840 3514 985 3565 cum
1020 3496 1427 3585 Indulgentia
1459 3490 1765 3582 plenaria,

173 3586 354 3651 iuxta
401 3586 939 3655 constitutionem
999 3584 1331 3652 Benedicti
1394 3585 1571 3671 XIV:
1640 3582 1765 3679 Pia

174 3675 388 3741 Mater
422 3680 463 3742 ὅ
495 3675 730 3761 Aprilis
766 3677 960 3763 1747,
988 3673 1418 3762 impertienda
1448 3671 1528 3739 sit
1553 3687 1769 3756 pueris

174 3765 312 3850 qui,
347 3763 615 3831 defectu
645 3763 890 3847 aetatis,
923 3764 1199 3849 primam
1232 3758 1768 3829 communionem

175 3852 463 3920 necdum
510 3850 975 3919 instituerunt?

312 3948 391 4008 Et
438 3943 507 4008 S.
532 3944 607 4007 R.
639 3946 743 4021 c.,
771 3940 1073 4025 requisita
1124 3939 1303 4040 prius
1347 3933 1658 4004 sententia
1706 3931 1766 3999 in

174 4030 434 4119 scriptis
494 4030 679 4096 unius
722 4045 803 4092 ex
860 4029 1371 4116 Apostolicarum
1433 4028 1770 4093 Caeremo-

177 4121 432 4186 niarum
477 4116 808 4206 Magistris‚
860 4117 1028 4204 typis
1088 4117 1282 4182 etiam
1346 4116 1627 4200 vulgata,
1691 4110 1768 4177 ad

175 4205 565 4274 relationem
613 4209 750 4275 Emi
816 4216 883 4271 et
933 4205 1073 4272 Ruti
1132 4210 1205 4271 D.
1273 4206 1456 4271 card.
1508 4199 1772 4267 Pallotta

178 4295 509 4381 Ponentis,
557 4293 1083 4383 respondendum
1131 4313 1270 4361 esse
1302 4291 1589 4367 censuit:
1639 4309 1676 4353 ι
1704 4290 1771 4353 ln

178 4382 482 4450 omnibus
530 4382 705 4451 iuxta
752 4392 975 4452 votum
1009 4406 1045 4446 »
1093 4383 1430 4449 nimirum:

314 4471 413 4539 Ad
462 4473 736 4558 primam
781 4470 924 4541 raeti
970 4493 999 4537 s
1051 4471 1277 4540 eciem.
1342 4489 1379 4533 ι
1422 4465 1770 4554 Negative;

176 4574 246 4629 et
294 4557 622 4628 eliminata
668 4570 983 4630 consuetu
1037 4562 1168 4646 ine,
1216 4567 1514 4628 servetur
1546 4554 1773 4622 Rubri·

184 4670 255 4718 ca
291 4674 357 4718 ».

316 4739 416 4806 Ad
465 4743 536 4805 2.
583 4758 620 4802 ι
655 4734 967 4825 Negative
1002 4762 1066 4805 t.

313 4828 414 4894 Ad
463 4827 813 4894 secundam
863 4828 1007 4893 iacti
1039 4828 1347 4916 speciem.
1399 4826 1495 4894 Ad
1535 4827 1594 4890 1.
1633 4845 1669 4891 e
1703 4828 1767 4891 2.

181 4943 218 4984 ‹
252 4915 602 5003 Negativ03
653 4928 721 4982 et
754 4916 1077 4982 eliminata
1116 4915 1608 4998 consuetudine,
1642 4932 1775 4979 ser-

184 5018 379 5074 vetur
425 5003 690 5070 Ritualis
735 5004 994 5071 Romani
1044 5004 1512 5091 praescriptum
1546 5024 1608 5067 ν.

318 5093 415 5160 Ad
476 5091 730 5157 tertiam
778 5092 925 5158 facti
971 5092 1279 5182 speciem.
1342 5093 1436 5158 Ad
1504 5089 1773 5157 dubium

189 5182 493 5250 unicum:
530 5199 567 5243 ι
596 5180 929 5267 Negative3
970 5193 1034 5247 et
1058 5192 1353 5248 servetur
1381 5181 1631 5247 Rituale
1655 5182 1774 5245 Ro·

187 5288 475 5354 manum,
506 5279 779 5356 excepto
813 5280 1022 5335 tamen
1054 5288 1201 5337 casu
1247 5288 1507 5357 magnae
1540 5268 1774 5335 distan-

189 5361 312 5427 tiae
359 5357 438 5424 ab
488 5356 809 5423 Ecclesia:
860 5376 987 5444 quo
1035 5360 1097 5426 in
1145 5377 1317 5444 casu,
1352 5356 1608 5424 omnino
1641 5373 1774 5421 ser·

1862 410 2054 466 vetur
2102 400 2295 467 etiam
2342 400 2519 469 domi
2563 399 2835 469 Rubrica
2868 402 3078 487 quoad
3117 402 3450 470 honestam

1863 498 1929 554 et
1976 488 2323 555 decentem
2370 499 2703 575 tutamque
2752 490 3106 557 custodiam
3141 513 3205 556 ι.

1990 577 2085 643 Ad
2138 588 2424 663 quartam
2473 576 2619 644 lacti
2663 576 2971 666 speciem.
3032 577 3131 645 Ad
3181 579 3451 662 dubium

1863 664 2163 733 unicum:
2215 686 2252 730 ι
2286 667 2597 753 Negative
2632 689 2699 732 ».

1992 755 2089 821 Ad
2137 752 2425 840 quintam
2472 755 2619 821 facti
2667 754 2978 841 speciem.
3027 756 3124 824 Ad
3163 760 3222 823 1.
3255 778 3292 822 ι
3327 761 3450 823 lam

1860 843 2192 929 provisum
2243 842 2304 907 in
2368 842 2784 930 responsione
2848 844 2927 909 ad
2988 843 3240 911 tertiam
3305 844 3450 912 iacti

1860 930 2175 1016 speciem,
2226 931 2303 997 ad
2353 930 2623 999 dubium
2673 930 2936 998 unicum
2969 954 3034 1000 »-

1996 1020 2091 1086 Ad
2140 1023 2204 1086 2.
2258 1041 2295 1082 ‹
2329 1019 2703 1087 Tollendam
2755 1039 2893 1087 esse
2939 1020 3269 1090 inductam
3304 1041 3454 1089 con-

1860 1107 2300 1192 suetudinem,
2321 1118 2386 1173 et
2409 1107 2752 1174 servandas
2775 1106 3037 1176 Ritualis
3062 1110 3364 1179 Rubricas
3387 1133 3453 1176 ».

1996 1195 2091 1262 Ad
2142 1198 2207 1263 3.
2260 1218 2297 1259 ‹
2331 1200 2456 1262 lam
2487 1195 2816 1282 provisum
2850 1196 2913 1263 in
2946 1198 3359 1284 praecedenti
3389 1221 3451 1264 ιι.

1996 1285 2095 1351 Ad
2142 1295 2584 1371 postremum:
2652 1304 2689 1348 ι
2725 1284 3116 1352 Affirmative
3153 1309 3220 1354 ιν.

1998 1375 2213 1458 Atque
2260 1373 2342 1438 ita
2389 1372 2723 1461 respondit
2785 1384 2850 1440 et
2905 1375 3141 1441 servari
3200 1375 3456 1443 manda-

1867 1459 1983 1526 v‘it.
2038 1462 2152 1528 Die
2202 1463 2282 1528 16
2328 1461 2702 1529 Decembris
2754 1464 2947 1530 1826.

1865 1600 2119 1670 2651.
2212 1604 2634 1669 DECRETUM
2682 1603 3127 1669 GENERALE.
3225 1604 3453 1691 (4624)

1995 1725 2091 1792 Ad
2143 1724 2464 1793 tollendos
2495 1745 2567 1791 ac
2598 1725 3020 1792 eliminandos
3052 1726 3309 1809 abusus,
3344 1724 3455 1811 qui

1864 1812 2287 1901 irrepserant,
2340 1814 2402 1880 in
2435 1814 2661 1880 Cultus
2695 1813 3087 1881 exhibitione
3135 1813 3460 1881 nonnullis

1865 1903 1976 1968 Dei
2027 1902 2241 1969 Servis
2289 1901 2400 1987 qui
2447 1920 2594 1969 cum
2641 1902 2802 1968 fama
2852 1915 2917 1968 et
2963 1902 3270 1988 opinione
3310 1905 3460 1969 San-

1864 1989 2099 2056 ctitatis
2144 1989 2583 2074 decesserant,
2633 1990 2987 2058 inconsulta
3059 1991 3228 2058 Sede
3289 1995 3460 2078 Apo-

1862 2079 2113 2163 stolica,
2164 2099 2232 2145 ac
2279 2078 2330 2145 si
2366 2089 2580 2146 essent
2611 2084 2948 2147 Beatorum
2983 2078 3334 2146 honoribus
3370 2079 3461 2144 le-

1865 2166 2092 2253 gitime
2139 2167 2462 2254 decorati:
2529 2188 2582 2234 s.
2636 2186 2721 2233 m.
2773 2166 3060 2235 Urbanus
3123 2171 3282 2254 Papa
3327 2167 3461 2234 Vlll

1866 2254 2281 2323 Generalibus
2329 2256 2615 2322 Decretis
2664 2255 2851 2323 editis
2896 2274 3061 2322 anno
3114 2257 3281 2321 1625
3313 2273 3462 2320 con·

1864 2343 2259 2430 firmatisque
2309 2343 2416 2412 die
2467 2349 2503 2410 5
2550 2342 2688 2411 Iulii
2744 2347 2937 2427 1634,
2989 2341 3274 2432 providis
3324 2342 3460 2409 latis

1863 2429 2119 2518 legibus
2143 2443 2394 2499 certum
2421 2432 2828 2520 praescripsit
2854 2431 3173 2516 ordinem,
3197 2431 3260 2497 in
3286 2430 3460 2498 hisce

1862 2520 2132 2606 agendis
2164 2522 2381 2588 causis
2413 2520 2477 2588 in
2509 2531 2841 2608 posterum
2876 2519 3136 2586 omnino
3171 2529 3460 2586 constan·

1865 2619 2096 2694 terque
2143 2610 2559 2677 servandum.
2625 2612 2745 2675 Per
2791 2610 2952 2676 hanc
3000 2620 3219 2676 tamen
3264 2625 3461 2695 gene-

1866 2696 2069 2763 ralem
2099 2698 2496 2766 sanctionem
2530 2716 2838 2783 expresse
2869 2695 3253 2763 declaravit:
3305 2715 3342 2759 ι
3379 2697 3460 2761 Se

1863 2786 2038 2851 nolle
2088 2786 2295 2853 ullum
2328 2787 2800 2875 praeiudicium
2835 2784 3076 2853 inferre
3111 2785 3183 2851 iis
3217 2784 3461 2872 (Servis

1866 2873 2006 2959 Dei)
2058 2875 2167 2959 qui
2215 2887 2324 2941 aut
2355 2895 2477 2963 per
2508 2890 2922 2942 communem
2960 2873 3280 2941 Ecclesiae
3314 2890 3461 2937 con-

1867 2980 2127 3029 sensum
2186 2963 2288 3031 vel
2345 2983 2465 3051 per
2516 2962 3091 3030 immemorabilem
3155 2960 3463 3048 temporis

1870 3069 2153 3135 cursum,
2181 3064 2288 3118 aut
2313 3072 2433 3140 per
2457 3057 2711 3119 Patrum
2737 3051 3171 3137 Virorumque
3205 3053 3462 3117 Sancto·

1871 3157 2015 3206 rum
2054 3139 2289 3228 scripta
2322 3141 2423 3206 vel
2463 3140 2815 3229 longissimi
2853 3139 3163 3228 temporis
3199 3136 3467 3203 scientia

1822 3247 1938 3293 -ac
1988 3227 2328 3295 tolerantia
2373 3229 2558 3297 Sedis
2605 3228 3012 3317 Apostolicae
3062 3227 3167 3293 vel
3200 3226 3464 3294 Ordina-

1868 3316 1943 3381 rii
1993 3316 2298 3383 coluntur
2331 3340 2393 3384 ».
2442 3319 2750 3397 Quoniam
2799 3335 2953 3383 vero
2988 3313 3356 3382 huiusmodi
3388 3311 3464 3378 ab

1871 3404 2214 3473 universali
2260 3406 2412 3495 lege
2445 3406 2902 3493 exceptionum
2935 3402 3214 3491 cognitio
3247 3403 3324 3469 ad
3360 3404 3464 3470 Sa·

1870 3513 2129 3560 crorum
2163 3494 2424 3562 Rituum
2455 3492 3035 3582 congregationem
3066 3490 3463 3573 servabatur,

1873 3592 2117 3649 extunc
2164 3584 2445 3651 obtinuit
2493 3583 2922 3662 consuetudo,
2977 3592 3046 3649 ut
3077 3581 3330 3668 quoties
3361 3598 3468 3645 eo-

1874 3671 2176 3738 rumdem
2224 3675 2574 3740 Servorum
2622 3673 2763 3755 Dei,
2814 3672 2923 3758 qui
2971 3671 3186 3758 aliquo
3218 3688 3297 3735 ex
3332 3685 3466 3733 mo·

1871 3759 1968 3826 dis
2027 3761 2594 3845 supramemoratis
2650 3759 2715 3826 in
2773 3762 2999 3827 Cultus
3043 3756 3466 3849 *possessione

1872 3848 2145 3937 reperiri
2194 3847 2605 3936 putabantur,
2653 3852 2850 3916 Causa
2898 3850 2975 3915 ad
3026 3847 3320 3916 eamdem
3362 3849 3469 3914 Sa-

1873 3955 2045 4003 cram
2094 3937 2676 4023 congregationem
2724 3937 2966 4005 del'erri
3029 3936 3465 4022 contingeret,

1872 4026 2156 4112 primum
2206 4027 2271 4092 in
2316 4026 2651 4094 ordinario
2686 4028 3024 4094 conventu
3056 4026 3140 4092 de
3175 4024 3469 4091 introdu-

1873 4113 2101 4180 ctionis
2132 4113 2595 4182 Commissione
2626 4114 2933 4200 signanda
2962 4123 3309 4200 ageretur:
3346 4132 3468 4200 qua

1875 4201 2201 4270 favorabili
2238 4204 2569 4290 Rescripto
2603 4203 2917 4285 absoluta,
2954 4201 3019 4269 in
3052 4201 3257 4268 altero
3290 4212 3467 4289 post-

1876 4291 2143 4358 modum
2206 4292 2498 4380 cogendo
2561 4294 2644 4360 de
2707 4293 2897 4359 cultu
2957 4290 3093 4356 sive
3157 4309 3303 4356 casu
3360 4308 3469 4354 ex-

1874 4390 2064 4468 cepto
2124 4381 2554 4448 instrueretur
2613 4379 2953 4447 iudicium.
3027 4382 3156 4445 Hoc
3207 4376 3468 4443 tandem

1876 4468 2050 4533 iuxta
2099 4470 2564 4537 Postulatorum
2613 4481 2756 4535 vota
2806 4468 3082 4554 prolate,
3120 4469 3332 4533 locum
3360 4466 3470 4531 ha-

1876 4555 2066 4623 bebat
2113 4559 2311 4625 altera
2359 4558 2652 4625 Instantia
2703 4575 2818 4645 pro
2864 4555 3062 4622 Officii
3122 4565 3188 4621 et
3249 4553 3468 4621 Missae

1878 4646 2314 4713 concessione.
2355 4651 2440 4712 ita
2470 4646 2671 4713 refert
2707 4655 2772 4710 et
2803 4644 2997 4711 docet
3027 4644 3275 4711 Bened.
3301 4646 3465 4710 XIV.

1875 4734 1964 4799 De
2028 4736 2373 4802 Servorum
2434 4738 2550 4802 Dei
2611 4736 3105 4820 Beatificatione
3160 4731 3298 4798 Lib.
3362 4734 3467 4815 IV,

1878 4827 2042 4889 Part.
2077 4827 2151 4889 11.
2188 4827 2457 4910 cap.·1V
2490 4833 2555 4889 et
2586 4820 3045 4909 sequentibus:
3088 4832 3279 4906 atque
3315 4819 3468 4886 haec

1879 4911 1998 4977 l'uit
2059 4921 2348 4977 constans
2410 4914 2631 4977 Sacrae
2694 4908 3220 4998 congregationis
3282 4907 3471 4975 disci-

1880 4999 2049 5087 plina
2098 5018 2219 5086 per
2265 4999 2406 5065 bina
2453 5001 2591 5064 l'ere
2638 5001 2918 5066 saecula.

2011 5088 2137 5155 Sed
2189 5086 2490 5174 quoniam
2536 5107 2730 5175 saepe
2779 5087 3042 5153 evenire
3075 5087 3266 5168 solet,
3302 5085 3364 5151 in
3399 5083 3494 5155 iis.

1879 5178 2073 5245 etiam
2141 5194 2301 5263 quae
2360 5186 2539 5241 recte
2604 5176 3058 5264 sapienterque
3131 5172 3473 5242 constituta

1876 5277 2027 5333 sunt
2073 5265 2317 5351 diuque
2351 5265 2719 5352 incorrupte
2753 5274 3024 5348 servata,
3062 5275 3131 5330 ut
3164 5259 3472 5348 temporis

1881 5358 2059 5444 lapsu
2093 5354 2530 5443 languescant,
2553 5352 2789 5419 sensim
2823 5353 3249 5420 immutentur
3282 5360 3345 5416 et
3378 5347 3474 5414 di-
