4042 5950
1595 265 2070 352 —287—

191 423 388 492 mitiis
432 427 512 494 ad
540 424 860 506 Quirinale
889 426 1246 515 subsignata
1276 427 1385 497 die
1415 430 1773 515 coadunati,

189 516 719 604 respondendum
765 526 1197 584 censuerunt:

326 604 422 670 Ad
479 608 540 670 1.
589 626 627 668 ‹
656 603 862 671 Missas
892 605 1360 673 conventuales
1384 624 1522 672 esse
1549 625 1775 673 canen-

189 691 332 776 daS,
382 691 591 759 choro
638 704 973 778 praesente
1034 704 1098 763 et
1144 705 1287 784 post
1341 696 1531 761 Horas
1582 698 1777 762 Cano-

189 779 392 864 nicaS,
426 779 601 846 iuxta
648 781 946 848 Rubricas
980 804 1042 847 ιν.

260 954 273 967 ·
329 869 427 934 Ad
475 872 544 936 2.
604 890 642 932 ι
673 871 957 937 Permitti
1018 889 1250 957 posse,
1314 879 1460 959 post
1517 869 1779 938 benedi-

189 965 482 1022 ctionem
514 977 578 1024 ».

332 1044 429 1112 Ad
480 1049 547 1112 3.
596 1066 635 1111 ‹
666 1047 1001 1135 Negative,
1028 1046 1202 1114 iuxta
1234 1047 1383 1114 alias
1415 1047 1677 1114 decreta
1711 1067 1773 1111 ν.

296 1132 427 1232 ,Λᾶ
478 1137 540 1200 4.
570 1155 631 1200 .‹
665 1136 1085 1203 incensandos
1148 1154 1284 1202 esse
1346 1154 1468 1224 per
1514 1136 1778 1202 modum

195 1238 393 1287 unius
427 1243 491 1287 ι.

336 1310 430 1377 Ad
480 1314 545 1377 5.
597 1331 635 1373 ι
665 1312 1116 1380 Genullectere
1149 1312 1214 1379 in
1245 1331 1391 1381 casn
1436 1310 1679 1379 debere
1714 1332 1776 1374 ν.

333 1399 545 1483 Atque
614 1399 698 1466 ita
761 1401 1223 1488 rescripserunt
1273 1404 1351 1489 ,ac
1398 1399 1782 1466 servandum

196 1503 344 1550 esse
395 1489 799 1555 mandarunt.
847 1488 960 1557 Die
1005 1494 1044 1556 3
1090 1489 1357 1575 Augusti
1412 1492 1605 1556 1839.

194 1625 460 1696 2792.
743 1633 1245 1701 TRIVENTINA.
1555 1626 1780 1716 (4861)

336 1756 428 1821 Ne
475 1756 751 1824 ulterius
783 1757 1236 1846 progrediatur
1281 1758 1511 1824 abusus
1541 1756 1664 1823 iam
1691 1756 1783 1822 in·

196 1854 430 1909 vectus
475 1844 538 1909 in
582 1846 834 1934 Oppido
889 1847 1084 1932 vulgo
1140 1850 1408 1933 Aquom
1469 1844 1785 1913 Dioecesis

195 1930 637 2017 Triventinae,
688 1933 796 2000 ubi
844 1934 908 2002 in
955 1953 1078 2001 una
1126 1935 1479 2021 eademque
1517 1930 1784 1999 solemni

193 2019 671 2107 supplicatione
740 2022 1121 2090 sanctissimi
1190 2022 1489 2109 corporis
1555 2019 1785 2089 christi

198 2106 679 2175 Sanctissimum
716 2110 1140 2177 Eucharistiae
1174 2112 1647 2178 Sacramentum
1680 2109 1786 2175 de-

197 2195 415 2262 fertur
458 2197 815 2264 successive
860 2199 936 2266 ab
967 2198 1541 2287 Archipresbytero
1585 2206 1647 2263 et
1678 2201 1784 2264 Pa-

198 2282 447 2363 rochis;
498 2286 671 2371 quod
733 2287 995 2372 quidem
1041 2288 1244 2354 semel
1314 2297 1507 2373 atque
1552 2286 1785 2353 iterum

197 2370 586 2458 prohibetur
630 2394 663 2439 a
710 2372 991 2441 Decretis
1044 2378 1264 2442 Sacrae
1310 2375 1576 2442 'Rituum
1626 2375 1787 2441 con·

199 2461 643 2546 gregationis:
704 2474 776 2529 ut
843 2461 1049 2530 omnia
1116 2463 1179 2529 in
1235 2472 1565 2551 posterum
1631 2459 1787 2546 legi-

201 2547 362 2615 time
421 2551 814 2636 procedant,
877 2549 1211 2617 memorati
1279 2551 1505 2639 Oppidi
1568 2549 1787 2618 Archi·

201 2635 545 2724 presbyter
591 2638 801 2707 eidem
851 2643 1078 2707 Sacrae
1119 2640 1381 2707 Rituum
1427 2643 1786 2726 congrega-

200 2725 361 2791 tioni
423 2744 543 2812 pro
596 2740 951 2816 opportuna
1010 2726 1327 2795 solutione
1388 2725 1789 2813 insequentia

202 2814 337 2880 duo
383 2813 574 2880 dubia
622 2817 977 2905 proposuit,
1027 2815 1367 2883 nimirum:

347 2904 405 2967 1.
458 2905 579 2989 An,
616 2922 741 2970 non
780 2904 1071 2971 obstante
1103 2922 1508 3007 quacumque
1540 2902 1604 2970 in
1636 2921 1784 2969 con-

201 2989 476 3057 trarium
547 2993 1047 3077 consuetudine,
1110 2992 1481 3079 intangibile
1547 2992 1629 3059 sit
1694 2991 1790 3057 ius

203 3077 604 3146 celebrantis
649 3081 713 3147 in
764 3082 1178 3149 solemnitate
1210 3080 1592 3150 sanctissimi
1637 3084 1790 3150 cor·

207 3165 387 3254 poris
442 3169 675 3236 Christi
735 3187 994 3256 semper
1048 3188 1168 3257 per
1210 3189 1278 3236 se
1341 3168 1674 3237 deferendi
1725 3168 1790 3234 in

205 3254 466 3341 publica
511 3258 976 3346 supplicatione
1024 3257 1498 3326 sanctissimum
1545 3257 1789 3325 Eucha-

207 3342 426 3410 ristiae
473 3344 1000 3413 Sacramentum?

345 3436 413 3499 2.
459 3436 555 3500 An
603 3434 948 3502 inveterata
1012 3453 1452 3521 quaecumque
1521 3433 1586 3502 in
1638 3451 1787 3500 con-

209 3520 478 3587 trarium
547 3523 941 3590 consuetudo
1011 3525 1324 3611 derogare
1392 3522 1589 3611 possit
1659 3522 1788 3608 legi

205 3628 240 3672 a
290 3609 573 3762 Depretis
625 3613 847 3678 Sacrae
906 3609 1426 3697 congregationis
1480 3613 1785 3700 praescri-

346 3784 842 3852 Eminentissimi
889 3787 1099 3874 itaque
1147 3808 1217 3854 ac
1248 3785 1789 3856 Reverendissimi

209 3877 429 3939 Patres
477 3875 676 3943 Sacris
722 3875 979 3942 tuendis
1022 3875 1268 3943 Ritibus
1361 3873 1683 3963 raepositi,
1722 3874 1787 3941 in

209 3961 554 4028 ordinariis
597 3963 884 4031 comitiis
928 3964 1006 4031 ad
1057 3963 1305 4042 Quirina
1338 3982 1372 4029 e
1429 3962 1790 4049 subsignata

211 4049 321 4116 die
390 4052 763 4134 coadunati,
827 4053 904 4119 ad
964 4052 1341 4119 relationem
1411 4050 1790 4138 infrascripti

212 4139 593 4222 Secretarii,
641 4140 906 4225 singulis
972 4151 1220 4205 maturo
1285 4141 1574 4207 examine
1639 4157 1789 4227 per-

213 4226 455 4313 pensis,
507 4230 1030 4315 respondendum
1075 4239 1508 4295 censuerunt:

345 4316 442 4382 Ad
520 4320 581 4383 1.
652 4338 690 4380 ‹
722 4314 1150 4401 Affirmative,
1222 4316 1396 4384 iuxta
1463 4316 1609 4383 alias
1678 4316 1790 4383 de·

213 4414 389 4470 creta
422 4424 489 4470 ι.

346 4493 446 4559 Ad
513 4496 579 4560 2.
652 4514 690 4556 ‹
736 4494 1041 4580 Negative
1071 4544 1088 4579 ,
1151 4493 1324 4560 iuxta
1397 4485 1631 4582 pariter
1674 4492 1788 4559 de-

215 4589 390 4647 creta
439 4603 502 4648 ι.

347 4671 557 4755 Atque
614 4670 696 4736 ita
740 4669 1223 4738 decernendum
1283 4690 1351 4735 ac
1404 4669 1790 4736 servandum

215 4757 480 4824 omnino
526 4758 815 4826 edixere.
864 4759 974 4825 Die
1023 4763 1062 4826 3
1106 4759 1373 4845 Augusti
1429 4761 1621 4825 1839.

213 4899 469 4968 2793.
823 4902 1194 4968 rfflMANA.
1563 4898 1790 4988 (aasz)

347 5022 648 5090 Precibus
690 5025 1111 5091 Parochorum
1156 5021 1278 5089 loci
1330 5022 1525 5109 vulgo
1585 5025 1794 5090 Monte
1863 5095 1870 5100 ,

221 5113 521 5177 Granaro
558 5110 1061 5179 Archidioecesis
1104 5111 1428 5179 Firmanae
1465 5112 1794 5198 requiren-

219 5198 420 5266 tium:
473 5202 568 5267 An
607 5199 673 5267 in
703 5200 1098 5269 extractione
1143 5200 1450 5267 dotalium
1482 5200 1794 5267 subsidio·

217 5306 359 5355 rum
409 5285 525 5389 pro
585 5288 969 5377 pauperibus
1030 5287 1264 5375 puellis
1294 5338 1311 5372 ,
1360 5307 1520 5374 quae
1567 5307 1646 5355 ex
1696 5288 1792 5356 di-

218 5375 562 5465 spositione
613 5378 1077 5444 testamentaria
1125 5379 1331 5443 locum
1393 5377 1639 5444 obtinet
1688 5378 1794 5445 die

1879 431 2053 498 XXV
2098 429 2236 496 Iulii
2285 429 2594 516 cuiusque
2640 428 2785 497 anni
2830 425 2896 498 in
2944 430 3285 520 parochiali
3336 436 3456 502 Ec-

1884 517 2095 601 clesia,
2124 536 2155 583 a
2187 536 2332 604 qua,
2361 516 2529 585 dicta
2561 518 2913 604 occasione,
2946 532 3279 588 amovetur
3306 526 3458 591 San·

1885 606 2233 673 ctissimum
2281 605 2707 674 Eucharistiae
2774 609 3285 696 Sacramentum,
3334 614 3455 699 Hy-

1881 712 2069 761 mnus
2100 697 2250 762 Vani
2271 704 2521 761 creator
2549 697 2861 782 Spiritus,
2888 717 2921 762 a
2947 707 3249 765 testatore
3278 719 3459 786 prae·

1882 782 2183 870 scriptuS,
2233 783 2613 851 intonandns
2658 784 2740 849 sit
2784 804 2817 849 a
2864 786 3139 853 Parocho
3186 797 3355 854 cotta
3393 799 3459 854 et

1885 871 2059 936 Stola
2106 868 2383 938 induto?

2016 961 2098 1024 Et
2129 960 2312 1026 Sacra
2342 958 2603 1027 Rituum
2635 961 3058 1051 congregatio
3088 964 3455 1050 respondit:

1886 1067 1924 1109 ι
1956 1044 2209 1113 Dicatur
2239 1067 2271 1113 a
2301 1047 2596 1114 Praeside
2627 1059 2698 1115 ut
2727 1048 2792 1115 in
2823 1051 3456 1140 congregationibus,

1883 1131 2022 1200 sine
2081 1133 2300 1203 habitu
2357 1154 2530 1203 sacro
2563 1158 2626 1203 ».
2686 1137 2799 1205 Die
2847 1142 2886 1206 3
2934 1138 3202 1227 Augusti
3265 1144 3455 1210 1839.

1887 1275 2140 1346 2794.
2529 1278 2812 1347 naam.
3233 1280 3458 1390 (asca)

2016 1403 2238 1468 Sacrae
2284 1399 2543 1467 Rituum
2586 1402 3074 1503 congregationi
3121 1403 3461 1491 insequen-

1887 1489 1969 1555 tia
2015 1489 2145 1556 duo
2203 1488 2393 1555 dubia
2460 1500 2791 1578 proposuit
2842 1492 3149 1559 Sacerdos
3205 1492 3462 1560 Iacobus

1885 1578 2119 1655 Quarto
2151 1576 2499 1645 canonicus
2528 1579 2909 1666 collegiatae
2958 1580 3279 1647 Ecclesiae
3310 1582 3461 1648 San-

1890 1666 1971 1733 cti
2017 1665 2254 1733 Nicolai
2304 1663 2367 1730 in
2413 1665 2679 1733 civitate
2724 1669 3003 1749 Barensi;
3037 1667 3372 1736 nimirum:

2029 1757 2086 1820 1.
2137 1756 2317 1820 Anne
2360 1753 2425 1821 in
2456 1752 2590 1842 ipsa
2637 1755 2980 1845 collegiata
3023 1756 3336 1825 canonico
3364 1776 3464 1824 so-

1889 1842 2191 1909 lemniter
2238 1841 2588 1909 celebranti
2652 1842 2838 1911 liceat
2883 1864 3207 1913 assumere
3264 1849 3463 1913 Bene·

1889 1928 2194 2017 ficiatum,
2246 1930 2357 2017 qui
2405 1930 2609 1997 officio
2642 1930 2942 2018 fungatur
2982 1932 3342 2022 Presbyteri
3373 1953 3463 2000 as·

1886 2018 2166 2174 sistant?
2221 2036 2365 2086 cum
2426 2018 2725 2106 pluviali,
2791 2020 3225 2109 palmatoriam
3286 2021 3465 2090 dele-

1890 2126 2005 2175 ren
2055 2129 2090 2173 o

2023 2200 2086 2263 2.
2137 2199 2366 2263 Utrum
2414 2195 2733 2279 canonici,
2766 2196 2989 2265 mitrae
3022 2209 3087 2265 et
3118 2197 3321 2264 crucis
3353 2218 3465 2287 pe·

1855 2284 2144 2350 'ctoralis
2195 2283 2606 2385 privilegium
2678 2285 3020 2371 habentes,
3067 2286 3158 2353 uti
3221 2290 3467 2375 possint

1893 2371 2083 2439 etiam
2146 2372 2532 2457 faldistorio,
2590 2373 3013 2459 chirothecis,
3072 2373 3465 2458 Dalmaticis,

1889 2459 2204 2545 sandaliis,
2255 2461 2649 2547 palmatoria,
2696 2460 3011 2548 gremiali,
3060 2461 3284 2531 baculo
3327 2463 3467 2530 sine

1891 2548 2035 2615 velo
2079 2549 2432 2635 pendente,
2483 2551 2639 2617 dum
2683 2549 3059 2616 solemniter
3103 2547 3471 2618 celebrant?

2025 2641 2103 2704 Et
2150 2635 2644 2705 Eminentissimi
2685 2658 2754 2704 ac
2796 2638 3331 2709 Reverendissimi
3363 2644 3469 2706 Pa-

1894 2737 2023 2792 tres
2071 2725 2273 2793 Sacris
2342 2726 2597 2793 tuendis
2662 2725 2905 2795 Ritibus
2967 2727 3353 2829 praepositi,
3403 2728 3466 2794 in

1890 2813 2220 2881 Ordinario
2266 2816 2467 2882 coetu
2498 2815 2574 2881 ad
2606 2814 2925 2893 Quirinale
2970 2816 3327 2903 subsignata
3362 2815 3468 2884 die

1891 2902 2248 2987 coadunati,
2288 2902 2611 2971 referente
2655 2902 3036 2991 secretario,
3072 2904 3468 2995 responden·

1893 2991 2049 3058 dum
2099 3002 2524 3058 censuerunt:

2019 3080 2117 3147 Ad
2169 3083 2228 3146 1.
2282 3099 2319 3142 «
2351 3076 2683 3165 Negative,
2735 3081 2798 3146 in
2846 3100 2990 3148 casu
3022 3106 3085 3148 ν.

2019 3168 2115 3234 Ad
2164 3170 2229 3233 2.
2280 3187 2319 3232 ‹
2354 3168 2635 3236 Strictim
2680 3168 2976 3240 standum
3024 3169 3365 3259 privilegio
3396 3175 3495 3237 ».'

2021 3256 2135 3323 Die
2185 3260 2222 3323 3
2270 3256 2539 3345 Augusti
2595 3260 2785 3325 1839.

1896 3434 2145 3503 2795.
2217 3436 2452 3502 Bone!
2495 3436 2772 3504 SANCTI
2802 3437 3146 3504 nomm.
3190 3441 3195 3446 ’
3240 3435 3467 3525 (4864)

2019 3613 2226 3690 Quum
2276 3610 2863 3679 Reverendissimns
2893 3613 3246 3702 Episcopus
3274 3616 3470 3703 Burgi

1892 3698 2102 3767 Sancti
2149 3698 2441 3766 Domnini
2489 3718 2521 3764 a
2570 3702 2751 3768 Sacra
2796 3700 3056 3768 Rituum
3110 3704 3470 3802 congrega-

1893 3787 2067 3857 tione
2102 3787 2463 3855 humillime
2505 3769 2825 3856 indultum
2872 3789 3134 3876 rogarit,
3167 3807 3347 3860 cuius
3378 3791 3471 3859 vi·

1892 3893 2050 3963 gore
2096 3897 2130 3942 a
2172 3897 2288 3945 suo
2335 3875 2522 3943 clero
2569 3876 2877 3963 Seculari,
2913 3888 2979 3945 et
3025 3878 3214 3944 etiam
3259 3883 3471 3966 Regu-

1891 3964 2009 4031 lari
2054 3963 2443 4032 Dioecesano
2485 3963 2857 4032 calendario
2898 3977 3147 4049 utente,
3181 3968 3471 4035 Officium

1891 4053 2335 4120 'translationis
2382 4050 2590 4120 Sancti
2637 4052 2998 4121 Nicomedis
3046 4054 3327 4143 Martyris
3358 4059 3473 4123 Ca-

1894 4140 2100 4208 lendis
2145 4141 2284 4209 Iulii
2331 4140 2581 4207 recitari
2627 4152 2858 4228 queat;
3008 4214 3013 4220 ,

2022 4227 2512 4322 Eminentissimi
2567 4239 2631 4295 et
2674 4230 3209 4298 Reverendissimi
3255 4235 3472 4299 Patres

1895 4317 2098 4386 Sacris
2146 4318 2399 4385 tuendis
2444 4316 2689 4384 Ritibus
2733 4318 3104 4407 praepositi,
3145 4320 3224 4387 ad
3267 4318 3472 4398 Quiri-

1890 4407 2034 4472 nale
2080 4403 2439 4491 subsignata
2487 4404 2593 4471 die
2641 4407 2971 4474 coadunati
3021 4408 3085 4474 in
3129 4407 3473 4476 ordinariis

1894 4492 2206 4576 comitiis,
2257 4493 2741 4560 rescribendum
2773 4507 3202 4565 censuerunt:
3257 4517 3296 4562 ‹
3326 4495 3474 4565 offi-

1894 4583 2067 4649 cium
2111 4580 2555 4648 Translationis
2600 4583 2977 4652 conceditur
3025 4584 3090 4651 in
3151 4586 3315 4671 loco,
3362 4585 3472 4653 ubi

1894 4672 2052 4739 lacta
2124 4669 2240 4735 fuit
2301 4669 2685 4754 Translatio‚
2745 4670 2923 4738 cuius
2990 4674 3296 4741 memoria
3354 4692 3474 4763 per

1895 4760 2058 4826 illud
2087 4756 2377 4827 Officium
2409 4757 2752 4825 recoliturz
2789 4778 2860 4826 ac
2890 4761 3161 4847 proinde
3196 4762 3258 4829 in
3290 4782 3470 4830 casu:

1893 4847 2203 4935 Negative
2236 4867 2300 4910 ν.
2350 4846 2463 4912 Die
2508 4850 2547 4913 3
2595 4847 2863 4934 Augusti
2918 4851 3106 4916 1839.

1896 4990 2149 5059 2796.
2543 4991 2829 5056 seusu.
3246 4993 3471 5084 (isos)

2026 5113 2252 5201 loseph
2306 5111 2573 5179 Mancini
2631 5112 2979 5180 hodiernus
3036 5114 3476 5204 Archiepisco-

1896 5222 2016 5291 pus
2062 5204 2298 5268 Senen.
2349 5200 2681 5267 humiliter
2740 5200 3006 5289 exponit
3059 5204 3232 5290 quod
3278 5207 3475 5273 Gano-

1894 5289 2052 5357 nicis
2108 5288 2630 5390 metropolitanae
2683 5290 3040 5375 Ecclesiae,
3104 5291 3475 5378 Apostolico

1897 5378 2083 5446 Brevi
2132 5376 2251 5444 sub
2280 5377 2387 5446 die
2418 5382 2458 5444 tt
2486 5377 2956 5466 Iuliipproxime
3003 5381 3357 5468 praeteriti,
3392 5382 3474 5449 fa·-
3574 5385 3581 5392 '
