4042 5950
1552 211 1968 293 -51...

142 370 288 440 min.
336 368 520 440 Gard.
572 370 742 437 Gotti
773 371 1248 461 infrascriptum
1280 368 1549 438 dubium
1597 371 1713 437 de-

145 460 496 528 clarandum
543 460 920 547 proposuit:

263 552 357 700 A?n
402 557 467 613 et
515 545 745 632 quibus
788 546 1104 614 debeatur
1151 545 1603 634 praecedentia
1650 546 1716 612 in

145 656 283 703 casu

264 726 324 790 S.
360 728 433 790 R.
472 725 577 807 c.,
626 725 776 791 visis
822 723 1068 790 iuribus
1114 724 1263 793 binc
1310 722 1462 790 inde
1508 721 1714 788 dedu-

143 812 251 878 ctis
314 821 377 876 et
445 821 572 876 tam
631 832 790 879 voce
852 830 1040 896 quam
1109 809 1361 898 scriptis
1428 809 1714 896 partibus

142 897 615 966 informantibus
645 899 902 982 auditis,
931 898 1413 965 rescribendum
1438 898 1711 964 censuit:

142 1009 179 1051 ‹
207 990 342 1052 Post
388 986 1035 1074 Archipresbyterum
1084 991 1148 1053 S.
1186 986 1420 1052 Nicolai
1469 996 1531 1051 et
1561 984 1715 1050 alios

142 1075 436 1142 Parocbos
468 1124 485 1157 ,
534 1074 762 1143 deberi
809 1073 1325 1163 praecedentiam
1388 1074 1557 1139 iuxta
1606 1092 1713 1137 an-

142 1163 479 1227 tianitatem
511 1164 952 1249 promotionis,
986 1173 1230 1229 servata
1259 1161 1573 1228 ordinum
1619 1158 1716 1227 di-

142 1248 507 1333 stinctione;
559 1261 626 1317 et
672 1251 942 1338 amplius
976 1271 1041 1317 ».
1091 1256 1169 1317 Et
1213 1249 1294 1314 ita
1340 1250 1788 1316 declaravit...-

144 1337 245 1402 Die
288 1338 329 1403 9
373 1337 514 1403 Maii
568 1342 763 1406 ¹733.

144 1513 388 1583 2305.
661 1517 1184 1583 BARGINONEN.
1478 1515 1705 1602 (4020)

267 1689 633 1758 Humillime
703 1689 871 1777 apud
928 1692 992 1756 S.
1045 1693 1119 1755 R.
1169 1692 1239 1756 c.
1312 1685 1710 1774 supplicante

151 1781 324 1847 clero
366 1777 765 1845 Catbedralis
807 1778 1218 1844 Barcinonen.
1315 1795 1386 1840 ro
1435 1776 1717 1840 declara-

154 1868 314 1933 tione
371 1864 752 1952 infrascripti
797 1864 1013 1933 dubii:
1074 1866 1196 1947 An,
1307 1881 1414 1929 um
1456 1867 1715 1930 Festum

150 1958 209 2022 S.
255 1952 503 2039 Georgii
560 1953 809 2019 Patroni
867 1950 1258 2038 Principatus
1319 1952 1715 2018 Catalauniae

148 2042 413 2107 occurrit
458 2040 523 2106 in
580 2040 760 2107 Feria
813 2044 893 2108 Vl
948 2039 1202 2107 maioris
1270 2039 1711 2125 Hebdomadas

146 2130 273 2195 sive
324 2128 389 2195 in
456 2126 730 2194 Sabbato
788 2132 1055 2211 Sancto,
1127 2127 1210 2191 ita
1268 2134 1341 2193 ut
1403 2126 1467 2192 in
1529 2126 1711 2192 aliam

148 2216 307 2283 diem
364 2234 495 2281 non
550 2214 922 2303 impeditam
985 2215 1423 2297 transferatur,
1489 2212 1713 2280 eadem

48 2302 49 2355 ἐ
147 2303 246 2371 die
286 2322 408 2389 qua
454 2304 790 2402 peragitur
847 2303 1135 2371 Officium
1181 2303 1568 2402 ‘translatum
1628 2303 1713 2402 de

48 2444 49 2449 ,
148 2393 212 2456 S.
255 2394 531 2478 Georgto
592 2389 754 2457 adsit
816 2392 1006 2457 etiam
1068 2391 1370 2477 obligatio
1414 2390 1716 2457 audiendi

147 2476 417 2545 Missam?

267 2570 340 2633 Et
388 2569 456 2633 S.
506 2568 586 2632 R.
633 2569 705 2633 c.
764 2566 1138 2652 respondit:
1209 2589 1245 2629 «
1277 2569 1393 2632 Pro
1454 2567 1717 2631 transla-

149 2652 309 2719 tione
349 2653 549 2721 Officii
600 2664 663 2720 et
709 2655 962 2736 Missae,
1012 2653 1127 2721 sed
1181 2654 1416 2740 absque
1478 2653 1716 2740 obliga-

150 2741 312 2807 tione
357 2741 688 2830 praecepti
737 2741 1035 2809 audiendi
1069 2744 1327 2808 Sacrum
1358 2750 1425 2809 et
1457 2743 1715 2809 vacandi

150 2829 221 2893 ab
270 2848 307 2893 o
392 2828 572 2895 ribus
602 2850 665 2893 ».
734 2833 811 2895 Et
865 2828 948 2895 ita
1001 2828 1289 2896 decrevit
1349 2851 1418 2897 ac
1478 2830 1720 2896 servari

146 2933 284 2982 man
328 2917 480 2984 avit.
530 2916 643 2983 Die
695 2920 778 2984 10
824 2917 1190 2984 Decembris
1243 2921 1432 2985 1773.

148 3091 401 3161 2306.
693 3095 1172 3160 AVENIONEN.

266 3267 499 3334 Delatis
546 3266 624 3334 ad
687 3269 751 3334 S.
794 3272 868 3334 R.
911 3272 981 3333 c.
1031 3288 1065 3332 a
1124 3269 1417 3356 capitulo
1480 3280 1546 3336 et
1604 3273 1718 3337 ca-

148 3355 377 3422 nonicis
407 3355 931 3442 metropolitanae
960 3355 1284 3422 Ecclesiae
1316 3357 1712 3425 Avenionen.

151 3444 586 3509 controversiis
613 3461 809 3529 super
831 3443 1156 3509 nonnullis
1182 3444 1423 3512 iuribus
1446 3454 1513 3512 et
1534 3464 1716 3532 prae-

151 3529 523 3614 eminentiis,
556 3541 684 3597 tam
733 3532 809 3597 ab
839 3529 1012 3596 illius
1040 3529 1321 3598 Civitatis
1354 3532 1715 3621 Magistratu

153 3627 210 3682 et
262 3620 644 3685 Consulibus
701 3636 889 3704 quam
947 3639 980 3684 a
1042 3618 1458 3706 Dignitatibus
1520 3620 1712 3690 trium

151 3704 653 3793 collegiatarum,
702 3725 936 3795 nempe
983 3709 1050 3773 S.
1103 3707 1461 3793 Agricolae,
1495 3711 1560 3775 S.
1604 3712 1716 3778 Pe-

155 3791 223 3857 tri
266 3804 333 3858 et
378 3796 445 3861 S.
500 3793 830 3877 Desiderii,
870 3811 989 3860 nec
1028 3813 1156 3860 non
1202 3805 1480 3881 utroque
1527 3797 1715 3865 clero

152 3881 415 3947 Seculari
448 3903 518 3949 ac
552 3882 847 3967 Regulari
892 3882 1014 3948 iam
1061 3882 1380 3963 excitatis3
1428 3890 1620 3952 Emus
1652 3898 1718 3953 et

150 3970 330 4035 Rmus
375 3974 561 4037 Dom.
634 3971 820 4037 Card.
887 3973 950 4037 S.
1010 3971 1270 4058 Agnetis
1331 3973 1719 4060 infrascripta

154 4054 329 4123 (lubia
394 4059 564 4125 inter
613 4067 833 4144 partes
894 4059 1274 4126 concordata
1334 4061 1713 4128 declaranda

156 4145 518 4231 proposuitt

1487 3092 1716 3180 (4022)

272 4237 334 4298 1.
386 4237 483 4300 An
531 4234 841 4320 exequiae
873 4237 1281 4303 summorum
1312 4203 1714 4320 Pontilicum,
1814 4261 1819 4270 ¹

156 4317 426 4414 Regum,
476 4327 763 4405 Ducum,
814 4326 1181 4410 Magnorum
1241 4323 1605 4411 principum
1655 4334 1718 4390 et

158 4408 390 4494 similia,
418 4419 739 4495 tamquam
766 4408 1123 4478 functiones
1147 4411 1547 4498 pontificales
1578 4411 1720 4479 fleri

48 4493 49 4496 ’
161 4490 415 4562 debeant
460 4496 527 4563 in
556 4496 842 4564 Ecclesia
872 4498 1392 4587 Metropolitana3
1440 4501 1545 4567 vel
1582 4501 1719 4567 eius

165 4577 286 4648 loco
346 4582 410 4649 in
465 4584 752 4651 Ecclesia
811 4587 1060 4652 Patrum
1117 4583 1724 4655 Franciscanorum‘?

274 4676 339 4738 2.
405 4673 504 4739 An
552 4672 617 4739 in
663 4691 809 4740 casu
868 4676 1039 4759 quod
1095 4694 1217 4741 una
1250 4693 1331 4740 ex
1374 4675 1559 4742 dictis
1605 4682 1721 4743 Ec-

164 4755 350 4825 clesiis
394 4760 478 4826 sit
525 4779 934 4847 quocumque
980 4762 1175 4828 modo
1218 4761 1552 4850 impedita,
1590 4765 1722 4831 ele-

166 4842 272 4940 ctio
314 4847 583 4914 alterius
639 4848 963 4915 Ecclesiae
1020 4859 1270 4938 spectet
1327 4852 1404 4917 ad
1463 4852 1722 4919 Arcbie·

167 4945 477 5022 ptscopum
546 4954 665 5002 seu
730 4937 1132 5021 Capitulum;
1203 4939 1307 5005 vel
1375 4937 1587 5024 potius
1643 4939 1722 5006 ad

167 5018 449 5089 Consules
491 5021 819 5090 civitatis?

278 5113 344 5174 3.
393 5113 489 5177 An
535 5111 601 5178 in
648 5112 1012 5179 huiusmodi
1060 5114 1349 5199 exequiis
1382 5113 1723 5180 absolutio·

1813 371 2009 438 trium
2058 372 2594 459 collegiatarum3
2646 393 2760 439 seu
2802 370 3093 462 potiusffia
3138 368 3403 441 canoni-

1814 460 1900 525 cis
1972 460 2267 527 eiusdem
2308 460 2908 551 ,Metropolitanaei
2967 473 3030 528 et
3090 474 3404 547 quatenus

1810 546 2111 633 negative
2156 549 2235 614 ad
2281 550 2631 616 secundam
2679 562 2953 636 partem,

1872 652 1881 663 ⁸
1945 639 2010 700 4.
2063 638 2159 701 An
2206 635 2391 702 dictis
2422 637 2494 702 Di
2543 637 2842 704 nitatibus
2875 635 3401 723 collegiatarum,

1814 721 2148 808 agentibus
2194 723 2432 789 similes
2524 724 2900 809 unctiones,
2965 725 3403 792 subdiaconus

1815 819 1881 874 et
1928 810 2235 877 Diaconos
2282 811 2580 878 assistere
2626 811 2946 879 debeant?

1947 902 2009 963 ὅ.
2063 900 2158 964 An
2222 898 2430 965 dictae
2487 899 2838 985 Dignitates
2903 901 3397 986 collegiatarum

1812 996 2196 1072 peragentes
2228 987 2428 1053 dictas
2457 987 2816 1054 functiones
2857 1003 2923 1055 et
2955 988 3221 1073 similes,
3257 1008 3399 1074 pos-

1812 1073 1938 1139 sint
1984 1072 2076 1140 uti
2125 1071 2469 1140 rochetto?

1945 1165 2014 1228 6.
2064 1165 2162 1228 An
2206 1161 2411 1228 tribus
2455 1163 2822 1250 collegiatis
2869 1164 3242 1247 nlaioribuS,
3292 1163 3401 1228 ha-

1813 1248 2112 1317 bentibus
2180 1269 2398 1317 curam
2460 1250 2847 1336 animarum,
2910 1262 3235 1339 competat
3303 1251 3399 1316 ius

1814 1336 2121 1421 exigendi
2182 1358 2215 1401 a
2260 1338 2744 1426 Metropolitana
2801 1349 3088 1425 quartam
3145 1343 3398 1408 lunera-

1817 1426 1945 1490 lem
1990 1443 2110 1510 pro
2154 1422 2284 1490 suis
2331 1425 2750 1512 parochianis,
2802 1427 2910 1512 qui
2958 1426 3021 1492 in
3066 1428 3231 1495 dicta
3269 1428 3397 1492 Me-

1810 1512 2196 1598 tropolitana
2240 1513 2493 1597 eligunt
2538 1513 2987 1599 sepulturam?

1948 1603 2011 1664 7.
2042 1602 2140 1665 An
2171 1599 2235 1665 in
2260 1601 2768 1667 processionibus
2796 1602 3199 1688 generalibus
3223 1609 3398 1668 uter·

1815 1706 1946 1772 que
1988 1688 2215 1754 clerus
2262 1697 2560 1754 teneatur
2604 1690 2953 1755 convenire
2999 1690 3063 1756 in
3117 1687 3397 1756 Ecclesia

1816 1774 2327 1862 metropolitana,
2362 1777 2497 1842 sive
2535 1775 2671 1842 eius
2703 1778 2937 1864 platea,
2973 1789 3100 1844 tam
3132 1778 3196 1844 in
3228 1777 3398 1865 priu-

1818 1862 1983 1950 cipio
2033 1881 2223 1948 quam
2272 1864 2337 1930 in
2386 1863 2600 1931 reditu
2648 1866 3071 1932 processionis
3088 1863 3140 1937 2.

1947 1957 2010 2019 8.
2064 1953 2187 2036 An,
2223 1972 2253 2017 a
2287 1951 2518 2036 quibus
2564 1953 2719 2020 etin
2742 1972 2874 2038 quo
2906 1955 3048 2020 loco
3094 1955 3219 2020 sint
3250 1973 3399 2019 con-

1815 2038 2096 2105 vocanda
2130 2039 2385 2106 comitia
2430 2041 2754 2127 generalia
2782 2039 3001 2107 cleri?
3045 2051 3110 2107 et
3140 2060 3217 2107 an
3250 2059 3398 2107 con-

1817 2126 2062 2193 vocatio
2114 2136 2178 2192 et
2224 2126 2563 2194 destinatio
2619 2127 2740 2193 loci
2786 2138 3035 2215 spectet
3094 2128 3171 2194 ad
3218 2133 3400 2194 Prae-

1819 2216 2099 2303 positum
2143 2234 2258 2281 seu
2302 2213 2720 2303 Capitulum?

1948 2311 2011 2374 9.
2079 2307 2174 2369 An
2242 2303 2742 2392 praecedentia,
2795 2316 2920 2369 tam
2979 2305 3044 2372 in
3111 2304 3397 2371 sedendo

1817 2413 2006 2479 quam
2056 2392 2120 2458 in
2182 2393 2493 2475 votand0,
2544 2403 2861 2481 competat
2913 2392 3225 2459 Canonico
3282 2393 3398 2460 de·
3497 2404 3506 2419 ‘

1814 2492 2038 2566 putato
2083 2479 2356 2568 capituli
2419 2480 2940 2566 metropolitanae
2999 2500 3193 2570 super
3244 2481 3397 2547 alios

1815 2573 2167 2656 Deputatos
2226 2566 2759 2652 collegiatarum,
2810 2568 3054 2635 etiamsi
3116 2569 3215 2634 isti
3275 2567 3400 2634 sint

1816 2651 2214 2742 Dignitates'?

1955 2746 2063 2817 10.
2112 2745 2207 2808 An
2256 2742 2320 2809 in
2364 2743 2503 2808 aliis
2550 2744 3035 2830 congressibuS,
3085 2744 3195 2830 qui
3237 2742 3402 2810 fiunt

1815 2850 2027 2898 coram
2073 2829 2572 2917 Archiepiscopo
2604 2831 2932 2898 occasione
2981 2832 3243 2920 Synodi,
3294 2831 3401 2896 vel

1813 2921 1879 2987 in
1908 2924 2109 2987 Domo
2142 2917 2447 3001 civitatis,
2478 2917 2704 2985 similis
2735 2919 3185 3007 praecedentia
3231 2936 3399 2986 com-

1814 3018 1993 3095 petat
2039 3007 2353 3074 canonico
2398 3006 2708 3107 deputato
2754 3028 2786 3071 a
2832 3008 3121 3094 Capitulo
3169 3010 3399 3073 Metro-

1816 3095 2179 3182 politanae;
2229 3094 2337 3160 vel
2385 3105 2600 3180 potius
2655 3098 2980 3182 Deputatis
3027 3094 3399 3181 collegiata-

1761 3244 1768 3250 .
1814 3202 1985 3267 rum,
2035 3194 2348 3268 quatenus
2394 3181 2516 3248 sint
2563 3181 2956 3269 Dignitates‘?

1947 3276 2026 3336 Et
2076 3273 2140 3337 S.
2178 3275 2255 3337 R.
2289 3272 2391 3351 c.,
2439 3268 2724 3353 partibus
2764 3279 2890 3334 tam
2923 3268 3174 3355 scriptis
3204 3284 3397 3353 quam

1818 3378 1975 3425 voce
2021 3355 2509 3424 informantibus
2555 3356 2810 3439 auditiS,
2860 3357 3130 3434 subdie
3164 3359 3244 3421 15
3281 3360 3398 3421 Fe-

1817 3446 2050 3513 bruarii
2106 3449 2271 3512 1727
2318 3443 2804 3511 rescribendum
2852 3445 3134 3510 censuit:

1948 3534 2044 3599 Ad
2097 3537 2160 3599 1.
2212 3556 2249 3598 ‹
2282 3531 2497 3610 Quoad
2543 3533 2813 3618 primam
2870 3543 3118 3632 partem
3218 3530 3397 3597 Affir-

1819 3620 2088 3708 mative3
2125 3620 2333 3708 quoad
2366 3620 2743 3702 secundam,
2770 3619 3113 3706 relinquen
3162 3638 3272 3685 um
3303 3638 3398 3685 ar-

1819 3709 2005 3776 bitrio
2055 3708 2536 3796 Arcbiepiscopi
2573 3732 2638 3774 ιν.
2923 3763 2928 3770 .

1952 3797 2047 3865 Ad
2098 3802 2165 3864 2.
2215 3819 2254 3863 ι
2287 3796 2615 3863 Provisum
2663 3796 2727 3863 in
2772 3796 2980 3885 primo
3014 3819 3079 3862 ».

1950 3885 2045 3951 Ad
2094 3889 2157 3952 3.
2209 3907 2246 3949 ‹
2280 3884 2638 3971 Negative,
2689 3885 2896 3970 quoad
2946 3885 3211 3972 primam
3260 3902 3400 3972 par-

1818 3983 1989 4059 tem,
2042 3973 2461 4054 Affirmative,
2511 3975 2718 4058 quoad
2765 3973 3108 4038 secundam
3140 3992 3207 4036 ».

1950 4063 2047 4128 Ad
2096 4066 2158 4128 4.
2210 4083 2247 4125 ‹
2281 4065 2409 4126 lam
2454 4059 2781 4146 provisum
2812 4069 2880 4125 '».

1952 4150 2048 4216 Ad
2096 4154 2163 4215 5.
2213 4171 2251 4211 ‹
2283 4146 2612 4214 Provisum
2661 4148 2727 4214 in
2775 4148 2965 4215 tertio
2999 4170 3064 4213 ».

1952 4237 2050 4302 Ad
2098 4241 2159 4303 6.
2212 4258 2249 4300 ‹
2276 4234 2373 4302 Ad
2420 4238 2488 4301 S.
2523 4240 2591 4303 C.
2630 4234 2896 4302 concilii
2931 4258 2992 4301 ».

1952 4325 2047 4390 Ad
2095 4328 2159 4391 7.
2212 4345 2250 4388 <
2284 4322 2701 4407 Affirmative,
2740 4336 2807 4390 et
2851 4322 3012 4389 intra
3055 4321 3397 4389 Ecclesiam

1822 4416 2020 4477 Metro
2072 4412 2368 4477 olitanam
2400 4433 2462 4476 ».
2541 4421 2544 4424 ’

1951 4501 2002 4563 Α
2097 4504 2160 4566 8.
2215 4521 2252 4563 ‹
2285 4498 2552 4565 Comitia
2598 4498 2916 4584 generalia
2980 4516 3119 4564 esse
3170 4514 3398 4562 convo--

1823 4587 2016 4653 canda
2063 4607 2094 4651 a
2142 4586 2505 4674 Praeposito
2553 4585 2944 4653 Cathedralis
2989 4585 3054 4651 in
3090 4585 3246 4649 Aula
3289 4585 3398 4647 Ca-

1824 4675 2082 4762 pitulari
2116 4695 2177 4741 ».

1954 4763 2049 4830 Ad
2097 4768 2161 4831 9.
2215 4786 2254 4830 ι
2287 4762 2676 4830 Affirmative
2710 4783 2773 4827 ».

1952 4851 2049 4917 Ad
2085 4845 2208 4917 ‘100
2271 4871 2309 4914 «
2354 4849 2791 4936 Affirmative,
2854 4848 3060 4934 quoad
3125 4849 3396 4934 primam

1826 4948 2117 5027 partem3
2168 4938 2501 5023 Negative,
2527 4937 2734 5022 quoad
2767 4937 3113 5003 secundam
3148 4959 3207 5002 ιν.

1957 5030 2196 5093 Verum
2242 5027 2548 5092 adversus
2592 5024 3017 5091 resolutiones
3068 5029 3100 5091 1
3138 5033 3202 5089 et
3249 5027 3288 5090 2
3321 5043 3402 5088 ex

1824 5133 2013 5201 supra
2061 5111 2403 5201 propositis
2449 5112 2659 5178 dubiis
2704 5113 2988 5199 expetita
3039 5124 3103 5178 et
3148 5111 3401 5177 obtenta

171 5209 264 5259 uos
305 5199 469 5265 circa
519 5209 795 5265 castrum
847 5200 1124 5286 doloriS,
1154 5212 1317 5288 ·post
1379 5203 1727 5290 Dignitates
1825 5224 1856 5267 a
1902 5202 2261 5289 Magistratu
2321 5211 2386 5266 et
2441 5197 2820 5267 consulibus
2889 5199 3182 5287 praefatis
3239 5218 3402 5264 nova

172 5279 694 5374 lotropotitanae,
742 5286 882 5353 fieri
929 5289 1201 5355 debeant
1246 5309 1277 5355 a
1309 5289 1727 5377 Dignitatibus
1828 5290 2187 5372 audientia3
2236 5308 2304 5355 ac
2349 5287 2545 5356 modo
2593 5289 2982 5374 reproposita
3038 5295 3402 5354 controver-
