4042 5950
1597 223 2072 303 ...309-

313 385 503 450 Sacra
564 379 824 450 Rituum
886 380 1338 470 congregatio,
1402 381 1467 448 in
1509 381 1767 451 Ordina-

191 469 290 536 riis
352 467 644 538 Comitiis
710 469 788 536 ad
856 469 1176 548 Quirinale
1242 469 1603 557 subsignata
1668 471 1774 536 die

189 557 580 641 coadunata,
626 557 703 624 ad
774 558 1153 625 relationem
1225 557 1604 649 infrascripti
1668 561 1777 627 Se·

188 644 463 730 cretarii,
490 646 1020 734 respondendum
1051 645 1336 715 censuit:
1371 669 1409 712 ‹
1435 652 1554 715 Pro
1586 650 1774 714 Festo

188 737 563 802 Sanctorum
607 734 1003 820 Angelorum
1052 754 1187 801 eam
1226 754 1365 802 esse
1411 754 1574 821 quae
1621 734 1773 803 inci-

188 821 276 889 dit
296 821 602 890 Calendis
625 820 1020 909 Septembris
1044 821 1149 889 vel
1177 834 1317 911 post
1342 842 1480 891 eam
1507 824 1679 890 diem
1707 845 1772 889 ιν.

189 914 261 976 Et
305 909 394 976 ita
440 909 818 978 declaravit.
1311 940 1322 957 ·

308 997 424 1065 Die
472 1001 564 1065 24
611 998 1009 1087 Septembris
1060 1003 1256 1068 1842.

186 1140 443 1210 2849.
768 1144 1190 1209 nussam.
1542 1144 1769 1230 (4949)

305 1268 520 1343 Quum
571 1265 877 1333 Sacerdos
920 1265 1154 1332 Natalis
1197 1265 1518 1334 Bellocchi
1588 1271 1770 1334 Paro·

185 1351 335 1419 chus
378 1351 573 1419 Ruris
618 1353 815 1441 vulgo
868 1354 1216 1422 Ser-radica
1263 1354 1576 1422 Dioecesis
1640 1357 1768 1422 Nu·

183 1440 468 1522 cerinae,
523 1450 778 1528 praeter
823 1460 998 1509 suam
1059 1442 1481 1530 parochialem
1552 1446 1766 1511 Eccle-

182 1527 326 1599 siam
374 1532 514 1595 Deo
563 1528 626 1597 in
672 1530 983 1597 bonorem
1055 1532 1262 1599 Sancti
1329 1530 1615 1617 Gregorii
1675 1531 1767 1599 di-

181 1627 411 1699 catam,
466 1616 563 1684 uti
611 1620 879 1701 nector,
929 1617 1291 1705 gubernare
1343 1631 1408 1686 et
1467 1638 1764 1707 praeesse

180 1702 408 1771 debeat
452 1706 519 1772 vi
573 1705 907 1773 canonicae
941 1706 1352 1775 institutionis
1382 1707 1564 1774 alteri
1598 1707 1763 1774 eius-

180 1792 323 1860 dem
370 1795 564 1861 Ruris
605 1794 953 1879 Ecclesiae,
1001 1795 1244 1863 scilicet
1291 1794 1501 1864 Sancti
1554 1800 1762 1862 Pater·

180 1879 376 1960 niani;
410 1899 747 1968 quumque
779 1901 1015 1971 anceps
1043 1882 1325 1968 haereat,
1361 1903 1439 1949 an
1472 1893 1764 1951 teneatur

183 1965 364 2035 etiam
387 1970 606 2037 Sancti
627 1971 975 2038 Paterniani
1011 1970 1283 2038 titularis
1306 1971 1593 2040 Officium
1621 1991 1763 2059 per·

178 2056 425 2124 solvere
468 2058 595 2126 sub
636 2056 764 2124 ritu
811 2057 1172 2125 titularibus
1200 2060 1622 2148 competenti,
1658 2063 1761 2128 Sa·

183 2163 345 2211 cram
386 2146 668 2232 proinde
714 2145 978 2237 Rituum
1021 2145 1597 2249 congregationem
1644 2148 1762 2215 hu-

181 2231 459 2301 millimis
520 2233 820 2322 precibus
879 2235 963 2302 de
1020 2244 1336 2323 sententia
1388 2234 1759 2322 requisivit3

180 2330 360 2407 atque
411 2322 673 2391 insimul
736 2323 981 2411 rogavit
1042 2335 1111 2391 ut
1157 2323 1487 2391 declarare
1540 2324 1760 2409 digna·

181 2419 393 2476 retur:
427 2413 531 2478 An
563 2410 628 2478 in
656 2411 834 2477 Missa
866 2415 1090 2478 Beatae
1122 2411 1347 2480 Mariae
1379 2412 1757 2496 Gratiarum,

181 2497 350 2564 cuius
394 2498 521 2566 sub
568 2499 755 2566 titulo
803 2498 1125 2586 peculiare
1172 2504 1432 2567 Festum
1490 2499 1760 2567 institui-

182 2594 279 2650 tur
323 2586 386 2653 in
433 2597 793 2654 memorata
822 2588 1028 2655 Sancti
1076 2586 1425 2655 Paterniani
1474 2588 1759 2655 Ecclesia

180 2671 706 2764 decimoseptimo
730 2675 1035 2744 Calendas
1067 2675 1358 2759 lanuarii,
1386 2677 1617 2763 apponi
1644 2677 1755 2743 de-

183 2759 360 2828 beant
405 2768 697 2850 Hymnus
742 2763 1087 2851 Angelicus
1125 2773 1191 2831 et
1233 2765 1608 2851 Symbolum
1653 2765 1757 2832 Ni-

183 2854 499 2923 caenum?

260 2940 444 3008 Sacra
492 2939 726 3009 eadem
757 2939 1016 3009 Rituum
1061 2944 1314 3028 congre
1361 2941 1509 3026 atio,
1545 2940 1610 3009 in
1647 2944 1755 3010 Or-

182 3023 413 3096 dinario
480 3036 684 3101 Coetu
731 3029 809 3098 ad
854 3029 1174 3110 Quirinale
1241 3049 1313 3097 su
1361 3029 1600 3119 signata
1648 3030 1755 3096 die

183 3116 554 3204 coadunata,
603 3117 895 3186 omnibus
949 3130 1198 3186 maturo
1268 3119 1564 3186 examine
1611 3137 1755 3208 per-

181 3205 408 3292 pensis,
441 3209 526 3277 ad
561 3206 934 3273 relationem
970 3205 1345 3295 infrascripti
1387 3205 1751 3290 secretarii,

183 3293 660 3364 rescribendum
692 3292 978 3362 censuit:
1014 3317 1052 3360 ι
1085 3295 1317 3362 Teneri
1354 3297 1432 3363 ad
1464 3295 1750 3363 Officium

183 3378 382 3447 Sancti
427 3383 779 3452 Pater-niani
827 3383 1126 3471 Episcopi
1171 3383 1275 3450 die
1321 3386 1432 3451 x11
1473 3383 1650 3460 lulii;
1687 3392 1753 3448 et

182 3469 377 3550 quoad
425 3471 754 3560 peculiare
802 3475 1057 3538 Festum
1106 3483 1172 3540 et
1215 3470 1503 3539 Officium
1545 3473 1610 3538 in
1643 3471 1754 3538 ho-

185 3571 392 3625 norem
460 3559 862 3628 Beatissimae
908 3559 1185 3646 Virginis
1235 3561 1460 3627 Mariae
1527 3559 1755 3626 Gratia-

184 3660 339 3797 3111111,
389 3647 694 3717 exhibeat
740 3647 1159 3716 concessionis
1205 3647 1603 3736 Apostolicae
1660 3646 1790 3714 in·.

226 3750 264 3796 ιι
294 3743 427 3803 tum
462 3758 533 3804 ι».

302 3824 412 3892 Die
459 3829 546 3892 24
594 3823 991 3912 Septembris
1041 3827 1232 3892 1842.

185 3995 432 4071 2850.
683 4002 1245 4070 NEAPOLITANA.
1522 3999 1749 4088 (4950)

300 4177 504 4254 Quum
551 4180 859 4247 Sacerdos
927 4178 1155 4266 loseph
1208 4177 1540 4266 Pignatelli
1594 4181 1751 4246 Nea-

186 4262 306 4346 poli
348 4266 595 4355 degens
662 4269 884 4336 Sacrae
930 4267 1189 4335 Rituum
1260 4267 1751 4355 congregationi

187 4368 291 4436 pro
333 4366 692 4445 opportuna
722 4356 1149 4423 declaratione
1181 4355 1580 4443 insequentia
1611 4376 1751 4445 pro·

185 4444 455 4522 posuerit
500 4444 728 4524 dubia;
777 4443 1119 4512 nimirum:
1401 4453 1409 4462 “

312 4534 367 4596 1.
415 4534 514 4599 An
561 4532 865 4600 Sacerdos
932 4532 1213 4621 seipsum
1282 4532 1534 4619 signans
1602 4550 1750 4600 cum

187 4615 378 4687 Hostia
426 4631 491 4687 et
537 4621 747 4689 Galice
808 4620 1186 4690 consecratis
1243 4631 1388 4687 ante
1440 4621 1749 4708 sumptio-

188 4719 322 4774 nem
364 4709 743 4778 sanctissimi
792 4711 1177 4780 Sacramenti
1217 4710 1295 4776 ad
1326 4708 1554 4775 verba:
1607 4712 1748 4775 Iesu

191 4790 425 4866 Christi
469 4798 704 4866 debeat
751 4809 941 4887 caput
987 4793 1334 4865 inclinare?

214 4966 225 4978 ·
304 4891 364 4953 2.
413 4890 509 4955 An
557 4886 866 4955 Sacerdos
919 4897 1060 4975 post
1118 4886 1547 4973 sumptionem
1605 4889 1750 4952 Pre-

190 4971 483 5042 tiosissimi
527 4974 856 5063 Sanguinis
926 4972 1159 5042 debeat
1224 4992 1570 5063 parumper
1635 4974 1751 5038 im-

190 5064 398 5157 morari
447 5065 509 5132 in
554 5063 964 5146 adoratione,
1011 5074 1206 5150 prout
1268 5062 1339 5130 fit
1381 5072 1526 5149 post
1578 5080 1749 5128 sum-

189 5155 457 5230 ptionem
501 5155 722 5222 Sacrae
771 5147 1070 5221 Hostiae?

307 5241 365 5306 3.
414 5245 510 5308 An
557 5242 866 5313 Sacerdos
898 5256 1182 5330 pergens
1209 5241 1286 5308 ad
1321 5238 1746 5308 exhibendam

192 5321 698 5402 communionem
745 5341 926 5399 extra
970 5328 1217 5397 Missam
1250 5328 1481 5398 debeat
1525 5345 1645 5415 per
1673 5342 1743 5393 se

1879 382 1983 449 vel
2035 403 2152 473 per
2197 384 2549 453 ministrum
2615 384 2872 454 deferre
2918 382 3177 452 bursam
3228 384 3295 451 in
3338 402 3466 470 qua

1880 473 2226 559 Corporale
2271 470 2678 542 recluditur?

2013 564 2077 628 4.
2128 563 2223 628 An
2269 562 2580 630 Sacerdos
2612 560 2960 629 ,celebrans
2993 561 3069 628 ad
3117 560 3361 642 Altare,
3398 559 3463 628 in

1878 668 2005 736 quo
2053 648 2523 717 sanctissimum
2570 653 3046 719 Sacramentum
3096 647 3461 734 expositum

1876 749 2008 818 est,
2061 737 2313 823 quoties
2358 736 2421 804 in
2465 738 2643 805 Missa
2705 737 2973 806 dicenda
3035 748 3184 803 sunt
3229 736 3458 803 verbat

1875 826 2237 891 Flectamus
2281 846 2514 911 uenata,
2554 826 2785 893 debeat
2832 825 3274 912 genuflectere
3308 841 3457 910 erga

1876 912 2355 1067 &nctipsimum
2400 915 2904 999 Sacramentum,
2953 932 3031 980 an
3076 932 3233 980 vero
3278 928 3459 977 more

1875 1002 2063 1069 solito

2006 1094 2087 1157 Et
2134 1094 2317 1158 Sacra
2361 1089 2623 1158 Rituum
2682 1088 3144 1177 congregatio,
3193 1087 3270 1155 ad
3314 1085 3460 1168 Qui·

1873 1177 2073 1246 rinale
2118 1176 2477 1265 subsignata
2524 1178 2632 1245 die
2679 1178 2742 1245 in
2785 1176 3128 1246 ordinariis
3167 1175 3457 1243 Comitiis

1874 1267 2248 1349 coadunata,
2294 1266 2371 1332 ad
2421 1266 2797 1334 relationem
2843 1264 3176 1353 subscripti
3234 1267 3457 1332 Secre-

1875 1355 2040 1439 tarii,
2090 1355 2385 1422 omnibus
2416 1365 2662 1422 mature
2709 1352 3071 1443 perpensis,
3104 1351 3457 1419 rescriben-

1873 1442 2029 1510 dum
2080 1443 2372 1510 censuit:

1999 1531 2096 1599 Ad
2151 1535 2208 1597 1.
2260 1552 2297 1595 ‹
2333 1530 2759 1617 Affirmative;
2826 1530 2998 1597 iuxta
3050 1526 3352 1598 Rubricas
3384 1548 3448 1595 ι.

1999 1621 2098 1687 Ad
2145 1623 2209 1686 2.
2261 1639 2300 1685 α
2333 1623 2686 1687 Serventur
2730 1618 3042 1687 Rubricae
3073 1639 3138 1683 ».

1999 1708 2096 1776 Ad
2143 1713 2209 1775 3.
2260 1729 2297 1772 ι
2331 1713 2571 1775 Decere
2629 1719 2701 1774 ut
2760 1728 2794 1773 a
2860 1705 3207 1775 Sacerdote
3271 1703 3451 1771 defe-

1869 1806 2046 1863 ratur
2078 1820 2141 1863 ν.

1996 1885 2095 1953 Ad
2143 1889 2209 1952 4.
2257 1906 2295 1950 «ι
2330 1883 2713 1969 Exquiratur
2741 1893 2964 1951 votum
2995 1881 3273 1970 Magistri
3299 1884 3453 1949 Gae-

1867 1973 2296 2042 remoniarum
2327 1995 2389 2041 ›.

1993 2066 2201 2147 Atque
2267 2059 2353 2127 ita
2420 2060 2777 2161 rescripsit.

1994 2150 2109 2217 Die
2154 2154 2239 2216 24
2286 2148 2684 2238 Septembris
2735 2153 2928 2217 1842.

1863 2291 2116 2361 2851.
2477 2290 2819 2357 ANICIEN.
3217 2282 3445 2374 (4952)

1988 2416 2109 2480 Pro
2137 2433 2246 2479 sua
2277 2433 2399 2500 qua
2430 2421 2707 2498 praestat
2737 2409 3177 2479 sollicitudine
3210 2406 3274 2476 in
3323 2408 3445 2474 rite

1858 2501 2281 2588 ordinateque
2328 2500 2668 2590 explendis
2702 2501 2777 2567 iis
2808 2499 3102 2567 omnibus
3136 2516 3300 2585 quae
3336 2516 3441 2585 pa-

1857 2589 2091 2656 storale
2158 2608 2386 2656 munus
2454 2589 2827 2675 respiciunt,
2889 2590 3140 2656 Sacram
3186 2584 3447 2652 Rituum

1859 2677 2439 2766 Congregationem
2522 2676 2888 2765 efflagitavit
2969 2672 3446 2744 Reverendissi-

1860 2784 2002 2832 mus
2047 2765 2338 2833 Anicien.
2390 2766 2769 2855 Episcopus,
2802 2777 2875 2833 ut
2917 2784 3029 2831 sua
3072 2762 3447 2831 auctoritate

1859 2853 2185 2923 declarare
2233 2853 2631 2940 dignaretur,
2666 2864 2886 2921 utrum
2933 2853 2999 2919 in
3034 2850 3445 2948 ordinatione

1858 2940 2216 3030 Presbyteri
2293 2942 2584 3012 extensio
2654 2961 2873 3010 manus
2945 2950 3071 3008 tam
3146 2938 3445 3037 Episcoi

1900 3049 2048 3098 uam
2102 3031 2520 3099 Sacerdotum
2582 3028 2973 3118 praescripta
3018 3049 3061 3094 a·
3096 3025 3446 3095 Pontificat

1855 3050 1997 3186 geri
2045 3118 2277 3186 debeat
2318 3139 2447 3187 non
2494 3129 2735 3186 tantum
2790 3117 2954 3184 intra
3003 3115 3159 3183 haec
3207 3115 3440 3182 verba:

1856 3204 2119 3278 &emus
2162 3210 2409 3292 [ratres
2453 3207 2863 3274 dilectissimi
2927 3221 3131 3290 usque
3177 3201 3254 3269 ad
3304 3201 3443 3267 Fle-

1857 3307 2108 3362 ctamua
2152 3314 2399 3381 pertua,
2448 3296 2563 3362 sed
2611 3294 2801 3360 etiam
2848 3303 2993 3379 post
3042 3288 3443 3378 genuflexio·

1859 3401 2008 3450 nem
2058 3384 2218 3450 intra
2264 3384 2647 3465 Orationem,
2698 3401 2860 3467 quae
2909 3379 3134 3467 incipit
3171 3377 3441 3476 Exaudi

1855 3492 1966 3537 nos
1991 3490 2195 3556 usque
2226 3473 2305 3541 ad
2336 3470 2829 3548 Praefation0m;
2868 3469 2951 3535 ita
2973 3478 3045 3536 ut
3074 3465 3443 3555 genuflexio

1857 3561 2283 3648 interrumpat
2349 3559 2793 3627 tantummodo
2845 3575 2973 3624 non
3027 3564 3243 3623 autem
3303 3572 3439 3624 ces-

1852 3667 1990 3715 sare
2039 3648 2220 3715 faciat
2268 3646 2467 3715 illam.

1987 3734 2165 3802 Ratio
2213 3735 2544 3804 dubitandi
2609 3753 2725 3823 pro
2786 3732 3104 3801 sententia
3171 3729 3440 3798 affirma-

1855 3824 1980 3890 tiva
2051 3823 2390 3892 fundatur:
2465 3823 2673 3911 primo
2694 3872 2712 3908 ,
2784 3823 2931 3908 quia
2986 3818 3238 3890 nonnisi
3297 3826 3440 3908 post

1853 3911 2205 3979 absolutam
2265 3911 2628 3980 Orationem
2694 3912 2966 3979 Eoeaudi
3034 3929 3187 3988 nos,
3255 3926 3438 3994 prae-

1851 3998 2152 4067 scribitur
2182 3999 2344 4068 alius
2376 4018 2682 4068 manuum
2713 3997 3003 4079 habitus3
3031 3997 3205 4065 unde
3237 4012 3441 4081 usque

1856 4098 2006 4156 tunc
2074 4106 2491 4176 perseverare
2561 4087 2760 4155 debet
2826 4084 3273 4173 praecedens:
3340 4101 3443 4150 se·

1855 4176 2092 4259 cundo,
2148 4176 2293 4264 quia
2347 4178 2399 4243 si
2456 4177 2609 4243 baec
2658 4176 2948 4243 extensio
3008 4189 3312 4241 manuum
3359 4170 3442 4237 sit

1854 4265 2113 4332 materia
2174 4274 2241 4330 et
2296 4263 2501 4333 Oratio
2563 4264 2832 4332 Eoeaudi
2890 4281 3004 4328 nos
3063 4260 3263 4328 forma
3287 4306 3307 4344 ,
3368 4268 3440 4326 ut

1853 4353 2079 4420 volunt
2137 4353 2394 4440 quidam
2416 4403 2433 4438 ,
2497 4351 2663 4419 inter
2716 4370 2878 4437 quos
2934 4353 3200 4419 Sanctus
3254 4369 3289 4415 a
3339 4347 3440 4415 Li-

1853 4441 2075 4530 gorio‚
2133 4441 2324 4508 decet
2385 4451 2722 4527 utramque
2782 4439 2970 4506 simul
3037 4435 3436 4518 coexistere:

1855 4529 2084 4612 tertio,
2135 4529 2280 4615 quia
2327 4529 2412 4596 ita
2479 4547 2784 4617 expresse
2842 4537 2906 4594 et
2964 4525 3259 4594 formiter
3308 4523 3439 4592 ani-

1857 4618 2198 4685 madvertit
2261 4627 2325 4684 et
2371 4618 2563 4686 docet
2630 4615 3222 4684 Reverendissimus
3290 4610 3440 4712 Epi·

1852 4726 2085 4793 scopus
2117 4704 2483 4774 Bellicensis
2510 4705 2575 4772 in
2598 4725 2714 4773 suo
2747 4703 2978 4772 Rituali
3005 4721 3231 4771 recens
3262 4701 3438 4768 edito

1853 4805 2003 4860 tom.
2061 4797 2100 4860 1
2148 4796 2221 4861 de
2265 4795 2455 4861 Sucr.
2520 4794 2822 4860 Ordinat-
2887 4793 3056 4859 Sect.
3116 4786 3164 4858 3
3180 4837 3202 4873 ‚
3236 4790 3439 4888 ,nixus

1852 4893 1989 4949 tum
2036 4883 2269 4951 Ganoni
2321 4886 2395 4949 ΙΙΙ
2440 4881 2705 4950 concilii
2754 4878 3285 4966 Carthaginiensis
3331 4878 3435 4960 N,

1857 4983 1990 5037 tum
2038 4969 2536 5038 sacramentario
2593 4971 2810 5038 Sancti.
2861 4965 3146 5055 Gregorii
3203 4963 3434 5052 Magni,

1853 5073 1993 5127 tum
2061 5057 2534 5126 Commentario
2603 5056 2874 5125 catalani
2946 5055 3010 5122 in
3074 5052 3438 5122 pontificata

1855 5157 2006 5214 tom.
2047 5149 2115 5231 1,
2142 5166 2295 5233 paq.
2336 5141 2524 5214 130.-
2573 5156 2824 5234 quarto,
2858 5142 3002 5232 quia
3048 5143 3257 5233 praxis
3286 5160 3436 5210 con·

1857 5237 2065 5322 traria,
2112 5237 2165 5304 si
2213 5234 2476 5316 existat,
2526 5234 2685 5303 nihil
2736 5233 3036 5325 probaret
3080 5242 3307 5320 utpote
3351 5232 3437 5300 de

1859 5347 1929 5396 re
1960 5344 2088 5395 non
2119 5323 2470 5394 necessaria
2500 5325 2815 5411 absolute,
2846 5324 2961 5392 sed
2992 5340 3271 5412 congrua
3305 5330 3435 5390 tan-
