4042 5950
1576 271 2049 350 ..235-

153 442 307 518 post
354 430 800 518 Evangelium,
848 449 926 497 an
972 429 1237 499 Sabbato
1283 426 1747 533 praecedenti?

155 519 406 588 Dicitur
430 518 689 586 enimin
708 519 1008 606 cappella
1032 517 1352 586 Pontificia
1379 530 1523 606 post
1546 522 1746 586 Evan-

159 607 413 694 gelinm
459 608 523 673 in
567 607 893 674 Dominica
937 606 1238 674 Passionis
1286 606 1447 696 tegi.

301 700 411 763 35.
443 701 516 762 ln
543 694 871 780 Ecclesiis,
900 695 964 761 in
988 693 1218 783 quibus
1242 714 1372 763 non
1394 696 1563 762 solet
1591 715 1749 783 quo·

159 783 324 851 tidie
371 784 548 851 missa
596 782 939 868 decantari,
987 784 1094 852 vel
1141 783 1317 851 adest
1362 784 1536 851 solus
1567 788 1747 850 Paro-

159 872 366 956 chns,
434 891 636 959 quum
681 870 953 938 Rubrica
996 872 1167 938 clare
1227 891 1357 939 non
1420 873 1741 958 loquatur,

157 959 531 1047 quaeritur:
579 963 854 1040 Quanam
883 959 1062 1027 Missa
1094 960 1365 1048 legenda
1394 960 1475 1026 sit
1506 959 1570 1028 in
1599 964 1749 1027 Pro-

157 1048 454 1117 cessione
500 1047 707 1116 Sancti
752 1048 940 1115 Marci
987 1067 1057 1114 ac
1088 1047 1534 1136 Rogationnm,
1566 1066 1746 1138 pne·

154 1136 386 1203 sertim
434 1137 486 1204 si
531 1146 821 1204 occurrat
865 1136 1156 1204 Officium
1200 1135 1501 1293 duplex?

297 1227 406 1292 36.
456 1231 527 1293 ln
591 1223 1044 1292 benedictione
1099 1224 1299 1291 cande
1328 1243 1531 1310 arum,
1582 1227 1748 1294 cine-

159 1331 312 1380 rum
370 1323 436 1378 et
490 1312 850 1401 palmarum
909 1312 1064 1380 dicit
1121 1311 1389 1381 Rubrica
1447 1312 1743 1381 Missalis:

168 1404 290 1467 Tor
336 1404 732 1488 aspergit...
782 1420 954 1486 aqua
998 1400 1436 1469 benedicta...
1473 1412 1569 1470 ter
1599 1404 1747 1469 ado-

158 1490 249 1556 let
297 1493 586 1572 incestam·
632 1499 697 1555 et
741 1491 830 1557 sic
876 1489 1115 1575 legitur
1179 1489 1242 1555 in
1290 1490 1747 1558 caeremoniali

162 1578 657 1666 Episcoporum.
685 1581 842 1644 Item
873 1576 1121 1645 Rituale
1148 1582 1501 1647 Romanum
1532 1578 1596 1646 in
1619 1584 1743 1646 Ru-

159 1667 334 1733 hrica
358 1667 442 1735 de
470 1665 758 1753 exequiis
782 1665 974 1734 dicitz
1009 1669 1400 1733 circumiens
1432 1670 1746 1752 feretrum

159 1758 447 1840 aspergit
471 1774 700 1841 corpus
723 1755 1044 1838 defuncti,
1078 1764 1140 1820 et
1178 1774 1407 1840 corpus
1454 1759 1747 1822 incensat

160 1856 242 1910 ut
261 1854 645 1929 asperserat.
696 1841 938 1910 Similia
970 1841 1275 1928 leguntur
1307 1843 1369 1910 in
1410 1846 1742 1911 Caeremo·

159 1930 825 2020 nialiEpiscoporum.
872 1929 1042 1997 Nihil
1099 1939 1312 1997 autem
1375 1931 1610 2000 dicitur
1667 1950 1744 1997 an

158 2020 529 2175 praedictae
557 2018 978 2107 aspersiones,
996 2019 1159 2085 sicut
1182 2029 1248 2086 et
1273 2020 1549 2108 aspersio
1583 2037 1748 2104 qnae

211 2123 234 2173 t
295 2107 528 2176 diebus
595 2106 967 2191 Dominicis,
1026 2105 1348 2175 faciendae
1411 2110 1537 2175 sint
1600 2126 1748 2174 cum

159 2196 524 2284 aspersorio
568 2215 689 2286 per
734 2195 1002 2262 modum
1045 2195 1263 2263 Crucis
1308 2205 1379 2264 ut
1433 2195 1742 2283 praescri·

159 2284 339 2352 bitur
382 2282 451 2351 in
496 2283 725 2352 Rituali
774 2287 1053 2350 Romano
1113 2302 1231 2371 pro
1291 2283 1746 2352 benedictione

159 2373 517 2439 mulierum
556 2382 698 2473 post
727 2381 1017 2461 partum;
1067 2372 1172 2438 vel
1204 2372 1327 2438 alio
1372 2370 1609 2440 modo?
1654 2371 1747 2438 Si·

157 2461 408 2528 militer
450 2460 516 2528 in
566 2461 642 2527 iis
702 2461 899 2544 locis,
959 2461 1123 2528 sicut
1170 2470 1236 2528 et
1295 2459 1361 2526 in
1426 2458 1745 2527 thurifica-

159 2547 341 2617 tione
388 2548 769 2618 sanctissimi
815 2549 1200 2618 Sacramenti
1246 2548 1543 2638 expositi,
1590 2550 1744 2616 Cru-

155 2637 294 2721 cis,
356 2637 831 2725 Reliquiarum,
896 2637 1125 2705 Altaris
1184 2647 1250 2704 et
1303 2634 1633 2725 Evangelii
1681 2639 1746 2705 in

155 2727 340 2795 Missa
387 2725 658 2793 solemni
690 2725 778 2793 nil
812 2726 968 2795 dicit
997 2726 1293 2810 Rubrica,
1328 2744 1406 2791 an
1437 2736 1566 2793 tres
1598 2725 1746 2795 thu-

156 2814 356 2881 ribuli
389 2816 621 2883 ductus
643 2814 920 2882 debeant
954 2833 1092 2882 esse
1113 2814 1464 2902 simplices,
1492 2814 1594 2881 vel
1629 2815 1748 2882 du·

156 2903 407 2990 plicati.
433 2905 587 2970 Hinc
614 2904 944 2992 quaeritur
968 2902 1439 2991 quomodonam
1463 2902 1745 2970 facienda

155 2994 242 3058 sit
295 3002 437 3058 taur
484 2991 763 3081 aspersio
820 3011 1010 3079 quam
1071 2990 1493 3076 thurificatio,
1544 3009 1745 3077 quum

157 3080 375 3170 praxis
418 3080 713 3148 videatur
756 3076 1124 3148 arbitraria?

295 3172 404 3237 37.
457 3169 520 3236 Si
565 3167 851 3236 Officium
897 3169 1070 3254 quod
1117 3167 1224 3235 die
1281 3168 1402 3235 fixa
1460 3167 1743 3236 celebra-

156 3271 270 3325 tur
316 3256 383 3323 in
427 3257 633 3344 aliqua
679 3257 988 3342 Dioecesi,
1029 3277 1148 3345 per
1191 3258 1429 3325 Sedem
1476 3257 1742 3346 Aposto-

158 3346 352 3413 licam
380 3346 456 3413 ad
491 3347 675 3413 aliam
718 3345 1070 3413 Dioecesim
1108 3347 1517 3431 extendatur,
1552 3364 1741 3433 quae·

156 3435 367 3501 ritur:
414 3438 712 3501 Potestne
756 3443 864 3503 aut
909 3433 1108 3502 debet
1162 3432 1471 3501 celebrari
1521 3433 1742 3501 eadem

155 3520 295 3606 die,
328 3532 541 3588 amoto
584 3521 798 3590 Officio
844 3523 1168 3590 Ecclesiae
1211 3519 1631 3589 universalis?
1678 3532 1741 3590 et

156 3610 225 3678 in
273 3630 420 3677 casu
481 3610 814 3699 negativo,
878 3612 1032 3699 quid
1095 3610 1460 3678 faciendum
1505 3610 1557 3677 si
1604 3609 1740 3678 talis

155 3699 398 3765 amotio
440 3699 518 3767 ab
563 3700 739 3766 annis
784 3698 906 3766 iam
951 3700 1109 3766 facta
1155 3694 1397 3766 fuerit‘?

294 3791 403 3855 38.
445 3786 742 3855 Civitates
774 3798 838 3854 et
867 3787 1136 3876 Oppida,
1161 3806 1322 3873 quae
1352 3787 1475 3855 iam
1504 3787 1742 3856 habent

155 3882 505 3943 Patronum
549 3875 994 3964 principalem,
1045 3875 1288 3946 debent
1334 3894 1417 3942 ne
1472 3885 1577 3943 aut
1623 3877 1742 3943 sal·

159 3976 296 4032 tem
340 3976 607 4051 possunt
654 3964 1025 4033 continuare
1069 3962 1566 4032 celebrationem
1598 3969 1745 4031 Pro-

161 4052 427 4120 tectoris
470 4052 840 4151 principalis
885 4052 1203 4120 Dioecesis
1261 4050 1380 4118 suh
1439 4052 1567 4119 ritu
1627 4052 1742 4119 du·

159 4139 346 4230 plicis
392 4158 637 4240 primae
697 4140 908 4207 classis
954 4159 1102 4232 cum
1148 4150 1404 4219 octava;
1469 4151 1532 4206 et
1594 4158 1742 4207 cum

158 4229 550 4381 obligat÷one
583 4228 921 4314 utriusque
966 4229 1293 4315 praecepti
1344 4247 1423 4293 ex
1472 4248 1737 4295 consue·

160 4316 389 4384 tudine
969 4373 970 4376 ,

290 4409 401 4474 39.
451 4407 657 4484 Quum
704 4406 832 4474 duo
880 4407 984 4473 vel
1031 4406 1255 4495 plures
1312 4405 1597 4473 Officium
1643 4404 1743 4472 di·

160 4495 381 4560 vinum
427 4494 726 4580 privatim
759 4494 1054 4579 recitant,
1089 4493 1326 4562 debent
1359 4513 1441 4560 ne
1473 4493 1550 4562 ad
1586 4495 1743 4560 Con·

157 4584 341 4668 liteor
370 4582 673 4649 omittere
704 4581 899 4650 verba
930 4582 1037 4649 illa
1068 4584 1238 4649 vobis
1268 4586 1514 4668 fratres
1548 4593 1611 4649 et
1638 4602 1743 4649 vos

157 4675 438 4756 fratres.-
496 4675 886 4738 misereatur
941 4675 1047 4738 tui
1100 4680 1167 4737 et
1220 4675 1608 4738 misereatur
1650 4692 1745 4738 ve-

157 4762 311 4840 stri,
339 4759 505 4827 sicut
537 4760 790 4846 quando
821 4779 987 4826 unus
1013 4769 1259 4827 tantum
1289 4759 1450 4826 illud
1477 4757 1745 4826 recitat?

288 4850 401 4916 40.
451 4848 661 4933 Aliqui
709 4847 773 4915 in
823 4846 1195 4914 recitatione
1251 4846 1450 4916 divini
1513 4846 1737 4932 Officii,

157 4947 284 5004 tam
335 4936 401 5001 in
446 4936 654 5004 Cboro
699 4953 891 5022 qnam
938 4936 1258 5024 privatim,
1307 4935 1562 5024 signum
1593 4936 1744 5003 Cru-

159 5024 243 5091 cis
289 5023 410 5091 sibi
463 5026 817 5110 efformant,
864 5034 1094 5126 pectus
1122 5027 1517 5111 percutiunt,
1552 5035 1742 5111 caput

159 5113 474 5200 detegunt
507 5122 572 5178 et
615 5133 685 5179 se
733 5110 1038 5181 inclinant
1083 5112 1273 5180 etiam
1318 5114 1385 5180 in
1442 5112 1538 5180 bis
1585 5113 1740 5180 locis

158 5201 218 5269 iu
249 5201 485 5286 quibus
513 5200 782 5269 Rubrica
820 5220 939 5268 nec
965 5200 1222 5268 Missalis
1260 5219 1380 5269 nec
1406 5204 1739 5270 caeremo-

161 5290 338 5356 nialis
373 5289 438 5356 id
474 5289 868 5377 praescribit.
918 5290 1251 5368 Quaeritur
1298 5307 1490 5377 ergo:
1537 5291 1739 5368 Quan-

161 5377 389 5446 donam
434 5378 590 5446 haec
624 5379 832 5446 omnia
862 5379 987 5446 sint
1019 5376 1329 5462 iacienda,
1365 5389 1494 5447 tam
1526 5378 1591 5444 in
1622 5398 1738 5468 pu-

1843 429 2006 498 blica
2039 447 2241 586 guam
2286 430 2352 499 in
2395 428 2639 517 privata
2683 428 2883 497 divini
2942 429 3140 499 Officii
3205 430 3429 499 recita-

1848 519 2026 586 tione

1979 610 2088 674 41.
2140 608 2233 674 An
2278 610 2504 674 Preces
2552 605 2829 673 Fet-iales
2868 615 2933 673 et
2965 607 3326 695 Antiphonti
3357 608 3434 675 ti-

1846 694 2003 761 nalis
2049 699 2274 763 Beatae
2320 693 2548 762 Mariae
2593 694 2901 797 Virginis,
2933 714 3061 762 non
3106 696 3317 764 solum
3366 696 3432 763 in

1845 783 2080 868 Cboro,
2128 783 2244 851 sed
2292 781 2489 851 etiam
2534 784 2599 850 in
2644 794 2884 872 privata
2943 783 3143 851 Officii
3204 783 3435 851 recita-

1843 870 2049 954 tione,
2097 872 2279 941 ssexis
2325 871 2597 958 genibus
2654 879 2802 941 sunt
2867 870 3277 938 recitandae?
3331 879 3428 938 An

1849 976 2004 1025 vero
2063 958 2399 1029 damnandi
2462 961 2573 1046 qui
2631 960 2705 1029 iu
2756 959 2996 1046 privata
3056 958 3429 1028 recitatione

1849 1047 2007 1115 banc
2056 1046 2577 1137 genuflexionem
2623 1045 2973 1115 omittunt?
3472 1114 3486 1126 ,

1984 1139 2097 1204 42.
2129 1142 2309 1203 quta
2332 1133 2667 1204 Rubricam
2691 1135 2995 1202 Breviarii
3021 1136 3119 1204 tit.
3146 1140 3426 1222 xxxvl,

1846 1242 2033 1292 num.
2095 1230 2132 1294 3
2194 1235 2258 1292 et
2317 1227 2581 1289 Decreta
2650 1227 2873 1292 Sacrae
2940 1224 3201 1292 Ritnum
3268 1230 3429 1295 Con-

1846 1312 2262 1402 gregationis,
2314 1311 2668 1400 Antiphona
2700 1310 2907 1378 finalis
2942 1316 3173 1379 Beatae
3202 1313 3430 1381 Mariae

1848 1401 2128 1489 Virginis
2175 1400 2433 1489 praeter
2460 1409 2717 1489 tempus
2749 1401 3042 1468 Pascbale
3073 1400 3201 1470 dici
3234 1401 3430 1470 debet

1845 1491 2071 1560 stando
2119 1491 2411 1557 omnibus
2458 1488 2686 1557 diebus
2729 1487 3070 1557 Dominicis
3129 1490 3285 1557 infra
3323 1509 3430 1556 an-

1849 1596 2032 1662 num,
2082 1599 2113 1643 a
2159 1576 2383 1664 primis
2428 1578 2728 1663 vesperis
2783 1572 3030 1644 Sabbati
3087 1596 3289 1665 usque
3349 1577 3427 1644 ad

1847 1683 2145 1733 occasum
2187 1665 2339 1731 solis
2384 1663 2581 1752 ipsius
2640 1665 3028 1733 Dominicae.
3099 1666 3431 1743 Quaeritur

1854 1758 1914 1820 l.
1965 1755 2017 1818 A
2063 1773 2187 1839 qua
2225 1753 2381 1820 hora
2411 1752 2660 1820 Sabbati
2707 1753 3007 1840 incipiant
3035 1753 3279 1841 primae
3308 1757 3431 1823 Ve-

1845 1861 2097 1930 sperae,
2126 1853 2253 1909 tam
2285 1842 2350 1907 in
2376 1841 2547 1920 Quad
2558 1841 2868 1930 ragesima
2891 1860 3082 1927 quam
3106 1842 3245 1909 aliis
3268 1854 3429 1910 tem-

1847 1927 2159 2017 poribus?
2203 1934 2272 1996 2.
2306 1932 2402 1995 An
2447 1927 2553 1996 hic
2599 1948 2858 1997 occasus
2902 1929 3056 1997 solis
3086 1931 3283 2016 possit
3331 1929 3426 1998 in-

1850 2018 2058 2104 telligi
2103 2037 2306 2108 usque
2353 2016 2430 2085 ad
2479 2016 2933 2104 crepusculum
2978 2018 3427 2105 vespertinum

1850 2127 2030 2174 more
2079 2103 2668 2195 indulgentiarum?
2711 2108 2778 2173 3.
2812 2106 2909 2171 An
2954 2126 2987 2172 a
3032 2105 3257 2194 primis
3304 2110 3428 2175 Ve-

1848 2194 2053 2285 speris
2098 2192 2347 2262 Sabbati
2393 2213 2596 2281 usque
2656 2193 2734 2262 ad
2798 2211 3092 2261 occasum
3148 2194 3300 2261 solis
3363 2196 3430 2262 in

1848 2281 2171 2350 Dominica
2217 2300 2479 2383 semper
2519 2282 2814 2350 standum
2863 2281 2970 2366 sit,
3021 2281 3429 2351 etiamsinon

1845 2372 2158 2439 recitetur
2201 2369 2491 2438 Officium
2537 2370 2925 2454 Dominicae,
2972 2369 3087 2436 sed
3121 2370 3230 2437 vel
3279 2373 3429 2439 Sab-

1849 2459 1973 2527 bati
2003 2461 2111 2526 vel
2157 2458 2376 2525 Feriae
2422 2457 2790 2527 secundae?
2832 2461 2899 2525 4.
2939 2460 3168 2525 Utrum
3198 2458 3279 2524 sit
3311 2477 3429 2545 ge·

1847 2547 2365 2631 annectendum,
2412 2546 2466 2612 si
2520 2556 2664 2636 post
2724 2565 3016 2614 occasum
3078 2546 3226 2614 solis
3283 2548 3429 2618 offi-

1849 2637 2018 2704 cium
2070 2634 2433 2704 Dominicae
2467 2634 2817 2704 recitetur?

1980 2728 2089 2795 43.
2141 2724 2320 2791 Varia
2350 2734 2499 2791 sunt
2530 2724 2741 2792 Officia
2773 2743 2939 2812 quae
2970 2729 3251 2813 nymnos
3279 2744 3429 2812 pro-

1849 2814 2020 2902 prios
2065 2812 2328 2882 habent.
2376 2811 2439 2879 Si
2472 2813 2612 2899 quis
2645 2816 2928 2914 Hymnus
2959 2831 3173 2900 neque
3208 2814 3273 2880 in
3305 2817 3431 2883 Ve-

1847 2901 2051 2990 speris
2113 2919 2326 2987 neque
2391 2900 2454 2968 in
2515 2900 2829 2969 Laudibus
2893 2900 3091 2991 possit
3148 2901 3430 2987 recitari,

1847 3001 2061 3079 potest
2102 3010 2186 3059 ne
2232 3000 2338 3056 aut
2383 2989 2582 3058 debet
2628 2989 2796 3056 uniri
2842 2995 3089 3092 Hymno
3135 2992 3423 3060 matutini

1846 3079 1941 3147 uti
1988 3079 2059 3146 fit
2102 3079 2167 3145 in
2211 3081 2396 3145 Festo
2442 3081 2705 3146 Sanctae
2734 3081 3058 3161 Martinae,
3094 3080 3170 3147 ad
3205 3081 3323 3147 boc
3352 3089 3425 3146 ut

1845 3186 2069 3236 omnes
2113 3167 2342 3255 Hymni
2387 3166 2628 3256 proprii
2676 3164 3075 3234 recitentur?

1977 3260 2086 3323 44.
2136 3259 2203 3322 ln
2251 3260 2434 3323 Festo
2482 3258 2744 3323 Sanctae
2788 3254 3163 3322 Pulcheriae
3210 3255 3275 3323 in
3321 3254 3429 3322 ali-

1844 3344 2074 3432 quibus
2118 3344 2451 3412 Breviariis
2495 3344 2831 3411 Lectiones
2874 3342 3066 3432 primi
3118 3344 3430 3411 Nocturni

1846 3433 2240 3519 assignantur
2286 3435 2373 3498 Dc
2428 3431 2820 3518 Virqinibus‚
2856 3432 2922 3498 in
2967 3431 3103 3498 aliis
3135 3433 3217 3502 de
3260 3430 3427 3500 Scri·
3522 3506 3532 3517 ⁶

1847 3532 2033 3610 ptura
2067 3529 2471 3588 occurrente.
2504 3518 2872 3601 Quaeritur:
2907 3522 3076 3600 Quae
3108 3520 3235 3587 sint
3267 3520 3425 3586 reci-

1842 3609 2096 3693 tandae,
2144 3612 2196 3675 si
2244 3611 2308 3676 in
2352 3608 2684 3676 Breviariis
2729 3606 2884 3694 ipsis
2927 3609 3105 3676 nulla
3150 3606 3426 3696 reperia-

1848 3708 1954 3764 tur
1999 3695 2366 3766 concessio?

1978 3790 2090 3853 45.
2137 3789 2205 3853 In
2250 3786 2565 3874 aliquibus
2594 3785 2930 3853 Breviariis
2977 3795 3042 3851 et
3080 3783 3430 3854 nissatibus

1798 3871 1813 3896 ’
1844 3875 2049 3944 Oratio
2097 3874 2305 3943 Sancti
2352 3874 2572 3942 Iuliani
2608 3884 2673 3940 et
2706 3874 2914 3942 Sancti
2958 3873 3195 3942 Fidelis
3227 3896 3260 3941 a
3291 3873 3431 3975 Sig-

1846 3981 2005 4030 mar.
2063 3966 2287 4031 Maru:
2343 3964 2850 4031 Postcommunio
2911 3963 3121 4030 Sancti
3182 3968 3430 4031 Ioannis

1841 4051 2304 4140 Nepomuceni,
2352 4053 2561 4120 Sancti
2589 4049 2989 4135 Bernardini,
3025 4050 3232 4119 Sancti
3280 4050 3423 4118 Hie·

1843 4140 2093 4228 ronymi
2148 4140 2507 4224 Aemiliani,
2557 4142 2818 4207 Sanctae
2866 4143 3130 4206 loannae
3182 4139 3430 4206 Franci-

1842 4249 2009 4315 scae,
2059 4228 2266 4297 Sancti
2312 4227 2601 4311 Ianuarii,
2650 4229 2917 4294 octavae
2959 4226 3260 4294 Passionis
3292 4230 3429 4310 ‚Do-

1847 4317 2001 4385 mini
2047 4317 2259 4385 Nostri
2304 4322 2446 4385 lesu
2478 4314 2732 4399 Christi,
2767 4313 2984 4382 Feriae
3018 4317 3099 4383 Ν
3133 4325 3276 4404 post
3308 4317 3430 4384 Do·

1843 4405 2138 4474 minicam
2169 4407 2515 4474 secundam
2544 4403 3070 4493 Quadragesimae
3096 4404 3162 4473 in
3182 4406 3429 4494 Vespe-

1842 4496 1929 4561 ris
1961 4494 2476 4562 concluduntur:
2530 4496 2601 4560 in
2636 4497 2898 4560 unitate
2928 4494 3230 4578 Spiritus
3266 4494 3425 4560 San-

1845 4587 1959 4651 cti.
2026 4582 2396 4663 Quaeritur:
2462 4583 2559 4648 An
2603 4598 2840 4648 nomen
2894 4583 3185 4667 Spiritus
3246 4583 3419 4666 qnod

1845 4673 1908 4739 in
1942 4671 2014 4746 iis
2045 4670 2444 4738 Orationibus
2477 4670 2716 4757 legitur
2746 4668 2987 4738 indicet
3026 4688 3252 4736 revera
3286 4669 3426 4759 Spi-

1843 4760 2041 4826 ritum
2088 4761 2422 4847 Sanctum3
2476 4768 2540 4826 et
2570 4758 2716 4825 ideo
2763 4759 3085 4844 quomodo
3118 4757 3243 4827 sint
3278 4777 3429 4826 con-

1851 4844 2251 4915 cludendas?
3264 4875 3282 4894 ··

1976 4939 2087 5002 46.
2137 4934 2396 5014 Quando
2443 4934 2611 5021 quis,
2665 4933 2909 5003 itineris
2952 4935 3057 5002 vel
3089 4933 3287 5002 studii
3318 4935 3424 5002 vel

1843 5022 1977 5089 aliis
2026 5023 2109 5090 de
2156 5023 2384 5106 causis,
2435 5033 2615 5089 extra
2660 5023 2931 5090 Patriam
2975 5023 3110 5089 sive
3166 5023 3429 5090 Dioece-

1844 5110 1964 5179 sim
2028 5122 2357 5194 versetur,
2408 5110 2606 5178 debet
2659 5130 2741 5178 ne
2805 5111 3078 5179 recitare
3135 5110 3424 5180 Officium

1842 5201 1939 5267 sui
1986 5199 2285 5287 Capituli,
2338 5198 2657 5267 Ecclesiae
2706 5207 2772 5265 et
2800 5199 3132 5286 Beneficii,
3180 5199 3287 5266 vel
3333 5211 3427 5269 et·

1845 5288 1966 5355 iam
2011 5287 2391 5376 simpliciter
2434 5287 2793 5369 Dioecesis;
2844 5307 2921 5355 an
2950 5309 3104 5357 vero
3135 5287 3423 5358 Officium

1847 5376 2022 5445 illius
2070 5377 2189 5448 loci
2237 5376 2303 5449 in
2347 5396 2477 5468 quo
2520 5373 2895 5468 reperitur?
