4042 5950
2077 267 2546 347 ...234-

673 429 914 497 assistat
973 446 1119 496 cum
1179 445 1375 515 cappa
1436 425 1669 494 debeat
1726 436 1894 493 stare
1942 443 2104 493 ·cum
2165 422 2257 493 bi-

673 528 842 603 reso,
873 518 984 584 vel
1021 515 1162 583 sine
1195 512 1432 600 bireto,
1461 515 1621 582 dum
1666 524 1950 582 cantatur
1994 512 2256 582 confes-

671 604 808 673 sio?
832 605 1164 685 Quaeritur
1210 613 1468 691 quarto:
1517 604 1615 669 An
1661 601 1711 668 si
1759 601 2117 689 Episcopus
2160 621 2255 666 ase

672 694 849 760 sistat
896 711 1042 760 cum
1088 710 1284 781 cappa
1329 690 1563 760 debeat
1611 701 1779 757 stare
1827 709 1975 758 cum
2019 688 2255 772 bireto,

672 780 776 849 vel
807 779 944 848 sine
976 780 1210 853 bireto,
1237 778 1395 848 dum
1425 800 1458 846 a
1498 776 1877 864 Presbytero
1921 776 2255 844 assistente

674 865 1080 937 incensatur?

808 961 913 1025 15.
963 960 1125 1025 Dum
1184 954 1561 1056 Episcopus,
1621 953 1839 1020 Missae
1887 972 2004 1040 per
2056 952 2252 1019 alium

671 1056 952 1113 cantatae
998 1045 1313 1129 assistens,
1360 1047 1607 1110 Missam
1665 1060 1812 1109 cum
1870 1039 2252 1108 celebrante

673 1134 897 1220 incipit
943 1138 1089 1200 ante
1135 1132 1427 1200 infimum
1473 1130 1743 1216 gradum
1805 1127 2058 1211 Altaris,
2107 1132 2254 1194 Pre-

668 1221 889 1309 sbyter
917 1221 1212 1287 assistens
1242 1230 1308 1286 et
1326 1217 1580 1287 Diaconi
1610 1217 1972 1284 assistentes
1995 1214 2255 1283 ubinam

670 1320 864 1393 stare,
914 1318 977 1377 et
1025 1309 1180 1395 quid
1228 1326 1421 1396 agere
1466 1305 1748 1376 debent?

805 1402 913 1465 16.
959 1402 1030 1463 ln
1097 1394 1558 1466 communione
1618 1393 2152 1477 ordinandorum,
2201 1392 2252 1458 si

671 1485 1226 1554 communicentur
1256 1483 1446 1551 etiam
1476 1482 1756 1551 ordinati
1789 1481 1852 1549 in
1881 1479 2250 1565 Minoribus,

671 1575 1026 1663 Episcopus
1055 1572 1148 1640 uti
1179 1592 1261 1640 ne
1294 1570 1487 1639 debet
1518 1571 1595 1638 ad
1626 1571 1779 1637 istos
1821 1570 2055 1637 forma:
2102 1570 2254 1634 Cor·

664 1682 788 1747 pus
835 1664 1099 1728 Domini
1151 1662 1375 1729 Nostri
1429 1662 1566 1725 Iesu
1625 1659 1877 1726 Christi
1928 1658 2253 1724 custodiat

669 1753 972 1816 Animam
1020 1759 1204 1816 tuam
1251 1752 1326 1815 in
1376 1752 1578 1815 vitam
1622 1757 1991 1827 aeternam5
2037 1764 2115 1812 an
2161 1745 2253 1814 di-

672 1855 857 1905 cere:
906 1839 1230 1905 custodiat
1286 1839 1363 1903 Te
1406 1846 1528 1903 etc.

807 1929 910 1993 17.
960 1925 1259 1992 Praestita
1303 1946 1336 1991 a
1398 1921 1771 2010 Presbytero
1832 1921 2122 1990 ordinato
2184 1921 2250 1987 in

671 2013 800 2081 fine
853 2012 1072 2080 Missae
1128 2012 1524 2096 obedientia,
1573 2009 1940 2078 Pontificale
1993 2009 2249 2098 Episco—

670 2121 753 2189 po
777 2100 1050 2190 iniungit
1080 2111 1154 2169 ut
1185 2119 1335 2169 eum
1368 2099 1722 2168 osculetur.
1769 2099 2250 2178 Quomodonam

671 2191 784 2257 ista
829 2189 1226 2257 deosculatio
1274 2201 1371 2257 est
1416 2186 1746 2255 facienda?

806 2282 909 2345 18.
959 2278 1435 2345 caeremoniale
1488 2275 1954 2362 Episcoporum
2011 2275 2126 2342 lib.
2178 2279 2243 2359 2,

669 2384 806 2453 cap.
860 2370 942 2433 36
1019 2368 1057 2450 g
1096 2371 1154 2449 1,
1203 2364 1478 2453 iniungit
1523 2363 1838 2464 Episcopo
1887 2374 1958 2430 ut
2003 2381 2247 2429 memo—

668 2453 824 2520 riam
871 2415 1097 2521 habeat
1141 2451 1647 2539 praedecessoris
1679 2472 1776 2518 sui
1808 2450 2101 2540 proxime
2136 2452 2247 2519 de-

670 2541 893 2609 functi.
942 2541 1276 2623 Quidnam,
1315 2541 1367 2607 si
1411 2540 1744 2627 proximus
1798 2540 2250 2606 Praedecessor

670 2631 1000 2696 translatus
1044 2628 1123 2695 sit
1169 2627 1246 2694 ad
1292 2627 1476 2695 aliam
1522 2623 1916 2694 Ecclesiam?

805 2720 910 2785 19.
957 2716 1054 2781 An
1099 2714 1452 2817 Episcopus
1483 2734 1748 2803 semper
1777 2716 2007 2783 debeat
2057 2734 2246 2783 mauu

668 2804 1057 2873 benedicere
1117 2803 1444 2871 canonicis
1489 2803 1853 2889 ceterisque
1898 2805 1980 2871 de
2029 2804 2242 2890 clero,

712 2892 777 2959 ui
827 2895 891 2959 in
910 2890 1140 3048 ¹factis
1201 2890 1635 2959 [unctionibus
1695 2893 1753 2958 ei
1817 2893 2246 2960 reverentiam

692 2981 905 3050 aciunt

799 3072 906 3137 20.
955 3072 1159 3149 Quum
1193 3069 1545 3158 Episcopus
1578 3069 1804 3139 diebus
1834 3070 2102 3137 Festivis
2136 3090 2243 3158 ap·

667 3158 907 3250 plicare
953 3158 1182 3227 debeat
1229 3177 1346 3246 pro
1385 3158 1609 3225 ovibus
1666 3157 1821 3241 suis,
1871 3158 2241 3244 quaeritur:

666 3251 763 3316 An
811 3248 1122 3336 Episcopo
1169 3248 1345 3316 hisce
1390 3246 1620 3315 diebus
1650 3245 2101 3334 pontificaliter
2148 3266 2247 3312 ce·-

669 3334 998 3419 lebrante,
1070 3334 1362 3403 canonici
1431 3334 1708 3403 debeant
1773 3335 2015 3402 Missam
2084 3338 2245 3401 con-

666 3425 1033 3579 ventuialgm
1104 3444 1218 3512 pro
1279 3422 1793 3502 ,benefactoribus
1862 3431 2113 3490 cantare
2183 3433 2248 3490 et

668 3529 835 3597 quan
886 3531 922 3577 o

797 3601 904 3664 21.
938 3599 1188 3665 Debent
1217 3617 1298 3665 ne
1331 3597 1628 3686 Episcopi
1655 3611 1721 3665 et
1753 3599 2056 3667 Sacerdos
2089 3619 2239 3667 con-

667 3686 915 3753 cionem
965 3685 1271 3753 habentes
1313 3685 1620 3753 adbibere
1669 3683 1954 3754 Stolam'?

796 3776 902 3841 22.
948 3772 1246 3860 Episcopi
1295 3783 1600 3841 tenentur
1644 3795 1727 3843 ne
1761 3776 1837 3843 ad
1870 3775 2240 3864 applicatio-

664 3878 815 3928 nem
860 3860 1078 3928 Missae
1126 3881 1241 3950 pro
1291 3861 1511 3928 ovibus
1558 3874 1700 3948 post
1747 3865 2044 3950 adeptam
2097 3883 2241 3950 pos-

663 3949 1038 4103 ⁸9⁸⁸³⁰¹¹3¹¹¹2
1088 3970 1166 4016 an
1210 3949 1421 4017 statim
1467 3970 1535 4016 ac
1586 3951 1777 4020 electi
1808 3963 1955 4019 sunt
1990 3951 2052 4018 in
2081 3957 2241 4019 con-

665 4039 915 4105 sistorio

796 4129 904 4193 23.
956 4125 1181 4195 Vicat-ii
1228 4126 1623 4214 capitulares
1684 4138 1983 4195 tenentur
2030 4147 2114 4195 ue
2160 4129 2235 4197 ad

664 4216 823 4282 hanc
869 4213 1084 4282 Missae
1144 4214 1660 4303 applicationem,
1710 4215 1880 4284 Sede
1939 4217 2245 4285 vacante?

793 4305 903 4369 24.
954 4302 1426 4372 caeremoniale
1490 4305 1945 4393 Episcoporum
2008 4304 2118 4370 lib.
2170 4310 2237 4390 2,

666 4411 803 4479 cap.
825 4394 932 4475 38,
957 4393 995 4475 g
1021 4395 1086 4475 3,
1113 4391 1388 4481 iniungit
1420 4392 1736 4481 Episcopo
1767 4392 2141 4481 aegrotanti,
2172 4404 2242 4459 ut

663 4491 998 4567 antequam
1046 4481 1497 4565 communicet,
1546 4480 1924 4567 profiteatur
1969 4482 2241 4549 catholi-

662 4587 800 4637 cam
846 4567 1043 4635 fidem
1090 4587 1170 4635 ex
1217 4567 1484 4635 formula
1532 4569 1608 4635 ab
1655 4568 2011 4658 Apostolica
2071 4571 2243 4638 Sede

661 4656 1070 4811 prafsgripta.
1123 4656 1459 4736 Quaeritur
1501 4676 1808 4744 quaenam
1852 4658 1931 4724 sit
1962 4658 2075 4724 ista
2115 4659 2240 4725 for-

662 4763 771 4813 mu
800 4766 831 4810 a

793 4837 903 4900 25.
930 4834 1243 4902 cadavera
1272 4834 1758 4922 Episcoporum,
1793 4835 2233 4921 Sacerdotum,

659 4920 1076 4989 Diaconorum
1120 4921 1512 5011 aliorumque
1546 4923 1629 4990 de
1659 4924 1847 4991 clero
1880 4923 2121 4991 d‘ebent
2155 4943 2234 4991 ne

660 5009 917 5098 sepeliri
963 5028 1111 5076 cum
1157 5010 1434 5077 vestibus
1492 5015 1752 5099 proprio
1811 5011 2030 5080 Ordini
2092 5031 2240 5078 con-

663 5096 1072 5182 gruentibu33
1123 5116 1200 5163 an
1246 5098 1477 5165 sufficit
1506 5107 1578 5166 ut
1609 5118 1753 5166 cum
1787 5099 1886 5167 his
1920 5103 1985 5167 in
2017 5100 2241 5167 Eccle-

661 5184 749 5251 sia
796 5184 1235 5272 exponantur?
1267 5184 1362 5271 (1)

800 5380 880 5455 (ι)
905 5355 980 5440 r..
1014 5381 1155 5440 nuh.
1189 5380 1275 5450 ss,
1311 5381 1397 5449 si,
1433 5383 1518 5451 ss,
1554 5383 1639 5450 se,
1673 5382 1744 5440 ss
1778 5389 1832 5440 et
1867 5379 1953 5440 sc.

2488 428 2596 492 26.
2646 431 2715 493 Iu
2744 425 2943 494 Fastis
2971 421 3358 491 solemnibus
3388 441 3550 510 quae
3580 436 3877 491 occurrunt

2356 511 2418 580 in
2449 513 2645 580 Feriis
2674 512 3227 597 Quadragesimae,
3263 512 3410 579 licet
3440 530 3527 577 ne
3557 512 3876 579 continuare

2359 620 2545 669 usum
2567 603 2834 671 cauendi
2865 601 3107 668 Missam
3138 601 3221 668 de
3251 599 3425 667 Feria
3456 610 3599 687 post
3618 599 3875 684 Tertiam,

2355 697 2419 755 et
2466 680 2710 756 Missam
2756 690 2845 757 de
2888 694 3103 772 Festo,
3151 688 3252 755 cui
3283 689 3512 755 assistit
3544 688 3876 776 Episcopus,

2355 788 2498 864 post
2543 780 2783 845 Nonam
2828 778 2991 845 circa
3037 772 3429 843 meridiem?

2430 904 2437 911 -
2484 869 2592 933 27.
2643 866 2858 952 Aliqui
2904 865 3300 933 Rubricistae
3359 863 3586 931 volunt
3642 864 3885 949 quotics—

2353 972 2502 1020 cum
2551 973 2631 1021 ue
2692 973 2929 1021 nomen
2993 958 3129 1019 Iesu
3188 952 3551 1019 nominatur
3612 952 3675 1017 in
3714 950 3883 1031 Kissa,

2349 1042 2454 1107 vel
2549 1042 2739 1110 icitur
2786 1044 3014 1108 Gloria
3061 1044 3286 1122 Patri,
3334 1040 3440 1106 vel
3492 1037 3800 1107 acceditur
3823 1039 3883 1105 ad

2350 1129 2638 1196 medium
2687 1129 2940 1214 Altaris,
2991 1131 3093 1197 vel
3142 1132 3220 1197 ab
3268 1130 3404 1217 ipso
3438 1127 3777 1208 receditur,
3810 1147 3886 1191 ca-
3958 1194 3959 1199 ,

2396 1227 2466 1284 ut
2513 1219 2731 1287 crucis
2780 1236 2920 1284 esse
2967 1217 3443 1285 inclinandum:
3495 1215 3617 1281 alii*
3644 1213 3887 1280 sentiunt

2398 1305 2717 1377 uiusmodi
2765 1306 3204 1373 inclinationes
3238 1314 3387 1372 tunc
3418 1315 3663 1370 tantum
3696 1301 3889 1368 iacien-

2349 1393 2460 1460 das
2491 1413 2691 1480 quum
2731 1416 2764 1461 a
2808 1393 3097 1462 Rubricis
3140 1392 3687 1480 praescribuntur.
3729 1391 3889 1467 Quae·

2352 1480 2513 1635 ιὲἰῑᾳι·
2562 1483 2977 1638 gugndonam
3035 1481 3400 1550 huiusmodi
3471 1478 3783 1547 inclinatio
3831 1478 3891 1542 sit
3958 1556 3959 1567 χ

2380 1589 2559 1636 amen
2608 1592 2641 1638 a

2482 1662 2590 1727 28.
2640 1661 2846 1738 Quum
2867 1658 3176 1726 Rubricae
3201 1657 3370 1725 clare
3395 1677 3530 1724 non
3560 1656 3889 1740 loquantur,

2349 1746 2680 1832 quaeritur
2723 1748 2974 1834 quando
3023 1746 3086 1813 in
3130 1745 3308 1811 Missa
3358 1757 3422 1813 et
3468 1746 3536 1812 in
3581 1742 3785 1811 Officio
3824 1740 3891 1806 fa-

2346 1833 2575 1902 cienda
2621 1835 2701 1901 sit
2746 1833 3109 1901 reverentia
3154 1834 3461 1924 simplex,
3496 1832 3745 1920 quando
3785 1847 3891 1895 me·

2346 1922 2579 1990 diocris
2626 1933 2691 1989 et
2721 1924 2974 2013 quando
3005 1921 3348 2010 profunda,
3388 1932 3518 1987 tam
3550 1921 3613 1986 in
3643 1915 3891 1987 sacristia

2347 2029 2538 2099 quam
2584 2010 2649 2077 in
2695 2008 2935 2079 Altari'?
3857 2090 3868 2102 ‚

2478 2103 2585 2188 29.
2636 2100 2851 2188 Aliqui
2910 2098 3328 2167 Rubricarum
3373 2103 3470 2165 Ex
3525 2096 3780 2164 ositores
3817 2091 3891 2158 di-

2346 2198 2527 2274 cunt,
2578 2199 2719 2274 post
2765 2189 3021 2275 signum
3067 2186 3284 2255 crucis
3329 2206 3459 2272 quo
3559 2184 3631 2252 fit
3676 2184 3735 2249 in
3794 2179 3893 2247 flua

2352 2276 2575 2344 Gloria
2620 2280 2695 2344 in
2738 2276 3027 2359 excelsis,
3083 2275 3278 2342 credo
3326 2284 3390 2341 et
3446 2276 3750 2351 Sanctus,
3795 2286 3895 2365 maj

2347 2383 2464 2431 nus
2489 2384 2627 2431 esse
2650 2364 3029 2452 iungendas,
3067 2362 3259 2431 etiam
3290 2362 3339 2428 si
3371 2363 3533 2430 nibil
3570 2356 3891 2429 huiusmodi

2347 2453 2779 2541 praescribant
2825 2451 3161 2520 Rubricae.
3201 2452 3576 2530 Quaeritur:
3611 2452 3794 2515 Estne
3818 2463 3893 2511 so·

2345 2541 2601 2627 quenda
2650 2542 2914 2607 istorum
2962 2537 3229 2640 opinio?
3958 2606 3959 2617 ,

2473 2632 2582 2698 30.
2632 2629 2901 2698 Rubrica
2950 2628 3207 2695 missalis
3265 2627 3349 2695 de
3407 2626 3558 2696 Ritu
3617 2621 3892 2693 servando
3958 2690 3959 2705 χ

2343 2716 2408 2783 in
2455 2717 2888 2785 celebratione
2935 2719 3180 2802 Missae,
3230 2716 3358 2783 Tit.
3405 2719 3534 2799 Vll,
3596 2723 3893 2804 postquam

2342 2824 2408 2873 n.
2443 2809 2485 2873 9
2531 2806 2693 2873 dixit
2742 2806 2913 2892 quod
2964 2805 3402 2874 Subdiaconus
3447 2815 3595 2871 ante
3642 2800 3892 2870 medium
3958 2866 3959 2903 ,

2342 2893 2571 2961 Altaris
2617 2895 2937 2961 sustinere
2995 2894 3226 2962 debeat
3285 2896 3610 2980 Patenam,
3660 2904 3891 2957 numero

2338 2993 2554 3051 autem
2590 2987 2663 3051 11
2701 2982 3077 3072 praescribit
3108 2993 3177 3050 ut
3202 2982 3279 3049 ad
3310 2983 3596 3049 Sanctus
3620 2976 3890 3046 accedere

2342 3071 2572 3138 debeat
2618 3091 2763 3139 cum
2809 3071 3079 3139 Diacono
3112 3071 3191 3137 ad
3224 3070 3440 3136 Altare
3472 3071 3551 3138 ad
3586 3064 3891 3138 dicendum

2340 3161 2625 3226 Sanctus
2671 3171 2794 3227 etc.
2832 3161 2924 3226 An
2972 3160 3342 3226 tolerandus
3374 3178 3525 3225 usus
3562 3172 3772 3225 earum
3800 3155 3889 3216 Εσ-

2342 3248 2711 3405 οίοέἰιςιιιιι,
2757 3250 2821 3315 in
2876 3246 3104 3335 quibus
3159 3246 3623 3315 subdiaconus·
3648 3259 3768 3312 non
3812 3255 3890 3301 αο-

2344 3356 2419 3404 ce
2469 3336 2518 3403 it

2473 3427 2583 3492 31.
2650 3422 2767 3491 Ubi
2829 3433 3049 3491 cantus
3106 3423 3293 3492 chori
3356 3441 3485 3490 non
3550 3416 3889 3512 producitur

2340 3507 2672 3598 usque‘ad
2731 3512 3154 3579 elevationem
3212 3510 3491 3595 Hostiae,
3550 3507 3887 3600 Benedicta

2339 3604 2456 3686 qui
2486 3605 2661 3668 venit
2691 3609 2809 3667 etc.
2842 3599 3073 3667 cantari
3105 3620 3191 3666 ne
3219 3599 3415 3667 debet
3450 3610 3596 3687 post
3628 3599 3886 3664 elevatio·

2340 3707 2522 3776 nem;
2560 3709 2636 3755 an
2694 3688 3057 3755 immediate
3098 3699 3241 3775 post
3289 3686 3574 3774 primum
3622 3687 3885 3752 Humana

2341 3780 2415 3844 in
2446 3775 2764 3844 excelsis?

2471 3869 2579 3932 32.
2630 3866 2727 3931 An
2791 3870 3051 3932 Festum
3109 3863 3405 3931 Titularis
3471 3859 3885 3952 cappellarurn

2342 3953 2740 4041 publicarum
2772 3963 2836 4021 et
2859 3954 3313 4036 oratoriorum,
3343 3970 3504 4036 quae
3545 3954 3814 4019 existunt
3838 3957 3886 4006 m

2338 4041 2618 4110 Aedibus
2667 4041 3168 4130 Episcopalibus,
3219 4039 3609 4124 seminariis,
3645 4032 3888 4130 Hospita

2337 4130 2521 4214 libus,
2558 4130 2851 4198 domibus
2882 4130 3299 4216 Regularium
3331 4127 3757 4215 domibusque
3784 4137 3888 4217 pr}-

2337 4217 2518 4300 vatiS,
2568 4217 2876 4284 celebrari
2936 4219 3167 4285 debeat
3213 4217 3330 4284 sub
3392 4217 3521 4283 ritu
3568 4216 3752 4304 dupl.
3784 4224 3888 4297 pr!-

2335 4324 2474 4372 mae
2522 4306 2734 4373 classis
2781 4325 2927 4373 cum
2983 4306 3175 4372 Credo
3224 4315 3289 4373 et
3337 4303 3603 4372 octava?
3766 4334 3777 4345 ·

2468 4398 2574 4462 33.
2628 4394 2691 4461 Si
2737 4395 2924 4461 alicui
2974 4395 3296 4461 Ecclesiae
3342 4403 3745 4461 consecratae
3771 4381 3887 4454 nul·

2340 4485 2437 4550 lus
2483 4482 2708 4551 clerus
2753 4482 2833 4548 sit
2864 4482 3177 4567 addictuS,
3204 4482 3401 4549 debet
3446 4500 3527 4546 ne
3574 4492 3681 4548 aut
3710 4477 3889 4566 potest

2336 4571 2560 4639 clerus
2606 4571 2927 4637 Ecclesiae
2976 4570 3377 4659 parochialis,
3428 4568 3592 4636 intra
3639 4568 3804 4662 cuius
3831 4557 3885 4625 fi·

2338 4678 2450 4727 ues
2498 4658 2776 4726 Ecclesia
2837 4658 2947 4725 illa
3009 4658 3247 4741 existit,
3310 4657 3576 4725 recitare
3635 4655 3886 4744 Officium

2340 4748 2709 4833 Missamque
2756 4748 3086 4813 celebrare
3134 4746 3196 4811 in
3240 4745 3692 4812 Anniversario
3732 4735 3884 4810 Ded!-

2337 4836 2597 4903 cationis
2644 4834 2969 4901 Ecclesiae
3017 4853 3162 4901 cum
3211 4831 3477 4902 octava?

2469 4928 2572 4991 34.
2624 4928 2692 4991 ln
2739 4922 3245 5007 cathedralibus,
3294 4921 3662 5008 collegiatis
3708 4929 3766 4986 et
3796 4931 3881 5004 pa·

2338 5011 2719 5080 rochialibus
2767 5014 3067 5078 Ecclesiis
3124 5013 3294 5078 crux
3358 5010 3613 5093 Altaris,
3664 5005 3726 5076 in
3780 5017 3882 5089 <11¹0

2340 5102 2516 5167 Missa
2563 5101 3014 5168 conventualis
3059 5100 3163 5167 vel
3209 5097 3585 5165 Parocbialis
3634 5095 3881 5188 celebra·

2342 5200 2471 5273 tur,
2521 5190 2652 5277 tegi
2698 5208 2780 5255 ne
2826 5189 3023 5258 debet
3070 5188 3199 5274 ipsa
3246 5186 3564 5255 Dominica
3613 5182 3876 5252 Passionis
