4042 5950
1585 218 2054 298 -249-

183 374 429 475 possint
472 394 543 441 ac
588 374 866 443 debeant
911 374 1089 444 indui
1142 374 1523 464 paramentis
1566 375 1758 442 sacris

185 483 251 530 in
284 464 510 530 eadem
556 482 800 547 mensa,
833 463 899 532 in
929 483 1051 549 qna
1080 465 1333 532 Planeta
1360 464 1464 530 vel
1496 462 1760 551 pluviali

181 570 252 618 se
300 551 513 619 induit
556 552 923 638 celebrans,
967 552 1156 619 etiam
1190 551 1243 618 si
1289 551 1390 620 hic
1436 551 1518 619 sit
1561 554 1758 619 Cano·

181 639 366 707 nicus
411 650 477 707 et
521 639 822 728 Dignitas.

315 732 395 794 Et
442 731 623 797 Sacra
666 727 925 795 Rituum
971 727 1417 816 congregatio,
1465 727 1541 794 ad
1590 724 1758 796 Vati-

181 834 413 883 canum
481 815 824 884 coadunata
900 815 965 883 in
1031 816 1374 883 Ordinariis
1433 815 1753 900 ComitiiS,

180 904 259 970 ad
329 904 709 971 relationem
772 902 1153 992 infrascripti
1224 903 1591 988 secretarii,
1653 922 1755 970 re-

177 991 632 1079 spondendum
678 992 970 1059 censuit:
1028 1014 1068 1058 ‹
1101 991 1487 1060 Affirmative
1519 1012 1584 1058 ».
1642 992 1754 1059 Die

184 1083 264 1148 16
312 1079 517 1147 Martii
568 1083 756 1147 1833.
1240 1100 1244 1105 ·

174 1222 440 1293 2⁷04.
770 1222 1163 1289 vsaoNsN.
1526 1219 1750 1308 (4707)

309 1343 922 1413 vice-cancellarius
966 1344 1342 1431 episcopalis
1372 1343 1599 1412 Curiae
1631 1347 1756 1411 Ve-

173 1452 406 1501 ronen.
457 1451 656 1534 quum
716 1431 782 1499 in
834 1433 997 1500 votis
1055 1431 1281 1499 habeat
1333 1443 1405 1500 ut
1454 1432 1517 1499 in
1562 1432 1754 1500 sacris

172 1521 611 1590 functionibus
671 1519 877 1587 omnia
945 1520 1119 1588 iuxta
1178 1519 1468 1593 ordinem
1530 1538 1756 1607 proce-

169 1611 358 1694 dant,
385 1613 608 1677 Sacrae
628 1607 886 1676 Rituum
909 1608 1399 1697 congregationi
1421 1608 1755 1696 sequentia

169 1698 372 1765 dubia
420 1697 747 1765 enodanda
792 1697 1161 1784 proposuit3
1210 1694 1551 1765 nimirum:

315 1790 375 1853 1.
426 1787 593 1852 Num
660 1796 798 1851 tuto
864 1785 1046 1871 sequi
1100 1784 1301 1851 valeat
1366 1786 1608 1874 Regula
1651 1784 1754 1852 Ri-

172 1873 365 1941 tualis
409 1871 791 1956 Parisiensis,
837 1872 927 1939 sic
975 1889 1309 1961 expressa:
1359 1874 1450 1957 Si,
1498 1872 1751 1959 quando

168 1961 555 2030 communio
599 1961 802 2029 danda
847 1970 966 2043 est,
1025 1960 1319 2029 inventus
1371 1980 1498 2029 non
1559 1960 1752 2028 fuerit

165 2049 498 2118 sufficiens
541 2066 845 2116 numerus
889 2048 1267 2133 Hostiarum,
1306 2058 1612 2136 poterunt
1642 2049 1753 2117 ali-

167 2150 332 2227 quot
399 2136 642 2205 hostiae
706 2135 907 2204 dividi
969 2135 1036 2202 in
1101 2137 1323 2223 plures
1383 2137 1747 2222 Particulas,

166 2245 338 2314 qnae
394 2224 664 2312 singulis
730 2222 1242 2293 distribuantur?
1309 2237 1373 2293 et
1438 2235 1751 2312 quatenus

167 2334 300 2383 non
346 2313 427 2380 sit
471 2312 822 2399 sequenda,
879 2330 1032 2379 num
1090 2313 1467 2398 quibusdam
1527 2314 1749 2380 saltem

167 2404 238 2470 in
283 2399 772 2469 circumstantiis
816 2399 1152 2488 temporis,
1190 2402 1475 2469 locorum
1509 2412 1574 2469 et
1603 2420 1749 2490 per-

164 2506 497 2574 sonarum,
544 2489 727 2574 sequi
773 2484 1014 2577 possit?

301 2583 368 2645 2.
418 2579 585 2644 Num
651 2577 777 2644 illis
838 2576 903 2644 in
951 2576 1103 2644 locis
1161 2577 1226 2644 in
1272 2578 1504 2666 quibus
1550 2576 1749 2644 noctis

165 2682 490 2756 tempore,
528 2665 859 2732 recondito
891 2665 1291 2732 Sanctissimo
1323 2665 1749 2734 Eucharistiae

165 2761 604 2836 Sacramento,
635 2752 841 2821 Oratio
864 2752 1285 2839 Quadraginta
1315 2758 1622 2821 Horarum
1657 2754 1749 2821 in·

166 2841 618 2929 terrumpitur,
665 2843 895 2909 lucrari
941 2841 1183 2929 possint
1227 2841 1668 2928 Indulgentiae
1714 2863 1747 2908 a

163 2942 465 3018 tempore
519 2950 646 3018 quo
700 2929 1024 2998 Ecclesiae
1084 2929 1266 2998 ianua
1322 2929 1608 3019 aperitur
1666 2929 1743 2998 ad

165 3031 454 3106 tempus,
500 3039 630 3106 quo
674 3019 822 3085 velo
870 3029 1143 3102 remoto,
1192 3038 1339 3086 cum
1386 3019 1646 3108 Hymnis
1678 3029 1745 3086 et

163 3107 427 3177 canticis
490 3117 833 3174 convocato
885 3106 1126 3208 populo
1187 3106 1477 3176 fidelium
1530 3108 1746 3176 adora-

162 3196 325 3263 tioni
371 3194 590 3264 denuo
630 3191 1065 3284 propomtur’?
1116 3205 1183 3262 et
1227 3206 1538 3281 quatenus
1583 3195 1745 3262 affir-

161 3283 427 3368 mative,
475 3287 703 3352 Utrum
750 3282 939 3349 etiam
970 3283 1205 3349 Altaria
1236 3285 1406 3352 dicto
1438 3295 1571 3350 tem
1621 3284 1747 3349 oris

162 3374 504 3440 intervallo
553 3372 798 3443 censeri
845 3371 1121 3438 debeant
1161 3369 1176 3386 '
1211 3370 1564 3458 rivilegiata

297 3464 368 3528 3.
414 3464 579 3529 Num
642 3471 899 3546 tempus
968 3477 1086 3547 pro
1181 3462 1476 3529 uorandis
1527 3459 1744 3528 Indul-

158 3548 400 3637 gentiis
446 3549 911 3637 designandum
945 3550 1026 3614 sit
1056 3567 1091 3613 a
1121 3557 1443 3636 tempore,
1478 3567 1605 3635 quo
1637 3566 1742 3613 an-

157 3638 270 3705 tici
355 3638 409 3703 ri
469 3647 681 3727 potest
724 3635 1009 3704 Matutini
1060 3636 1344 3704 recitatio
1389 3638 1467 3705 ad
1514 3653 1743 3722 crepu-

156 3745 272 3793 scn
303 3747 337 3792 a
381 3726 656 3794 serotina
704 3725 834 3794 diei
878 3722 1256 3810 sequentis?

299 3818 363 3881 ὁ.
417 3819 582 3882 Νιιιιι
629 3815 816 3882 liceat
867 3812 962 3879 uti
1014 3812 1231 3878 colore
1275 3813 1438 3881 flavo
1467 3814 1573 3881 vel
1606 3831 1743 3879 cae-

159 3904 345 3971 ruleo
390 3904 457 3970 in
502 3903 819 3971 Sacrificio
864 3901 1107 3985 nissae,
1148 3909 1213 3967 et
1243 3902 1309 3970 in
1339 3900 1740 3990 expositione

157 3991 546 4062 Sanctissimi
593 3986 1036 4059 sacramenti?

290 4085 361 4148 tt.
409 4082 573 4149 Num
641 4077 948 4147 Sacerdos
1010 4076 1075 4142 in
1141 4079 1320 4145 Missa
1365 4078 1604 4167 privata
1648 4097 1741 4144 sa-

158 4168 282 4236 cris
322 4169 584 4236 indutus
615 4166 996 4257 paramentis
1024 4167 1221 4251 possit
1253 4167 1498 4233 cineres
1529 4165 1741 4233 distri-

157 4258 362 4324 buere
412 4268 476 4324 et
522 4260 893 4325 Sanctorum
932 4254 1251 4340 Reliquias
1283 4253 1738 4321 deosculandas

156 4346 498 4436 praebere,
547 4345 640 4413 uti
688 4363 826 4411 mos
883 4353 980 4410 est
1031 4343 1095 4411 in
1140 4342 1494 4412 Veronensi
1556 4342 1738 4408 Dioe-

157 4434 312 4520 cesi,
347 4434 608 4522 expleta
657 4428 881 4498 Missa?
924 4442 988 4497 et
1032 4451 1186 4498 num
1242 4432 1436 4520 possit
1484 4429 1738 4497 sibimet

158 4523 409 4592 cineres
453 4523 632 4622 prius
687 4521 1024 4607 imponere
1082 4520 1462 4608 genuflexus
1524 4536 1736 4586 coram

156 4612 373 4678 Altare
418 4609 579 4678 nihil
623 4603 895 4677 dicens?

244 4702 312 4765 6.
346 4701 579 4765 Utrum
622 4696 689 4763 in
732 4696 1194 4765 communione
1231 4693 1524 4763 fidelium
1557 4705 1734 4763 extra

154 4788 437 4871 Missam,
487 4784 795 4854 Sacerdos
852 4796 1192 4870 antequam
1254 4784 1494 4872 populo
1539 4783 1735 4850 bene-

153 4875 359 4957 dicat,
409 4872 679 4941 osculari
738 4872 968 4941 debeat
1013 4872 1259 4958 Altare,
1307 4882 1379 4939 ut
1426 4871 1733 4960 praecipit

151 4963 520 5031 pontificale
585 4965 938 5029 Romanum
1005 4961 1089 5029 de
1157 4959 1575 5041 Visitati0n03
1654 4979 1733 5026 an

152 5071 308 5137 non,
341 5059 417 5119 ut
446 5050 696 5119 Rituale
740 5054 1094 5117 Romanum
1127 5050 1393 5116 innuere
1426 5045 1736 5117 videtur?

283 5144 366 5207 Et
412 5141 594 5207 Sacra
639 5140 898 5206 Ritnum
943 5137 1395 5226 congregatio,
1444 5137 1510 5202 in
1551 5136 1731 5204 Ordi-

153 5228 339 5295 nariis
385 5226 671 5296 comitiis
715 5227 790 5294 ad
839 5225 1205 5296 Vaticanum
1257 5225 1565 5293 hodierna
1626 5225 1732 5293 die

154 5316 522 5402 coadunata,
569 5314 782 5384 audita
827 5315 1137 5382 relatione
1195 5314 1272 5382 ab
1333 5312 1730 5401 infrascripto

1860 375 2209 443 Secretario
2255 376 2413 444 facta
2458 386 2526 443 et
2576 374 2868 445 omnibus
2926 376 3260 465 perpensis
3305 395 3434 445 ma·

1857 473 2004 532 turo
2051 462 2367 550 examine,
2415 464 2898 533 rescribendum
2944 465 3235 533 censuit:

1986 551 2083 619 Ad
2137 558 2199 620 1.
2248 574 2287 617 ‹
2320 554 2628 621 Servetur
2670 552 3068 621 consuetudo
3099 551 3432 622 dividendi

1858 651 2248 707 consecratas
2293 640 2658 725 Particulas,
2700 641 2754 708 si
2798 640 2961 709 adsit
2989 642 3332 709 necessitas
3363 663 3426 709 ».

1989 728 2085 795 Ad
2132 733 2200 796 2.
2234 739 2301 795 et
2334 732 2397 798 3.
2443 749 2481 794 ‹
2512 732 2819 796 Recurrat
2862 729 2938 798 ad
2989 732 3238 797 Sacram
3268 733 3432 798 Con·

1857 815 2294 902 gregationem
2339 817 2885 903 indulgentiarum
2917 840 2981 886 ».

1986 903 2085 971 Ad
2134 909 2200 972 4.
2248 926 2287 969 ι
2316 905 2619 993 Negative
2649 926 2717 971 ».

1988 993 2085 1060 Ad
2133 996 2196 1060 25.
2247 1013 2285 1058 ‹
2317 992 2742 1078 Affirmative,
2818 994 2895 1062 ad
2955 994 3223 1083 primam
3288 1012 3431 1082 par-

1857 1089 2040 1159 tem;
2087 1079 2416 1169 Negative,
2465 1082 2542 1149 ad
2589 1082 2934 1149 secundam
2966 1104 3030 1149 ».
3084 1137 3092 1145 .

1989 1168 2085 1236 Ad
2135 1174 2199 1235 6.
2250 1189 2288 1234 ‹
2322 1170 2627 1238 Servetur
2662 1167 2989 1258 dispositio
3019 1169 3278 1238 Ritualis
3307 1173 3428 1237 Ro-

1857 1256 2023 1324 mani
2070 1256 2226 1324 nihil
2275 1256 2760 1346 praescribentis
2795 1278 2856 1325 ».

1986 1346 2199 1431 Atque
2229 1343 2312 1411 ita
2347 1345 2678 1432 respondit
2706 1366 2776 1413 ac
2806 1345 3044 1413 servari
3078 1345 3422 1414 mandavit.

1856 1432 1971 1500 Die
2005 1436 2087 1500 16
2115 1433 2317 1500 Martii
2355 1436 2548 1502 1833.

1858 1574 2115 1643 2705.
2352 1576 2943 1644 GLAROMONTEN.

1986 1700 2190 1777 Quum
2230 1698 2515 1766 diversae
2548 1697 2876 1786 opiniones
2905 1697 3428 1766 circumferantur

1856 1787 1922 1853 in
1967 1785 2247 1853 Concilio
2291 1787 2794 1855 Claromontensi
2839 1786 3004 1854 circa
3049 1785 3204 1852 baec
3235 1785 3429 1852 verba

1854 1872 2231 1942 Pontificalis
2284 1875 2591 1943 Romania
2654 1876 2928 1943 Minores
2988 1871 3250 1941 Ordines
3288 1892 3428 1960 pos·

1853 1970 2009 2028 sunt
2054 1964 2340 2047 conferri
2398 1966 2471 2031 in
2524 1964 2881 2029 Dominicis
2941 1972 3002 2029 et
3047 1964 3253 2030 Fastis
3310 1963 3428 2029 du·

1852 2050 2132 2135 plicibus
2156 2071 2179 2114 .·
2242 2050 2398 2117 dum
2456 2050 2559 2119 alii
2623 2051 3017 2119 contendunt
3072 2068 3192 2138 per
3250 2054 3431 2117 Festa

1857 2137 2135 2225 duplicia
2182 2157 2251 2204 ea
2296 2147 2540 2206 tantum
2586 2136 2887 2226 intelligi,
2930 2156 3093 2225 quae
3122 2159 3156 2204 a
3186 2138 3429 2225 populo

1854 2227 2186 2310 feriantur,
2211 2225 2318 2293 alii
2346 2235 2559 2294 autem
2581 2226 2893 2293 sustinent
2923 2225 3195 2314 intelligi
3220 2225 3429 2293 omnia

1855 2312 2157 2401 duplicia,
2183 2314 2319 2381 sive
2363 2333 2396 2380 a
2528 2315 2681 2416 pulo
2726 2312 3056 2397 feriantur,
3089 2314 3226 2380 sive
3271 2332 3422 2397 non,

1854 2411 2206 2469 asserentes
2243 2420 2373 2469 non
2467 2401 2943 2492 istinguendum
2988 2400 3098 2470 nbi
3143 2402 3249 2468 lex
3295 2418 3425 2468 non

1854 2489 2232 2577 distinguit:
2292 2488 2371 2556 ad
2425 2500 2661 2558 certam
2721 2488 2787 2558 in
2845 2507 2919 2556 re
2978 2490 3194 2576 legem
3238 2487 3431 2555 stabi-'

1853 2577 2158 2662 liendam,
2208 2581 2430 2646 Sacrae
2475 2578 2733 2647 Ritnum
2779 2576 3269 2665 congregationi
3315 2576 3427 2643 hu·
3478 2632 3483 2641 .

1855 2664 2159 2733 millimae
2205 2665 2385 2733 datae
2429 2676 2577 2734 sunt
2624 2685 2876 2756 preces,
2923 2677 2996 2734 ut
3055 2682 3233 2733 suam
3283 2681 3425 2731 sen-

1856 2752 2117 2820 tentiam
2164 2753 2423 2821 edicere
2468 2755 2866 2843 dignaretur.

1981 2844 2063 2908 Et
2108 2844 2291 2909 Sacra
2333 2841 2593 2910 Rituum
2639 2840 3086 2930 congregatio,
3133 2841 3212 2910 ad
3254 2839 3425 2909 Vati-

1851 2946 2077 2997 canum
2131 2930 2249 2998 sub
2293 2927 2531 3018 signata
2584 2930 2690 2998 die
2736 2929 2803 2998 in
2846 2929 3175 2999 ordinario
3221 2932 3425 2999 coetu

1852 3018 2196 3086 coadunata
2217 3066 2235 3103 ,
2298 3019 2376 3085 ad
2435 3017 2810 3087 relationem
2878 3018 3259 3106 infrascripti
3314 3020 3425 3086 Se·

1850 3105 2129 3190 cretarii,
2177 3125 2281 3172 res
2330 3106 2702 3174 cudendum
2748 3106 3033 3174 censuit:
3081 3126 3119 3171 (
3153 3106 3425 3175 Minores

1844 3193 2113 3263 Ordines
2158 3213 2277 3261 con
2306 3195 2430 3261 erri
2477 3204 2739 3283 possunt
2782 3193 2848 3260 in
2892 3193 3093 3262 Festis
3121 3193 3206 3260 de
3238 3211 3425 3280 prae-

1850 3293 2064 3371 cepto,
2111 3283 2218 3349 vel
2267 3283 2330 3350 in
2374 3282 2576 3349 Festis
2620 3281 2980 3368 duplicibus
3034 3299 3196 3368 qnae
3243 3289 3423 3347 erant

1847 3371 1930 3438 de
1990 3381 2329 3473 praecepto
2388 3380 2532 3438 ante
2595 3369 3038 3438 reductionem
3068 3390 3135 3436 ».
3180 3368 3293 3436 Die
3342 3370 3423 3435 16

1850 3458 2049 3526 Martii
2099 3462 2289 3527 1833.

1849 3602 2106 3671 2706.
2374 3603 2902 3670 nEmoLANEN.
3192 3602 3415 3689 (4709)
3447 3587 3455 3594 ’

1960 3724 2548 3793 Reverendissimus
2569 3725 2821 3793 Praesul
2848 3725 3213 3794 Franciscus
3237 3724 3422 3792 Maria

1842 3814 2066 3903 Zoppi,
2101 3814 2234 3901 qui,
2271 3814 2674 3882 sanctissimo
2705 3825 3050 3899 annuente,
3085 3812 3423 3902 Episcopa-

1848 3915 1980 3969 tum
2016 3906 2393 3970 Massensem
2425 3902 2688 3988 dimisit,
2716 3902 2780 3968 in
2812 3922 2889 3969 eo
2919 3911 3115 3970 estut
3143 3902 3423 3989 potiatur

1840 3991 2221 4059 Canonicatu
2266 3990 2613 4077 superioris
2654 3988 2902 4058 Ordinis
2946 3989 3011 4056 in
3054 3989 3420 4077 Metropoli·

1845 4089 1984 4147 tana
2045 4077 2465 4147 mediolanen.
2524 4077 2841 4162 Ecclesia,
2907 4088 2970 4145 et
3033 4096 3114 4144 ne
3175 4076 3241 4143 in
3299 4077 3420 4144 hoc

1841 4186 2007 4234 novo
2077 4185 2348 4233 munere
2415 4165 2652 4252 aliquid
2710 4165 3000 4232 detrahat
3061 4163 3420 4253 Episcopali

1841 4254 2137 4341 Dignitati
2184 4273 2255 4321 ac
2301 4253 2590 4320 vanitatis
2631 4263 2845 4320 notam
2890 4253 3162 4336 devitet,
3195 4254 3419 4319 Sacrae

1839 4345 2103 4411 Rituum
2147 4345 2278 4410 Gon
2325 4341 2633 4427 regationi
2679 4341 3008 4427 sequentia
3053 4340 3246 4409 dubia
3300 4359 3457 4429 pro-

1840 4440 2196 4521 opportuna
2223 4429 2287 4497 di
2318 4429 2677 4498 ucidatione
2700 4428 3057 4518 proposuit,
3086 4428 3411 4496 nimirum:

1976 4524 2041 4587 1.
2065 4521 2379 4598 Quaenam
2403 4518 2627 4602 Sedes,
2649 4519 2847 4604 vulgo
2869 4517 3087 4600 stallo,
3111 4517 3227 4585 sibi
3250 4536 3419 4585 com·

1839 4616 2013 4695 petat
2059 4606 2124 4673 in
2169 4608 2403 4691 Choro,
2435 4607 2500 4673 in
2531 4625 2937 4706 quocumque
2968 4604 3241 4695 Capituli
3276 4625 3419 4673 con-

1842 4713 2064 4783 gressu
2112 4703 2178 4761 et
2224 4695 2478 4782 quando
2522 4692 2640 4760 sibi
2687 4712 2830 4761 cum
2865 4695 3094 4762 eodem
3126 4691 3416 4782 capitulo

1842 4780 2102 4872 publice
2146 4784 2633 4869 procedendum
2681 4780 2830 4850 est‘?

1970 4874 2035 4937 2.
2083 4871 2430 4948 Quemnam
2476 4870 2760 4937 habitum
2791 4887 3022 4957 gerere
3068 4870 3132 4937 in
3177 4870 3412 4956 Choro,

1837 4976 2179 5047 quemnam
2224 4958 2290 5025 in
2336 4958 2610 5046 publicis
2656 4957 3220 5047 supplicationibus
3251 4959 3415 5026 aliis·

1837 5066 1967 5134 que
1988 5048 2178 5114 sacris
2203 5044 2653 5130 functionibus,
2680 5065 3024 5131 quemnam
3047 5057 3227 5114 extra
3250 5048 3413 5115 Cho-

1837 5153 1983 5202 rum
2015 5153 2214 5221 quum
2248 5134 2553 5222 privatam
2584 5153 2923 5221 personam
2971 5136 3099 5223 agit
3120 5133 3154 5202 ⁶?

1967 5228 2032 5292 3.
2081 5227 2179 5290 An
2223 5232 2518 5290 teneatur
2564 5222 2627 5288 in
2670 5241 2782 5289 sua
2825 5223 3226 5293 hebdomada
3272 5224 3415 5292 His-

1835 5331 1966 5381 sam
2012 5322 2078 5380 et
2124 5314 2431 5403 vesperas
2477 5329 2707 5381 canere
2742 5331 2858 5381 seu
2888 5312 3219 5381 celebrare
3261 5313 3410 5381 alia·

3198 1574 3424 1663 (4708)
