4042 5950
1554 289 2025 369 —467-

89 460 254 526 pus
308 444 572 535 Domini
628 446 856 511 Nostri
916 447 1055 512 Iesu
1106 444 1349 513 Christi
1407 447 1732 514 custodiat

100 539 176 597 te
235 534 320 597 in
369 535 577 599 vitam
608 541 961 599 aeternam.
1000 535 1221 601 Amen.
1267 535 1475 614 Quum
1512 544 1724 603 autem

99 616 275 703 ipse
323 638 558 706 anceps
611 620 868 686 haereat
1010 639 1111 687 am
1171 622 1511 689 formulam
1557 622 1729 691 adbi-

99 704 297 771 bere
346 707 576 774 debeat
622 726 769 774 cum
816 708 947 776 fide
976 708 1116 776 ibus
1160 729 1396 778 sacram
1430 711 1727 799 synaxim

100 792 561 879 administrat,
611 813 765 862 num
810 795 984 862 illam
1032 817 1193 882 quae
1259 799 1321 864 in
1377 797 1722 865 Pontificali

101 880 488 966 invenitur,
537 892 645 949 aut
692 882 865 950 illam
902 903 1067 969 quae
1115 894 1288 952 extat
1335 885 1399 952 in
1445 885 1720 964 Rituali3

98 980 184 1034 et
215 988 427 1056 quum
451 990 647 1059 super
670 972 789 1038 hoc
813 970 970 1039 nihil
1006 972 1224 1040 innuat
1245 973 1723 1040 Caeremoniale

97 1058 643 1146 Episcoporum;
705 1080 740 1125 a
795 1063 977 1127 Sacra
1043 1060 1305 1129 Rituum
1363 1065 1613 1146 congre
1660 1083 1723 1128 a·

101 1145 314 1213 tione
357 1145 692 1213 humiliter
736 1148 1080 1233 exquisivit
1126 1159 1198 1215 ut
1243 1149 1570 1236 proposito
1651 1169 1720 1216 u·

102 1232 231 1300 bio
283 1232 646 1302 satisfacere
692 1233 1089 1322 dignaretur.

261 1325 343 1389 Et
388 1324 571 1389 Sacra
638 1323 864 1390 eadem
911 1323 1367 1413 congregatio,
1419 1324 1493 1391 ad
1558 1325 1720 1391 rela-

102 1408 375 1475 tionem
419 1409 754 1497 subscripti
802 1412 1142 1479 secretarii
1192 1413 1718 1500 respondendum

101 1495 429 1564 censuitt
500 1519 539 1563 ι
579 1500 874 1566 Formula
949 1499 1328 1568 Pontificalis
1401 1502 1716 1568 utendum

101 1602 272 1650 esse
306 1584 369 1650 in
401 1586 865 1653 communione
898 1587 1451 1668 ordinandorum;
1488 1589 1550 1655 in
1582 1589 1716 1655 aliis

99 1682 344 1739 autem
377 1673 695 1740 utendum
727 1693 878 1741 esse
898 1675 1168 1742 formula
1199 1673 1458 1743 Ritualis
1492 1700 1553 1744 υ.
1604 1682 1709 1744 At-

99 1779 254 1846 que
305 1760 384 1826 ita
430 1762 755 1850 rescripsit
802 1774 870 1828 et
915 1763 1153 1830 servari
1201 1764 1547 1832 mandavit.

256 1848 371 1916 Die
417 1853 500 1916 26
547 1850 943 1937 Septembris
987 1854 1183 1920 1868.

100 2028 372 2097 3187.
442 2030 912 2099 vchmA'rns
954 2032 1399 2100 APOSTOLIGI
1482 2032 1708 2119 (5414)

579 2138 679 2202 DE
727 2139 1254 2205 MARYSVILLE.

251 2294 450 2359 Rflius
518 2295 595 2360 D.
643 2292 980 2362 Eduardus
1045 2296 1362 2364 O'Connel
1426 2296 1763 2364 vicarius·

100 2379 528 2469 Apostolicus
573 2381 658 2447 de
701 2383 1060 2468 Harysville
1114 2404 1147 2448 a
1203 2385 1386 2452 Sacra
1447 2383 1707 2452 Rituum

101 2467 632 2555 congregatione
664 2487 745 2534 ex
796 2470 1119 2557 ostulavit,
1145 2492 1222 2538 an
1248 2471 1532 2560 permitti
1566 2491 1706 2559 pos-

97 2558 191 2623 sit
241 2555 320 2622 ad
368 2554 699 2643 spirituale
792 2556 1038 2627 delium
1087 2560 1600 2627 emolumentum
1634 2571 1706 2628 ut

102 2645 172 2712 in
222 2642 528 2710 Ecclesiis
574 2653 642 2709 et
684 2643 957 2729 publicis
1010 2647 1307 2716 oratoriis
1360 2647 1707 2716 Vicariatus

154 2730 427 2798 raedicti
500 2730 754 2817 elargiri
822 2734 1030 2801 valeat
1100 2735 1464 2802 benedictio
1525 2736 1700 2804 SSflii

234 2819 499 2885 ramenti
568 2819 849 2888 secunda
910 2833 976 2889 et
1041 2821 1229 2890 etiam
1298 2823 1481 2890 tertia
1550 2822 1702 2889 bora

101 2920 261 2998 post
304 2906 455 2975 solis
505 2906 854 2976 occasum?

245 2995 621 3063 Huiusmodi
676 3015 831 3064 vero
892 2999 1179 3066 instantia
1242 3000 1310 3066 in
1367 3003 1549 3068 Sacra
1597 3000 1699 3067 Ri-

102 3096 300 3152 tuum
345 3083 852 3173 congregatione
885 3107 916 3152 a
948 3087 1307 3177 subscripto
1345 3087 1698 3158 secretario

103 3174 337 3256 relata,
363 3175 544 3240 Sacra
576 3170 708 3259 ipsa
729 3174 1151 3263 Congregatio
1187 3175 1538 3242 rescribere
1571 3188 1701 3243 rata

103 3271 246 3360 est?
280 3263 653 3360 «Servetur
698 3264 1093 3330 consuetudo
1118 3285 1179 3329 ν.
1229 3266 1438 3348 Atque
1485 3263 1566 3330 ita
1599 3284 1698 3331 re·

105 3359 406 3435 scripsit..

244 3437 357 3503 Die
405 3441 488 3504 26
535 3437 933 3524 Septembris
974 3441 1170 3506 1868.

104 3579 362 3648 3188.
688 3581 1116 3647 nocemus.
1467 3579 1689 3668 (stis)

55 3756 68 3763 -
242 3703 436 3766 Rfiius
467 3700 779 3767 Antonius
801 3700 985 3767 Maria
1015 3701 1310 3768 Pettinari
1345 3702 1698 3789 Episcopus

105 3787 504 3872 Nucerinus,
565 3789 817 3874 quando
877 3788 1107 3857 assistit
1159 3792 1378 3857 Missae
1425 3791 1694 3857 solemni

106 3894 256 3944 cum
318 3888 506 3942 cantu
566 3875 968 3961 celebratae,
1038 3877 1172 3945 sive
1233 3878 1495 3966 pluviali
1557 3877 1693 3946 sive

107 3982 304 4065 cappa
353 3963 633 4049 indutus,
684 3983 917 4052 anceps
972 3965 1196 4033 haeret
1246 3986 1324 4034 an
1380 3966 1689 4056 pileolum

105 4064 321 4120 statim
387 4063 534 4140 post
594 4052 1132 4119 consecrationem
1195 4054 1393 4140 possit
1448 4073 1690 4121 reassu-

108 4159 315 4207 mere.
342 4140 897 4208 caeremoniarum
939 4140 1230 4229 Magister
1261 4142 1370 4229 qui
1404 4141 1461 4207 ei
1496 4142 1693 4208 inser-

108 4228 202 4295 vit
229 4246 476 4295 morem
509 4227 679 4295 bunc
724 4229 1050 4317 sequitur;
1101 4241 1375 4297 attamen
1407 4248 1553 4297 cum
1584 4230 1688 4297 alii

110 4318 425 4384 diversam
473 4326 729 4384 teneant
784 4316 1179 4404 opinionem,
1230 4330 1300 4385 ut
1345 4318 1411 4384 in
1456 4317 1571 4384 bac
1618 4336 1689 4383 re

109 4422 554 4492 quaecumque
609 4416 816 4470 cesset
860 4404 1202 4491 dubitatio,
1265 4427 1297 4471 a
1358 4408 1541 4473 sacra
1586 4406 1689 4474 Ri-

113 4504 292 4558 tuum
356 4492 867 4579 congregatione
940 4494 1273 4562 humiliter
1347 4512 1430 4561 ex
1478 4492 1691 4559 uisivit

112 4580 237 4647 utri
282 4582 566 4667 opinioni
611 4580 965 4649 adhaerere
1012 4582 1147 4668 ipse
1195 4511 1485 4650 debeatss

241 4671 422 4736 Sacra
467 4687 622 4736 vero
670 4669 897 4736 eadem
937 4670 1385 4758 congregatio,
1418 4669 1495 4738 ad
1532 4669 1689 4735 rela-

113 4756 346 4829 tionem
390 4756 698 4845 subcripti
748 4758 1112 4841 secretarii,
1161 4758 1686 4847 respondendum

114 4844 397 4913 censuit:
447 4866 486 4910 ‹
519 4849 830 4915 Servetur
873 4847 1271 4914 consuetudo
1305 4871 1368 4913 ι.

239 4932 351 5001 Die
397 4938 438 5000 6
484 4934 862 5003 Decembris·
902 4937 1092 5003 1868.

117 5075 357 5143 3189.
687 5078 1101 5144 LmeoNnN.
1462 5077 1685 5163 (5417)

119 5285 131 5297 ·
237 5196 531 5298 Nicolaus
587 5200 856 5298 Prosper
899 5201 1223 5297 Magnete,
1271 5198 1689 5298 Sacerdos-et

117 5305 179 5351 iu
228 5288 575 5355 Seminane
633 5288 1016 5373 Lingonensi
1085 5288 1304 5353 Sacrae
1363 5288 1686 5372 Liturgiae

1831 446 2222 515 solutionem
2266 448 2677 534 sequentium
2714 446 3059 515 dubiorum
3092 448 3425 517 humiliter

1837 534 2302 625 expostulavit3
2355 535 2704 603 nimirum:

1963 624 2238 690 Dubium
2286 627 2333 689 1.
2385 628 2566 690 Anno
2618 626 2785 691 1869
2843 629 3101 692 Festum
3157 630 3421 693 Annuu-

1837 709 2107 777 tiationis
2152 715 2224 778 B.
2260 715 2339 777 Μ.
2379 715 2453 779 V.
2506 710 2745 778 incidet
2808 712 2984 778 Feria
3017 715 3073 781 V
3116 712 3179 779 in
3212 717 3420 781 coena

1829 797 2105 883 Domini,
2157 812 2223 865 et
2268 799 2440 866 iuxta
2488 797 2789 867 Rubricas
2834 800 3123 868 Officium
3167 811 3234 867 et
3278 801 3418 867 Mis-

1827 905 1958 952 sam
2016 887 2460 973 reponendum
2516 896 2615 953 est
2661 886 2724 952 in
2770 888 2947 953 Feria
2994 892 3044 955 11
3093 900 3236 978 post
3295 893 3410 955 Do·

1831 975 2124 1042 minicam
2157 973 2223 1041 in
2254 973 2454 1041 Albis.
2480 974 2815 1054 Quaeritur
2839 986 3089 1043 autem:
3115 979 3214 1043 An
3234 976 3416 1042 Missa

1829 1082 1944 1150 pro
1969 1063 2209 1150 populo
2242 1060 2478 1129 debeat
2499 1061 2801 1148 applicari
2827 1063 3007 1130 Feria
3032 1067 3086 1132 V
3117 1066 3178 1131 in
3204 1067 3413 1132 Coena

1825 1150 2118 1235 Domini3
2168 1150 2275 1216 vel
2324 1169 2359 1216 e
2406 1162 2625 1216 contra
2685 1150 2862 1216 Feria
2908 1153 2958 1217 11
3090 1162 3149 1218 st
3202 1152 3412 1219 Domi-

1826 1236 2031 1304 nicam
2079 1238 2142 1304 in
2193 1234 2417 1304 Albis?
2473 1237 2650 1305 Ratio
2712 1235 2976 1305 dubitan
3025 1237 3046 1305 i
3093 1250 3214 1323 est,
3264 1238 3411 1325 quia

1825 1324 1888 1392 in
1957 1325 2150 1392 Gallia
2218 1344 2338 1411 per
2404 1325 2856 1393 concordatum
2924 1325 3052 1392 diei
3119 1330 3161 1395 9
3227 1325 3411 1413 Apri—

1824 1414 1901 1480 lis
1939 1416 2108 1483 1802
2147 1413 2393 1480 sublata
2439 1422 2535 1478 est
2581 1413 2882 1498 obligatio
2929 1413 3285 1481 abstinendi
3332 1414 3410 1480 ab

1822 1500 2123 1588 operibus
2168 1500 2510 1567 servilibus
2565 1512 2630 1566 et
2684 1503 2945 1567 Sacrum
2989 1500 3291 1571 audiendi
3344 1500 3409 1567 in

1824 1594 2007 1657 Festo
2057 1587 2593 1657 Annuntiationis.
3024 1615 3033 1626 ·

1951 1676 2226 1744 Dubium
2272 1681 2346 1744 11.
2399 1677 2646 1743 Eodem
2703 1694 2867 1744 anno
2920 1680 3086 1747 1869
3145 1681 3406 1744 Festum

1820 1769 1888 1834 S.
1939 1765 2123 1832 Marci
2170 1774 2466 1832 occurret
2512 1763 2831 1831 Dominica
2864 1768 2943 1832 tv
2975 1775 3119 1853 post
3149 1764 3405 1832 Pascha.

1819 1857 2011 1921 Porro
2056 1853 2386 1938 quaeritur
2440 1855 2538 1918 An
2598 1852 2775 1918 Missa
2835 1851 3255 1920 processionis
3304 1871 3405 1918 ce·

1818 1943 2125 2010 lebranda
2170 1941 2252 2008 sit
2296 1949 2366 2007 ut
2408 1940 2469 2005 in
2501 1940 2730 2007 Missali
2774 1939 3229 2025 praescribitur
3260 1949 3404 2028 post

1816 2030 2204 2096 Dominicam
2244 2032 2296 2096 V
2344 2029 2407 2094 in
2454 2029 2669 2094 colore
2718 2026 3026 2112 violaceo,
3073 2027 3213 2094 sine
3263 2028 3403 2094 Glo-

1815 2121 1923 2184 ria
1971 2127 2037 2183 et
2082 2118 2219 2183 sine
2272 2117 2466 2183 Credo
2513 2135 2659 2182 cum
2707 2124 2895 2182 cantu
2942 2115 3174 2200 feriali,
3209 2115 3400 2182 etiam

1814 2205 1880 2272 in
1909 2204 2209 2273 Ecclesiis
2240 2205 2305 2271 in
2334 2203 2564 2291 quibus
2597 2202 2961 2270 celebratur
2992 2202 3176 2271 unica
3222 2201 3400 2269 Missa

1813 2291 2290 2362 processionis?

1943 2385 2128 2450 Sacra
2176 2400 2331 2448 vero
2379 2380 2603 2447 eadem
2653 2377 3075 2467 congregatio
3123 2389 3264 2467 post
3295 2399 3397 2446 ac·

1812 2480 2103 2538 curatum
2152 2469 2527 2536 eorumdem
2576 2465 2921 2534 dubiorum
2982 2483 3251 2533 examen
3297 2486 3399 2534 re-

1810 2557 2095 2625 scribere
2140 2566 2271 2623 rata
2318 2566 2462 2623 est:

1939 2644 2038 2713 Ad
2084 2650 2132 2712 1.
2173 2664 2212 2711 ι
2238 2643 2659 2726 Affirmative,
2694 2643 2773 2710 ad
2803 2642 3074 2727 primam
3104 2651 3392 2730 partem3

1807 2732 2142 2821 Negative,
2191 2733 2268 2800 ad
2323 2731 2668 2798 secundam
2707 2753 2771 2796 ».

1939 2822 2035 2888 Ad
2082 2823 2160 2887 11.
2209 2841 2246 2884 «
2281 2818 2672 2886 Affirmative
2721 2818 2784 2886 in
2831 2817 3167 2906 omnihus3
3219 2818 3391 2885 iuxta

1805 2914 2070 2978 Decreta
2132 2907 2281 2975 alias
2345 2908 2515 2975 edita
2580 2917 2644 2971 et
2706 2906 3087 2994 praesertim
3145 2908 3209 2974 in
3271 2925 3392 2975 una

1805 3000 2093 3066 Briocen.
2177 2996 2305 3063 diei
2379 2998 2459 3061 14
2533 2995 2803 3083 Augusti
2888 2998 3054 3063 1868
3127 2995 3205 3062 ad
3275 2996 3391 3064 du-

1805 3088 1980 3154 bium
2029 3089 2077 3152 11
2112 3107 2176 3150 ν.

1932 3178 2143 3258 Atque
2191 3172 2274 3236 ita
2318 3169 2673 3258 rescripsit.

1935 3260 2048 3329 Die
2096 3265 2135 3326 5
2179 3257 2550 3326 Decembris
2603 3261 2793 3326 1868.

1802 3403 2060 3475 3190.
2417 3403 2773 3468 aunum.
3160 3402 3387 3488 (stis)

1934 3530 2192 3592 ioannes
2239 3522 2511 3609 Baptista
2556 3521 2906 3608 Principius
2950 3521 3182 3590 Suillet
3211 3521 3387 3590 Vica-

1801 3615 1932 3682 rius
1977 3611 2304 3679 Generalis
2351 3609 2489 3677 Rffii
2534 3609 2650 3677 Dfii
2695 3606 3178 3709 Arcbiepiscopi
3217 3611 3385 3678 Rbe-

1801 3720 2006 3785 men.,
2054 3703 2391 3768 Sacrorum
2438 3699 2701 3765 Rituum
2745 3699 3236 3797 congregationi
3274 3717 3387 3766 ex-

1801 3789 2012 3880 posuit
2058 3788 2230 3876 quod
2291 3787 2466 3853 iuxta
2527 3785 3057 3853 consuetudinem
3112 3787 3386 3853 Vicario-

1798 3896 1938 3945 rum
2007 3876 2415 3944 Generalium
2483 3872 2939 3941 Rbemensium
2999 3893 3033 3940 a
3093 3874 3387 3961 pluribus

1796 3965 1972 4033 annis
2033 3964 2340 4046 habitam,
2407 3965 2543 4050 ipse
2602 3960 3004 4028 facultatibus
3062 3980 3098 4026 a
3163 3962 3383 4027 Sancta

1795 4054 1962 4123 Sede
2010 4051 2292 4139 praefato
2339 4054 2499 4117 Rmo
2535 4049 3037 4137 Arcbiepiscopo
3067 4069 3186 4138 per
3215 4048 3383 4114 varia

1793 4141 2041 4210 indulta
2075 4140 2412 4218 concessis,
2449 4136 2587 4205 vice
2621 4148 2688 4204 et
2723 4138 2862 4203 loco
2894 4136 3089 4223 ipsius
3118 4136 3385 4204 Arcbie·

1794 4228 2039 4320 piscopi
2087 4247 2271 4317 posse
2317 4226 2410 4292 uti
2460 4225 2844 4292 existimavit
2898 4234 2965 4291 et
3011 4223 3217 4312 reipsa
3263 4244 3383 4312 per

1791 4336 2045 4385 menses
2091 4314 2461 4401 quindecim
2510 4315 2672 4380 bona
2720 4313 2849 4379 fide
2895 4331 3045 4380 usus
3092 4322 3216 4398 est,
3266 4313 3380 4381 de-

1792 4405 2074 4495 putando
2120 4403 2195 4469 ad
2248 4401 2765 4469 benedictionem
2825 4401 3123 4467 Nolarum
3163 4402 3380 4469 Sacer-

1793 4495 1978 4562 dotes
2032 4492 2294 4560 idoneos
2353 4487 2921 4556 Archidioeceseos
2972 4488 3377 4574 Rbemensis,

1792 4590 2041 4648 servata
2086 4579 2284 4646 forma
2333 4587 2396 4644 et
2444 4588 2667 4643 tenore
2718 4573 2971 4642 indulti.

1924 4671 2004 4734 At
2046 4686 2203 4733 vero
2248 4683 2449 4752 quum
2489 4662 2682 4731 modo
2715 4662 2779 4729 in
2811 4662 3079 4734 dubium
3124 4663 3379 4733 venerit

1794 4755 2116 4848 praedicta
2152 4754 2449 4820 facultate
2495 4751 2700 4819 valide
2737 4770 2885 4817 usus
2918 4751 3112 4818 fuerit
3143 4763 3377 4838 orator,

1793 4865 1875 4912 ex
1920 4864 1999 4911 eo
2047 4843 2217 4929 quod
2248 4841 2451 4907 forma
2495 4849 2562 4906 et
2611 4850 2795 4906 tenor
2837 4839 3073 4906 indulti
3118 4859 3246 4907 non
3276 4859 3378 4909 re-

1794 4933 1956 5000 ferat
1999 4928 2172 5017 quod
2219 4928 2301 4994 sit
2333 4926 2592 4997 Vicariis
2638 4926 3051 4995 Generalibus
3095 4945 3377 4995 commu-

1793 5018 2123 5103 nicabilis3
2171 5017 2541 5103 quaeritur:
2590 5017 2756 5081 Num
2811 5015 3135 5105 praedicta
3180 5013 3376 5083 facul-

1793 5120 1921 5175 tate
1967 5105 2181 5175 valide
2228 5105 2363 5191 ipse
2410 5121 2561 5171 usus
2606 5100 2733 5169 sit?
2776 5106 2857 5168 Et
2903 5103 2969 5171 in
3015 5122 3163 5172 casu
3192 5118 3381 5188 nega·

1794 5197 1923 5262 tivo
1954 5193 2365 5278 sanationem,
2392 5202 2704 5278 quatenus
2737 5209 2897 5278 opus
2926 5190 3033 5276 sit,
3068 5191 3373 5279 postulat.

1921 5287 2101 5352 Sacra
2133 5300 2289 5348 vero
2323 5280 2545 5347 eadem
2571 5280 3021 5367 Congregatio,
3055 5279 3378 5347 referente

116 5374 456 5452 Professor,
513 5392 546 5438 a
607 5375 792 5440 Sacra
858 5374 1118 5441 Rituum
1178 5371 1685 5460 congregatione
1787 5371 2143 5459 subscripto
2199 5368 2596 5453 secretario,
2643 5368 3167 5455 respondendum
3227 5384 3374 5437 cen·
