4042 5950
1932 288 2038 309 ....
2088 247 2249 327 444
2301 292 2405 309 -

533 403 650 472 ctis
701 402 909 473 dubiis
967 407 1160 475 SSmo
1229 405 1495 474 Domino
1561 408 1790 473 Nostro
1845 405 1956 472 Pio
2011 407 2122 472 Pa-
2224 405 2583 496 subscripto
2629 408 2985 477 secretario
3006 455 3026 492 ,
3077 425 3198 497 per
3237 409 3657 498 particulares
3700 407 3813 477 has

618 513 654 560 e
700 496 783 561 IX
829 513 949 582 per
991 494 1421 581 subscriptum
1475 494 1877 562 cardinalem
1937 496 2119 562 Prae·

559 592 773 649 ectum
817 582 1152 668 relatione,
1202 582 1506 653 Sanctitas
1554 587 1675 652 Sua
1735 582 2118 650 sententiam

532 672 754 737 Sacrae
799 672 1324 760 congregationis
1377 683 1574 737 ratam
1633 672 1905 753 habens,
1956 671 2120 759 peti·

530 768 671 825 tum
725 757 1050 825 Indultum
1107 760 1278 827 iuxta
1348 778 1571 848 preces
1627 759 1906 847 benigne
1968 778 2119 826 con-

531 845 746 913 cessit.
793 846 905 914 Die
959 851 990 913 1
1037 847 1324 915 Octobris
1370 847 1661 916 eiusdem
1707 847 1879 915 anni.

529 1024 777 1095 3125.
1110 1029 1544 1095 NlVERNEN.
1886 1027 2115 1117 (⁶337)

659 1204 866 1283 Quum
913 1206 1105 1270 Rmus
1151 1204 1453 1271 Dominus
1486 1203 1857 1271 Theodorus
1897 1206 2113 1293 Augu-

527 1289 732 1358 stinus
777 1290 1058 1359 Forcade
1104 1292 1456 1380 Episcopus
1524 1291 1872 1359 Nivernen.
1920 1296 2117 1362 anim·

528 1377 879 1446 adverterit
936 1398 1185 1449 sacrum
1245 1380 1530 1447 chrisma
1594 1389 1659 1446 et
1722 1381 1949 1448 Oleum
2000 1386 2113 1451 Ga-

529 1468 1086 1552 thecumenorum,
1148 1467 1328 1535 Feria
1371 1470 1426 1535 V
1484 1469 1550 1536 in
1603 1471 1813 1536 coena
1866 1471 2112 1538 Domini

529 1554 945 1623 benedictum
968 1604 985 1639 ,
1019 1554 1140 1622 sibi
1173 1575 1299 1622 nou
1330 1556 1625 1625 sufficere
1667 1557 1743 1624 ad
1789 1576 2116 1627 consecra-

527 1644 771 1710 tionem
803 1643 996 1710 trium
1044 1644 1467 1711 Ecclesiarum
1514 1657 1579 1713 et
1625 1644 1968 1713 duodecim
2007 1648 2113 1713 Al-

528 1731 798 1808 tarium;
832 1751 866 1797 a
911 1734 1248 1799 Sacrorum
1296 1732 1558 1801 Rituum
1605 1734 2116 1821 congregatione

528 1818 922 1908 supplicibus
969 1820 1132 1886 votis
1189 1821 1534 1920 postulavit
1596 1824 2002 1908 facultatem,
2050 1823 2113 1914 γῆ

528 1908 710 1974 cuius
768 1907 843 1974 ad
903 1907 1422 1976 benedictionem
1480 1910 1747 1978 aliorum
1809 1912 2111 1979 oleorum

529 1995 790 2149 ilterum,
841 1995 994 2062 licet
1039 2007 1217 2063 extra
1264 2007 1579 2086 tempora,
1609 1999 1967 2088 procedere
2007 2019 2113 2066 va-

558 2095 707 2164 eat3

657 2171 801 2240 Emi
849 2183 914 2239 et
956 2173 1093 2240 Rffii
1141 2178 1354 2240 Patres
1398 2174 1590 2241 sacris
1654 2176 1912 2245 tuendis
1957 2176 2111 2244 Riti-

528 2261 646 2328 bus
690 2261 1061 2349 praepositi,
1110 2261 1177 2328 in
1220 2262 1574 2330 ordinario*
1613 2266 1813 2332 coetu
1869 2267 1946 2333 ad
1996 2268 2113 2333 Va·

529 2349 807 2416 ticanum
852 2347 1208 2438 subsignata
1254 2349 1361 2416 die
1410 2350 1785 2438 coadunato,
1821 2352 2116 2420 omnibus

529 2449 775 2504 mature
819 2439 1180 2524 perpensis,
1228 2447 1664 2506 censuerunt:
1716 2460 1754 2505 ‹
1788 2444 1926 2508 Non
1972 2460 2112 2507 esse

527 2523 984 2612 indulgendam
1049 2528 1314 2614 petitam
1377 2525 1783 2607 facultatem;
1833 2540 1898 2596 et
1961 2528 2115 2615 Epi·

527 2630 756 2700 scopus
814 2634 847 2679 a
902 2613 1308 2680 vicinioribus
1371 2623 1547 2701 petat
1611 2615 1759 2682 Olea
1826 2636 1998 2683 sacra
2047 2640 2111 2684 a.

528 2703 740 2785 Atque
786 2701 872 2766 ita
919 2702 1414 2789 rescripserunt.

657 2788 770 2855 Die
815 2792 897 2855 27
945 2787 1345 2875 Septembris
1397 2793 1589 2858 1864.

528 2965 776 3038 3126.
1153 2968 1492 3035 rancun.
1880 2967 2109 3056 (cass)

849 3148 1006 3211 Rffie
1053 3144 1346 3230 Domine,
1395 3144 1490 3211 uti
1536 3146 1777 3211 Frater.

659 3322 1001 3404 Exponens
1047 3318 1420 3408 Amplitudo
1465 3323 1594 3386 Tua
1638 3339 1828 3409 saepe
1859 3323 2111 3411 saepius

527 3405 941 3492 contingere,
1004 3416 1074 3475 ut
1141 3408 1471 3475 instaurari
1541 3407 1815 3476 debeant
1879 3411 2112 3477 Altaria

527 3493 701 3560 omni
746 3512 829 3559 ex
874 3507 1057 3581 parte
1103 3495 1376 3582 lapidea,
1425 3496 1539 3564 sed
1582 3496 1665 3562 ita
1711 3497 1994 3565 ordinata
2043 3509 2113 3566 ut

527 3582 761 3649 Tabula
808 3582 1055 3668 lapidea
1100 3601 1295 3670 super
1340 3583 1626 3671 stipitem
1670 3584 1894 3653 itidem
1955 3588 2111 3674 lapi-

527 3670 719 3737 deum
788 3689 869 3736 ex
932 3682 1202 3757 utraque
1268 3682 1448 3760 parte
1501 3682 1813 3759 ponatur,
1885 3674 2111 3741 relicto

527 3757 593 3824 in
637 3757 854 3824 medio
916 3758 1116 3846 spatio
1175 3760 1449 3844 quodam
1511 3779 1750 3845 vacuo,
1797 3762 1916 3829 sub
1983 3780 2111 3848 quo

524 3845 953 3914 recondantur
1006 3849 1241 3934 capsae
1295 3867 1614 3915 sacrarum
1674 3849 2111 3935 Reliquiarum

528 3935 612 4000 ita
657 3934 996 4003 commode
1041 3935 1405 4021 dispositae,
1453 3946 1525 4002 ut
1570 3937 1771 4004 oculis
1817 3938 2113 4005 fidelium

528 4021 753 4090 diebus
797 4022 1024 4090 saltem
1055 4022 1547 4090 solemnioribus
1577 4036 1961 4113 appareant;
2004 4027 2112 4094 ad-

526 4120 746 4177 notare
778 4129 906 4178 non
936 4111 1361 4199 praetermisit
1392 4111 1460 4178 in
1492 4113 1776 4179 Dioecesi
1818 4113 1931 4180 ista
1962 4119 2114 4181 'l're-

529 4202 701 4267 censi
751 4218 889 4266 esse
939 4211 1006 4266 et
1048 4199 1165 4267 alia
1223 4200 1460 4266 Altaria
1516 4200 1679 4285 fixa,
1729 4221 1891 4288 quae
1937 4201 2109 4269 omni

526 4306 610 4354 ex
655 4298 835 4373 parte
900 4307 1098 4376 super
1157 4287 1437 4376 stipitem
1496 4300 1937 4378 reponuntur,
1993 4288 2110 4357 sed

526 4376 604 4442 ab
649 4375 946 4442 anteriori
976 4386 1157 4464 parte
1187 4378 1568 4446 columnolis
1606 4378 1921 4462 nituntur,
1948 4396 2114 4464 quae

526 4462 759 4550 stipitis
789 4464 1003 4533 locum
1035 4465 1272 4532 babent
1300 4465 1554 4533 circiter
1581 4467 1657 4534 ad
1702 4466 2113 4533 medietatem

529 4551 803 4620 tabulae.
873 4556 950 4619 Et
1005 4552 1304 4639 quoniam
1360 4552 1491 4642 ipsa
1549 4554 1920 4643 Amplitudo
1981 4559 2112 4622 'l'ua

526 4640 906 4727 requisivit:
955 4644 1120 4710 Num
1177 4642 1408 4708 Altaria
1456 4642 1766 4710 eiusmodi
1823 4660 2114 4733 compre-

529 4730 890 4799 hendantur
922 4731 986 4797 in
1007 4734 1278 4797 Decreto
1301 4733 1637 4801 Sacrorum
1659 4731 1920 4802 Rituum
1948 4735 2110 4800 con-

527 4817 1610 4993 31:2³3²23⁰ssa.{2.32⁰.31ffi¹2¹213.⁶
1656 4819 2113 4976 2:0²2?ssaess

529 4998 752 5063 Sancta
782 4998 949 5064 Sede
980 4995 1340 5064 humillime
1370 4958 1716 5084 postulavit
1757 4995 2112 5064 istiusmodi

528 5083 763 5150 Altaria
810 5084 1267 5164 consecrandi;

659 5174 842 5240 Sacra
889 5171 1149 5240 Rituum
1192 5171 1642 5261 congregatio,
1675 5172 1740 5240 in
1783 5171 2113 5240 Ordinatio

528 5263 733 5330 coetu
764 5260 839 5328 ad
863 5262 1233 5328 Vaticanum
1265 5261 1572 5330 hodierna
1604 5261 1709 5330 die
1739 5260 2113 5342 coadunata,

535 5350 830 5419 omnibus
896 5363 1188 5415 accurate
1255 5348 1591 5436 perpensis
1658 5369 1727 5415 ac
1793 5348 2117 5415 referente

2224 494 2493 562 Litteras
2539 495 3011 563 communicare
3072 497 3317 565 censuit
3386 497 3810 586 Amplitudini

2222 586 2393 649 Tuae
2425 583 2582 652 baec
2613 585 2747 672 ipsa
2776 585 3038 670 Altaria,
3072 604 3262 674 supra
3295 604 3623 674 expressa,
3663 605 3811 652 con-

2220 671 2455 737 secrari
2504 687 2726 761 posse;
2775 672 3127 742 dummodo
3160 674 3334 742 omni
3367 694 3448 741 ex
3481 685 3664 764 parte
3704 674 3814 739 sti-

2220 758 2462 844 pitibus
2504 760 2913 829 adhaereant.

2349 848 2522 927 Quae
2568 849 2726 916 dum
2802 869 2874 915 ro
2904 849 3034 918 mei
3066 849 3351 919 muneris
3378 851 3629 917 ratione
3660 868 3811 915 exe·

2220 953 2408 1021 quor,
2455 937 2745 1024 Amplitu
2794 937 2881 1004 ini
2925 943 3095 1007 'l'uae
3140 941 3510 1009 diuturnam
3559 958 3646 1006 ex
3684 937 3809 1004 ani·

2221 1039 2327 1088 mo
2374 1023 2742 1093 felicitatem
2787 1025 3122 1112 adprecor.

2350 1115 2586 1180 Romae
2631 1118 2716 1183 20
2761 1116 3130 1183 Decembris
3180 1118 3375 1183 1864.

2221 1269 2461 1340 3127.
2865 1275 3171 1343 onnmls

2516 1379 2867 1446 monum
2912 1380 3510 1449 CAPUGCINORUM

2637 1486 2910 1552 SANCTI
2955 1486 3386 1553 FRANclscl.

2354 1646 2535 1711 Anno
2589 1649 2750 1713 1831
2799 1647 2918 1714 sub
2949 1646 3054 1715 die
3093 1652 3172 1715 12
3203 1645 3587 1715 Novembris
3628 1666 3663 1712 a
3703 1647 3807 1714 Sa·

2219 1752 2322 1799 cra
2368 1732 2628 1800 Rituum
2672 1735 3180 1822 congregatione
3245 1735 3610 1822 expetitum
3658 1734 3804 1816 fuit,

2218 1830 2291 1886 ut
2358 1820 2685 1888 declarare
2752 1822 3122 1909 dignaretur
3189 1841 3465 1911 sequens
3529 1821 3803 1889 dubium

2220 1907 2421 1995 (quod
2470 1918 2567 1975 est
2613 1913 2697 1978 40
2743 1912 2807 1978 in
2857 1931 2979 1979 una
3022 1909 3394 1997 Marsorum)
3442 1910 3541 1977 bis
3578 1928 3808 1976 conce-

2266 1996 2343 2062 tis
2398 1996 2653 2064 verbist
2717 1999 2947 2083 Aliqui
3011 2003 3085 2066 in
3147 2002 3533 2067 recitatione
3591 1998 3806 2064 divini

2268 2086 2464 2172 mcii,
2520 2095 2655 2152 tam
2700 2090 2773 2153 in
2824 2088 3033 2154 Chore
3070 2097 3268 2172 quam
3313 2089 3672 2172 privatim,
3722 2088 3807 2152 si·

2212 2193 2413 2259 quum
2463 2175 2698 2241 crucis
2740 2177 2866 2242 sibi
2909 2177 3271 2263 efformavit,
3313 2185 3538 2261 pectus
3577 2194 3808 2261 perett-

2218 2267 2424 2344 tt‘unt,
2461 2273 2659 2347 caput
2688 2265 2987 2350 decoquat
3018 2274 3079 2330 ct
3108 2284 3170 2330 sc
3202 2265 3565 2345 inclinant,
3608 2268 3806 2329 etiam

2218 2356 2292 2419 in
2318 2350 2420 2417 Itis
2457 2351 2617 2417 locis
2664 2355 2737 2419 in
2782 2354 3017 2435 quibus
3046 2371 3159 2419 noc
3191 2352 3477 2418 Rubi-ica
3508 2371 3626 2417 nec
3657 2354 3809 2420 uis-

2213 2441 2377 2507 satis
2402 2457 2516 2503 nec
2541 2440 3045 2507 Gan-monialis
3073 2441 3140 2507 id
3163 2440 3577 2524 praescribit.
3603 2440 3807 2518 Quae-

2215 2532 2402 2595 ritm-
2428 2546 2609 2612 erqo.-
2649 2528 3074 2604 Quandmm
3102 2528 3255 2595 baec
3283 2530 3504 2594 omnia
3532 2531 3676 2594 sint
3702 2529 3803 2612 fa·

2212 2616 2438 2685 cienda
2456 2662 2476 2695 ,
2534 2626 2669 2682 tam
2714 2620 2786 2683 in
2836 2616 3099 2701 publica
3145 2633 3345 2700 quam
3398 2617 3475 2682 in
3534 2619 3807 2701 privata

2215 2705 2432 2772 divini
2477 2701 2685 2791 Officii
2731 2704 3161 2772 recitatione?
3203 2709 3283 2772 Et
3313 2706 3495 2771 Sacra
3541 2705 3805 2771 Rituum

2213 2792 2638 2879 Congregatio
2703 2792 3085 2879 simpliciter
3150 2791 3527 2879 respondit:
3575 2814 3615 2857 «
3657 2794 3807 2859 Ser-

3580 1272 3803 1360 (assa)

2142 2881 2149 2886 ”
2215 2891 2450 2947 ventur
2493 2879 2802 2951 Rubricae
2836 2902 2903 2947 ν.

2344 2969 2551 3047 Quum
2580 2987 2737 3035 vero
2769 2988 2886 3056 per
2916 2968 3285 3037 huiusmodi
3316 2968 3804 3057 responsionem

2218 3056 2476 3124 inducta
2524 3056 2789 3123 minime
2820 3057 3015 3124 fuerit
3049 3054 3343 3145 exoptata
3375 3056 3802 3154 uniformitas,

2215 3164 2284 3211 ac
2331 3144 2619 3211 diversae
2669 3145 2732 3213 in
2778 3164 2851 3213 re
2898 3145 3229 3232 opiniones
3288 3146 3694 3213 deducantur
3736 3163 3806 3209 m

2215 3232 2431 3321 praxi3
2461 3232 2740 3300 Minister
2766 3233 3175 3300 Provincialis
3204 3233 3457 3301 Ordinis
3486 3233 3804 3300 uiuorum

2212 3322 2421 3390 Sancti
2481 3320 2790 3387 Francisci
2859 3321 3367 3407 capuccinorum
3435 3320 3806 3389 Provinciae

2213 3408 2533 3478 Ianuensis
2554 3456 2572 3492 ,
2622 3412 2960 3476 Sacrorum
3000 3411 3264 3478 Rituum
3307 3406 3805 3498 congregationi

2212 3498 2541 3599 sequentia
2585 3496 2715 3564 duo
2760 3497 2953 3564 dubia
2996 3497 3377 3566 declaranda
3419 3495 3803 3585 proposuit;

2214 3603 2562 3653 nimirum:

2347 3679 2392 3741 l.
2444 3675 2542 3740 An
2586 3673 2806 3741 crucis
2863 3674 3119 3760 signum
3177 3674 3253 3741 ad
3301 3675 3681 3761 Maqnificat
3736 3684 3806 3738 et

2217 3763 2592 3828 Benedictus
2651 3759 2789 3829 fieri
2846 3763 3077 3830 debeat
3146 3783 3179 3828 a
3245 3762 3397 3828 solis
3442 3761 3800 3849 Episcopis,

2215 3850 2578 3937 specialiter
2638 3851 3152 3917 commemoratis
3216 3850 3280 3917 in
3342 3849 3801 3918 caeremoniali

2216 3938 2714 4027 Episcoporum3
2751 3939 2855 4005 vel
2886 3938 2963 4005 ab
3010 3937 3304 4005 omnibus
3348 3933 3805 4004 recitantibus?

2218 4038 2284 4091 et
2328 4034 2642 4111 quatenus
2700 4024 3070 4093 affirmative
3126 4026 3204 4092 ad
3265 4025 3612 4093 secundam
3660 4043 3801 4113 par·

2216 4124 2377 4199 tem,

2349 4206 2421 4268 ll.
2473 4204 2569 4269 An
2614 4202 2733 4269 boc
2793 4201 3046 4288 signum
3105 4201 3323 4270 crucis
3385 4200 3522 4269 lieri
3569 4200 3798 4268 debeat

2215 4308 2495 4376 semper,
2547 4290 2713 4357 idest
2759 4290 2823 4356 in
2868 4308 3275 4377 quocumque
3314 4289 3557 4373 Officio,
3607 4289 3799 4354 etiam

2215 4376 2712 4462 Defunctorum,
2762 4389 2887 4445 tam
2957 4378 3023 4445 in
3088 4379 3298 4445 choro
3364 4395 3551 4463 quam
3622 4386 3799 4442 extra

2215 4466 2494 4534 cnorum
2518 4463 2552 4531 ’ἒ

2346 4558 2526 4620 Sacra
2572 4573 2767 4643 porro
2797 4553 3059 4622 Rituum
3089 4551 3537 4642 congregatio,
3571 4552 3652 4620 ad
3682 4553 3807 4618 Va·

2218 4643 2493 4711 ticanum
2540 4642 2849 4710 hodierna
2894 4643 3000 4710 die
3047 4641 3390 4710 coadunata
3437 4641 3499 4706 in
3540 4638 3807 4707 Ordina-

2214 4731 2322 4798 riis
2367 4730 2677 4815 comitiis,
2725 4731 2805 4798 ad
2848 4730 3226 4798 relationem
3292 4727 3631 4815 subscripti
3689 4730 3809 4794 Se·

2213 4818 2489 4904 cretarii,
2516 4830 2868 4905 utrumque
2890 4817 3159 4885 dubium
3181 4816 3633 4885 declarandum
3657 4834 3808 4882 cen-

2214 4906 3082 5063 33³²5122⁸1ffi2⁶1⁰2¹il¹ssni1521⁰
3099 4907 3563 5067 &millio
3576 4904 3805 5079 ⁰33

2216 5092 2419 5168 extra,
2455 5084 2629 5150 iuxta
2661 5042 3484 5151 laudabilem’communsm
3521 5079 3799 5167 praxim,

2214 5172 2592 5258 praesertim
2636 5171 2704 5238 in
2749 5172 2911 5239 alma
2955 5169 3125 5238 Urbe
3181 5182 3495 5238 servatam
3526 5189 3593 5234 ν.

2347 5262 2557 5346 Atque
2604 5261 2687 5326 ita
2731 5259 3081 5349 rescripsit.

2353 5346 2466 5414 Die
2512 5350 2597 5416 20
2640 5349 3007 5415 Decembris
3055 5350 3251 5415 1864.
