4042 5950
1624 222 2095 302 —359—

315 372 830 441 Eminentissimi
880 384 947 441 et
993 377 1528 445 Reverendissimi
1573 384 1789 446 Patres

180 460 398 526 Sacris
452 462 714 529 tuendis
756 463 1002 531 Ritibus
1033 465 1401 553 praepositi,
1440 466 1504 546 in
1536 467 1790 534 hodier-

180 547 281 613 nis
325 548 691 616 Ordinariis
737 551 1023 618 comitiis
1069 553 1146 620 ad
1191 552 1513 633 Quirinale
1558 555 1790 623 coadu-

178 635 353 718 nati,
410 635 824 726 infrascripto
882 641 1236 715 secretario
1290 642 1642 725 referente,
1691 662 1789 708 re-

176 723 660 809 spondendum
714 738 1149 795 censuerunt:
1203 749 1241 792 «
1273 731 1580 796 Servetur
1624 731 1788 797 clara

178 810 539 899 dispositio
583 813 962 881 pontificalis
1006 817 1266 883 Romani
1303 839 1373 883 ».

309 900 439 965 Die
490 905 578 967 22
624 900 764 969 Iulii
821 906 1018 971 1848.

176 1042 448 1110 296⁷.
881 1048 1108 1113 onan.
1554 1046 1781 1133 (5129)

306 1170 490 1232 Dum
549 1166 865 1255 superiori
925 1188 1087 1236 anno
1154 1174 1316 1238 1847
1380 1173 1485 1240 die
1533 1177 1616 1240 27
1663 1175 1782 1239 Fe-

177 1253 423 1319 bruarii
490 1256 673 1321 Sacra
720 1255 978 1323 Rituum
1036 1259 1458 1347 congregatio
1524 1262 1589 1327 in
1657 1279 1778 1326 una

175 1340 545 1407 vicariatus
605 1345 1149 1412 Ruremundensis
1207 1345 1273 1412 in
1326 1348 1652 1417 Hollandia
1697 1347 1775 1414 ad

175 1429 463 1496 dubium
512 1432 553 1495 4
602 1429 944 1498 declaravit
1001 1433 1348 1501 Parochum
1407 1454 1621 1536 posse,
1671 1436 1774 1502 vel

173 1534 297 1601 per
339 1535 418 1583 se
475 1516 580 1583 vel
627 1537 745 1605 per
789 1519 1012 1604 alium,
1065 1521 1128 1587 in
1180 1522 1519 1590 Dominicis
1575 1522 1776 1612 appli-

175 1622 323 1669 care
354 1622 491 1690 pro
529 1607 773 1705 populo
803 1609 1277 1676 Sacrosanctum
1325 1611 1542 1676 Missae
1575 1610 1777 1680 Sacri·

174 1689 403 1758 licium
457 1704 653 1760 etiam
698 1695 994 1781 privatim
1042 1697 1452 1780 celebrando,
1488 1699 1642 1784 quin
1677 1710 1767 1765 te-

175 1791 411 1846 neatur
469 1779 791 1870 applicare
844 1782 1085 1849 Missam
1148 1786 1540 1870 solemnem,
1598 1789 1777 1854 cuius

174 1866 692 1935 celebrationem
741 1870 1065 1939 interdum
1114 1873 1453 1939 committit
1498 1876 1600 1940 alii
1656 1875 1773 1942 sibi

176 1953 493 2054 beneviso
540 1958 913 2037 Sacerdoti;
975 1979 1174 2048 super
1226 1960 1340 2027 bac
1387 1962 1513 2049 ipsa
1560 1962 1771 2029 decla-

174 2052 427 2110 ratione
478 2064 717 2112 novum
750 2046 814 2112 in
842 2047 1345 2132 praesentiarum
1388 2050 1771 2136 proponitur

175 2130 484 2216 dubium,
534 2132 708 2219 quod
757 2133 1060 2201 fundatur
1113 2135 1178 2202 in
1238 2136 1770 2206 declarationibus

175 2229 239 2284 et
284 2219 585 2288 Decretis
630 2220 776 2287 alias
809 2242 853 2287 a
899 2222 1103 2290 Sacris
1160 2225 1770 2310 Congregationibus

174 2307 359 2374 Urbis
412 2309 584 2392 latis,
621 2319 683 2374 et
728 2331 759 2374 a
807 2309 1037 2396 quibus
1084 2310 1340 2378 omnino
1388 2314 1668 2404 exigitur
1698 2321 1772 2379 ut

174 2396 499 2549 Ρπῗρὴιιε
528 2396 595 2464 in
633 2396 973 2464 Dominicis
1018 2399 1345 2486 Festisque
1373 2419 1493 2488 pro
1524 2400 1766 2492 populo

171 2501 295 2571 app
328 2496 495 2551 icet.

303 2576 560 2640 Iterum
592 2574 804 2659 itaque
835 2575 1017 2641 Sacra
1049 2577 1471 2662 congregatio
1502 2579 1763 2649 Rituum

176 2657 256 2724 de
301 2661 632 2727 sententia
677 2660 1002 2748 requisita,
1054 2661 1117 2727 in
1163 2663 1505 2732 ordinariis
1556 2665 1764 2733 Comi-

181 2745 276 2811 tiis
321 2748 403 2815 ad
451 2749 776 2828 Quirinale
835 2749 1193 2840 subsignata
1241 2752 1345 2819 die
1390 2754 1762 2834 coadunata,

178 2845 316 2919 post
347 2837 632 2904 auditam
662 2858 694 2902 a
718 2840 1073 2906 secretario
1099 2837 1360 2907 fidelem
1387 2841 1765 2907 relationem

180 2940 244 2987 ac
289 2936 437 3011 post
485 2936 805 2993 maturum
864 2927 1148 2995 omnium
1196 2946 1490 3013 examen,
1537 2927 1766 2995 rescri-

178 3007 781 3082 bendumcensuit:
816 3035 854 3078 ι
878 3016 1383 3104 Responsionem
1415 3016 1623 3084 datam
1653 3016 1762 3083 die

179 3101 256 3164 27
291 3100 623 3170 Februarii
659 3106 824 3170 1847
858 3104 1340 3192 intelligendam
1382 3123 1519 3171 esse
1551 3104 1758 3190 quoad

180 3185 424 3255 nissam
454 3190 838 3273 solemnem,
868 3192 951 3259 de
974 3211 1094 3279 qua
1120 3192 1581 3279 quaerebatur;
1614 3210 1758 3258 nam

178 3279 477 3365 proprius
508 3278 587 3345 ad
619 3281 858 3362 casum,
886 3299 1012 3346 nou
1044 3275 1435 3348 obstantibus
1465 3280 1613 3346 alias
1644 3280 1759 3347 de-

181 3365 368 3432 cretis
414 3376 485 3432 et
530 3366 596 3433 in
640 3366 804 3433 facto
851 3367 1209 3452 declaratiS,
1247 3367 1599 3435 rescribere
1631 3378 1759 3434 rata

179 3461 271 3517 est
321 3471 515 3539 posse
569 3454 924 3541 quemlibet
982 3456 1359 3539 Parochum,
1409 3457 1758 3523 accedente

181 3535 334 3606 iusta
368 3552 435 3608 et
468 3542 759 3629 legitima
776 3563 983 3629 causa,
1010 3543 1586 3633 adimplementum
1618 3543 1757 3609 Mis·

179 3645 279 3691 sae
338 3649 459 3717 pro
523 3630 769 3719 populo
812 3632 1226 3721 applicandae
1281 3631 1384 3697 alii
1433 3630 1758 3699 Sacerdoti

184 3717 607 3804 committere,
633 3738 750 3786 seu
781 3738 899 3805 per
929 3719 1125 3786 alium
1155 3719 1563 3789 Sacerdotem
1598 3720 1756 3786 hanc

180 3800 419 3905 Missam
486 3807 816 3874 celebrare
871 3806 1082 3874 facere
1114 3831 1178 3872 ν.
1241 3809 1453 3893 Atque
1515 3809 1595 3873 ita
1655 3825 1756 3872 re-

180 3904 449 3981 scripsit.

305 3981 417 4049 Die
467 3987 551 4050 22
598 3982 733 4050 Iulii
788 3986 978 4051 1848.

184 4117 437 4191 2968.
600 4126 881 4192 mouns
925 4125 1329 4192 ΡοιιτιΑΝι.
1462 4104 1752 4213 ’(5130)

304 4248 468 4313 Dum
512 4247 1102 4316 Reverendissimus
1141 4247 1489 4337 Episcopus
1533 4249 1759 4315 Montis

186 4331 462 4402 Politiani
524 4334 805 4424 ingenue
861 4337 1157 4424 exposuit
1205 4337 1269 4401 in
1313 4356 1423 4403 sua
1470 4338 1752 4404 Dioecesi

185 4423 705 4491 consuetudinem
754 4424 975 4512 vigere
1020 4424 1388 4512 exponendi
1433 4423 1755 4492 Sanctissi-

188 4522 352 4574 mum
384 4511 810 4579 Eucharistiae
843 4516 1319 4582 Sacramentum
1352 4532 1471 4600 pro
1502 4512 1624 4579 hoc
1647 4513 1751 4578 vel

185 4591 310 4679 ipso
340 4599 672 4683 defuncto,
704 4600 1040 4685 quotannis
1071 4600 1174 4666 vel
1208 4600 1590 4685 quibusdam
1615 4599 1753 4667 die-

187 4678 319 4765 bus,
367 4687 509 4755 loco
552 4686 915 4755 officiorum
962 4689 1043 4756 de
1088 4688 1445 4773 Requiem;
1498 4686 1751 4755 insimul

188 4767 515 4842 declaravit
537 4774 798 4844 difficile
821 4776 1166 4843 admodum
1193 4795 1331 4842 esse
1364 4775 1522 4842 hanc
1556 4776 1750 4864 ipsam

189 4864 702 4931 consuetudinem
729 4865 813 4929 im
865 4863 1073 4930 edire:
1099 4863 1416 4949 siquidem
1440 4875 1751 4948 quatenus

190 4948 354 5014 venia
377 4951 763 5040 denegatur,
837 4951 1018 5018 deles
1049 4970 1260 5038 neque
1287 4950 1752 5039 expositionem

189 5031 553 5107 Sanctissimi
584 5039 966 5107 sacramenti
1000 5039 1265 5123 iaciunt,
1299 5058 1510 5125 neque
1540 5039 1750 5106 Officia

189 5117 265 5185 do
319 5129 653 5215 Requiem.
710 5132 952 5196 Verum
1012 5146 1211 5215 quum
1266 5126 1578 5215 expositio
1637 5127 1750 5194 ista

191 5208 455 5283 Decretis
490 5235 618 5283 non
664 5215 747 5281 sit
792 5228 1233 5300 consentanea,
1270 5215 1458 5282 huius
1489 5218 1748 5282 Sanctae

192 5294 566 5383 Apostolicae
612 5303 796 5373 Sedis
827 5304 1157 5372 oraculum
1188 5302 1517 5391 requisivit
1546 5305 1750 5370 Reve-

1892 381 2305 450 rendissimus
2353 383 2523 451 idem
2570 386 2971 473 Episcopus;
3024 386 3204 454 cuius
3253 386 3481 455 humil·

1896 469 2080 536 limae
2143 490 2369 558 preces
2422 491 2620 557 quum
2668 494 2702 539 a
2748 475 3151 541 sanctissimo
3214 476 3480 543 Domino

1890 559 2113 623 Nostro
2164 558 2266 624 Pio
2298 563 2380 627 [x
2411 560 2715 629 Pontifice
2762 562 3028 628 Maximo
3079 562 3476 630 transmissae

1890 643 2132 710 fuerint
2176 646 2251 712 ad
2288 650 2534 715 Sacram
2574 649 2833 717 Rituum
2866 651 3469 738 congregationem,

2020 732 2259 800 Eadem
2295 738 2475 802 Sacra
2504 733 2762 802 Rituum
2793 738 3241 824 congregatio,
3272 737 3337 805 in
3360 741 3470 804 Or—

1886 818 2142 886 dinariis
2188 822 2469 889 comitiis
2516 824 2592 891 ad
2637 822 2957 903 Quirinale
3010 824 3317 892 hodierna
3363 825 3470 893 die

1889 907 2260 993 coadunata,
2287 910 2496 976 audita
2527 931 2560 976 a
2585 911 2940 979 Secretario
2974 912 3371 1001 infrascripto
3403 912 3470 979 fl-

1887 993 2020 1061 deli
2056 995 2391 1080 relatione,
2423 998 2942 1087 respondendum
2975 998 3254 1067 censuit:
3286 1019 3325 1065 ι
3351 1003 3467 1066 Pro

1889 1082 2088 1169 gratia
2138 1084 2444 1173 speciali,
2507 1105 2633 1152 non
2703 1085 3093 1154 obstantibus
3151 1087 3464 1171 DecretiS,

1888 1169 2240 1267 Episcopus
2298 1191 2416 1260 pro
2474 1192 2587 1241 suo
2645 1174 2907 1241 arbitrio
2972 1184 3035 1240 et
3095 1174 3463 1261 prudentia,

1884 1269 2055 1323 iuxta
2117 1259 2528 1346 particulares
2584 1281 2761 1327 casus
2819 1272 2884 1327 et
2939 1261 3461 1346 circumstantias,
3578 1306 3586 1315 ·

1884 1344 2310 1432 indulgeat».

2013 1435 2128 1500 Die
2172 1438 2257 1499 22
2303 1435 2441 1502 ΙιιΙίἰ
2496 1440 2690 1503 1848.

1884 1576 2146 1644 2969.
2328 1580 2609 1644 MONTIS
2655 1580 3007 1645 REGALIS.
3229 1578 3455 1665 (5131)

2010 1699 2215 1775 Quum
2262 1699 2565 1767 Sacerdos
2604 1699 2912 1767 xaverius
2941 1700 3227 1773 Giaconia
3260 1705 3459 1769 Cano·

1879 1786 2057 1852 nicus
2102 1786 2485 1873 collegiatae
2527 1786 2844 1855 Ecclesiae
2891 1789 3270 1856 Sanctissimi
3300 1793 3457 1857 Cru-

1877 1872 2050 1939 cifixi
2096 1873 2162 1940 in
2205 1873 2472 1941 civitate
2519 1874 2745 1942 Montis
2789 1875 3038 1961 Regalis
3083 1879 3308 1944 Sacrae
3356 1876 3457 1946 Ri-

1880 1969 2058 2027 tuum
2092 1962 2611 2049 congregationis
2660 1963 2896 2049 rogarit
2939 1964 3322 2031 sententiam
3352 1984 3457 2033 su-

1875 2066 1994 2139 per
2038 2049 2453 2134 sequentibus
2498 2050 2742 2129 dubiis;
2792 2049 3137 2117 nimirum:

2012 2142 2070 2203 1.
2121 2136 2327 2214 Qualis
2371 2137 2452 2203 sit
2497 2138 2676 2204 color
2733 2136 3129 2206 adhibendus
3176 2139 3238 2206 in
3285 2138 3457 2206 cele·

1876 2223 2159 2292 bratione
2193 2224 2359 2290 Festi
2388 2225 2772 2293 sanctissimi
2804 2226 3249 2326 Redemptoris
3282 2231 3448 2310 lesu,

1872 2313 2045 2398 quod
2090 2322 2434 2379 memorata
2479 2312 2762 2380 Ecclesia
2822 2312 3093 2381 instituit
3146 2315 3275 2380 ritu
3335 2315 3451 2382 du-

1869 2399 2054 2487 plicis
2100 2400 2414 2467 secundae
2464 2397 2727 2468 classis?

2003 2492 2069 2555 2.
2133 2489 2336 2565 Quum
2395 2492 2652 2555 Festum
2711 2487 3094 2556 Sanctissimi
3158 2487 3450 2577 Corporis

1868 2575 2101 2643 Christi
2144 2595 2176 2639 a
2225 2587 2612 2643 memoratae
2659 2576 2979 2642 Ecclesiae
3025 2575 3314 2666 capitulo
3348 2593 3450 2642 ce-

1869 2662 2157 2731 lebretur
2203 2682 2348 2731 cum
2397 2674 2612 2732 octava
2660 2663 3094 2753 privilegiata,
3147 2663 3239 2731 uti
3286 2678 3447 2729 asse·

1870 2750 2055 2835 titur,
2089 2749 2165 2816 ad
2201 2751 2391 2818 instar
2420 2751 2844 2838 Epiphaniae3
2881 2752 3245 2838 quaeritur:
3282 2753 3447 2818 Num

1865 2839 1972 2906 die
2006 2850 2220 2905 octava
2262 2848 2637 2905 occurrente
2684 2840 3008 2906 interdum
3042 2840 3104 2906 in
3134 2837 3448 2908 Solemni-

1866 2937 1995 2994 tate
2043 2929 2414 2995 Sanctorum
2462 2928 2911 3015 Apostolorum
2947 2927 3116 2994 Petri
3148 2936 3216 2993 et
3242 2926 3443 3010 Pauli,

1865 3014 2153 3083 Officium
2184 3014 2418 3082 debeat
2449 3033 2588 3081 esse
2621 3014 2706 3082 de
2739 3014 2963 3082 iisdem
3002 3015 3247 3082 Sanctis
3277 3018 3444 3101 Apo-

1865 3101 2042 3169 stolis
2111 3120 2259 3168 cum
2300 3103 2931 3169 commemoratione
2992 3102 3125 3169 diei
3185 3112 3443 3168 octavae

1864 3189 2245 3258 Sanctissimi
2291 3189 2584 3279 Corporis
2630 3188 2893 3258 Christi·
2944 3189 3049 3254 vel
3098 3188 3310 3277 potius
3358 3188 3440 3254 de

1862 3277 1995 3366 ipsa
2041 3277 2149 3345 die
2196 3289 2410 3345 octava
2467 3279 2761 3343 translato
2804 3239 3018 3343 Officio
3065 3278 3440 3344 Sanctorum

1863 3362 2370 3454 Apostolorum?

1996 3457 2074 3519 Et
2120 3456 2303 3520 Sacra
2355 3452 2614 3521 Rituum
2671 3449 3120 3540 congregatio,
3168 3450 3246 3518 ad
3292 3448 3439 3527 Qui-

1863 3541 2062 3608 rinale
2108 3540 2419 3608 hodierno
2465 3540 2531 3605 in
2573 3539 2900 3609 Ordinatio
2957 3542 3162 3606 coetu
3208 3536 3436 3604 coadu-

1862 3640 2041 3712 nata,
2093 3628 2411 3695 referente
2466 3627 2822 3718 subscripto
2882 3625 3236 3696 secretario
3259 3672 3277 3709 ‚
3337 3643 3436 3691 re-

1860 3717 2310 3803 spondendum
2356 3716 2648 3783 censuit:

1987 3803 2084 3871 Ad
2139 3808 2197 3870 1.
2249 3825 2287 3868 «
2320 3804 2612 3871 Colorem
2660 3803 2875 3871 album
2911 3800 3343 3869 adhibendum
3368 3820 3428 3866 ι.

1987 3891 2084 3958 Ad
2131 3896 2196 3957 2.
2247 3912 2285 3955 «
2317 3895 2492 3958 quta
2533 3893 2870 3960 Rubricas:
2905 3888 3316 3972 Affirmative,
3352 3886 3428 3953 ad

1858 3979 2127 4132 primam
2174 3990 2469 4068 partem;
2516 3980 2847 4066 Negative,
2882 3977 2957 4044 ad
2991 3974 3330 4043 secundam
3367 3995 3429 4042 ι».

1915 4078 2067 4154 tque
2116 4068 2198 4133 ita
2244 4065 2592 4155 rescripsit.

1988 4157 2101 4221 Die
2148 4158 2233 4222 22
2279 4155 2417 4222 Iulii
2471 4158 2661 4222 1848.

1861 4334 2120 4406 2970.
2493 4334 2796 4400 cnemis
3205 4328 3431 4417 (ωε)

1864 4517 1869 4522 ,
1958 4439 2573 4509 canuam-raam
2618 4436 3324 4504 EchLcEATomJu.

1984 4601 2192 4678 Quum
2240 4601 2311 4665 R.
2363 4600 2430 4661 P.
2481 4595 2790 4663 Antonius
2850 4593 2927 4660 ab
2981 4592 3429 4679 Assumptione

1856 4693 2081 4755 Beatae
2137 4686 2362 4751 Mariae
2408 4682 2714 4773 Virginis,
2766 4702 2846 4749 ex
2890 4680 3126 4751 Ordine
3175 4682 3433 4746 Carme·

1854 4774 2106 4841 litarum
2135 4772 2674 4855 Excalceatorum,
2711 4774 2956 4838 Sacram
2988 4769 3245 4867 Rituum
3269 4769 3431 4833 Con·

1855 4859 2292 4950 gregationem
2340 4859 2578 4925 iteratis
2608 4859 2906 4944 precibus
2937 4865 3198 4942 rogarit,
3234 4864 3303 4921 ut
3332 4871 3428 4919 su·

1853 4969 1973 5038 per
2001 4947 2418 5048 sequentibus
2449 4944 2659 5014 dubiis
2690 4944 3070 5012 sententiam
3103 4960 3278 5008 suam
3312 4940 3429 5006 eli·

1854 5056 2003 5104 cere
2050 5037 2460 5123 dignaretur3
2508 5033 2856 5101 nimirum:
3207 5116 3219 5129 ⁶

1992 5129 2056 5191 1.
2103 5125 2197 5189 An
2242 5133 2386 5210 post
2431 5127 2770 5189 Decretum
2803 5119 2931 5187 diei
2964 5122 3049 5186 28
3087 5117 3225 5185 Iulii
3261 5119 3423 5184 1821

1853 5212 2098 5315 possint
2142 5210 2347 5279 adhuc
2405 5210 2781 5278 Sacerdotes
2842 5207 2931 5275 uti
2994 5206 3242 5274 indulto
3304 5206 3426 5270 iam

1855 5310 2195 5392 nmpetrato
2254 5297 2616 5366 celebrandi
2674 5299 3147 5365 sacrosanctum
3207 5295 3424 5362 Missae
