4042 5950
1706 288 2124 364 —11—

260 446 527 529 mutim,
576 434 789 531 quoad
853 445 1199 511 secundam
1234 466 1295 508 ν.
1365 451 1441 511 Et
1505 444 1593 537 ita?
1646 440 1856 511 decla-

262 533 451 598 ravit.
504 534 618 599 Die
672 536 752 599 14
800 530 1167 599 Decembris
1222 535 1411 601 1700.

256 705 534 774 2200.
852 706 1272 772 HIERACEN.
1482 760 1493 765 -
1626 708 1852 792 (3822)

392 887 557 950 Cum
607 882 670 948 in
720 901 898 947 causa
946 881 1278 948 Hieracen.
1332 882 1854 947 Praeeminentia·

256 990 405 1037 rum
470 970 646 1036 inter
703 971 1095 1037 salvatorem
1155 970 1441 1035 Nannum
1507 969 1853 1056 Archipre·

253 1058 595 1146 sbyterum
646 1068 712 1124 et
756 1057 911 1122 alios
957 1056 1265 1121 Parochos
1309 1060 1540 1122 Terrae
1598 1058 1851 1124 Siderni

255 1146 596 1214 Hieracen.
646 1144 989 1226 Dioecesis,
1041 1143 1421 1229 rescriptum
1470 1144 1696 1210 fuerit:
1756 1145 1854 1211 Di·

258 1236 380 1299 lata
430 1247 499 1298 et
545 1233 1032 1318 compulsentur
1076 1232 1295 1297 Bullae
1327 1232 1668 1298 erectionis
1714 1233 1855 1297 alia-

255 1338 405 1389 rum
450 1320 946 1403 Parochiatium
997 1330 1063 1385 et
1106 1318 1471 1385 successive
1498 1320 1573 1386 ad
1623 1320 1852 1387 instan-

253 1409 413 1474 tiam
460 1406 1017 1494 Archipreshyteri
1064 1408 1143 1474 ad
1190 1405 1581 1493 probandam
1627 1409 1853 1475 imme·

251 1495 640 1564 motabilem
675 1497 1064 1562 emanaverit
1096 1493 1403 1560 resolutio
1429 1496 1852 1562 concessionis

250 1584 684 1651 Remissoriae
730 1582 1049 1670 Episcopo
1098 1579 1383 1647 viciniori
1446 1582 1847 1670 dirigendae,

252 1691 426 1758 qnae
477 1672 584 1757 (de
617 1670 959 1756 consensu)
1009 1668 1255 1737 Vicario
1301 1670 1643 1758 capitulari
1687 1671 1851 1737 civi·

255 1760 409 1826 tatis
452 1758 684 1847 Oppidi
733 1758 972 1826 directa
1020 1759 1190 1824 fuit:
1239 1756 1303 1824 in
1351 1758 1851 1844 praesentiarum

252 1846 334 1911 ab
387 1853 548 1913 Efno
586 1859 650 1913 et
697 1851 857 1914 Rmo
907 1850 978 1912 D.
1030 1845 1218 1911 Card.
1271 1848 1334 1911 S.
1389 1847 1740 1913 clementis
1788 1847 1850 1912 in

252 1940 319 2002 S.
356 1940 441 2002 R.
476 1939 549 2003 C.
582 1934 1009 2020 ‚infrascriptis
1053 1932 1264 1999 dubiis
1311 1936 1693 2022 propositis:

400 2027 458 2089 1.
510 2030 607 2089 An
682 2021 1253 2120 Archipresbytero
1313 2024 1542 2089 Terrae
1601 2023 1849 2089 Siderni

252 2122 586 2198 competat
616 2109 713 2176 ius
744 2109 1086 2176 deferendi
1106 2127 1287 2187 suam
1304 2112 1573 2176 crucem
1606 2108 1665 2175 in
1690 2130 1851 2176 asso-

252 2199 501 2265 ciandis
521 2198 961 2280 cadaveribus,
992 2210 1116 2262 tam
1139 2198 1399 2263 aliarum
1429 2198 1853 2263 Ecclesiarum

256 2285 721 2384 parochialium
754 2303 942 2370 quam
989 2284 1254 2350 aliarum
1300 2303 1850 2371 quarumcumque

255 2392 325 2439 in
388 2372 624 2457 quibus
682 2372 983 2438 cadavera
1047 2373 1482 2457 tumulantur,
1542 2372 1851 2461 privative

247 2461 469 2547 quoad
515 2461 673 2525 alios
720 2459 1075 2537 Parocbos;
1124 2478 1239 2525 seu
1287 2461 1500 2547 potius
1544 2462 1625 2525 sit
1672 2461 1852 2527 deie-

249 2550 457 2615 renda
489 2551 662 2614 crux
692 2548 993 2634 propriae
1035 2548 1366 2621 Paroehiae
1400 2548 1744 2615 defuncti?
1774 2559 1853 2614 ‚et

247 2647 576 2721 quatenus
622 2635 1023 2720 affirmative,

392 2728 457 2788 2.
522 2724 621 2789 An
676 2721 933 2788 Parochi
996 2722 1452 2793 defunctorum
1514 2735 1852 2790 teneantur

248 2810 570 2877 accedere
617 2811 693 2877 ad
746 2811 1093 2879 Ecclesiam
1125 2811 1850 2898 Archipresbyteralem,

250 2899 339 2964 ad
391 2899 694 3051 effectum
738 2899 1085 2968 associandi
1136 2900 1611 2990 praedictorum
1672 2900 1853 2964 cada·

250 3007 414 3053 vera

393 3079 457 3141 3.
512 3077 608 3143 An
646 3076 1017 3163 praedictus
1049 3077 1585 3166 Archipresbyter
1627 3077 1853 3144 habeat

249 3163 358 3229 ius
405 3163 757 3231 exercendi
806 3164 1107 3231 funebres
1139 3166 1498 3232 functiones
1537 3167 1600 3230 in
1632 3165 1852 3231 Eccle-

246 3252 365 3316 siis
410 3270 543 3318 non
589 3251 1056 3338 parochialibus
1100 3253 1239 3319 sitis
1287 3253 1348 3319 in
1397 3253 1619 3318 alienis
1674 3258 1854 3319 Paro-

251 3339 469 3418 chiis;
530 3341 635 3408 vel
698 3340 910 3440 potius
963 3341 1132 3408 idem
1184 3343 1277 3407 ius
1325 3353 1646 3428 competat
1708 3362 1853 3430 pro-

248 3427 418 3513 priis
464 3424 816 3495 Parochis‘?

388 3519 454 3583 S.
508 3518 584 3581 R.
644 3521 755 3601 C.‚
818 3527 946 3581 tam
994 3535 1155 3583 voce
1199 3536 1389 3603 quam
1434 3516 1684 3605 scriptis
1715 3536 1855 3603 par-

248 3603 427 3757 tibug
474 3602 959 3672 informantibus
995 3606 1250 3690 auditis,
1298 3607 1547 3672 censuit
1597 3624 1855 3692 respon·

245 3693 381 3757 den
433 3710 591 3760 um:

387 3779 485 3847 Ad
539 3785 597 3847 1.
632 3802 672 3846 ι
706 3782 1124 3865 Affirmative,
1162 3782 1370 3870 quoad
1406 3784 1678 3870 primam
1716 3803 1851 3870 par·

248 3877 437 3953 tem3
486 3871 824 3955 Negative,
875 3871 1082 3955 quoad
1131 3871 1480 3938 secundam
1516 3894 1581 3936 ν.

388 3956 483 4022 Ad
533 3962 605 4023 2.
656 3979 693 4020 ‹
727 3959 1119 4024 Affirmative
1155 3982 1219 4025 ν.

386 4043 481 4109 Ad
532 4049 600 4112 3.
646 4065 686 4109 ι
721 4048 803 4111 Ut
847 4048 925 4113 ad
975 4046 1252 4133 primum
1286 4069 1347 4111 ».

388 4136 467 4196 Et
515 4133 593 4197 ita
630 4134 923 4200 decrevit
970 4145 1034 4200 et
1078 4135 1316 4200 servari
1353 4135 1699 4201 mandavit.
1734 4134 1845 4200 Die

248 4222 337 4283 22
388 4220 588 4287 Martii
641 4224 836 4288 1710.

250 4391 506 4461 22οι.
882 4397 1218 4464 PENNEN.
1617 4397 1846 4483 (3823)

381 4571 858 4636 praetendente
927 4572 1229 4638 Michaele
1295 4572 1473 4638 Malia
1535 4574 1847 4639 moderno

156 4741 163 4744 -
245 4657 487 4725 Abbati·
537 4669 605 4723 et
653 4658 855 4745 prima
903 4657 1223 4745 nignitate
1264 4649 1587 4727 Ecclesiae
1635 4661 1847 4727 Colle-

248 4747 454 4831 giatae
522 4750 757 4813 Terrae
828 4747 1077 4813 Laureti
1148 4750 1429 4814 Pennen.
1496 4748 1842 4830 DioecesiS,

246 4853 485 4900 novum
558 4831 622 4898 in
690 4834 975 4900 Ecclesia
1040 4833 1359 4921 praedicta
1432 4836 1842 4903 introducere

242 4920 768 5006 Gaeremoniale,
837 4933 902 4987 et
970 4923 1254 5008 gaudere
1320 4922 1844 5008 praeeminentiis

242 5009 321 5073 ab
353 5009 884 5076 Antecessoribus
921 5025 1247 5096 nunquam
1281 5010 1661 5099 praetensiS‚
1696 5012 1874 5095 quia.

239 5099 451 5161 solum
500 5095 739 5164 debitis
785 5098 1134 5164 Abbatibus
1190 5097 1586 5184 pollentibus
1635 5097 1844 5182 digni-

243 5193 374 5250 tate
434 5184 612 5269 quasi
664 5185 1070 5272 Episcopali3
1119 5185 1485 5273 Capitulum
1537 5198 1600 5250 et
1646 5186 1841 5252 cano-

381 5378 464 5452 (1)
502 5379 569 5437 s.
604 5379 747 5436 nuh.
782 5378 836 5436 s.

1964 443 2085 509 nici
2136 443 2523 530 collegiatae
2575 443 2974 529 praedictae,
3030 443 3107 510 ad
3164 443 3547 509 obviandum

1967 531 2512 619 praetensiouibus
2567 531 2928 617 praedictis,
2976 534 3048 596 ad
3101 534 3168 598 S.
3213 533 3288 596 R.
3327 533 3398 596 c.
3453 550 3547 595 re·

1963 637 2220 684 cursum
2271 619 2659 686 habuerunt.
2702 624 2866 686 Haec
2913 621 2993 685 de
3043 638 3248 702 more,
3298 617 3550 705 scriptis

1964 705 2168 771 literis
2214 705 2714 793 Arcbiepiscopo
2754 727 2869 793 pro
2905 706 3370 788 informatione,
3406 716 3550 792 post

1961 794 2247 859 auditum
2298 794 2606 860 Abbatem
2659 794 3096 881 praedictum,
3153 794 3291 879 ipse
3337 810 3545 858 coram

1963 881 2277 968 Episcopo
2325 900 2452 947 non
2498 884 2898 970 comparuit;
2949 893 3015 948 et
3060 879 3303 970 pluries
3357 892 3547 966 atque

1965 968 2207 1057 pluries
2269 970 2347 1034 de
2420 968 2643 1036 ordine
2713 974 2778 1038 S.
2837 973 2910 1035 R.
2960 972 3033 1037 c.
3087 967 3167 1034 ab
3233 967 3548 1056 Episcopo

1961 1057 2188 1123 citatus
2248 1068 2312 1122 et
2369 1056 2690 1123 intimatus
2763 1059 2837 1125 ad
2910 1057 3365 1125 deducendum
3439 1075 3547 1121 sua

1961 1146 2097 1211 iura
2149 1144 2214 1210 in
2264 1147 2332 1210 S.
2360 1148 2434 1225 R.
2472 1148 2542 1211 c.
2594 1163 2918 1244 nunquam
2951 1143 3347 1232 comparuit:
3398 1163 3547 1229 qua-

1959 1245 2229 1319 propter
2276 1244 2418 1319 post
2449 1234 2670 1317 plures
2707 1233 3041 1309 dilationes
3072 1252 3269 1319 super
3316 1250 3546 1318 propo-

1959 1320 2190 1386 sitione
2255 1319 2617 1386 huiusmodi
2681 1331 2936 1408 captas,
2988 1324 3181 1385 Effius
3235 1330 3301 1384 et
3353 1322 3549 1384 Rfiius

1959 1411 2142 1474 Dom.
2173 1410 2364 1474 card.
2399 1407 2742 1473 Gabriellio
2778 1407 3167 1493 infrascripta
3198 1406 3386 1474 dubia
3436 1408 3546 1474 de·

1960 1496 2233 1562 cidenda
2281 1495 2638 1580 proposuit,
2689 1495 3028 1561 videlicet:

2101 1588 2160 1649 1.
2212 1588 2309 1649 An
2357 1583 2543 1649 liceat
2588 1582 2812 1649 Abbati
2848 1600 2965 1669 pro
2999 1595 3290 1668 tempore
3337 1582 3546 1649 Colle—

1960 1669 2164 1756 giatae
2213 1674 2277 1737 S.
2314 1669 2482 1737 Petri
2530 1675 2761 1737 Terrae
2807 1671 3061 1737 Laureti
3123 1674 3404 1735 Pennen.
3458 1669 3547 1734 uti

1960 1759 2131 1825 Sede
2178 1779 2323 1824 cuin
2374 1758 2606 1841 sulem,
2644 1758 2708 1824 in
2736 1760 3086 1824 assistendo
3142 1756 3550 1824 concionibus

1958 1846 2226 1932 aliisque
2287 1845 2555 1933 publicis
2616 1846 3048 1912 functionibus
3119 1847 3180 1911 in
3243 1845 3545 1927 Ecclesia,

1962 1946 2302 2022 praesente
2349 1932 2697 2020 capitulo?

2089 2027 2157 2088 ’2.
2209 2025 2305 2087 An
2352 2021 2539 2088 liceat
2588 2022 2799 2087 eidem
2835 2022 2897 2088 in
2936 2021 3073 2086 aliis
3121 2019 3551 2088 functionibus

1940 2100 2428 2175 'canonicalibus
2475 2119 2538 2174 et
2579 2110 3019 2175 ecclesiasticis
3051 2111 3141 2176 uti
3176 2108 3550 2197 genuflexo·

1959 2196 2056 2262 rio
2103 2216 2251 2262 cum
2313 2208 2516 2263 stratu
2577 2208 2642 2261 et
2696 2196 3013 2282 pulvinari
3061 2200 3136 2264 ad
3184 2193 3551 2263 orandum?

2093 2289 2156 2351 3.
2209 2292 2300 2350 An
2337 2285 2521 2351 liceat
2557 2285 2767 2351 eidem
2804 2285 3130 2351 celebrare
3179 2283 3421 2353 Missam
3458 2284 3549 2348 le-

1960 2384 2127 2437 ctam
2178 2392 2323 2438 cum
2372 2381 2643 2458 quatuor
2689 2373 2969 2439 candelis
3015 2369 3349 2438 accensis?

2094 2465 2156 2526 4.
2197 2462 2291 2525 An
2325 2460 2510 2525 liceat
2542 2460 2755 2526 eidem
2782 2472 3161 2546 quaestuare
3201 2458 3302 2525 vel
3350 2476 3543 2544 quae·

1958 2548 2155 2614 stuari
2204 2547 2438 2630 iacere,
2486 2549 2624 2614 sine
2673 2546 2923 2613 licentia
2963 2546 3186 2614 vicarii
3239 2545 3550 2612 Foranei‘?

2085 2640 2155 2702 ὅ.
2209 2639 2304 2700 An
2341 2635 2683 2722 cappellae
2716 2637 3164 2722 dependentes
3195 2636 3273 2701 ab
3304 2633 3547 2699 Abbate

1960 2723 2201 2811 possint
2249 2721 2387 2788 iure
2433 2723 2755 2788 ordinario
2801 2723 2902 2789 vel
2958 2724 3257 2809 delegato
3314 2721 3550 2788 visitari

1961 2829 2082 2897 per
2133 2808 2572 2897 Episcopum?

2094 2902 2171 2963 Et
2220 2898 2443 2964 eadem
2486 2901 2553 2965 S.
2587 2903 2661 2965 R.
2694 2902 2797 2981 C.‚
2837 2918 2914 2964 ex
2951 2912 3129 2986 parte
3179 2896 3447 2987 capituli
3483 2907 3549 2962 et

1961 2987 2426 3054 canonicorum
2477 2996 2719 3053 tantum
2773 2986 3318 3054 informationibus
3374 2986 3548 3052 audi-

1965 3075 2071 3156 tis,
2122 3074 2647 3162 respondendum
2700 3075 2994 3142 censuit:

2093 3162 2187 3227 Ad
2245 3167 2306 3245 1,
2356 3168 2422 3246 2,
2474 3167 2511 3229 3
2562 3172 2625 3227 et
2675 3167 2736 3229 4.
2788 3183 2826 3225 ι
2860 3163 3162 3249 Negative
3197 3187 3262 3229 ».

2095 3252 2189 3316 Ad
2240 3256 2305 3317 5.
2358 3272 2404 3314 ι
2429 3250 2820 3316 Affirmative
2851 3250 2991 3316 iure
3023 3252 3317 3339 delegato
3345 3273 3407 3316 ».
3439 3248 3549 3315 Die

1963 3343 2049 3406 22
2091 3339 2288 3405 Martii
2343 3343 2532 3406 1710.

1964 3517 2225 3585 2202.
2469 3471 2500 3486 ’
2554 3517 2971 3583 RAGUSINA.

3320 3514 3546 3602 (3824)

1982 3763 1989 3770 ,
2095 3691 2412 3778 Episcopo
2466 3690 2875 3777 suffraganeo
2941 3688 3226 3756 civitatis
3288 3690 3548 3776 Ragusi-

1961 3799 2081 3846 nae
2129 3780 2297 3867 apud
2345 3783 2413 3845 S.
2453 3783 2530 3845 R.
2570 3782 2641 3845 c.
2706 3797 2821 3863 pro
2883 3776 3314 3844 declaratione
3359 3778 3547 3866 infra-

1959 3868 2346 3953 scriptorum
2392 3866 2733 3934 dubiorum
2792 3867 3067 3933 demisse
3120 3863 3547 3955 supplicante,

1961 3956 2309 4022 videlicet:

2099 4049 2154 4109 1.
2219 4046 2314 4109 An
2381 4043 2731 4130 Episcopus
2777 4042 3256 4128 suffraganeus,
3313 4040 3422 4129 qui
3487 4041 3549 4107 in

1959 4131 2224 4198 Civitate
2287 4131 2384 4197 sui
2441 4131 2906 4218 metropolitani
2965 4133 3046 4197 de
3095 4131 3320 4196 ordine
3375 4130 3548 4199 Sani

1958 4227 2416 4301 commoratur,
2466 4238 2592 4285 non
2624 4220 2842 4285 valens
2867 4218 2937 4284 in
2971 4218 3226 4319 propria
3267 4216 3552 4285 Dioecesi

1957 4308 2358 4389 commorari,
2407 4308 2606 4394 possit
2654 4306 2715 4374 in
2766 4307 2931 4374 dicta
2976 4305 3243 4372 civitate
3290 4307 3547 4373 deferre

1960 4396 2325 4463 rochettum
2368 4397 2486 4462 sub
2529 4395 2961 4477 mantelletta,
3005 4394 3332 4461 occasione
3379 4396 3549 4460 cele·

1960 4482 2516 4636 brandiPSacrum,
2552 4484 2650 4548 vel
2689 4482 2982 4548 visitandi
3021 4484 3190 4549 cives
3225 4481 3419 4568 ipsius
3450 4481 3548 4548 ci-

1957 4571 2174 4637 vitatis

2087 4664 2152 4725 2.
2201 4661 2297 4724 An
2354 4660 2704 4745 Episcopus
2768 4659 3160 4744 praedictus,
3213 4668 3283 4723 ut
3328 4676 3544 4745 supra,

1952 4749 2151 4832 possit
2199 4759 2376 4814 extra
2441 4750 2708 4814 domum
2769 4764 2882 4832 per
2937 4745 3268 4812 Civitatem
3322 4749 3547 4811 Metro-

1955 4836 2215 4921 politani
2268 4836 2562 4917 deferre,
2613 4832 2998 4917 ut-dicitur,
3049 4834 3103 4900 il
3165 4832 3548 4901 Mantua-lione

1954 4940 2100 4988 cum
2150 4920 2516 4988 Zimarra?
3243 4935 3258 4952 ²

2085 5015 2146 5076 3.
2200 5011 2296 5075 An
2345 5007 2542 5095 possit
2591 5009 2904 5097 Episcopo
2953 5010 3279 5097 praedicto
3317 5012 3546 5076 Metro-

1954 5097 2272 5184 politanus
2342 5095 2683 5185 prohibere
2754 5100 3013 5164 Sacrum
3085 5097 3415 5164 celebrare
3485 5096 3546 5161 in

1955 5186 2206 5271 propria
2254 5181 2506 5252 domo?
2537 5187 2634 5272 (1)
3472 5184 3481 5194 ’
