4042 5950
434 883 443 894 -
563 832 813 903 2297.

1848 272 2390 361 ,-48-

560 442 698 585 :gt
742 430 1269 586 Agcbiepiscopus
1311 432 1617 499 concedat
1664 431 1984 498 licentiam
2018 450 2124 496 ce·

589 538 625 584 e
670 539 779 585 ran
833 541 939 584 i».

696 612 773 673 Et
816 608 899 672 ita
944 606 1230 672 decrevit
1258 628 1326 674 ac
1357 607 1591 673 servari
1636 607 1975 674 mandavit.
2012 605 2124 672 Die

563 699 600 761 3
648 695 844 761 Martii
899 698 1088 761 1731.

1100 834 1606 902 FLORENTmA.
1897 833 2120 919 (asos)

692 958 785 1024 Ad
863 955 1248 1026 humillimas
1314 975 1546 1056 preces
1622 955 1983 1023 Abbatissae
2061 968 2125 1021 et

563 1045 926 1112 monialium
1000 1043 1350 1111 nonasterii
1426 1046 1495 1109 S.
1557 1044 1777 1109 Donati
1853 1043 1971 1107 sub
2012 1043 2123 1130 {re-

562 1134 710 1217 gula
755 1135 822 1198 S.
855 1129 1179 1199 Benedicti
1210 1129 1455 1197 Ordinis
1488 1129 1920 1197 Cisteroiensis
1947 1142 2126 1195 extra

561 1220 810 1285 moenia
855 1218 1135 1286 Civitatis
1179 1216 1560 1299 Florentiae,
1611 1220 1676 1283 S.
1714 1223 1788 1285 R.
1832 1222 1904 1285 0.
1951 1217 2126 1283 heni-

563 1321 689 1392 gne
736 1306 995 1373 indulsit
1021 1316 1209 1388 atque
1234 1303 1578 1370 concessit:
1615 1326 1653 1369 ‹
1686 1308 1766 1371 Ut
1810 1304 1984 1392 ipsae
2009 1305 2124 1370 im-

564 1404 915 1481 posterum,
952 1404 1077 1458 tam
1112 1392 1175 1457 in
1205 1391 1312 1457 die
1360 1394 1543 1456 Festo
1575 1410 1765 1477 quam
1816 1411 1931 1480 per
1962 1400 2130 1458 octa-

562 1499 703 1546 vam
749 1484 815 1547 S.
866 1479 1111 1560 Donati,
1158 1478 1253 1545 uti
1300 1496 1517 1546 earum
1586 1479 1936 1546 monasterii
1985 1482 2132 1544 Pro-

564 1567 843 1652 tectoris‚
891 1566 1251 1633 Orationem
1298 1576 1363 1631 et
1420 1569 1754 1633 Lectiones
1814 1567 2127 1653 propi-iac,

564 1657 737 1721 iuxta
790 1653 1304 1740 approbationem
1351 1672 1467 1751 pro
1532 1654 1809 1722 Ecclesia
1871 1654 2127 1720 Aretina

565 1742 813 1823 factam,
862 1758 982 1806 nec
1026 1759 1152 1806 non
1197 1757 1451 1806 nomina
1498 1743 1867 1807 Sanctorum
1927 1744 2130 1807 Bene·

563 1828 713 1894 dicti
764 1838 826 1894 et
872 1827 1166 1893 Bernardi
1218 1828 1282 1894 in
1315 1829 1625 1912 Confiteor
1670 1828 1939 1894 recitare
1990 1847 2129 1915 pos-

562 1915 689 1981 sint
737 1927 799 1980 et
843 1916 1184 1981 valeant».
1236 1914 1345 1981 Die
1380 1915 1636 1983 3Martii
1688 1918 1883 1981 1731.

566 2056 822 2125 2298.
1066 2056 1663 2143 rssvicANA„

1150 2146 1540 2211 msicmuu

951 2233 1050 2298 At:
1096 2232 1745 2299 CONSECRATIONIS

698 2323 799 2385 nr
843 2318 1441 2385 msrmsurioms
1486 2321 1660 2384 onst
1696 2322 1991 2387 swern.

698 2447 843 2509 Tam
890 2460 1083 2528 super
1128 2441 1446 2509 delatione
1495 2441 1835 2529 insignium
1865 2444 2130 2508 Canoni-

567 2531 835 2611 calium,
912 2546 1146 2615 nempe
1226 2527 1453 2616 caputii
1532 2547 1676 2594 cum
1742 2529 1996 2596 almutia
2063 2541 2128 2596 et

568 2617 744 2683 brevi
816 2615 1008 2682 cauda
1056 2616 1131 2681 ad
1200 2616 1390 2680 instar
1435 2618 1633 2681 stolae
1701 2615 2130 2683 sinistrorsum

568 2704 919 2792 pendente,
954 2701 1181 2767 coloris
1211 2703 1499 2786 violacei,
1534 2702 1807 2789 hyemali
1841 2714 2130 2792 tempore

566 2790 741 2877 pelle
788 2791 953 2856 varia
999 2808 1081 2855 ex
1126 2789 1257 2855 alba
1302 2800 1368 2855 et
1423 2790 1640 2876 nigra,
1688 2790 1923 2857 aestivo
1975 2801 2130 2857 tem·

569 2896 729 2965 pore
771 2876 973 2943 serico
1019 2876 1309 2944 eiusdem
1367 2878 1596 2943 coloris
1641 2877 1938 2961 violacei,
1988 2897 2131 2944 coo-

569 2975 780 3052 perto,
826 2985 898 3030 ac
940 2964 1231 3031 rochetto
1279 2963 1511 3051 absque
1555 2964 1832 3049 manicis,
1880 2966 1957 3030 ab
1987 2966 2134 3053 Epi·

568 3070 760 3139 scopo
786 3051 1128 3118 Trevicano
1174 3053 1426 3137 utrique
1473 3052 1658 3119 Clero
1705 3054 2130 3119 Ecclesiarum

569 3139 1058 3226 Collegiatarum
1133 3144 1198 3207 S.
1267 3138 1501 3206 loannis
1562 3139 1873 3227 Baptistae
1945 3139 2129 3207 Carifi

572 3239 634 3294 et
694 3232 756 3296 S.
810 3227 1033 3293 Mariae
1089 3228 1173 3294 de
1233 3233 1448 3294 Fracta
1502 3226 1759 3292 Castelli
1819 3227 2133 3294 Dioecesis

570 3316 941 3384 Trevicanae
988 3334 1148 3382 anno
1200 3320 1365 3383 1729
1411 3333 1893 3398 concessorum;
1942 3333 2130 3401 quam

570 3424 644 3469 su
731 3424 763 3468 r
808 3402 1128 3468 delatione
1173 3402 1439 3468 aliorum
1489 3401 1824 3486 insignium
1871 3402 2129 3470 Canoni-

571 3494 835 3573 caium,
906 3507 1141 3575 nempe
1208 3497 1557 3554 monettae
1627 3508 1772 3555 cum
1839 3491 2130 3579 rochetto

573 3577 822 3663 integro
869 3586 932 3641 et
977 3574 1253 3660 caputio,
1315 3577 1433 3642 sub
1481 3586 1813 3660 praetextu
1874 3578 2129 3642 illorum

572 3661 1081 3746 reintegrationis
1126 3681 1161 3725 a
1205 3664 1291 3727 cl.
1340 3681 1473 3728 me.
1520 3661 1771 3747 viglino
1816 3664 2131 3751 Episcopo

573 3750 912 3816 Trevicano
983 3766 1183 3832 usque
1245 3750 1320 3814 ab
1386 3768 1547 3814 anno
1613 3752 1778 3815 1704
1845 3750 2132 3836 Capitulo

574 3837 745 3904 illius
812 3834 1197 3902 Catbedralis
1264 3851 1749 3915 concessorum3
1820 3856 1936 3903 nec
2005 3856 2132 3902 non

577 3924 765 3989 etiam
809 3942 1003 4010 super
1049 3924 1471 3990 controversia
1527 3923 2009 3990 consecrationis
2068 3934 2135 3990 et

1901 2056 2123 2141 (4000)

2357 434 2484 498 Nec
2529 451 2658 499 non
2717 433 2839 498 alio
2886 432 3118 501 dubio:
3189 437 3284 499 An
3347 433 3645 499 standum
3713 433 3793 498 sit

2229 519 2329 585 vel
2395 520 2833 587 recedendum
2878 542 2910 585 a
2956 520 3189 587 decisis
3234 522 3300 585 in
3346 524 3410 589 S.
3445 524 3519 587 0.
3557 521 3665 586 die
3714 524 3792 585 19

2228 606 2550 673 Februarii
2589 611 2778 689 1707,
2812 617 2939 673 tam
2973 608 3178 692 quoad
3205 608 3547 674 Ecclesiam
3578 608 3644 673 in
3671 626 3794 691 qua

2228 692 2368 759 fieri
2416 693 2644 759 debeat
2703 694 3092 761 consecratio
3150 695 3287 761 Olei
3331 696 3525 760 sancti
3573 695 3636 760 in
3689 695 3794 763 die

2230 784 2478 846 Coenae
2525 780 2796 864 Domini,
2844 799 3030 865 quam
3074 782 3282 866 quoad
3338 782 3683 848 Ecclesiam
3729 785 3793 848 in

2232 886 2354 951 qua
2402 867 2539 934 fieri
2588 867 2817 934 debeat
2865 868 3037 934 illius
3080 866 3484 936 distributio?

2361 957 2429 1022 S.
2478 955 2701 1021 eadem
2747 960 2820 1022 R.
2870 959 2974 1038 0.,
3027 955 3279 1041 scriptis
3330 967 3395 1022 et
3441 976 3597 1022 voce
3651 961 3796 1022 Pro-

2231 1040 2625 1108 curatoribus
2669 1042 2941 1129 Capituli
2992 1043 3382 1110 cathedralis
3411 1063 3496 1107 ex
3526 1064 3671 1127 una,
3706 1054 3800 1109 at·

2229 1145 2356 1211 que
2423 1132 2771 1194 Promotori
2837 1130 3051 1197 Fiscali
3120 1131 3622 1216 supradictarum
3681 1136 3800 1197 Ec·

2233 1214 2564 1281 clesiarum
2622 1220 2688 1283 S.
2726 1217 2945 1283 Mariae
2992 1218 3074 1283 de
3136 1221 3346 1283 Fracta
3413 1219 3671 1284 Castelli
3737 1233 3804 1283 et

2229 1306 2294 1369 S.
2333 1301 2577 1369 loannis
2621 1302 2932 1390 Baptistae
2978 1303 3161 1370 Carifi
3209 1305 3489 1391 pertibus
3519 1326 3602 1371 ex
3641 1307 3803 1370 alte-

2230 1407 2321 1473 ra,
2371 1388 2853 1487 informantibus
2902 1402 2966 1456 et
3011 1390 3264 1474 auditis,
3314 1392 3802 1460 rescribendum

2230 1488 2518 1544 censuit:

2362 1564 2455 1629 Ad
2512 1571 2569 1631 1.
2622 1587 2660 1630 ‹
2694 1566 3037 1653 Negative,;
3089 1578 3155 1634 et
3199 1567 3476 1653 amplius
3509 1589 3574 1634 ιν.

2361 1653 2454 1718 Ad
2501 1659 2566 1719 2.
2615 1674 2654 1715 «
2685 1654 3011 1739 Negative,
3070 1656 3274 1740 quoad
3331 1655 3593 1741 insignia
3651 1675 3807 1721 con-

2229 1759 2400 1806 cessa
2447 1742 2522 1807 ab
2569 1741 2931 1826 Episcopis;
2983 1751 3048 1806 et
3094 1741 3445 1826 amplius».

2364 1832 2440 1893 Et
2486 1829 2691 1913 quoad
2725 1829 2999 1894 alterum
3029 1828 3336 1896 dubium:
3371 1832 3494 1896 «ln
3526 1831 3806 1915 decisis;

2237 1925 2299 1979 et
2346 1916 2615 2001 amplius
2649 1939 2712 1979 ν.

2361 2005 2440 2067 Εῑ
2484 2004 2567 2068 ita
2598 2002 2887 2069 decrevit
2926 2015 2990 2069 et
3021 2004 3259 2071 servari
3293 2004 3636 2071 mandavit.
3688 2006 3808 2071 Die

2233 2092 2318 2157 28
2364 2090 2597 2176 Aprilis
2646 2093 2834 2156 1731.

2232 2232 2489 2299 2299.
2887 2236 3169 2301 BAREN.
3572 2233 3810 2321 (coos)

2364 2353 2697 2421 Existente
2747 2356 2810 2420 in
2857 2359 3048 2421 Terra
3093 2356 3492 2441 Aquaevivae
3539 2358 3815 2423 Dioece-

2231 2443 2311 2508 sis
2382 2446 2605 2507 Baren.
2671 2443 2946 2509 Ecclesia
3008 2443 3354 2527 collegiata
3422 2445 3540 2510 sub
3611 2445 3811 2510 titulo

2232 2533 2297 2596 S.
2350 2529 2666 2594 Eustachii
2713 2533 2919 2613 Mart„
2971 2530 3148 2597 cuius
3192 2531 3419 2596 Clerns
3475 2533 3811 2616 componi·

2234 2628 2336 2682 tur
2360 2634 2439 2681 ex
2465 2616 3033 2702 Archipresbytero
3055 2619 3253 2704 prima
3282 2618 3625 2704 nignitate,
3642 2620 3812 2685 duo·

2233 2703 2349 2769 bus
2395 2702 2773 2769 Primiceriis
2833 2717 2898 2770 et
2961 2704 3213 2788 triginta
3273 2716 3415 2770 octo
3476 2706 3814 2772 Canonicis

2233 2810 2346 2856 seu
2389 2790 2784 2878 Presbyteris
2845 2790 3193 2874 installatiS,
3228 2811 3348 2858 nec
3406 2812 3533 2858 non
3582 2811 3665 2858 ex
3715 2793 3813 2860 in·

2231 2877 2656 2944 determinato
2690 2896 2957 2943 numero
2981 2878 3366 2962 simplicium
3389 2880 3812 2947 Sacerdotum

2234 2964 2744 3052 originariorum,
2780 2965 2948 3031 inter
2977 2986 3160 3051 quos,
3190 2966 3250 3032 in
3293 2966 3632 3053 explendis
3657 2968 3807 3036 fun-

2231 3051 2542 3120 ctionibus
2590 3052 3049 3134 ecclesiasticis,
3084 3053 3307 3119 unicus
3355 3055 3513 3134 ordo
3559 3053 3806 3141 absque

2232 3140 2360 3205 ulla
2418 3140 2910 3207 contradictione
2970 3158 3229 3227 semper
3285 3150 3571 3207 servatus
3641 3141 3802 3229 iuit;

2230 3226 2521 3293 canonici
2569 3226 2759 3291 modo
2806 3227 3227 3311 praetendere
3267 3238 3646 3315 coeperunt,
3697 3250 3809 3296 oc-

2229 3315 2472 3380 casione
2533 3312 2973 3379 celebrationis
3037 3314 3356 3381 Missarum
3415 3315 3808 3383 solemnium

2234 3414 2298 3467 et
2358 3401 2599 3488 primae
2669 3401 2920 3483 classis,
2983 3420 3144 3486 quae
3205 3402 3281 3467 ad
3347 3402 3518 3468 illius
3576 3405 3809 3470 Archi·

2232 3488 2676 3575 presbyterum
2723 3498 3032 3575 spectant,
3069 3507 3144 3553 eo
3204 3490 3466 3556 absente
3512 3488 3615 3554 vel
3683 3493 3813 3556 im-

2233 3575 2476 3663 pedito,
2524 3575 2600 3640 ad
2651 3576 3083 3642 exclusionem
3133 3576 3453 3641 dictorum
3504 3577 3812 3644 Primice-

2236 3663 2502 3746 riorum,
2553 3681 2678 3728 non
2725 3664 3013 3728 obstante
3060 3673 3289 3728 asserta
3325 3682 3549 3730 eornm
3583 3665 3810 3732 lavore

2235 3751 2720 3828 consuetudine;
2755 3752 2872 3817 hoc
2898 3766 3127 3816 munus
3158 3750 3234 3815 ab
3265 3749 3414 3836 ipsis
3441 3751 3807 3834 canonicis,

2235 3834 2403 3901 iuxta
2429 3838 2748 3923 propriam
2772 3836 3197 3902 antianitatem
3224 3838 3614 3924 explendum
3633 3857 3808 3921 esse,

2233 3922 2351 3990 sub
2395 3924 2629 3988 motivo
2676 3925 2846 4008 quod
2893 3922 3236 3988 Primicerii
3268 3936 3578 4009 quatenus
3607 3927 3808 3993 Cbori

575 4009 1031 4077 distributionis
1088 4009 1222 4076 Olei
1271 4010 1503 4092 sancti,
1558 4010 1841 4094 quamvis
1888 4011 1997 4075 ista
2047 4011 2133 4076 fa·
2215 4010 2526 4096 regimini
2574 4010 2916 4097 praepositi
2960 4011 3082 4076 sint
3114 4029 3466 4096 eorumque
3512 4011 3808 4079 Officium

574 4117 730 4163 vore
796 4098 1000 4166 dictae
1066 4097 1454 4164 cathedralis
1521 4096 1640 4163 sub
1716 4097 1823 4163 die
1891 4101 1968 4163 10
2030 4102 2139 4164 Fe-

576 4183 806 4251 bruarii
857 4188 1018 4251 1707
1061 4183 1180 4248 iam
1227 4185 1499 4249 resoluta
1548 4184 1765 4266 fuerit,
1803 4183 2010 4250 habito
2057 4184 2132 4249 ad

576 4277 641 4340 S.
691 4276 764 4338 R.
828 4276 900 4339 0.
954 4289 1252 4353 recursu,
1301 4291 1369 4335 ac
1435 4290 1628 4356 super
1697 4271 1940 4338 eisdem
2018 4289 2135 4357 per

577 4364 803 4428 Emum
853 4369 915 4425 et
960 4362 1188 4424 Rmum
1249 4363 1321 4426 D.
1368 4358 1552 4425 Card.
1587 4358 1728 4424 Pico
1786 4363 2134 4425 Ponentem
2197 4353 2207 4367 ⁸

577 4448 911 4537 propositis
959 4444 1368 4532 infrascriptis
1430 4444 1635 4510 dubiis
1698 4444 1864 4510 inter
1924 4456 2134 4530 partes

576 4533 964 4603 concordatis
1005 4531 1260 4618 illisque
1305 4531 1624 4614 discussis,
1670 4550 1937 4619 nempe:

714 4628 772 4688 1.
821 4628 917 4688 An
963 4622 1282 4687 concessio
1343 4618 1681 4706 insignium
1710 4659 1743 4700 ,-
1779 4619 1858 4685 de
1904 4618 2134 4703 quibus

578 4709 805 4795 agitur,
838 4710 998 4775 facta
1036 4711 1112 4776 ab
1158 4709 1470 4795 Episcopo
1501 4704 1842 4772 Trevicano
1874 4705 2137 4791 Presby-

582 4795 733 4859 teris
792 4796 1108 4862 Ecclesiae
1167 4799 1233 4862 S.
1284 4795 1523 4862 loannis
1580 4792 1889 4878 Baptistae
1952 4791 2132 4860 Garifi

580 4891 645 4946 et
690 4884 756 4945 S.
794 4883 1015 4947 uariae
1061 4885 1143 4949 de
1189 4886 1401 4949 Fracta
1465 4881 1720 4949 Castelli
1766 4881 2132 4967 collegiata·

585 4984 725 5033 rum
770 4966 1152 5032 sustineatur
1200 4970 1261 5036 in
1308 4967 1489 5035 casu?

711 5058 776 5119 2.
827 5055 923 5118 An
967 5053 1326 5138 Capitulum
1370 5054 1753 5122 Catbedralis
1821 5051 2138 5120 Ecclesiae

585 5139 965 5207 Trevicanae
1027 5143 1107 5204 sit
1160 5142 1701 5207 manutenendum
1770 5139 1833 5205 in
1892 5157 2138 5224 posses·

597 5228 772 5297 sione
818 5247 931 5294 seu
968 5228 1141 5310 quasi
1187 5229 1577 5310 possessione
1620 5225 1951 5290 deferendi
2000 5223 2144 5288 insi·

588 5318 760 5403 guia,
808 5316 890 5384 de
935 5312 1167 5399 quibus
1209 5312 1415 5398 agitur
1458 5314 1523 5380 in
1567 5307 1747 5374 casu?

2235 4098 2395 4164 circa
2429 4107 2682 4163 cantum
2705 4108 3018 4179 versetur,
3046 4097 3285 4164 dictum
3311 4100 3590 4165 Cborum
3615 4119 3811 4166 num·

2236 4203 2420 4269 quam
2470 4185 2920 4269 derelinquere
2965 4195 3252 4268 possunt.
3301 4186 3597 4269 Proinde,
3630 4189 3810 4254 exci-

2239 4271 2378 4336 tatis
2421 4293 2454 4336 a
2499 4271 2793 4356 praefatis
2826 4270 3150 4337 Canonicis
3174 4272 3474 4339 adversus
3506 4274 3811 4340 Primice·

2237 4359 2360 4423 rios
2411 4359 2699 4444 pluribus
2745 4357 3212 4442 controversiiS,
3261 4358 3519 4444 illisque
3565 4380 3598 4423 a
3643 4364 3807 4427 Rffio

2238 4447 2350 4511 SS.
2398 4444 2642 4510 Domini
2702 4443 2908 4509 Nostri
2969 4445 3277 4511 Auditore
3340 4450 3415 4513 ad
3484 4451 3550 4515 S.
3599 4451 3676 4514 R.
3726 4451 3805 4514 0.

2241 4531 2550 4609 remissis3
2600 4535 2790 4596 Emus
2837 4542 2899 4596 et
2930 4535 3123 4596 Rflius
3154 4536 3333 4599 Dom.
3368 4536 3553 4602 Card.
3588 4534 3808 4600 Porzia

2235 4623 2474 4683 Ponens
2521 4617 2908 4702 infrascripta
2954 4617 3138 4683 dubia
3185 4618 3353 4686 inter
3396 4634 3607 4708 partes
3651 4640 3808 4687 con-

2240 4705 2486 4771 cordata
2534 4705 2904 4773 declaranda
2950 4707 3280 4792 proposuit
3316 4729 3370 4776 ε.

2376 4798 2433 4858 1.
2483 4795 2579 4858 An
2634 4791 2901 4859 directio
2958 4791 3143 4858 chori
3201 4793 3510 4879 privative
3555 4805 3811 4881 spectet

2241 4882 2317 4948 ad
2362 4875 2811 4946 Primicerios‘?
2853 4889 2916 4945 et
2963 4888 3272 4964 quatenus
3317 4880 3712 4965 affirmative,

2374 4972 2439 5031 2.
2489 4972 2586 5033 An
2635 4967 2872 5034 eisdem
2922 4969 3024 5032 vel
3073 4985 3295 5032 eorum
3339 4968 3537 5033 altero
3580 4970 3806 5035 absen-

2242 5052 2435 5135 tibus,
2490 5055 2728 5141 possint
2769 5051 3107 5120 Primicerii
3141 5054 3485 5139 subrogare
3509 5055 3621 5120 sibi
3655 5055 3807 5120 sim-

2242 5137 2479 5221 plicem
2513 5141 2981 5223 Presbyterum
3015 5140 3117 5206 vel
3150 5140 3362 5226 potius
3393 5142 3667 5207 debeant
3695 5144 3809 5206 Ca-

2248 5224 2456 5289 nonici
2506 5244 2727 5290 eorum
2775 5223 2945 5291 vices
2988 5228 3293 5326 supplere
3338 5244 3576 5312 eosque
3617 5226 3808 5293 coad-

2259 5307 2473 5374 iuvare
2520 5310 2584 5374 in
2628 5307 2922 5375 canendis
2967 5308 3368 5397 antiphonis?
