4042 5950
1586 291 2001 367 -95-

167 458 370 513 ratore
418 449 657 529 audito,
704 449 781 514 ad
830 448 1210 515 relationem
1261 449 1550 515 eiusdem
1595 447 1736 514 Emi
1840 450 2009 533 poris
2040 446 2290 515 Christi.
2321 451 2478 514 Cum
2509 460 2744 531 autem,
2781 451 3080 536 vesperis
3111 437 3456 538 expletiS,'

171 536 484 619 Ponentis,
536 536 1017 602 rescribendum
1063 538 1344 602 censuit:

290 624 388 688 Ad
429 629 486 690 1.
525 647 562 688 ‹
594 623 1009 706 Affirmative,
1044 625 1121 691 ad
1153 624 1423 709 primam
1455 637 1739 710 partem;

168 710 494 796 Negative,
541 712 615 778 ad
663 714 1007 778 secundam
1044 735 1108 776 ».

291 800 389 866 Ad
435 804 504 865 9..
555 822 592 863 ι
625 801 932 885 Negative
966 824 1031 863 ».

289 888 388 953 Ad
436 893 502 953 3.
552 910 589 951 ‹
622 886 944 954 Provisum
995 888 1060 952 in
1106 888 1610 955 antecedenti».

289 979 370 1039 Et
423 975 510 1040 ita
567 974 914 1041 declaravit
972 995 1041 1040 ac
1101 977 1334 1041 servari
1393 976 1739 1041 mandavit.

166 1065 271 1128 Die
324 1067 406 1128 16
455 1062 848 1150 Septembris
900 1065 1089 1128 1747.

173 1200 430 1270 2398.
784 1202 1124 1267 vacuus.
1514 1201 1740 1289 (4¹94)

291 1328 733 1396 Renuentibus
778 1325 1123 1391 Abbatibus
1172 1335 1234 1389 et
1266 1325 1594 1392 Canonicis
1628 1331 1740 1392 Ec·

167 1416 501 1483 clesiarum
545 1414 1041 1500 collegiatarum
1088 1416 1194 1480 SS.
1244 1414 1564 1496 Audoeni,
1599 1417 1745 1480 Mat·

170 1503 328 1568 thaei
391 1517 458 1569 et
518 1505 751 1571 Nicolai
813 1502 1095 1568 Civitatis
1149 1501 1418 1585 Veglen.
1470 1501 1644 1568 Feria
1693 1504 1745 1567 V

167 1590 412 1657 maioris
479 1589 923 1660 Hebdomadas
993 1588 1306 1674 Episcopo
1361 1610 1532 1655 sacra
1597 1589 1743 1656 Olea

166 1680 542 1746 solemniter
586 1676 992 1747 benedicenti
1038 1677 1365 1760 assistere,
1414 1678 1519 1743 vel
1589 1679 1748 1744 duo·

168 1767 366 1832 decim
401 1768 816 1853 presbyteros
848 1763 956 1848 qui
991 1762 1094 1828 tali
1123 1763 1338 1831 Officio
1373 1764 1743 1850 fungantur,

169 1853 225 1918 in
255 1873 447 1919 suum
483 1856 694 1921 locum
724 1855 1105 1938 subrogare3
1156 1865 1347 1934 atque
1379 1857 1748 1918 Promotore

168 1940 382 2006 Fiscali
428 1943 656 2009 Curiae
704 1939 1091 2027 Episcopalis
1135 1943 1521 2007 reclamante
1591 1942 1745 2005 alte-

167 2043 445 2113 rutrum,
496 2032 670 2096 iuxta
717 2030 979 2095 formam
1029 2029 1278 2095 Decreti
1326 2028 1402 2092 ab
1431 2028 1747 2115 Episcopo

169 2118 470 2218 veglensi
517 2138 678 2184 anno
730 2120 896 2183 1740
945 2116 1126 2201 editi,
1161 2140 1192 2181 a
1240 2116 1579 2202 praedictis
1628 2117 1747 2181 Ab·

171 2206 412 2272 batibus
439 2217 505 2271 et
525 2206 854 2273 Canonicis
885 2223 1021 2268 esse
1055 2205 1534 2289 praestandum,
1568 2223 1748 2269 causa

170 2295 240 2360 ad
284 2296 352 2360 8.
394 2298 468 2360 R.
505 2297 580 2360 C.
628 2294 836 2360 delata
887 2291 1030 2372 fuit,
1081 2294 1181 2358 cui
1229 2296 1424 2357 Emus
1459 2303 1524 2356 et
1553 2294 1747 2357 limus

171 2385 234 2448 D.
283 2383 477 2448 Card.
528 2381 943 2449 Cavalchinus
986 2382 1271 2461 Ponens,
1322 2389 1393 2444 ut
1449 2378 1543 2444 liti
1607 2379 1746 2444 finis

171 2471 646 2557 imponeretur,
703 2466 1095 2553 infrascripta
1149 2467 1340 2536 dubia
1392 2467 1748 2533 decidenda

169 2559 522 2643 proposuit,
573 2576 857 2643 nempe:

297 2650 354 2711 1.
396 2649 493 2711 An
525 2644 799 2710 Abbates
833 2655 898 2708 et
926 2642 1228 2709 Canonici
1251 2643 1743 2728 collegiatarum

170 2736 275 2801 88.
324 2734 652 2816 Αιιᾱο9ιιί,
700 2732 992 2798 Matthaei
1042 2744 1105 2796 et
1150 2730 1386 2797 Nicolai
1432 2750 1561 2796 non
1600 2732 1745 2796 mit-

167 2832 370 2887 tentes
402 2821 750 2888 duodecim
783 2817 1189 2904 Presbyteros
1223 2829 1469 2903 paratos
1500 2821 1576 2885 ad
1611 2838 1752 2885 nor-

171 2927 323 2975 mam
377 2909 644 2977 Decreti.
677 2909 814 2975 Rsni
861 2907 1160 2994 Episcopi
1204 2925 1366 2973 anno
1404 2909 1595 2992 1740,
1632 2926 1746 2993 pro

167 2997 511 3064 assistentia
538 3010 602 3061 et
626 2996 886 3063 servitio
914 2995 1285 3082 praestando
1320 2994 1744 3062 benedictioni

45 3170 46 3185 χ
167 3104 485 3151 sacrorum
532 3085 834 3150 Oleorum
883 3083 1060 3149 Feria
1106 3086 1158 3149 V
1205 3082 1456 3147 maioris
1502 3085 1749 3150 Hebdo-

168 3174 410 3256 madae,
446 3183 786 3238 teneantur
833 3173 1145 3237 interesse
1194 3180 1260 3235 et
1292 3170 1599 3235 inservire
1631 3192 1750 3258 per

167 3263 461 3348 seipsos,
501 3271 564 3326 et
595 3260 715 3326 sub
745 3278 865 3344 qua
914 3276 1117 3344 poena
1165 3257 1228 3323 in
1276 3278 1418 3323 casu
1469 3257 1747 3324 reniten-

173 3348 339 3415 tiae‘?
390 3360 455 3415 et
501 3358 815 3433 quatenus
861 3345 1256 3430 affirmative,

293 3441 365 3503 2.
415 3439 510 3502 An
556 3434 714 3503 dicti
760 3434 1029 3501 Abbates
1079 3443 1142 3498 et
1186 3432 1506 3518 Canonici,
1559 3434 1746 3501 etiam

171 3544 288 3590 non
332 3524 611 3591 inventis
643 3521 1033 3608 Presbyteris
1066 3522 1171 3607 qui
1207 3521 1408 3587 velint
1441 3522 1746 3588 interesse

173 3625 232 3676 et
277 3612 589 3678 inservire
622 3611 828 3678 dictae
860 3627 1185 3675 sacrorum
1217 3610 1516 3675 Oleorum
1554 3609 1749 3675 bene-

174 3699 452 3783 dictioni,
482 3709 820 3765 teneantur
852 3698 1162 3762 interesse
1192 3708 1258 3762 et
1290 3697 1600 3763 inservire
1630 3716 1749 3783 per

175 3806 236 3851 se
283 3784 511 3875 ipsos?

295 3880 376 3940 Et
421 3879 492 3941 S.
525 3878 603 3941 R.
637 3877 740 3955 C.,
791 3873 938 3937 visis
987 3870 1226 3938 iuribus
1273 3892 1353 3938 ex
1384 3884 1564 3961 parte
1604 3877 1746 3938 Pro·

179 3963 433 4028 motoris
484 3962 734 4030 Fiscalis
798 3960 1091 4027 deductis
1143 3979 1210 4023 ac
1272 3961 1407 4026 eius
1452 3964 1749 4027 Procura-

179 4061 306 4115 tore
351 4050 597 4136 scripto
645 4062 709 4115 et
756 4069 912 4115 voce
959 4047 1203 4129 audito,
1253 4068 1395 4113 cum
1443 4049 1560 4114 alia
1605 4069 1749 4135 pars

177 4154 294 4201 nou
357 4136 827 4225 comparuerit,
890 4137 965 4202 ad
1025 4136 1399 4201 relationem
1460 4137 1749 4202 eiusdem

181 4225 308 4289 Emi
355 4225 680 4308 Ponentis,
729 4223 1210 4290 rescribendum
1255 4224 1535 4290 censuit:
1582 4226 1749 4290 ‹Af-

181 4310 482 4379 firmative
530 4316 605 4380 ad
652 4323 1041 4397 utrumque;
1091 4312 1210 4378 sub
1258 4331 1459 4399 poena
1490 4312 1749 4377 arbitrio

181 4401 470 4489 Episcopi
505 4425 569 4467 »-

304 4493 378 4556 Et
426 4490 509 4555 ita
557 4487 847 4555 decrevit
876 4509 944 4553 ac
978 4489 1210 4553 servari
1245 4487 1587 4555 mandavit.
1637 4487 1749 4554 Die

189 4579 260 4640 16
305 4577 700 4664 Septembris
754 4578 946 4642 1747.

186 4717 430 4787 2399.
745 4720 1180 4785 mruN'rlNA.
1521 4718 1746 4804 (4195)

311 4845 474 4908 luter
521 4860 634 4907 sex
681 4840 1027 4939 Dignitates
1057 4840 1325 4925 Capituli
1362 4840 1749 4906 Cathedralis

187 4930 496 4995 Ecclesiae
544 4928 923 5011 Bituntinae,
958 4947 1224 5015 quarum
1258 4927 1491 5012 cuique
1522 4939 1751 4993 statuta

189 5026 277 5079 est
307 5026 470 5082 certa
502 5016 642 5082 dies
681 5034 795 5101 pro
845 5014 1268 5082 functionibus
1315 5013 1750 5080 ecclesiasticis

187 5107 596 5190 peragendis»,
646 5105 967 5170 Sacerdoti
1031 5104 1355 5169 Francisco
1417 5103 1748 5168 Scivittaro

188 5192 733 5258 eaeremoniarum
793 5191 1081 5277 Magistro
1139 5194 1397 5274 quintae
1454 5190 1747 5276 Dignitati

191 5274 484 5345 incumbit
530 5299 690 5345 onus
722 5281 1079 5364 quotannis,
1114 5281 1370 5344 absente
1411 5279 1747 5364 Episcopo,

191 5365 543 5434 celebrandi
581 5370 887 5454 Vesperas
919 5367 983 5433 in
1014 5368 1120 5434 die
1151 5378 1362 5432 octava
1397 5367 1569 5432 881ᾗί
1604 5372 1753 5432 Cor·

1842 537 1917 601 ad
1953 536 2424 601 Processionem
2458 537 2881 621 peragendam
2915 549 3124 622 gestet
3156 542 3418 606 SSmum

1847 623 2270 689 Eucharistiae
2318 627 2791 688 Sacramentum
2828 644 3029 709 usque
3059 628 3136 693 ad
3173 627 3418 694 ianuam

1844 712 2163 776 Ecclesiae
2212 710 2500 795 illudque
2535 710 2990 778 Archidiacono
3036 714 3281 799 primae
3326 716 3421 782 Di-

1846 799 2064 883 gnitati
2116 798 2369 884 pluviali
2417 797 2638 865 induto
2686 800 3013 884 consignet
3059 804 3135 868 ad
3186 804 3420 869 dictam

1846 887 2316 952 processionem
2349 904 2464 969 per
2494 886 2762 952 ambitus
2795 889 3121 955 Paroeciae
3156 892 3421 976 explen-

1847 976 2034 1056 dam,
2083 974 2209 1040 visa
2258 985 2351 1038 est
2400 992 2466 1037 ea
2517 975 2857 1040 methodus
2919 997 2948 1039 a
3012 976 3419 1065 dispositione

1846 1061 2333 1130 caeremonialis
2378 1062 2835 1148 Episcoporum
2881 1065 3216 1142 aberrare;
3274 1086 3422 1151 pro-

1847 1161 2069 1236 pterea
2114 1150 2176 1215 in
2222 1152 2290 1216 S.
2334 1152 2407 1213 R.
2457 1153 2527 1214 C.
2577 1151 2653 1215 ad
2720 1150 3069 1217 instantiam
3120 1155 3420 1220 eiusdem

1846 1239 2121 1324 Magistri
2147 1235 2723 1319 caeremoniarum,
2751 1240 2980 1303 ceteris
3005 1242 3422 1325 Dignitatibus

1848 1324 2108 1391 minime
2173 1324 2725 1409 comparentibuS,
2777 1319 3243 1414 infrascriptum
3304 1331 3420 1395 du-

1849 1414 2049 1496 bium,
2084 1431 2293 1479 coram
2325 1415 2483 1476 Emo
2516 1425 2581 1476 et
2613 1418 2770 1480 Rffio
2803 1418 2877 1478 D.
2912 1417 3095 1481 Card.
3134 1418 3423 1482 bercario

1848 1505 2129 1567 Ponente
2175 1500 2653 1584 concordatum,
2691 1503 3142 1569 declarandum
3192 1524 3425 1592 propo·

1847 1589 2038 1655 situm
2086 1589 2250 1655 fnit:

1979 1682 2076 1742 An
2124 1678 2468 1759 Processio,
2497 1695 2659 1760 quae
2694 1678 2764 1743 fit
2794 1679 2858 1745 in
2891 1679 3170 1745 Ecclesia
3200 1681 3425 1747 Cathe-

1845 1765 2008 1840 ‚drali
2042 1763 2355 1830 Bituntina
2391 1765 2453 1830 in
2486 1764 2592 1828 die
2626 1775 2837 1831 octava
2873 1767 3167 1851 Corporis
3197 1767 3424 1835 Christi

1851 1865 1991 1940 post
2039 1855 2160 1918 Ves
2209 1872 2370 1935 eraS,
2407 1850 2697 1935 incipiet
2732 1853 3054 1921 terminari
3087 1856 3316 1922 debeat
3350 1858 3426 1921 ab

1852 1942 1986 2029 ipso
2018 1941 2173 2006 Cele
2221 1950 2435 2017 rante;
2470 1941 2571 2004 vel
2608 1941 2819 2024 potius
2849 1944 3022 2009 idem
3054 1945 3423 2024 CelebranS‚

1851 2039 1992 2128 post
2040 2028 2426 2094 delationem
2475 2029 2647 2093 SSmi
2682 2031 3065 2097 Sacramenti
3117 2051 3317 2115 usque
3350 2031 3425 2096 ad

1849 2134 2096 2182 ianuam
2143 2116 2349 2181 dictae
2396 2116 2738 2200 Ecclesiae,
2776 2128 3068 2186 teneatur
3115 2119 3274 2185 illud
3310 2131 3428 2186 tra-

1851 2206 2006 2271 dere
2053 2201 2513 2270 Archidiacono
2544 2223 2655 2269 sen
2689 2206 2872 2270 alteri
2905 2207 3229 2293 Dignitati,
3266 2226 3428 2291 quae

1850 2290 1999 2357 inibi
2046 2290 2237 2356 sacris
2282 2291 2564 2358 vestibus
2596 2290 2812 2357 induta
2847 2295 3193 2381 reperitur,
3227 2296 3303 2360 ad
3338 2296 3427 2360 ef-

1846 2379 2681 2533 ff⁰m¹¹s²1ff⁰⁰⁰⁸⁸i⁰⁰³¹ioe¹⁶
2725 2380 2883 2447 illud
2934 2401 3051 2469 per
3094 2380 3423 2448 Civitatem

1896 2486 2059 2532 ucen
2113 2489 2130 2531 ι
2506 2489 2511 2494 ·

1981 2559 2059 2619 Et
2103 2556 2169 2620 S.
2221 2560 2297 2622 R.
2343 2557 2447 2638 C.,
2495 2556 2704 2621 audita
2751 2557 2926 2644 prius
2983 2557 3429 2625 informatione

1815 2641 2185 2728 Episcopi,
2234 2663 2304 2707 ac
2362 2647 2777 2710 Procuratore
2835 2646 3096 2731 praefati
3156 2645 3428 2733 Magistri

1849 2731 2404 2796 caeremoniarum
2452 2750 2608 2796 voce
2642 2743 2703 2797 et
2734 2733 2982 2819 scriptis
3021 2734 3428 2817 informante,

1847 2817 1924 2883 ad
1976 2817 2350 2884 relationem
2400 2817 2682 2884 eiusdem
2744 2821 2882 2885 Emi
2942 2823 3279 2904 Ponentis,
3330 2842 3428 2885 re-

1849 2904 2259 2975 scribendum
2308 2904 2591 2971 censuit:
2642 2929 2675 2966 α
2711 2908 3123 2992 Affirmative‚
3174 2910 3251 2975 ad
3303 2908 3427 2995 pri-

1853 3011 2017 3058 mam
2066 3005 2351 3079 partem;
2401 2994 2728 3079 Negative,
2763 2998 2837 3062 ad
2871 2999 3213 3064 secundam
3250 3021 3312 3060 ».
3352 3002 3433 3063 Et

1851 3081 1932 3146 ita
1979 3083 2268 3148 decrevit
2310 3102 2382 3146 ac
2429 3081 2796 3150 declaravit.
2842 3086 2953 3151 Die
2988 3088 3028 3151 4
3060 3087 3192 3150 Maii
3233 3089 3425 3151 ¹748.

1857 3261 2122 3331 2400.
2415 3263 2861 3328 CREMONEN.
3201 3261 3426 3349 (4196)

1982 3441 2048 3501 ln
2079 3439 2271 3501 Causa
2304 3438 2685 3500 Cremonen.
2716 3435 2947 3501 iurium
2975 3436 3429 3520 parochialium

1854 3524 2019 3589 inter
2065 3524 2486 3589 Marchionem
2531 3522 2879 3589 Antonium
2926 3524 3175 3588 Mariam
3240 3526 3432 3589 Palla-

1851 3610 2037 3678 vicini
2088 3613 2170 3676 de
2218 3611 2510 3677 Clavellis
2571 3615 2903 3679 Patronum
2968 3611 3290 3676 Ecclesiae
3336 3612 3435 3677 del

1851 3702 2003 3765 Dosi
2065 3711 2129 3764 et
2189 3697 2619 3783 Praepositum
2678 3699 2997 3764 Ecclesiae
3063 3699 3437 3784 parochialis

1852 3790 2081 3852 Terrae
2128 3784 2460 3866 Ciconioli,
2503 3790 2781 3852 Ponente
2831 3790 2986 3852 Εῐῖιο
3022 3797 3087 3852 9ι
3127 3790 3282 3852 Rmo
3320 3791 3435 3853 Do-

1851 3875 2025 3940 mino
2070 3873 2382 3941 Cardinali
2432 3875 2515 3939 de
2561 3875 2956 3960 Gentilibus,
3008 3875 3068 3940 in
3130 3878 3193 3939 S.
3232 3880 3308 3942 R.
3358 3879 3432 3942 C.

1854 3958 2245 4047 infrascripta
2271 3961 2461 4028 dubia
2484 3963 2821 4048 proposita
2840 3962 3123 4045 fuerunt,
3159 3982 3432 4049 nempe:

1989 4055 2053 4115 1.
2102 4052 2196 4116 An
2244 4051 2304 4115 in
2352 4053 2537 4115 Festo
2584 4049 2844 4115 Titulari
2893 4071 3007 4116 seu
3058 4050 3119 4115 in
3151 4051 3289 4115 aliis
3324 4056 3436 4116 Fe-

1852 4137 2234 4204 stivitatibus
2281 4138 2343 4203 in
2391 4137 2708 4219 Ecclesia,
2759 4138 2843 4203 de
2890 4158 3011 4223 qua
3057 4138 3306 4222 agitur,
3355 4139 3431 4203 ad

1855 4226 2104 4291 libitum
2151 4224 2369 4291 asserti
2417 4225 2665 4290 Patroni
2712 4245 2825 4291 seu
2887 4226 3252 4312 Cappellani
3317 4246 3436 4314 per

1853 4333 2328 4399 quemcumque
2376 4315 2787 4379 Sacerdotem
2836 4314 3052 4379 Missae
3114 4314 3438 4379 decantari

1854 4402 2127 4484 valeant,
2178 4403 2367 4467 etiam
2398 4402 2613 4466 invito
2661 4401 2990 4467 Parocho‘?

1984 4493 2051 4554 2.
2102 4490 2196 4553 An
2230 4490 2540 4555 Parochus
2571 4489 2646 4554 ad
2682 4488 3190 4556 interessendum
3227 4490 3288 4554 in
3321 4491 3436 4556 hu-

1855 4577 2123 4643 iusmodi
2157 4578 2354 4642 Missis
2387 4596 2505 4662 per
2535 4578 2838 4642 eumdem
2885 4589 3194 4643 assertum
3230 4581 3437 4642 Patro-

1856 4684 2006 4731 num
2054 4684 2167 4729 seu
2216 4667 2673 4752 Cappellanum
2719 4664 2948 4731 debeat
2995 4663 3295 4731 invitari?

1986 4755 2053 4819 3.
2101 4755 2197 4817 An
2245 4752 2305 4817 in
2355 4756 2582 4818 eodem
2630 4756 2813 4817 Festo
2862 4752 3121 4818 'l'itulari
3172 4752 3438 4837 aliisque

1854 4841 2080 4905 diebus
2112 4841 2315 4904 etiam
2362 4858 2486 4907 non
2533 4839 2772 4905 festivis
2821 4850 2998 4905 extra
3048 4850 3303 4927 tempus
3333 4844 3438 4905 Pa-

1854 4929 2065 4993 schale
2118 4925 2356 5015 possint
2401 4926 2668 5013 quilibet
2727 4927 3125 5011 confessarii,
3181 4947 3300 5014 per
3346 4950 3436 4992 as-

1855 5026 2100 5081 sertum
2152 5015 2464 5080 Ecclesiae
2512 5019 2846 5080 Patronum
2880 5018 2981 5082 ve!
3019 5034 3135 5101 per
3168 5016 3438 5103 Cappel-

1859 5104 2071 5168 lanum
2119 5103 2336 5168 selecti
2389 5124 2467 5168 ex
2525 5104 2648 5168 illis
2709 5105 3069 5190 approbatis
3123 5105 3198 5170 ab
3256 5104 3438 5170 Ordi-

1859 5191 2057 5272 nario,
2109 5195 2505 5258 Sacramenta
2552 5191 2979 5256 Poenitentiae
3031 5202 3096 5256 et
3142 5193 3437 5258 Euchari-

1857 5280 2010 5343 stiae
2059 5279 2140 5344 ibi
2189 5278 2668 5362 administrare,
2721 5292 2845 5344 tam
2897 5280 3105 5346 eidem
3174 5285 3440 5344 Patrono

1858 5368 2124 5450 eiusque
2172 5367 2612 5450 familiaribus,
2676 5384 2865 5452 quam
2926 5367 3097 5454 aliis;
3160 5368 3262 5431 vel
3322 5386 3436 5453 po·
