4042 5950
2016 223 2487 305 -306-

621 387 782 456 natis
828 388 903 454 ab
963 385 1362 474 infrascripto
1418 384 1813 469 secretario,
1864 384 2033 451 inter
2096 403 2199 451 ce-

623 486 780 559 tera,
828 473 1190 575 propositae
1221 472 1464 541 fuerint
1497 473 1688 540 etiam
1734 490 1962 561 preces
1994 476 2198 538 Reve-

621 563 981 630 rendissimi
1026 560 1322 650 Episcopi
1387 563 1766 629 Namurcen.
1817 560 1991 628 hisce
2048 579 2197 628 con-

622 661 845 738 ceptae
892 648 1217 736 terminis;
1267 649 1608 717 nimirum:

881 791 1248 857 Beatissimo
1293 795 1498 858 Pater.

751 911 1099 1001 Episcopus
1143 915 1526 980 Namurcen.
1575 914 1652 982 ad
1711 915 1910 1000 pedes
1955 912 2200 980 Sancti-

620 1001 761 1083 tatis
810 1005 1069 1070 Vestrae
1116 1002 1495 1101 provolutus
1544 1001 1876 1069 humiliter
1931 1001 2198 1088 exponit

621 1088 760 1156 dies
813 1094 1070 1173 Festos,
1119 1109 1184 1156 in
1230 1089 1460 1175 quibus
1529 1089 1827 1178 obligatio
1893 1087 2197 1156 audiendi

617 1175 862 1244 Missam
904 1196 1026 1263 per
1056 1180 1398 1245 Decretum
1448 1176 1946 1245 Eminentissimi
1978 1187 2045 1242 et
2081 1179 2198 1243 Re-

618 1265 1060 1333 verendissimi
1109 1264 1356 1332 Domini
1404 1265 1748 1333 cardinalis
1793 1268 2060 1353 Caprara
2090 1264 2195 1332 die

618 1355 660 1421 9
706 1353 939 1442 Aprilis
991 1356 1155 1421 1802
1203 1353 1444 1422 sublata
1496 1354 1641 1437 fuit,
1689 1352 2118 1421 communiter
2162 1373 2196 1418 a

618 1441 918 1509 fidelibus
962 1460 1115 1509 suae
1159 1442 1476 1510 Dioecesis
1522 1440 1794 1527 servari3
1846 1458 2194 1526 omnesque

618 1529 820 1617 Regni
858 1527 1096 1616 Belgici
1128 1529 1478 1618 Episcopus
1522 1548 1688 1596 anno
1722 1533 1887 1596 1834
1924 1529 2194 1595 Litteras

616 1616 984 1706 Encyclicas
1029 1617 1107 1683 ad
1156 1618 1432 1705 populos
1476 1616 1592 1684 sibi
1647 1616 2018 1684 commissos
2077 1617 2191 1683 de·

617 1705 820 1790 disse,
884 1704 950 1771 in
1011 1703 1241 1805 quibus
1300 1706 1561 1772 eosdem
1607 1703 2058 1789 hortabantur,
2125 1715 2193 1770 ut

615 1792 958 1880 praedictis
982 1790 1207 1859 diebus
1238 1792 1469 1859 divinis
1490 1791 1717 1860 Officiis
1748 1792 1974 1859 sedulo
2008 1794 2194 1860 inter-

616 1892 826 1948 essent
857 1881 1122 1967 aliisque
1156 1881 1336 1949 benis
1383 1879 1684 1968 operibus
1712 1898 1831 1967 pro
1864 1899 2053 1967 posse
2099 1880 2193 1946 in-

618 1967 1027 2036 cumberent.

742 2057 948 2135 Quum
993 2068 1207 2125 autem
1256 2056 1318 2122 in
1364 2057 1655 2145 pluribus
1725 2056 1880 2124 locis
1926 2056 2190 2123 Dioece·

612 2144 697 2211 sis
739 2145 1181 2213 namurcensis
1251 2146 1443 2213 etiam
1512 2145 1890 2229 maioribuS,
1941 2144 2025 2211 ob
2085 2146 2190 2211 Sa-

615 2231 952 2299 cerdotum
999 2232 1334 2320 penuriam
1377 2234 1555 2300 Missa
1599 2234 2002 2301 solummodo
2057 2233 2192 2300 die-

614 2318 730 2385 bus
797 2320 1136 2387 Dominicis
1182 2331 1247 2386 et
1294 2322 1492 2389 Festis
1552 2322 1634 2389 de
1724 2332 2023 2407 raecepto
2086 2339 2189 2391 ce·

614 2406 939 2494 lebretur;
991 2408 1165 2475 idem
1212 2409 1589 2508 Episcopus,
1625 2431 1656 2474 a
1744 2408 2079 2477 fovendam
2116 2407 2187 2474 fl-

611 2496 857 2563 delium
924 2495 1336 2563 devotionem
1411 2498 1660 2585 piisque
1736 2515 1960 2563 eorum
2027 2498 2193 2563 votis

610 2583 1148 2667 satisfaciendum,
1173 2585 1493 2652 sanctitati
1523 2588 1780 2652 Vestrae
1816 2584 2004 2652 enixe
2036 2602 2186 2670 sup·

612 2671 805 2824 {licat
836 2690 954 2759 pro
986 2671 1285 2738 facultate
1316 2683 1387 2739 ut
1417 2671 1836 2759 PresbyteriS,
1864 2671 2096 2759 quibus
2127 2674 2189 2738 in

658 2778 727 2824 ac
772 2759 1056 2826 Dioecesi
1104 2759 1331 2827 diebus
1379 2761 1721 2827 Dominicis
1768 2771 1832 2827 et
1877 2761 2075 2828 Festis
2106 2761 2189 2827 de

608 2858 958 2936 praecepto
1012 2845 1104 2913 bis
1173 2848 1501 2915 celebrare
1547 2848 1623 2915 ab
1666 2847 2033 2931 Ordinario,
2082 2869 2189 2914 au-

610 2935 902 3003 ctoritate
948 2935 1341 3025 Apostolica,
1391 2937 1824 3026 permittitur,
1891 2938 2185 3005 eamdem

610 3022 934 3092 licentiam
995 3026 1349 3093 concedere
1411 3026 1604 3115 possit
1697 3046 1768 3092 ro
1815 3026 2012 3092 Festis
2071 3045 2190 3114 per

607 3122 1223 3199 supramemoratum
1250 3118 1590 3182 Decretum
1617 3136 1649 3180 a
1697 3113 1963 3201 rogatis:
1990 3124 2187 3199 prout

611 3200 676 3267 in
705 3200 1109 3270 Dioecesibus
1153 3202 1490 3271 Leodiensi
1537 3215 1599 3270 et
1648 3203 2026 3270 'fornacensi
2059 3222 2187 3268 ser·

608 3288 742 3354 vari
788 3291 1098 3358 noscitur.
1149 3294 1227 3356 Et
1272 3294 1436 3357 Deus
1483 3302 1611 3358 etc.

697 3377 1194 3446 Eminentissimi
1251 3390 1317 3445 et
1369 3378 1902 3447 Reverendissimi
1973 3382 2186 3444 Patres

609 3465 810 3532 Sacris
857 3467 1111 3533 tuendis
1142 3464 1388 3533 Ritibus
1431 3466 1800 3556 praepositi,
1835 3484 1905 3533 re
1936 3477 2184 3533 maturo

608 3551 898 3619 examine
964 3572 1311 3642 perpensa,
1363 3556 1848 3623 rescribendum
1921 3574 2183 3622 censue-

606 3650 794 3706 runt:
847 3660 884 3703 α
916 3643 1054 3708 Non
1102 3641 1414 3729 expedire
1446 3665 1508 3706 ».

737 3727 848 3793 Die
900 3732 974 3795 11
1024 3730 1418 3818 Septembris
1471 3734 1661 3798 1841.

607 3887 864 3957 2842.
1239 3890 1543 3956 ORles

851 3996 1205 4061 umorum
1248 3997 1351 4061 DE
1396 3996 1934 4064 OBSERVANTIA

1115 4104 1179 4168 S.
1237 4103 1665 4170 FRANCISCI.

1951 3891 2179 3980 (4933)

734 4263 829 4326 Ex
876 4273 1249 4348 pervetusto
1282 4262 1627 4352 Privilegio
1673 4263 1922 4331 decimo
1957 4263 2179 4332 Calen-

606 4348 715 4416 das
760 4350 1027 4437 Augusti
1074 4351 1139 4418 in
1184 4352 1463 4419 Ecclesia
1508 4353 1712 4420 Sancti
1745 4352 2066 4420 Laurentii
2114 4352 2177 4419 in

602 4441 763 4504 Pane
833 4448 896 4504 et
965 4442 1160 4506 Perna
1224 4439 1448 4526 Urbis,
1496 4462 1528 4507 a
1590 4440 2177 4508 Sanctimonialibus

598 4524 846 4594 Ordinis
891 4529 1152 4596 Sanctae
1199 4529 1415 4596 Clarae
1448 4529 1675 4596 adiecti
1720 4528 2029 4596 Asceterii
2061 4531 2176 4596 Fe-

599 4622 769 4682 stum
826 4617 1087 4683 Sanctae
1143 4617 1442 4706 Birgittae
1501 4616 1745 4685 viduae
1814 4616 2177 4684 celebratur

600 4699 830 4768 devota
875 4722 1020 4772 cum
1067 4723 1303 4806 pompa
1351 4713 1415 4770 et
1462 4714 1785 4795 apparatu,
1821 4704 1951 4792 ipsa
1982 4704 2173 4792 siqui-

599 4787 747 4856 dem
792 4789 925 4877 die,
976 4812 1098 4878 qua
1145 4793 1333 4860 huius
1379 4795 1641 4861 Sanctae
1705 4793 2000 4860 transitus
2048 4813 2176 4861 me-

597 4877 796 4975 moria
827 4878 890 4945 in
937 4880 1383 4969 Martyrologio
1415 4883 1775 4949 adnotatur.
1830 4882 1938 4948 Ast
1971 4901 2171 4967 quum

597 4980 662 5027 in
693 4968 985 5051 sequenti
1027 4969 1133 5036 die
1165 4969 1532 5038 immediate
1563 4983 1852 5038 occurrat
1882 4969 2171 5037 Officium

599 5049 807 5119 Sancti
853 5057 1164 5123 Francisci
1205 5058 1461 5142 Solano,
1496 5059 1666 5144 quod
1703 5060 1765 5125 in
1798 5058 2172 5126 calendario

596 5137 938 5225 Seraphico
986 5143 1231 5211 obtinet
1279 5146 1469 5213 ritum
1526 5146 1797 5234 duplicis
1850 5145 2168 5214 secundae

594 5225 831 5311 classis,
881 5228 1182 5315 frequens
1228 5235 1515 5302 exoritur
1557 5234 1928 5321 opinionum
1972 5234 2171 5300 varie·

597 5325 708 5410 tas,
757 5317 833 5383 ad
881 5317 1361 5386 decernendum
1407 5323 1492 5389 de
1538 5339 1666 5405 quo
1705 5343 1787 5387 ex
1819 5321 2167 5387 enunciatis

2300 383 2550 451 duobus
2605 381 2834 450 Officiis
2895 381 3328 449 decantandae
3387 376 3513 446 sint
3555 382 3687 448 Ves
3739 399 3885 448 erae

2300 468 2431 558 ipsa
2497 471 2606 537 die
2662 472 2857 538 xxm
2917 470 3053 536 tulii
3116 470 3179 536 in
3239 469 3491 555 publica
3553 472 3681 535 Ecc
3716 468 3883 553 esia,

2298 571 2631 648 postquam
2663 556 3183 626 sanctimoniales
3216 556 3279 624 in
3313 558 3521 624 Choro
3555 556 3886 642 persolve-

2300 647 2428 714 rint
2471 650 2782 734 Vesperas
2830 645 3039 713 Sancti
3072 644 3382 713 Francisci
3422 645 3684 713 Solane.
3719 648 3885 711 Haec

2299 736 2548 822 singula
2615 738 2836 803 Sacrae
2895 733 3158 802 Rituum
3217 731 3716 821 congregationi
3777 752 3885 799 ex·

2298 824 2510 912 posuit
2541 827 2615 890 R.
2650 828 2721 891 Ρ.
2769 827 2872 890 Fr.
2908 821 3335 889 Bernardinus
3365 842 3397 888 a
3428 821 3736 903 Mariano,
3782 825 3886 888 Or·

2297 913 2461 979 dinis
2506 911 2604 979 sui
2652 920 2717 977 et
2762 909 3345 977 sanctimonialium
3388 909 3757 978 calendarii
3787 910 3885 975 Di-

2298 1011 2534 1083 rector,
2586 1019 2622 1065 o
2671 1009 3009 1086 portunam
3059 997 3556 1065 declarationem
3592 997 3880 1065 humilli-

2299 1088 2417 1154 mis
2462 1107 2638 1175 preci
2686 1107 2761 1154 us
2807 1102 3060 1173 rogans.
3434 1124 3447 1135 -

2429 1180 2510 1242 Et
2556 1178 2737 1243 Sacra
2779 1174 3041 1242 Rituum
3088 1175 3539 1262 congregatio,
3588 1173 3659 1241 in
3703 1173 3879 1242 Ordi-

2298 1265 2471 1330 nario
2503 1267 2707 1332 coetu
2739 1263 2815 1330 ad
2848 1261 3168 1342 Quirinale
3196 1263 3555 1351 subsignata
3601 1262 3716 1329 die
3748 1282 3879 1327 coa-

2295 1354 2556 1437 dunata,
2605 1353 2683 1421 ad
2732 1350 3541 1437 relationem.infrascripti
3593 1353 3877 1418 Secreta-

2297 1439 2375 1506 rii
2433 1438 2911 1506 rescribendum
2979 1437 3268 1505 censuit:
3317 1459 3354 1502 α
3385 1439 3657 1506 Ratione
3720 1437 3877 1507 Festi

2297 1529 2424 1595 dici
2482 1538 2742 1616 possunt
2798 1530 3116 1613 vesperae
3172 1528 3256 1594 de
3304 1529 3525 1594 Sancta
3590 1528 3874 1614 Birgitta,

2297 1615 2573 1684 recitatis
2623 1628 2835 1683 tamen
2884 1614 2946 1682 in
2990 1615 3199 1687 choro
3246 1615 3547 1702 vesperis
3618 1634 3876 1683 curren-

2297 1706 2466 1783 tibus
2497 1726 2564 1771 »-

2425 1793 2536 1859 Die
2573 1797 2648 1859 11
2705 1790 3100 1880 Septembris
3152 1795 3347 1861 1841.

2298 1936 2555 2005 2843.
2913 1933 3262 2000 nomm.
3650 1934 3867 2023 (sess)

2423 2054 2909 2133 Quintodecimo
2947 2055 3253 2123 Calendas
3297 2055 3433 2121 Maii
3470 2055 3703 2124 natalis
3732 2061 3869 2126 San-

2296 2145 2380 2211 cti
2435 2142 2683 2211 Aniceti
2750 2147 2950 2231 Papae
3007 2154 3073 2208 et
3132 2143 3419 2231 Martyris
3485 2145 3867 2231 plerumque

2295 2244 2590 2320 tempore
2651 2230 2923 2300 Paschali
2982 2232 3295 2317 occurrit,
3343 2233 3528 2300 cuius
3586 2232 3865 2301 Officium

2294 2338 2495 2408 quum
2539 2320 2620 2384 sit
2664 2321 2819 2386 ritus
2852 2317 3158 2407 simplicis
3208 2320 3270 2385 in
3316 2318 3667 2404 Breviario,
3702 2321 3868 2389 adest

2293 2408 2474 2476 unica
2520 2407 2736 2475 Lectio
2770 2427 2887 2496 pro
2933 2409 3281 2492 Nocturno,
3316 2419 3511 2495 atque
3542 2407 3611 2476 in
3652 2407 3865 2476 missali

2291 2497 2643 2583 assignatur
2689 2495 3109 2581 Evangelium
3141 2515 3223 2561 ex
3255 2497 3461 2650 cffite
3493 2499 3637 2565 XVI
3668 2495 3865 2566 Sancti

2292 2584 2576 2651 Ioannis:
2614 2586 2808 2649 Amen
2854 2602 3037 2651 amen
3069 2584 3213 2650 dico
3246 2605 3279 2648 v
3356 2588 3437 2667 is,
3475 2588 3642 2670 quia
3666 2586 3867 2671 plora·

2289 2674 2471 2739 bitis.
2502 2673 2941 2739 Controversia
2966 2682 3180 2738 autem
3206 2691 3374 2739 nunc
3409 2684 3543 2741 orta
3582 2686 3680 2742 est
3712 2674 3865 2740 inter

2292 2761 2464 2845 illos,
2513 2759 2649 2846 qui,
2684 2778 2885 2848 quum
2918 2757 3259 2847 privilegio
3291 2761 3614 2847 gaudeant
3646 2785 3679 2829 a
3726 2762 3862 2830 endi

2291 2848 2501 2917 Officia
2578 2851 2952 2915 Sanctorum
3024 2852 3431 2917 summorum
3495 2851 3679 2918 Ponti
3727 2869 3863 2918 cum

2291 2938 2418 3005 ritu
2448 2936 2720 3026 duplici,
2753 2936 2972 3004 animis
3004 2937 3267 3005 haerent
3299 2938 3627 3023 quodnam
3672 2944 3860 3008 Evan-

2290 3027 2534 3115 gelium
2598 3045 2745 3093 cum
2817 3025 3247 3114 respondente
3314 3029 3583 3095 Homilia
3643 3030 3724 3096 sit
3778 3029 3860 3093 le-

2290 3114 2615 3204 gendum,
2689 3115 2945 3200 quando
3014 3118 3273 3181 Festum
3339 3118 3551 3185 Sancti
3625 3115 3855 3185 Aniceti

2289 3203 2567 3271 occurrit
2612 3213 2789 3269 extra
2836 3205 3113 3289 Tempus
3162 3204 3490 3271 Pascbale:
3541 3209 3711 3275 Num
3753 3203 3857 3270 sci-

2291 3293 2440 3359 licet
2499 3289 2936 3378 supradictum
2997 3291 3203 3359 Sancti
3266 3294 3544 3378 Ioannis,
3610 3293 3776 3382 quod
3823 3314 3851 3358 a

2288 3379 2578 3469 pluribus
2626 3379 2718 3445 uti
2764 3377 2963 3465 ipsius
2993 3379 3156 3446 Festi
3206 3382 3540 3482 proprium
3583 3383 3851 3452 conside·

2286 3481 2494 3552 ratur,
2556 3466 2660 3533 vel
2727 3467 3002 3535 alterum
3065 3486 3145 3532 ex
3206 3479 3413 3557 capite
3457 3473 3599 3539 XVI
3660 3469 3849 3539 Sancti

2288 3553 2619 3623 Matthaei:
2674 3557 2745 3622 Si
2789 3558 2938 3639 quis
2983 3556 3151 3639 vult,
3187 3556 3268 3624 de
3308 3560 3650 3627 Communi
3681 3559 3848 3628 unius
3962 3551 3963 3562 ’

2288 3643 2574 3731 Martyris
2624 3655 2800 3711 extra
2850 3644 3011 3736 illud
3041 3656 3299 3730 tempus
3336 3648 3655 3734 paschale,
3689 3650 3849 3714 cuius
3958 3643 3961 3728 f

2289 3732 2786 3819 respondentem
2831 3732 3074 3799 Missam
3122 3751 3197 3799 ex
3254 3735 3484 3802 eodem
3532 3733 3844 3803 Communi

2288 3821 2656 3887 Sacerdotes
2685 3821 2804 3889 Dei
2834 3840 3058 3888 omnes
3089 3821 3480 3891 conveniunt
3522 3824 3844 3912 legendam

2283 3930 2447 3977 esse.
2497 3912 2711 3996 Super
2741 3910 2966 3977 eadem
3003 3928 3100 3994 re,
3137 3911 3253 3978 etsi
3289 3911 3631 3999 levissima,
3667 3910 3841 3997 magis

2285 3998 2611 4085 magisque
2665 3996 2855 4064 dubia
2914 4008 3061 4065 sunt
3118 3997 3380 4066 adaucta
3430 4020 3513 4067 ex
3558 4021 3637 4069 eo
3684 3996 3838 4088 quod

2282 4085 2573 4154 nonnulli
2634 4086 3097 4154 Calendaristae
3163 4086 3568 4157 Basilicarum
3628 4089 3834 4168 Urbis,

2284 4174 2348 4240 in
2413 4193 2595 4258 casu,
2660 4173 3076 4262 Evangelium
3140 4176 3347 4243 Sancti
3413 4178 3661 4246 Ioannis
3714 4173 3838 4242 assi·

2282 4273 2509 4351 guent,
2535 4261 2824 4330 nonnulli
2855 4273 3068 4329 autem
3100 4263 3259 4330 illud
3294 4265 3502 4333 Sancti
3525 4263 3831 4333 Matthaei:

2283 4370 2477 4439 quare
2524 4362 2700 4439 patet
2748 4350 3078 4436 indicium,
3129 4370 3349 4420 omnes
3379 4353 3445 4420 in
3475 4373 3679 4423 unum
3714 4372 3833 4419 sen·

2280 4458 2423 4506 sum
2468 4459 2596 4506 non
2645 4439 3015 4508 convenire.

2412 4528 2505 4595 Ad
2583 4529 3022 4614 quaestionem
3098 4548 3353 4597 omnem
3429 4531 3829 4601 dirimendam

2279 4615 2548 4684 dubium
2575 4616 2862 4684 delatum
2886 4626 2984 4682 est
3015 4617 3089 4684 ad
3124 4620 3376 4686 Sacram
3407 4619 3668 4688 Ritnnm
3696 4622 3829 4686 Con·

2277 4703 2758 4792 gregationem,
2811 4723 2975 4791 quae
3043 4706 3109 4772 in
3164 4708 3506 4776 ordinariis
3571 4704 3825 4777 comitiis

2279 4794 2354 4861 ad
2416 4792 2769 4871 Quirinales
2821 4794 3033 4860 Aedes
3090 4793 3481 4882 infrascripta
3540 4798 3650 4866 die
3712 4813 3825 4863 coa·

2279 4881 2535 4964 dunata,
2561 4882 2639 4948 ad
2669 4880 3043 4948 relationem
3075 4882 3456 4972 infrascripti
3487 4880 3819 4959 secretarii,

2276 4970 2422 5036 visis
2469 4968 2954 5058 allegationibus
3002 4990 3080 5037 ex
3128 4981 3399 5057 utraque
3440 4985 3617 5062 parte
3649 4971 3821 5041 dedu·

2276 5057 2390 5123 ctis
2436 5071 2503 5125 et
2549 5058 2669 5123 rite
2718 5071 3094 5159 matureque
3144 5060 3498 5129 examinata
3541 5052 3816 5150 peculiari

2274 5144 2545 5212 Rubrica
2591 5146 2872 5229 Missalis,
2909 5167 3089 5213 cuius
3119 5147 3603 5236 dispositionem
3640 5142 3817 5234 sequi·

2279 5243 2383 5298 tur
2428 5237 2735 5301 cavantus
2783 5235 2848 5303 in
2893 5236 3217 5303 Octavario
3264 5242 3567 5323 Romano,
3617 5240 3690 5306 ab
3727 5236 3814 5328 lup

2277 5319 2406 5406 ipsa
2437 5327 2616 5391 Sacra
2665 5324 3175 5411 congregatione
3222 5326 3592 5412 approbato,
3632 5339 3812 5394 resen·
