4042 5950
2038 257 2510 337 -460-

637 424 917 481 octavam
973 425 1357 501 occurrunt,
1409 435 1552 483 cum
1616 416 2223 485 commemoratione

639 511 886 569 tantum
933 503 1151 570 Feriae
1199 505 1301 572 vel
1351 504 1645 593 vigiliae.

767 593 947 658 Sacra
994 610 1150 657 vero
1196 593 1418 661 eadem
1481 594 1904 682 congregatio
1933 644 1950 679 ,
1997 595 2076 661 ad
2124 614 2222 660 re—

636 677 932 745 lationem
980 678 1320 769 subscripti
1371 681 1735 768 secretarii,
1770 682 1980 750 audita
2031 681 2219 749 etiam

632 767 944 833 sententia
991 768 1054 834 in
1100 769 1356 857 scriptis
1402 769 1663 837 alterius
1710 790 1791 838 ex
1834 769 2222 859 Apostolica-

636 873 776 920 rum
838 855 1397 927 caeremoniarum
1468 856 1815 944 Magistris,
1865 857 2220 926 rescribere

631 952 763 1007 rata
809 952 943 1011 est:
1003 965 1041 1008 ‹
1073 945 1384 1014 oratrices
1430 948 1610 1014 nullo
1673 965 1873 1037 egere
1918 945 2217 1025 lndulto;

631 1028 950 1117 siquidem
984 1032 1162 1099 Missa
1193 1035 1257 1101 in
1289 1055 1435 1103 casu
1465 1034 1662 1103 debet
1695 1053 1835 1102 esse
1878 1035 1960 1102 de
1991 1037 2220 1102 Octava

631 1137 778 1185 cum
811 1123 1425 1192 commemoratione
1457 1124 1677 1191 Feriae
1709 1124 1815 1190 vel
1850 1121 2120 1211 vigiliae
2153 1144 2215 1188 ».

632 1207 840 1294 Atque
889 1208 969 1274 ita
1019 1210 1366 1298 rescripsit.

763 1296 873 1362 Die
921 1299 1007 1364 29
1051 1297 1377 1367 Februarii
1414 1304 1606 1368 1868.

628 1436 876 1507 31711.
1201 1443 1641 1508 nsarusssn.
1986 1442 2216 1527 (131111)

759 1562 889 1628 Etsi
922 1562 1045 1629 iam
1075 1562 1227 1630 inde
1258 1585 1290 1629 a
1321 1563 1719 1652 temporibus
1750 1584 1805 1631 s.
1839 1585 1930 1632 m.
1964 1565 2220 1632 Hadria·

630 1649 696 1715 ni
735 1653 814 1716 VI
862 1651 1106 1719 Summi
1152 1651 1470 1719 Pontificis
1531 1651 1830 1741 Episcopi
1877 1657 2219 1721 Dertusen-

628 1756 729 1803 ses
777 1747 1035 1805 utantur
1082 1738 1272 1806 rubro
1321 1739 1530 1807 bireto
1574 1741 1654 1808 ad
1700 1739 1895 1809 instar
1939 1744 2004 1809 S.
2034 1746 2108 1809 R.
2138 1745 2217 1808 E.

629 1825 1084 1911 cardinalium,
1136 1828 1505 1914 feraturque
1552 1828 1720 1895 hunc
1759 1847 1948 1896 usum
1992 1849 2218 1918 proce-

631 1914 792 1980 dere
838 1934 871 1978 a
920 1915 1245 2003 praedicto
1312 1916 1616 1984 Pontifice
1646 1965 1664 2000 ,
1713 1917 1823 2004 qui
1882 1921 2221 1985 Dertusen·

626 2020 763 2068 sem
790 2001 1026 2070 Sedem
1061 2001 1373 2090 obtinuit5
1429 2014 1643 2073 tamen
1688 2004 2039 2074 hodiernus
2073 2003 2218 2092 Epi-

626 2109 891 2177 scopus,
940 2104 1014 2159 ut
1058 2091 1123 2160 in
1169 2090 1286 2158 hac
1335 2111 1407 2161 re
1452 2093 1738 2162 securius
1802 2093 2216 2181 procederet,

632 2175 799 2244 inter
843 2189 1055 2246 cetera
1085 2181 1398 2267 postulata
1447 2201 1608 2269 quae
1643 2183 1707 2251 in
1735 2183 2065 2250 Relatione
2096 2193 2218 2248 sta-

631 2276 732 2332 tus
801 2266 1123 2335 Ecclesiae
1186 2287 1339 2335 suae
1416 2273 1645 2339 Sacrae
1721 2269 2218 2359 congregationi

629 2355 889 2423 concilii
916 2356 1235 2440 exhibuit,
1265 2357 1424 2426 illud
1458 2359 1649 2425 etiam
1673 2359 1953 2427 addidit:
1988 2381 2027 2423 ‹
2052 2360 2215 2425 Num

625 2460 777 2509 usus
822 2442 925 2510 hic
971 2462 1092 2531 per
1136 2444 1252 2510 tria
1299 2456 1365 2511 et
1412 2466 1511 2512 am
1561 2447 1684 2514 lius
1715 2447 1929 2514 secula
1961 2449 2039 2514 ab
2071 2446 2219 2535 Epi-

624 2530 832 2618 scopis
851 2530 1338 2599 Dertusensibus
1361 2532 1507 2601 adhi
1553 2534 1678 2601 itus
1699 2535 2130 2606 sustineretur
2151 2557 2212 2602 ».

753 2622 963 2699 Quum
1011 2628 1223 2686 autem
1271 2638 1388 2706 pro
1436 2622 1737 2709 postulati
1799 2622 1998 2711 ipsius
2042 2642 2216 2690 reso-

626 2704 873 2773 lutione
920 2704 997 2771 ab
1036 2707 1366 2774 enunciata
1397 2710 1908 2799 congregatione
1940 2711 2017 2777 ad
2054 2710 2214 2780 hanc

624 2796 960 2861 Sacrorum
1005 2795 1263 2862 Rituum
1295 2796 1596 2865 remissus
1628 2798 1822 2865 fuerit
1868 2797 2220 2887 Episcopus

624 2891 1036 2967 memoratus,
1086 2902 1361 2971 cumque
1393 2885 1470 2952 ad
1507 2887 1625 2953 hoc
1658 2885 1830 2954 idem
1864 2886 2217 2977 Episcopus

622 2969 931 3059 supplicia
979 2984 1121 3039 vota
1167 2993 1277 3040 sua
1326 2976 1733 3074 porrexerit,
1787 2976 1925 3042 Emi
1979 2986 2046 3041 et
2076 2976 2216 3044 Rmi

621 3062 831 3126 Patres
878 3061 1081 3127 Sacris
1128 3062 1388 3128 tuendis
1434 3063 1681 3130 Ritibus
1729 3065 2100 3153 praepositi,
2150 3064 2216 3131 in

619 3146 949 3215 Ordinario
994 3151 1198 3217 c0etu
1231 3149 1541 3219 hodierna
1587 3151 1698 3218 die
1728 3153 1805 3219 ad
1841 3150 2215 3220 Vaticanum

622 3235 977 3320 coadunati,
1012 3256 1152 3304 rem
1192 3239 1268 3305 ad
1318 3241 1623 3306 trutinam
1653 3248 1964 3307 vocarunt
2009 3259 2215 3328 eaque

620 3333 869 3395 mature
936 3323 1216 3393 discussa
1277 3337 1341 3394 et
1391 3329 1783 3413 examinata,
1857 3328 2214 3395 rescribere

622 3412 740 3479 rati
771 3424 958 3480 sunt:
1009 3433 1047 3476 ‹
1079 3415 1400 3493 Quatenus
1433 3426 1611 3483 certo
1645 3427 1895 3485 constet
1933 3416 2019 3484 de
2064 3436 2215 3483 con-

623 3502 967 3569 suetudine
1013 3502 1543 3590 immemorabili,
1593 3524 1721 3571 non
1782 3524 1921 3572 esse
1968 3504 2214 3591 inquie-

623 3590 886 3656 tandum
920 3611 985 3656 1.
1037 3593 1249 3676 Atque
1294 3591 1378 3658 ita
1421 3594 1917 3681 rescripserunt.

755 3676 868 3743 Die
919 3681 1000 3745 27
1048 3680 1210 3745 lumi
1264 3682 1457 3748 1868.

1211 3855 1606 3923 NUGERINA

1067 4004 1072 4007 Δ
1165 3962 1664 4029 PAGANORUM.

621 3852 851 3955 1171.
1981 3858 2207 3946 (usos)

748 4127 978 4189 Rector
1008 4143 1078 4189 ac
1110 4122 1455 4191 duodecim
1489 4123 1863 4192 Sacerdotes
1899 4125 2206 4214 insigniti,

621 4209 1044 4277 inservientes
1078 4209 1400 4278 Ecclesiae
1424 4215 1647 4278 Beatae
1680 4213 1907 4280 Mariae
1932 4213 2211 4301 Virginis

616 4296 700 4363 de
748 4299 1041 4367 carmelo
1073 4301 1135 4366 in
1182 4300 1431 4389 Oppido
1461 4305 1852 4388 Paganorum
1892 4301 2210 4369 Dioecesis

614 4386 994 4466 Nucerinae,
1046 4407 1128 4454 ex
1174 4387 1431 4455 Litteris
1470 4389 1848 4476 Apostolicis
1895 4390 1961 4455 in
2007 4389 2211 4457 forma

615 4474 833 4541 Brevis
878 4476 1035 4543 datis
1105 4476 1212 4544 die
1260 4480 1344 4546 29
1390 4478 1769 4545 Novembris
1814 4477 1961 4545 anni
2014 4481 2205 4562 1861,

615 4562 983 4630 facultatem
1015 4564 1430 4632 obtinuerunt
1462 4565 1688 4632 utendi
1725 4567 1786 4632 in
1818 4575 2207 4654 perpetuum

613 4669 791 4717 sacro
856 4651 1119 4719 almutio
1169 4653 1231 4721 in
1279 4654 1576 4722 omnibus
1621 4652 1812 4721 sacris
1867 4653 2208 4721 functioni-

615 4737 733 4806 bus
780 4740 1209 4829 collegialiter
1267 4741 1679 4830 peragendis.
1739 4743 1944 4821 Quum
1992 4752 2208 4811 autem

614 4827 724 4893 die
768 4831 942 4897 XXV
988 4829 1221 4916 Aprilis
1289 4831 1355 4897 in
1398 4834 1586 4897 Festo
1655 4829 1863 4898 Sancti
1912 4830 2097 4897 Marci
2145 4831 2209 4899 in

615 4915 846 4984 eadem
915 4917 1202 4985 Dioecesi
1270 4937 1409 4985 mos
1454 4919 1579 5003 sit,
1628 4930 1702 4986 ut
1745 4938 1778 4985 a
1825 4926 1960 4985 toto
2020 4919 2208 4986 clero

614 5001 1020 5073 obedientiae
1066 5017 1243 5073 actus
1289 5018 1653 5096 praestetur
1683 5011 1841 5075 Rmo
1879 5006 2210 5076 ordinario

615 5091 1030 5180 Dioecesano,
1055 5095 1507 5163 Sacerdotibus
1530 5095 1876 5182 praedictis
1898 5115 2003 5161 an.
2044 5098 2209 5164 1867

625 5178 940 5267 denegata
1011 5183 1130 5250 fuit
1187 5182 1640 5271 praecedentia
1707 5203 1903 5272 super
1962 5183 2215 5270 reliquo

622 5269 818 5336 clero
851 5289 981 5337 non
1015 5270 1314 5358 insignito
1337 5291 1514 5338 sacro
1536 5272 1831 5353 almutio;
1858 5289 2048 5358 quam
2077 5271 2218 5358 qui·

2327 427 2390 484 et
2442 420 2649 501 1866,
2698 425 3022 485 annuente
3079 420 3235 483 nmo
3280 414 3531 485 Vicat-io
3574 412 3907 495 Geuenli,

2323 505 2643 590 assequuti
2693 506 2970 573 fuerant.
3019 506 3150 573 Etsi
3182 515 3397 571 autem
3431 500 3768 570 memorati
3815 503 3913 568 Sa·

2323 593 2623 660 cerdotes
2671 612 2872 683 penes
2904 594 3209 662 eumdem
3242 591 3557 660 vicarium
3603 601 3913 677 protesta-

2327 680 2565 747 tionem
2611 701 2788 748 suam
2835 682 3204 759 emiserint;
3255 692 3490 766 tamen,
3541 688 3616 746 ut
3660 678 3912 744 scanda-

2325 769 2401 834 lis
2462 767 2973 856 quibuscumque
3023 770 3085 839 in
3133 779 3462 856 posterum
3504 767 3607 834 via
3678 763 3915 855 praeci-

2325 857 2537 940 datur,
2587 879 2619 923 a
2666 859 2851 926 Sacra
2896 858 3157 925 Rituum
3190 857 3700 946 congregatione
3750 854 3911 920 inse·

2323 946 2666 1032 quentium
2694 944 2975 1013 duorum
2999 945 3342 1016 dubiorum
3371 943 3761 1012 solutionem
3786 942 3913 1008 eni·

2326 1053 2407 1099 xe
2453 1035 2975 1121 postulaverunt3
3025 1033 3368 1102 nimirums

2453 1126 2707 1190 Duum!
2751 1126 2800 1188 1.
2865 1129 2961 1190 An
3014 1133 3189 1190 actus
3257 1119 3661 1189 obedientiae
3714 1117 3912 1185 consi·

2324 1211 2534 1278 derari
2582 1211 2856 1278 debeant
2900 1221 2973 1277 ut
3019 1210 3356 1297 religiosae
3402 1221 3472 1277 et
3513 1228 3729 1276 sacrae
3774 1206 3913 1273 fun·

2324 1297 2616 1365 stiones?
2658 1309 2724 1366 et
2771 1310 3084 1385 quatenus
3127 1297 3528 1381 affirmative,

2458 1392 2709 1454 noanon
2748 1391 2825 1455 11.
2875 1390 2969 1455 An
3001 1385 3382 1488 supradictis
3427 1384 3781 1453 duodecim
3811 1386 3913 1451 Sa·

2325 1475 2717 1560 cet-dotibus,
2777 1476 3200 1564 collegialiter
3255 1472 3787 1542 convenientibus
3838 1472 3912 1538 ad

2326 1564 2725 1631 obedientiae
2770 1575 2978 1631 actum
3028 1575 3093 1632 et
3125 1582 3301 1630 sacro
3333 1562 3600 1629 almutio
3647 1560 3914 1642 indutis,

2325 1652 2772 1741 praecedentia
2832 1671 3028 1741 super
3074 1650 3396 1737 reliquum
3449 1650 3713 1717 Clerum
3764 1649 3915 1714 sim-

2326 1741 2565 1828 plicem
2612 1759 2739 1807 non
2786 1740 3159 1827 insignitum
3206 1734 3563 1806 debeatur?
3882 1789 3901 1808 .

2454 1831 2642 1896 Sacra
2672 1829 2900 1897 eadem
2920 1827 3368 1916 congregatio,
3397 1825 3710 1911 exquisita
3734 1824 3917 1913 prius

2327 1916 2770 1984 informatione
2816 1937 2848 1982 a
2880 1922 3037 1984 Rmo
3086 1918 3221 1982 Dfio
3265 1914 3595 1982 ordinario
3649 1913 3917 1980 Dioece-

2322 2024 2503 2091 sano,
2552 2025 2673 2073 nec
2704 2024 2833 2071 non
2876 2004 3186 2072 sententia
3240 2003 3304 2070 in
3350 2001 3604 2089 scriptis
3649 2001 3919 2068 alterius

2324 2112 2401 2159 ex
2444 2092 2955 2181 Apostolicarum
2985 2091 3546 2160 caeremoniarum
3583 2089 3914 2175 fugisti-is,

2325 2190 2390 2249 et
2434 2202 2506 2249 re
2554 2193 2806 2249 mature
2851 2198 3190 2270 perpensa,
3228 2177 3709 2260 rescribendum
3762 2196 3917 2244 cen·

2322 2269 2485 2337 suit:

2455 2360 2548 2428 Ad
2601 2362 2647 2425 1.
2697 2380 2735 2422 ‹
2768 2358 3160 2426 Affirmative
3194 2379 3257 2424 ».

2453 2447 2548 2516 Ad
2610 2451 2683 2514 ll.
2752 2468 2790 2510 ι
2819 2445 3329 2514 praecedentiam
3396 2443 3620 2510 iisdem
3681 2442 3919 2510 deberi

2324 2546 2466 2624 post
2513 2534 2797 2623 capitula
2837 2534 3182 2635 collegiata
3213 2542 3454 2620 etpost
3498 2531 3817 2598 Parocbos
3851 2551 3916 2595 ι.

2455 2625 2667 2710 Atque
2712 2622 2798 2689 ita
2846 2622 3172 2709 rescripsit
3202 2633 3270 2688 et
3299 2619 3536 2686 servari
3581 2618 3921 2688 mandavit

2321 2711 2384 2778 in
2417 2710 2701 2779 Dioecesi
2747 2711 3063 2779 Nucerina
3097 2719 3163 2776 et
3192 2710 3441 2798 Oppido
3486 2711 3915 2793 Paganornm.

2456 2799 2565 2868 Die
2610 2802 2694 2868 27
2744 2798 2899 2866 lunii
2954 2801 3142 2867 1868.

2319 2944 2557 3015 3172.
2947 2941 3283 3008 nassau.
3673 2938 3918 3024 (113117)

2450 3071 2644 3133 umus
2712 3069 2783 3132 D.
2849 3061 3108 3131 lacobus
3181 3060 3483 3129 Bernardi
3550 3060 3922 3148 Episcopus

2319 3160 2585 3222 Massen.
2643 3152 2939 3240 exposuit
3000 3151 3063 3217 in
3120 3149 3368 3239 Oppido
3433 3150 3791 3217 castrinovi
3852 3149 3918 3216 in

2320 3241 2761 3310 carleromana
2817 3239 2976 3308 intra
3038 3238 3273 3305 limites
3333 3236 3707 3304 Dioeceseos
3759 3257 3917 3304 suae

2318 3329 2668 3398 Pan-ochum
2696 3327 3015 3396 Ecclesiae
3038 3327 3232 3415 ipsius
3254 3325 3485 3415 Oppidi
3509 3323 3773 3391 Abbatis
3804 3324 3922 3392 mi-

2323 3418 2463 3485 trati
2512 3418 2697 3485 titulo
2747 3414 3060 3503 insigniri,
3111 3416 3219 3501 qui
3267 3413 3472 3502 quoad
3521 3411 3917 3480 Pontificalia

2319 3507 2682 3573 exercenda
2701 3506 2886 3594 plura
2914 3502 3033 3570 sibi
3060 3501 3280 3570 tribuit
3310 3501 3670 3588 privilegia.
3698 3503 3913 3579 Quum

2317 3604 2531 3661 autem
2578 3593 2928 3682 Episcopus
2959 3603 3170 3659 orator
3199 3592 3623 3660 vehementer
3652 3588 3913 3656 dubitet

2316 3701 2472 3751 num
2518 3681 2854 3771 privilegia
2922 3698 3087 3766 quae
3132 3677 3251 3745 sibi
3298 3680 3363 3746 in
3408 3679 3638 3746 iisdem
3697 3678 3912 3744 Ponti·

2317 3771 2602 3840 ficalibus
2652 3768 3029 3836 exercendis
3075 3778 3462 3835 memoratus
3491 3764 3700 3833 Abbas
3733 3766 3912 3832 attri-

2316 3860 2480 3944 buit,
2530 3857 2742 3925 eidem
2780 3857 3071 3945 legitime
3117 3855 3514 3933 debeantur3
3562 3856 3911 3921 Sacrorum

2315 3948 2575 4017 Rituum
2608 3944 3101 4034 congregationi
3147 3944 3303 4010 baec
3336 3960 3499 4029 quae
3544 3955 3915 4028 sequuntur

2316 4034 2507 4104 dubia
2552 4054 2671 4124 pro
2739 4044 3097 4134 opportuna
3164 4032 3479 4099 solutione
3545 4026 3912 4098 exbibenda

2319 4123 2602 4204 curavit3
2652 4122 2989 4190 nimirum:
3101 4193 3107 4199 ,

2448 4217 2495 4279 l.
2532 4215 2626 4283 An
2658 4210 2976 4299 praefatus
3011 4207 3214 4276 Abbas
3241 4207 3425 4295 plura
3457 4207 3621 4274 intra
3665 4225 3911 4274 annum

2313 4298 2694 4367 Pontificalia
2742 4314 3051 4387 peragere
3097 4307 3332 4383 queat3
3383 4314 3508 4362 non
3542 4304 3791 4362 tantum
3846 4295 3913 4362 iu

2317 4388 2595 4456 Ecclesia
2659 4385 3001 4473 parochiali
3049 4395 3113 4450 et
3158 4383 3489 4466 Abbatiali,
3544 4384 3659 4450 sed
3710 4383 3909 4450 etiam

2316 4477 2378 4543 in
2428 4476 2724 4543 Ecclesiis
2769 4474 3120 4542 minoribus
3158 4484 3222 4538 et
3264 4470 3561 4539 oratoriis
3598 4470 3911 4558 publicis,

2313 4584 2478 4651 quae
2508 4576 2658 4632 sunt
2703 4562 2866 4630 intra
2911 4560 3198 4629 limitesi
3279 4561 3375 4627 ius
3418 4557 3794 4626 Paroeciae'?

2445 4658 2518 4720 ll.
2570 4654 2667 4720 An
2701 4651 2765 4719 in
2796 4651 2973 4718 Missa
3003 4650 3182 4717 Ponti
3235 4647 3349 4717 cali
3399 4646 3656 4736 elargiri
3701 4648 3912 4736 possit

2317 4742 2545 4808 trinam
2590 4735 3149 4808 benedictionem?

2445 4833 2545 4897 111.
2599 4830 2695 4895 An
2738 4828 2806 4896 iu
2853 4824 3318 4894 Pontificalibus
3349 4837 3482 4892 tres
3529 4823 3771 4910 mitras,
3810 4825 3909 4891 uti

2316 4917 2694 5007 Episcopus,
2742 4914 3051 4983 adbibere
3097 4924 3164 4981 et
3209 4914 3348 5004 ipse
3378 4910 3626 4980 valeat?

2447 5007 2632 5073 Sacra
2676 5023 2832 5071 vero
2893 5002 3118 5070 eadem
3169 5001 3643 5092 congregatio,
3693 5002 3908 5068 dedu-

2316 5095 2434 5161 ctis
2481 5094 2725 5160 iuribus
2790 5103 3036 5159 mature
3100 5090 3501 5175 examinatis,
3557 5089 3907 5175 auditaque

2315 5183 2630 5249 sententia
2676 5182 2741 5248 iu
2785 5179 3034 5268 scriptis
3078 5179 3343 5246 alterius
3387 5196 3471 5245 ex
3515 5176 3909 5264 Apostolica·

2318 5288 2464 5336 rum
2508 5267 3066 5338 Caeremoniarum
3111 5266 3418 5355 nagistris
3441 5314 3461 5352 ,
3509 5266 3906 5355 responden·

621 5357 781 5423 dem
820 5358 1338 5444 praecedentiam
1377 5358 1815 5444 superioribus
1843 5358 2018 5424 annis
2057 5361 2223 5427 1866
2319 5357 2476 5425 dum
2520 5357 2803 5427 censuit:
