4042 5950
2033 257 2501 334 ...224—

638 413 903 483 2660.
1223 416 1612 484 VERONEN.

767 590 1104 657 Parocbiali
1170 591 1230 657 in
1295 593 1574 661 Ecclesia
1621 596 1686 661 S.
1730 595 2044 664 Ambrosii
2086 600 2208 682 Op-

636 676 767 765 pidi
800 679 1200 763 Valpolicella
1231 680 1545 748 Dioecesis
1576 685 1927 768 veronen„
1953 683 2208 751 decenti

635 766 699 833 in
744 768 927 834 theca
974 768 1145 833 iuxta
1190 768 1536 857 appositam
1594 770 2070 857 inscriptionem
2114 792 2205 837 as·

634 865 986 938 servantur,
1003 875 1125 923 una
1145 876 1289 923 cum
1304 857 1589 941 Reliquia
1612 878 1691 925 ex
1710 858 1907 946 Ligno
1928 861 2038 929 88.
2059 864 2207 927 Cru-

635 942 755 1028 cis,
809 955 1153 1029 sequentes
1205 944 1395 1011 etiam
1449 946 1809 1032 Reliquiae,
1859 946 2202 1015 nimirum:

631 1035 816 1098 Gutta
861 1031 1192 1117 Sanguinis
1238 1033 1485 1100 Domini
1533 1034 1746 1102 Nostri
1777 1039 1913 1102 lesu
1945 1034 2203 1119 Christi,

585 1181 591 1188 .
634 1120 865 1187 Velum
913 1123 980 1185 Β.
1012 1123 1094 1186 Μ.
1123 1124 1199 1188 V.
1233 1123 1465 1188 eodem
1512 1123 1820 1211 sanguine
1848 1142 2202 1210 aspersum,

530 1282 554 1306 .
632 1211 822 1274 Parva
874 1212 1045 1275 crux
1090 1208 1173 1276 de
1221 1213 1421 1276 Cruce
1485 1210 1847 1276 SalvatoriS.
1902 1211 2202 1290 Quoniam

633 1296 749 1363 bae
811 1317 890 1363 ex
951 1295 1119 1363 dono
1179 1317 1513 1364 concessae
1572 1307 1721 1365 sunt
1786 1318 1947 1366 anno
2010 1302 2201 1384 1726,

632 1404 790 1452 onus
837 1405 916 1451 ex
965 1384 1174 1469 legato
1221 1384 1313 1451 illi
1357 1385 1521 1452 inest
1564 1384 1942 1472 quibusdam
1977 1387 2040 1454 in
2072 1387 2204 1455 die-

632 1475 747 1541 bus
811 1471 1106 1561 publicae
1158 1473 1553 1541 venerationi
1611 1474 1931 1560 Reliquias
2000 1474 2204 1543 istius-

629 1560 803 1629 modi
864 1561 1257 1654 exponendi.
1318 1562 1497 1629 Ritus
1555 1573 1769 1629 autem
1836 1575 2072 1630 extunc
2134 1584 2205 1631 ea

630 1648 954 1716 occasione
998 1659 1311 1732 servatur,
1376 1659 1447 1716 ut
1502 1651 1772 1736 scilicet,
1824 1672 1860 1719 e
1902 1652 2049 1719 loco
2094 1672 2203 1719 cu·

628 1737 871 1805 stodiae
916 1738 994 1805 ad
1041 1737 1237 1804 altare
1270 1738 1443 1806 SSmi
1477 1739 1861 1807 sacramenti
1893 1751 2205 1827 asportata

629 1825 809 1892 theca
856 1835 1130 1911 ponatur
1182 1825 1245 1893 in
1292 1827 1568 1911 Throno,
1619 1839 1685 1894 et
1730 1829 2058 1895 decantata
2103 1848 2201 1895 so-

631 1912 834 1981 lemni·
866 1913 1066 1997 Missa,
1114 1913 1456 1981 celebrans
1507 1911 1780 2003 utroqu'e
1826 1933 1999 2002 genu
2052 1917 2203 1984 ado-

630 2012 751 2086 ret,
801 2001 1123 2068 tburificet
1169 2002 1402 2089 triplici
1449 2003 1686 2087 ductu,
1728 2005 2199 2092 populumque,

627 2090 719 2156 uti
770 2106 915 2157 cum
959 2110 1126 2156 sacra
1166 2091 1581 2176 Eucharistia,
1624 2091 1981 2177 benedicat,
2018 2112 2202 2180 repo-

627 2189 859 2265 natque
913 2180 976 2245 in
1019 2176 1448 2246 Tabernaculo
1495 2200 1616 2248 una
1664 2199 1808 2247 cum
1857 2183 2050 2249 SSmo
2105 2184 2205 2248 Sa·

629 2278 977 2352 cramento,
1013 2278 1082 2333 ut
1116 2286 1387 2355 vespere
1418 2266 1588 2334 idem
1621 2266 1942 2336 observari
1976 2270 2197 2357 possit.

626 2354 1034 2429 Rubricatum
1096 2353 1613 2441 dispositionibus
1662 2366 1725 2421 et
1780 2362 2051 2424 Decreto
2098 2361 2201 2425 Sa-

627 2463 768 2509 crae
815 2445 1074 2511 Rituum
1129 2441 1615 2530 congregationi
1672 2444 1816 2510 anni
1869 2448 2036 2513 1736
2085 2446 2200 2512 iste

624 2551 774 2597 usus
822 2530 1171 2599 contrarius
1199 2529 1487 2616 apparuit
1519 2530 1842 2598 Sacerdoti
1875 2533 2201 2600 Francisco

624 2619 886 2705 Negrini
933 2617 1284 2686 recensitae
1329 2618 1699 2688 Parocbialis
1746 2620 2201 2708 Archipresby-

502 2784 506 2788 .
629 2717 801 2791 tero;
837 2707 944 2792 qui
980 2705 1249 2795 proinde
1295 2706 1611 2793 Reliquias
1658 2721 1908 2775 erectus
1960 2708 2203 2776 thurifi-

626 2795 811 2879 cavit,
860 2813 1073 2879 neque
1121 2795 1184 2860 in
1229 2794 1653 2862 Tabernaculo
1697 2797 1968 2884 amplius
2015 2815 2202 2885 repo-

624 2883 772 2949 suit.
837 2886 1000 2949 Haec
1045 2880 1453 2950 dissidiorum
1507 2894 1573 2949 et
1627 2884 2198 2952 controversiarum

624 2992 827 3038 causa.
879 2971 973 3038 Ad
1023 2969 1273 3038 dissidia
1323 2971 1534 3060 itaque
1566 2974 2006 3061 componenda
2051 2993 2199 3061 pru-

623 3060 782 3127 dens
825 3058 1351 3147 Archipresbyter
1403 3060 1610 3146 primo
1667 3065 1899 3128 Rmum
1944 3061 2200 3148 Episco-

623 3167 805 3237 pum,
839 3147 991 3215 dein
1036 3151 1285 3215 Sacram
1330 3148 1591 3215 Rituum
1627 3150 2200 3236 congregationem

622 3236 841 3323 adivit,
882 3248 954 3303 ut
997 3256 1192 3324 super
1235 3235 1523 3325 exposito
1569 3237 1697 3305 ritu
1744 3239 2194 3305 decernerent.

752 3329 832 3391 Et
863 3327 927 3393 S.
953 3328 1024 3391 R.
1054 3326 1155 3408 C.,
1189 3324 1254 3390 in
1285 3324 1609 3393 Ordinario
1656 3330 1855 3394 Coetu
1903 3325 1977 3392 ad
2031 3323 2201 3392 Vati-

623 3432 849 3480 canum
893 3411 1013 3479 sub
1049 3411 1443 3501 infrascripta
1475 3412 1583 3481 die
1612 3425 1855 3496 coacto,
1890 3412 2202 3499 exquisita

623 3500 798 3589 prius
829 3499 1139 3568 sententia
1180 3504 1256 3567 R.
1284 3507 1355 3569 D.
1392 3500 1606 3567 Aloisii
1652 3501 2000 3568 Gardellini
2035 3501 2197 3567 eius·

621 3590 773 3655 dem
820 3591 1041 3656 Sacrae
1087 3587 1607 3674 Congregationis
1637 3590 1980 3656 Assessoris
2011 3588 2202 3676 Typis

624 3695 878 3759 excusa,
927 3676 1002 3742 ad
1052 3677 1424 3743 relationem
1459 3677 1599 3743 Emi
1632 3690 1696 3745 et
1728 3678 1865 3745 Rmi
1896 3682 1967 3744 D.
2006 3679 2195 3745 card.

620 3762 957 3851 Augustini
1004 3762 1288 3830 Rivarola
1334 3765 1655 3849 Ponentis,
1707 3786 1776 3832 re
1824 3776 2073 3850 mature
2105 3764 2194 3832 di·

623 3850 1028 3937 ligenterque
1060 3852 1358 3936 discussa,
1394 3851 1873 3920 rescribendum
1913 3853 2193 3920 censuit:

618 3961 657 4005 ι
692 3946 863 4007 {uxta
926 3951 1145 4006 votum
1206 3939 1571 4025 Assessoris,
1621 3940 1971 4008 nimirum:
2034 3939 2199 4008 Citra

528 4100 539 4111 ,
620 4026 1137 4119 approbationem
1181 4027 1638 4115 Reliquiarum‚
1687 4028 1996 4096 scribatur
2043 4033 2199 4096 Rmo

617 4116 967 4202 ordinario,
994 4119 1164 4183 iuxta
1196 4128 1481 4183 mentem
1506 4139 1570 4182 ».
1616 4120 1787 4183 Mens
1818 4127 2031 4184 autem
2059 4127 2193 4184 est:

621 4226 658 4270 ι
683 4215 750 4271 ιιι
779 4205 1105 4291 permittat
1140 4207 1577 4273 tantummodo
1607 4204 1743 4272 illas
1773 4205 2198 4272 venerationis

622 4305 683 4360 et
738 4294 945 4361 cultus
995 4292 1529 4382 significationeS,
1586 4312 1746 4379 quae
1778 4293 2198 4360 -conveniunt

619 4381 924 4468 Reliquiis
966 4382 1046 4449 de
1096 4386 1298 4449 cruce
1344 4385 1417 4448 D.
1469 4383 1543 4447 N.
1595 4387 1641 4448 l.
1691 4385 1791 4449 c.:
1843 4382 2197 4470 prudenter

617 4491 774 4538 vero
820 4470 1251 4558 suaviterque,
1299 4489 1420 4557 per
1462 4490 1531 4536 se
1577 4470 1682 4535 vel
1729 4489 1849 4557 per
1893 4470 2047 4536 alios
2094 4474 2196 4538 Sa·

617 4559 939 4641 cerdoteS,
975 4571 1155 4626 curet
1201 4559 1512 4647 populum
1546 4558 1781 4626 docere
1812 4568 1877 4624 et
1909 4558 2193 4641 erudire,

617 4668 699 4715 ne
742 4647 1102 4714 scandalum
1150 4650 1421 4736 patiatur
1464 4666 1541 4714 ex
1590 4647 1977 4735 praescripta
2026 4646 2199 4715 inde-

620 4735 731 4801 biti
777 4736 986 4803 cultus
1031 4736 1479 4803 reformatione
1510 4758 1574 4802 ».
1624 4740 1703 4801 Et
1749 4735 1832 4802 ita
1877 4734 2194 4803 decrevit.

619 4826 728 4891 Die
776 4829 859 4891 22
907 4825 1304 4912 Septembris
1357 4828 1548 4892 1827.

619 4998 870 5069 2661.

747 5179 903 5242 Rme
937 5177 1070 5241 Dfie
1102 5176 1192 5241 uti
1228 5180 1468 5241 Frater.
1506 5175 1704 5241 Huius
1751 5176 1817 5241 S.
1853 5178 1925 5241 R.
1966 5175 2036 5239 C.
2065 5172 2210 5240 Lit-e

620 5265 771 5332 teris
814 5264 935 5330 sub
993 5261 1100 5332 die
1148 5267 1232 5329 22
1282 5262 1678 5349 Septembris
1731 5264 1923 5345 1827,
1974 5260 2194 5346 exqui-

617 5355 731 5421 sita
780 5350 1230 5441 Amplitudinis
1276 5356 1444 5417 Tuae
1481 5348 1789 5417 sententia
1820 5367 2018 5435 super
2046 5366 2192 5434 sup·

1192 5001 1607 5068 PArAva.
1966 4999 2191 5085 (aeae)

1979 415 2205 503 (4634)
2306 416 2457 503 plici
2517 416 2762 482 Libello
2825 416 3286 484 Bartholomaei
3344 421 3734 486 Cremonese
3783 423 3882 486 Pa-

2313 504 2489 571 rochi
2551 503 2868 570 Ecclesiae
2927 506 2996 571 S.
3043 505 3314 572 Iustinae
3375 505 3559 573 istius
3619 507 3891 575 civitatis

2312 593 2519 677 quoad
2569 591 3105 679 dispensationem
3151 613 3183 658 a
3230 612 3390 660 nova
3447 606 3890 663 execratomm

2313 680 2622 747 Altarium
2653 679 3157 766 consecratione,
3192 680 3386 749 instar
3417 682 3659 749 indulti
3691 685 3758 750 in
3783 688 3891 750 Be·

2313 778 2665 835 neventana
2727 767 2833 834 die
2895 771 2979 834 26
3024 770 3403 837 Novembris
3461 772 3684 848 1696;
3745 771 3888 838 baec

2309 855 2648 939 sententia,
2683 867 2943 942 accepta
2985 858 3199 923 Mense
3232 859 3579 926 Novembri
3609 858 3887 945 superio-

2312 943 2397 1010 ris
2438 943 2610 1028 anni,
2654 943 2720 1010 in
2763 944 3089 1011 Ordinario
3144 944 3432 1015 eiusdem
3479 949 3546 1013 S.
3583 949 3664 1013 c.
3693 950 3884 1013 coetu

2310 1031 2386 1099 ad
2434 1034 2801 1100 Vaticanum
2860 1032 2980 1099 sub
3039 1031 3436 1121 infrascripta
3494 1035 3606 1102 die
3651 1043 3884 1117 coacto,

2309 1119 2428 1186 fuit
2460 1120 2746 1207 perlecta
2777 1129 2843 1186 et
2877 1121 3046 1187 Emis
3090 1121 3373 1189 Patribus
3402 1122 3884 1190 communicata.

2307 1209 2513 1287 Quum
2561 1218 2773 1274 autem
2815 1228 2896 1274 ex
2929 1208 3060 1296 ipsa
3105 1211 3305 1296 probe
3352 1210 3799 1298 intelligerent
3825 1222 3884 1277 et

2309 1295 2888 1363 animadverterent
2938 1297 3249 1364 tredecim
3295 1317 3330 1364 e
3376 1298 3882 1385 vigintiquinque

2307 1384 2626 1458 Alteribus
2671 1403 2790 1471 per
2835 1383 3076 1451 feraces
3122 1405 3344 1453 manus
3387 1398 3496 1452 aut
3540 1387 3744 1454 ablata
3789 1399 3885 1452 aut

2308 1472 2517 1539 difissa
2563 1483 2670 1538 aut
2707 1471 2962 1561 penitus
3007 1474 3330 1541 destructa
3375 1475 3599 1557 fuisse,
3634 1494 3704 1540 ac
3735 1474 3886 1540 duo-

2310 1562 2519 1629 decim
2565 1581 2727 1646 quae
2774 1573 3121 1647 supersunt
3173 1562 3422 1649 integra
3466 1563 3702 1630 Altaria
3748 1563 3888 1628 satis

2306 1667 2630 1738 superque
2675 1649 2993 1716 sufficiens
3039 1650 3504 1738 parochialibus
3550 1650 3888 1718 functioni-

2307 1736 2424 1813 bus
2457 1737 2866 1804 commodum
2913 1737 3260 1826 praebere;
3312 1751 3702 1806 censuerunt
3749 1759 3890 1827 pro—

2307 1839 2569 1912 pterea:
2618 1846 2658 1888 ι
2683 1827 2820 1894 Non
2863 1844 2998 1891 esse
3037 1825 3249 1892 locum
3295 1825 3752 1915 dispensationi
3782 1845 3893 1911 pe-

2310 1916 2490 1999 titae;
2550 1924 2615 1978 et
2679 1912 2833 1980 baec
2891 1913 3025 2002 ipsa
3081 1914 3314 1981 Altaria
3375 1914 3671 2000 indigere
3728 1933 3892 1981 nova

2307 1999 2817 2069 consecratione:
2868 2020 3060 2086 quam
3106 2003 3476 2091 Amplitudo
3523 2007 3652 2070 Tua
3693 2002 3894 2103 perfi-

2309 2109 2456 2157 cere
2526 2089 2765 2177 poterit
2822 2093 2927 2158 vel
2988 2110 3111 2156 una
3172 2090 3358 2158 simul
3423 2091 3527 2157 vel
3592 2089 3889 2173 divisim,

2308 2178 2479 2245 iuxta
2510 2175 2775 2244 sancitas
2805 2178 2983 2266 leges
3026 2180 3286 2245 Romani
3330 2177 3708 2246 Pontificalis
3737 2200 3800 2243 t.

2441 2266 2626 2334 Hisce
2691 2264 2907 2351 itaque
2975 2265 3154 2332 novis
3223 2266 3455 2334 litteris
3513 2278 3732 2353 aperta
3797 2279 3896 2332 est

2310 2354 2601 2422 eiusdem
2634 2356 2697 2420 S.
2730 2355 2801 2419 c.
2830 2373 3011 2421 mens
3045 2366 3110 2421 et
3140 2355 3472 2433 voluntas;
3524 2355 3671 2421 ideo
3703 2365 3897 2419 curet

2307 2441 2680 2530 Amplitudo
2713 2446 2865 2525 Tua,
2898 2453 2968 2508 ut
2999 2441 3155 2510 nibil
3197 2462 3393 2531 super
3438 2441 3760 2508 execratis
3791 2444 3896 2507 Al·

2305 2531 2543 2599 taribus
2592 2531 2959 2613 innovetur,
2991 2532 3200 2598 donec
3246 2550 3406 2597 nova
3452 2530 3710 2600 accedat
3745 2548 3900 2596 con·

2304 2617 2605 2703 secratio;
2657 2616 2776 2684 nisi
2830 2618 3129 2686 maluerit
3172 2637 3291 2705 per
3336 2620 3486 2684 Aras
3535 2618 3897 2707 portatiles,

2303 2726 2418 2773 seu
2447 2726 2655 2773 sacros
2679 2705 2950 2791 Lapides
2978 2726 3180 2796 super
3228 2706 3418 2772 ositos
3452 2724 3678 2773 eorum
3700 2725 3898 2773 usum

2306 2794 2776 2882 expeditiorem
2825 2793 3128 2879 reddere,
3208 2814 3369 2861 onec
3402 2804 3894 2862 consecrentur.

2307 2887 2385 2949 Et
2443 2882 2552 2948 diu
2617 2883 2773 2948 felix
2841 2893 2911 2949 et
2979 2882 3314 2951 incolumis
3382 2881 3580 2949 vivas.
3652 2886 3899 2949 Romae

2308 2975 2391 3037 22
2438 2969 2636 3037 Martii
2689 2975 2878 3039 1828.

2305 3132 2429 3195 Pno
2467 3132 2662 3194 Eum.
2697 3133 2768 3195 D.
2798 3134 3002 3198 Canu.
3037 3134 3127 3196 Du
3158 3133 3457 3198 Sotiates
3487 3134 3894 3214 Primnum,

2654 3239 2703 3301 1.
2738 3238 2807 3301 F.
2842 3240 3045 3304 Canu.
3082 3239 3532 3303 Faunum.

2480 3400 2533 3462 Ι.
2572 3399 2818 3481 Gaspar
2862 3399 3090 3464 Fatati
3134 3397 3205 3463 S.
3235 3399 3316 3463 R.
3346 3397 3416 3462 c.
3456 3398 3894 3479 Secretarius.

2307 3588 2564 3656 2662.
2909 3591 3279 3655 MELITEN.
3656 3589 3896 3675 (4637)

2435 3763 2863 3832 Parocbialem
2894 3763 3245 3831 Ecclesiam
3283 3768 3348 3832 S.
3382 3763 3559 3830 Pauli
3589 3764 3894 3852 Naufragi

2300 3852 2579 3921 Civitatis
2626 3850 2938 3919 Vallettae
2985 3851 3302 3921 Dioecesis
3355 3851 3637 3919 Meliten.
3683 3871 3742 3916 ³.
3800 3872 3889 3919 m.

2301 3942 2597 4009 Clemens
2643 3944 2749 4009 ΧΠ
2795 3943 2974 4007 Pont.
3027 3944 3187 4007 Max.
3239 3941 3317 4008 ad
3364 3939 3627 4027 Insignis
3669 3939 3892 4005 colle·

2302 4029 2503 4115 ‘giatae
2567 4040 2779 4095 notam
2849 4029 3102 4112 evexit,
3173 4028 3351 4094 cuius
3423 4026 3890 4095 Canonicorum
4004 4106 4007 4117 Ι

2302 4117 2665 4204 collegium
2716 4124 2780 4183 et
2827 4117 2962 4202 ipse
3009 4128 3074 4182 et
3119 4115 3426 4202 permulti
3484 4134 3894 4181 successores
4005 4134 4007 4139 ·

2301 4206 2545 4277 Summi
2592 4203 2926 4271 Pontifices
2959 4203 3144 4270 variis
3190 4202 3542 4290 insignibus
3572 4203 3637 4270 in
3670 4204 3890 4269 eccle-

2298 4292 2560 4359 siasticis
2615 4291 3043 4359 functionibus
3103 4293 3644 4367 cohonestarunt;
3715 4309 3889 4376 quae

2297 4381 2561 4468 quidem
2611 4380 2860 4446 initium
2905 4380 3090 4446 fuere
3135 4379 3577 4467 quaestionum
3618 4389 3684 4444 et
3730 4398 3886 4445 con·

2297 4469 2750 4536 troversiarum
2821 4470 2987 4534 inter
3056 4466 3448 4536 Catbedralis
3516 4465 3885 4552 Capitulum

2297 4557 2581 4624 civitatis
2637 4555 2942 4622 Notabilis
2986 4567 3053 4622 et
3098 4567 3457 4635 ceterarum
3506 4554 3888 4639 Collegiata·

2299 4665 2440 4712 rum
2478 4643 2769 4713 eiusdem
2802 4642 3087 4711 insulae2
3136 4643 3213 4710 ad
3246 4662 3409 4731 quae
3440 4643 3889 4741 componenda

2299 4732 2542 4822 pluries
2574 4736 2797 4800 Sacrae
2829 4731 3090 4798 Rituum
3119 4729 3608 4819 congregatiom
3637 4729 3884 4818 suppli·
4005 4778 4007 4823 :

2299 4832 2507 4889 catum
2556 4832 2675 4905 est,
2718 4819 3092 4908 praesertim
3137 4819 3364 4888 diebus
3410 4824 3450 4884 6
3495 4817 3636 4883 Maii
3684 4828 3750 4885 et
3803 4821 3883 4883 16

2296 4909 2664 4977 Decembris
2723 4907 2885 4975 Anni
2938 4910 3129 4975 1826.
3193 4907 3496 4987 Quoniam
3550 4924 3709 4972 vero
3764 4905 3883 4971 bu·
4005 4914 4007 4917 ’

2295 4996 2569 5065 iusmodi
2609 4999 2866 5081 Causae,
2905 4995 3215 5062 recensita
3248 4995 3310 5061 in
3343 4994 3876 5080 congregatione,

2298 5085 2544 5152 nonnisi
2616 5087 2807 5172 longo
2869 5084 3177 5171 temporis
3242 5081 3578 5149 intervallo
3634 5078 3879 5147 multis·

2297 5190 2425 5256 que
2480 5172 2879 5240 intermediis
2940 5170 3237 5259 expensis
3295 5169 3534 5237 absolvi
3593 5176 3874 5255 queant;

2300 5261 2535 5328 idcirco
2612 5271 2756 5348 post
2830 5260 2987 5327 haec
3055 5263 3247 5328 88ῶο
3315 5259 3579 5325 Domino
3652 5259 3875 5323 Nostro

2296 5349 2491 5415 Leoni
2536 5352 2646 5415 xu
2691 5354 2870 5415 Pont.
2905 5353 3065 5419 Max.
3103 5347 3425 5436 supplices
3472 5346 3730 5414 fuerunt
3758 5345 3870 5409 ca·
