4042 5950
2066 251 2537 334 -240-

661 412 930 482 dentem
960 412 1066 480 vel
1099 411 1177 478 ab
1214 410 1386 478 illius
1431 410 1614 479 ianua
1661 412 1738 478 ad
1784 412 2112 500 propriam
2141 413 2255 480 do·

661 521 840 570 mum
893 511 1337 570 revertentem
1382 501 1792 585 comitantur,
1842 501 2018 568 iuxta
2072 501 2255 567 obso-

663 594 864 658 letum
888 609 1138 658 morem
1160 589 1625 657 canonicorum
1649 590 2257 673 Ravennatensium,

661 679 792 748 bini
860 689 1004 767 post
1072 682 1346 747 Crucem
1413 678 2043 766 Arcbiepiscopalem
2110 688 2259 746 ante

661 768 872 857 ipsum
924 767 1294 835 Antistitem
1347 767 1889 855 progrediuntur.
1950 768 2046 835 Ad
2096 767 2261 834 hanc

659 857 965 925 tuendam
991 856 1524 923 consuetudinem
1549 856 1810 923 maximi
1843 856 2093 922 roboris
2115 875 2257 922 esse

658 944 1043 1034 perhibetur
1066 955 1363 1014 veterum
1395 946 1789 1031 picturarum
1817 945 2258 1012 testimonium

661 1045 727 1101 et
783 1034 1084 1122 perennis
1145 1033 1402 1111 traditio
1462 1054 1494 1099 a
1549 1032 1895 1100 maioribus
1948 1043 2253 1121 accepta3

658 1124 819 1190 adeo
866 1134 938 1190 ut
987 1132 1433 1211 praesumatur
1492 1122 1596 1189 bic
1648 1141 1799 1188 usus
1842 1121 1921 1187 ab
1967 1141 2045 1188 eo
2096 1132 2258 1188 tem-

659 1232 821 1301 pore
867 1212 1229 1294 inchoatus,
1261 1230 1389 1298 quo
1422 1212 1499 1278 ab
1531 1211 1783 1277 Urbano
1821 1214 1981 1298 Papa
2015 1214 2066 1276 11
2098 1210 2257 1277 haec

659 1300 1029 1368 Primatialis
1056 1302 1341 1368 Ecclesia
1374 1299 1438 1365 in
1469 1298 2001 1384 metropoliticam
2048 1298 2259 1384 digni-

662 1402 858 1457 tatem
903 1401 1166 1476 recepta
1215 1398 1337 1455 est.
1396 1387 1737 1467 Quaeritur
1794 1387 1996 1472 igitur
2039 1398 2257 1455 utrum

661 1480 974 1548 recensita
1023 1476 1422 1544 consuetudo
1466 1476 1778 1543 servanda
1823 1473 1954 1543 sit?

789 1572 900 1635 24.
949 1570 1181 1633 Utrum
1221 1585 1373 1632 usus
1417 1565 1494 1630 ab
1538 1562 2130 1652 Archipresbyteris
2162 1562 2258 1630 Pi-

658 1655 825 1723 sanis
849 1656 1143 1722 invectus
1170 1655 1232 1721 in
1256 1653 1447 1720 sacris
1476 1651 1913 1719 functionibus
1945 1653 2076 1719 ritu
2100 1656 2260 1720 Pon-

660 1744 875 1812 tificali
925 1742 1341 1832 peragendis,
1386 1741 1600 1829 redigi
1645 1741 1878 1808 debeat
1910 1741 1985 1808 ad
2023 1741 2263 1808 limites

664 1832 902 1900 indulti
950 1828 1320 1898 Pontificii'?

791 1925 872 1986 Et
904 1924 971 1987 S.
1007 1924 1083 1988 R.
1120 1923 1222 2006 c.,
1265 1921 1342 1987 ad
1390 1919 1762 1986 Vaticanum
1815 1918 1879 1985 in
1923 1917 2256 1985 ordinario

658 2011 862 2077 Coetu
891 2009 1013 2075 sub
1045 2008 1444 2096 infrascripta
1492 2008 1600 2075 die
1631 2006 2010 2090 coadunata,
2044 2006 2123 2073 ad
2157 2025 2257 2072 re-

659 2096 963 2165 lationem
997 2097 1136 2163 Ειῐιί
1163 2108 1230 2164 et
1253 2096 1393 2164 Rmi
1425 2095 1676 2163 Domini
1709 2094 2064 2163 cardinalis
2095 2096 2258 2162 Tho·

657 2205 801 2253 mae
824 2188 1010 2255 Weld
1036 2186 1363 2269 Ponentis,
1392 2184 1705 2272 exquisita
1732 2184 1911 2271 prius
1940 2183 2258 2251 sententia

658 2275 925 2343 alterius
987 2294 1068 2342 ex
1124 2273 1639 2361 Apostolicarum
1696 2272 2256 2340 caeremoniarum

659 2363 974 2452 Magistris
1016 2362 1274 2451 scriptis
1317 2361 1566 2428 reddita
1597 2362 1954 2448 praeloque
1988 2380 2159 2445 cusa,
2194 2372 2260 2427 et

659 2450 956 2519 omnibus
1001 2462 1253 2519 mature
1285 2450 1766 2536 diligenterque
1798 2449 2123 2532 discussis,
2159 2468 2259 2517 re-

657 2541 1119 2625 spondendum
1166 2539 1467 2606 censuit:

790 2628 888 2695 Ad
945 2633 1001 2694 1.
1057 2649 1095 2692 ⁴
1130 2625 1445 2714 Negative
1483 2646 1548 2693 v.

792 2718 885 2784 Ad
936 2721 1003 2783 2.
1055 2735 1093 2780 ⁴
1127 2715 1409 2781 Attentis
1477 2713 1909 2801 peculiaribus
1987 2717 2256 2782 circum-

656 2805 927 2890 stantiis,
955 2810 1020 2871 iu
1052 2824 1202 2871 casu
1233 2803 1318 2887 de
1349 2822 1478 2890 quo
1509 2804 1748 2890 agitur,
1782 2804 2255 2873 consulendum

658 2892 1071 2962 Sanctissimo
1104 2912 1222 2982 pro
1255 2892 1615 2977 Apostolica
1653 2891 2127 2981 dispensatione
2156 2912 2259 2959 re-

660 2982 895 3049 citandi
941 2982 1191 3049 Laudes
1234 2983 1374 3048 sine
1421 2992 1614 3049 cantu
1708 2993 1806 3049 ost
1852 2983 2099 3049 Missam
2147 2985 2257 3050 So-

661 3072 984 3139 lemnem:
1013 3070 1348 3138 canonicis
1382 3081 1594 3138 tamen
1694 3072 1903 3158 iisque
1930 3072 2015 3138 de
2049 3090 2255 3155 more,

659 3178 862 3246 aeque
910 3179 979 3227 ac
1027 3161 1092 3227 in
1124 3158 1262 3226 aliis
1305 3159 1562 3244 diebus,
1597 3159 1914 3228 obstrictis
1947 3161 2026 3227 ad
2061 3160 2258 3226 inter-

660 3248 1054 3316 veniendum
1098 3258 1171 3315 ut
1218 3250 1557 3316 lucrentur
1601 3248 1888 3315 matutini
1953 3248 2259 3317 distribu-

664 3338 907 3404 tionem
943 3359 1007 3404 ν.

792 3426 887 3492 Ad
939 3431 1002 3494 3.
1052 3448 1091 3491 ⁴
1124 3425 1572 3505 Affirmative;
1623 3425 1749 3491 illis
1793 3424 2025 3493 diebus
2068 3443 2256 3491 exce-

660 3515 811 3603 ptis,
838 3514 904 3579 in
929 3514 1162 3599 quibus
1184 3514 1747 3602 Archiepiscopus‚
1775 3525 2113 3602 postquam
2136 3518 2257 3580 Ma-

659 3601 868 3669 tutino
914 3602 1296 3669 solemniter
1343 3602 1639 3690 peregit,
1688 3602 1937 3668 Laudes
1996 3620 2257 3688 quoque

658 3688 1040 3756 solemniter
1086 3690 1417 3756 celebrare
1461 3689 1743 3759 voluerit
1776 3711 1844 3757 ν.

792 3778 888 3844 Ad
940 3780 1005 3844 4.
1060 3799 1098 3843 ⁴
1129 3778 1442 3865 Negative
1481 3800 1548 3847 »-

790 3865 888 3931 Ad
938 3871 1002 3933 δ.
1055 3888 1094 3930 ⁴
1136 3870 1456 3933 Assertam
1521 3865 2059 3934 consuetudinem
2126 3886 2256 3934 non

611 3969 622 3980 “
660 3974 804 4022 esse
851 3953 1229 4033 ferendam3
1279 3965 1345 4020 et
1390 3956 1635 4023 Laudes
1681 3955 1747 4021 in
1793 3955 2003 4023 choro
2064 3957 2255 4022 alter·

660 4043 885 4129 natim,
932 4042 1206 4110 solemni
1252 4043 1557 4110 Matutino
1604 4044 1924 4126 absoluto,
1980 4045 2257 4111 recitan-

662 4133 772 4200 das
819 4149 957 4198 esse
985 4152 1048 4198 ».

793 4220 887 4286 Ad
938 4223 1006 4287 6.
1059 4242 1097 4286 ⁴
1128 4219 1463 4308 Negative,
1499 4220 1672 4288 iuxta
1707 4220 2010 4299 modum;
2048 4238 2122 4286 ea
2159 4221 2253 4287 ni-

660 4308 896 4376 mirum
942 4309 1010 4377 in
1055 4320 1264 4397 parte,
1298 4328 1464 4395 quae
1509 4308 1967 4377 caeremoniali
1998 4308 2257 4395 Episco-

661 4415 896 4487 porum
940 4398 1319 4464 adversatur
1352 4418 1414 4463 ».

792 4487 888 4553 Ad
937 4489 1001 4553 7.
1053 4506 1091 4551 ⁴
1124 4487 1433 4572 Negative
1467 4507 1534 4552 ν.

792 4575 891 4642 Ad
937 4579 1003 4642 8.
1055 4597 1094 4640 ⁴
1127 4574 1545 4661 Affirmative,
1574 4576 1652 4643 ad
1675 4576 1950 4664 primam
1973 4586 2252 4663 partem;

659 4664 996 4751 Negative,
1046 4664 1124 4731 ad
1172 4665 1526 4732 secundam
1556 4686 1622 4731 ν.

796 4754 892 4820 Ad
941 4757 1006 4822 9.
1061 4776 1100 4819 ⁴
1129 4756 1223 4821 Ne
1273 4754 1442 4821 ative
1473 4774 1536 4819 ν.

793 4841 890 4908 Ad
944 4845 1050 4910 10.
1102 4863 1140 4908 ⁴
1174 4843 1226 4909 A
1297 4842 1568 4910 rmative
1603 4864 1668 4908 ν.

794 4930 893 4997 Ad
948 4935 1051 4997 11.
1103 4951 1141 4997 ⁴
1176 4932 1484 5019 Negative
1517 4952 1581 4999 ν.

793 5019 889 5098 Ad
945 5023 1048 5086 12.
1099 5041 1138 5084 ⁴
1170 5021 1485 5088 Probetur
1513 5020 1810 5089 formiter
1839 5029 2074 5089 asserta
2107 5039 2252 5088 con·

663 5108 945 5176 suetudo
978 5129 1043 5173 ν.

796 5197 893 5263 Ad
944 5200 1050 5263 13.
1102 5217 1140 5261 ⁴
1173 5196 1532 5282 Negative;
1602 5209 1794 5285 atque
1855 5198 1939 5264 ita
1998 5216 2254 5264 servan·

665 5286 824 5354 dum
870 5285 934 5352 in
983 5284 1276 5351 omnibus
1323 5285 1459 5351 aliis
1503 5284 1757 5351 Pisanae
1790 5285 2106 5353 Dioecesis
2141 5290 2253 5351 Ec-

666 5376 902 5462 clesiis,
937 5384 1066 5440 tam
1099 5374 1415 5457 exemptis
1461 5390 1648 5462 quam
1679 5391 1806 5438 non
1841 5373 2161 5461 exemptis
2185 5386 2250 5437 t.

2483 411 2579 479 Ad
2631 415 2738 482 14.
2788 435 2827 478 ⁴
2859 412 3249 482 servandam
3285 434 3424 482 esse
3456 416 3881 505 dispositionem

2353 500 2849 569 Caeremonialis
2880 523 2946 567 ν.

2483 590 2581 657 Ad
2632 594 2735 657 15.
2787 610 2825 655 ⁴
2859 594 3217 659 Serventur
3261 593 3573 660 Rubricae
3600 616 3662 660 s.

2480 679 2576 746 Ad
2631 683 2736 745 16.
2788 699 2826 744 ⁴
2859 680 3247 748 servandam
3285 700 3423 748 esse
3455 683 3885 770 dispositionem

2350 768 2845 837 Caeremonialis
2884 769 3000 836 lib.
3034 773 3100 856 2,
3137 788 3278 858 cap.
3312 774 3379 855 8,
3416 773 3456 856 ἓ
3491 775 3577 839 24
3611 782 3673 838 et
3700 776 3802 840 27:
3830 793 3888 839 eo

2351 855 2545 923 modo
2576 869 2648 923 ut
2679 856 3117 925 subdiaconus
3150 859 3456 926 deferens
3504 860 3891 948 Arcbiepisco·

2353 947 2563 1046 palem
2606 948 2879 1013 Crucem
2940 946 3020 1012 sit
3078 957 3362 1035 paratus,
3412 949 3670 1016 medius
3726 961 3891 1015 tamen

2350 1044 2525 1100 inter
2567 1034 2728 1101 duos
2779 1034 3210 1103 ceroferarios
3267 1056 3414 1103 cum
3479 1035 3890 1121 luminat-ihm
3972 1108 3973 1115 χ

2355 1132 2419 1188 et
2476 1123 2781 1222 Acolytus
2842 1122 3147 1190 deferens
3204 1126 3478 1192 Crucem
3538 1125 3793 1214 capituli
3834 1128 3891 1190 sit
3972 1126 3973 1131 ’

2355 1220 2521 1278 cotta
2570 1211 2829 1278 indutus
2862 1233 2926 1278 ν.

2483 1300 2579 1366 Ad
2630 1302 2735 1366 17.
2789 1320 2827 1365 ⁴
2859 1300 3173 1389 Negative
3211 1323 3275 1366 ».

2484 1388 2581 1454 Ad
2636 1392 2739 1455 18.
2789 1410 2830 1452 ⁴
2863 1391 3223 1457 Serventur
3267 1391 3333 1457 in
3378 1390 3704 1474 omnibus,
3747 1390 3894 1457 etiam

2357 1477 2420 1544 in
2466 1477 2751 1544 vestibus
2809 1478 3230 1545 Diaconorum
3292 1480 3743 1563 assistentium,
3779 1482 3897 1545 cae-

2352 1564 2715 1632 remonialis
2758 1567 3224 1654 Episcoporum
3270 1566 3719 1654 dispositiones
3746 1588 3804 1633 a.

2482 1653 2577 1720 Ad
2632 1657 2739 1722 19.
2788 1675 2826 1720 ⁴
2859 1654 3111 1723 Servari
3192 1654 3387 1722 eterit
3421 1655 3759 1744 peculiaris
3786 1672 3897 1721 cou-

2352 1742 2652 1827 suetudo,
2687 1744 2802 1810 sed
2834 1743 3145 1809 consulen
3191 1762 3304 1810 um
3352 1744 3758 1811 Sanctissimo
3778 1764 3832 1808 ι.

2484 1832 2579 1897 Ad
2626 1835 2736 1899 20.
2792 1854 2828 1895 ⁴
2867 1830 3176 1898 Diaconus
3238 1844 3304 1898 et
3370 1832 3821 1913 subdiaconus,
3848 1842 3900 1895 ut

2353 1928 2605 2007 praesto
2628 1921 2753 1986 sint
2776 1919 2853 1987 ad
2881 1919 3284 1988 induendum
3309 1922 3546 2008 Episco
3595 1938 3726 2005 um,
3743 1935 3900 2005 quum

2351 2007 2598 2075 dictum
2629 2007 2826 2076 fuerit
2857 2007 2924 2074 in
2953 2007 3213 2074 Litaniis
3247 2010 3494 2076 Sancta
3598 2012 3767 2087 aria,
3797 2025 3904 2072 sur·

2352 2107 2581 2183 gentes
2624 2097 2931 2165 recedant
2962 2098 3042 2164 ad
3077 2096 3462 2183 sacristiam,
3499 2097 3613 2164 ubi
3643 2094 3906 2183 depositis

2354 2184 2653 2252 violaceis
2696 2185 2996 2269 Planetis,
3046 2195 3367 2252 assumant
3423 2185 3819 2252 Dalmaticam
3855 2190 3905 2247 et

2351 2273 2744 2340 'tunicellam
2775 2273 2970 2356 albaS,
3001 2293 3124 2340 nec
3156 2285 3570 2341 revertantur
3598 2273 3675 2341 ad
3704 2272 3904 2349 Altare,

2352 2361 2472 2429 nisi
2519 2382 2745 2449 quum,
2794 2362 3101 2429 absolutis
3148 2361 3436 2448 Litaniis,
3483 2360 3784 2431 solemnis
3836 2360 3906 2423 in·

2351 2450 2633 2517 choanda
2679 2452 2763 2517 sit
2809 2450 2988 2516 Missa
3019 2470 3084 2516 ν.

2480 2541 2577 2606 Ad
2627 2544 2738 2606 21.
2788 2558 2826 2603 ⁴
2859 2538 3113 2607 Servari
3176 2557 3364 2627 posse
3423 2539 3730 2622 solitum,
3790 2536 3905 2601 ada-

2352 2627 2616 2694 mussim
2665 2638 2877 2694 tamen
2920 2627 3188 2693 servatis
3231 2626 3524 2695 Rubricis
3571 2625 3907 2695 novissimae

2350 2716 2785 2804 martyrologii
2816 2714 3081 2783 editioni
3114 2715 3410 2802 adiectis;
3450 2713 3801 2785 dummodo
3820 2713 3908 2775 Ar·

2353 2804 2797 2907 cbiepiscopus
2826 2804 3112 2872 noluerit
3140 2805 3604 2874 solemniorem
3633 2804 3819 2870 alium
3839 2801 3909 2864 iu·

2354 2894 2596 2961 ducere
2643 2903 2844 2959 ritum
2875 2915 2942 2959 ιν.

2485 2981 2582 3050 Ad
2628 2986 2741 3050 22.
2789 3001 2827 3046 ⁴
2861 2981 3281 3066 Affirmative,
3331 2984 3543 3068 quoad
3607 2993 3909 3064 utramque

2402 3083 2609 3138 artem
2641 3093 2707 3138 ».

2356 3092 2399 3160 p
2484 3160 2581 3226 Ad
2629 3164 2742 3228 23.
2790 3180 2828 3225 ⁴
2862 3160 3211 3259 Negative3
3261 3172 3327 3226 et
3356 3171 3659 3227 servetur
3688 3154 3910 3223 omnino

2352 3249 2833 3317 Caeremoniale
2880 3251 3346 3335 Episcoporum
3378 3268 3443 3313 ν.

2488 3338 2583 3404 Ad
2631 3342 2739 3405 24.
2790 3358 2828 3401 ⁴
2863 3336 3280 3425 Affirmative3
3315 3337 3429 3404 sed
3461 3336 3723 3403 attentis
3751 3347 3910 3427 pecu·

2352 3425 2613 3494 liaribus
2659 3424 3154 3493 circumstantiis
3202 3424 3265 3492 in
3313 3444 3486 3507 casu,
3520 3424 3610 3491 de
3656 3442 3781 3510 quo
3808 3434 3912 3503 agi·

2353 3526 2493 3599 tur,
2544 3515 3017 3582 consulendum
3072 3509 3475 3581 Sanctissimo
3538 3532 3658 3601 pro
3722 3519 3911 3578 exten·

2349 3604 2532 3670 sione
2577 3602 2813 3670 indulti
2860 3600 3422 3689 Archipresbyteri
3466 3601 3672 3668 Pisani
3712 3599 3787 3666 ad
3815 3606 3911 3660 tra·

2354 3691 2539 3758 mites
2575 3690 3061 3758 constitutionis
3090 3710 3145 3755 s.
3182 3707 3274 3756 m.
3306 3690 3395 3757 Pii
3426 3693 3533 3758 vu
3566 3689 3674 3757 die
3705 3690 3785 3755 27
3813 3687 3913 3749 Au·

2354 3779 2525 3866 gusti
2577 3783 2746 3847 1822
2782 3801 2848 3845 ».

2484 3871 2695 3955 Atque
2755 3868 2839 3935 ita
2904 3867 3151 3934 censuit
3196 3875 3263 3931 et
3307 3865 3547 3934 servari
3593 3859 3907 3935 mandavit.

2353 3956 2464 4022 Die
2517 3962 2595 4023 12
2644 3955 3022 4024 Novembris
3079 3958 3274 4022 1831.

2481 4049 2689 4131 Super
2735 4043 2969 4130 quibus
3014 4042 3306 4110 omnibus
3337 4043 3497 4110 facta
3530 4036 3908 4132 postmodum

2352 4133 2762 4202 Sanctissimo
2817 4132 3083 4199 Domino
3152 4133 3380 4198 Nostro
3441 4132 3755 4218 Gregorio
3802 4123 3911 4193 XVI

2348 4220 2638 4288 Pontifici
2662 4223 2935 4289 Maximo
2959 4220 3136 4288 fideli
3167 4219 3505 4304 relatione,
3530 4221 3644 4288 die
3674 4219 3752 4286 18
3774 4214 3911 4283 eius·

2353 4309 2503 4376 dem
2551 4310 2790 4377 mensis
2839 4319 2906 4375 et
2950 4309 3131 4394 anni,
3179 4310 3486 4377 Sanctitas
3548 4311 3675 4376 Sua
3718 4309 3911 4374 Sacrae

2350 4397 2879 4485 congregationis
2922 4402 3246 4485 Responsa
3278 4396 3343 4462 in
3376 4396 3674 4464 omnibus
3719 4406 3911 4485 appro-

2351 4486 2549 4571 bavit,
2599 4498 2666 4554 et
2709 4486 2991 4573 benigne
3038 4486 3260 4553 annuit
3298 4504 3418 4574 pro
3448 4482 3809 4573 Apostolica
3833 4480 3913 4543 D·-

2351 4576 2760 4663 spensatione
2783 4575 2993 4661 quoad
3021 4579 3088 4658 2,
3124 4579 3201 4644 19
3228 4584 3292 4641 et
3315 4577 3428 4657 24,
3455 4573 3753 4641 dubium.
3779 4571 3912 4634 con·

2351 4665 2561 4730 trariis
2591 4683 2719 4731 non
2750 4663 3145 4730 obstantibus
3184 4663 3725 4749 quibuscumque.

2358 4841 2619 4911 2685.
2980 4841 3340 4907 silemsis.
3714 4828 3911 4925 (4673)

2488 5021 2675 5086 Ortae
2699 5035 2899 5105 quum
2925 5026 3137 5087 essent
3167 5016 3518 5086 nonnullae
3545 5015 3912 5103 quaestiones

2355 5106 2525 5174 inter
2554 5109 2921 5197 Capitulum
2945 5105 3383 5173 etcanonicos
3405 5104 3789 5193 collegiatae
3818 5104 3909 5168 Ec·

2354 5197 2587 5264 clesiae
2633 5201 2897 5265 Sanctae
2941 5193 3168 5261 Mariae
3214 5196 3628 5281 magdalenae
3666 5213 3743 5260 ex
3785 5207 3908 5266 una,

2355 5293 2549 5370 atque
2578 5286 2930 5352 Parochum
2959 5282 3289 5351 Ecclesiae
3318 5283 3526 5351 Sancti
3558 5281 3771 5349 Hilarii
3794 5293 3909 5365 par-

2363 5372 2529 5439 tibus
2575 5393 2656 5439 ex
2703 5374 2927 5457 altera,
2973 5371 3204 5457 Oppidi
3256 5371 3432 5438 Ereti
3477 5370 3790 5439 Dioecesis
3826 5368 3908 5432 Sa·
