4042 5950
2066 247 2537 332 ..164-

654 421 789 480 tera
834 431 956 501 per
1002 421 1132 481 tres
1177 411 1455 479 circiter.
1504 412 1798 479 Actuales
1844 413 2055 481 Curati
2101 412 2242 479 Bal-

652 502 1014 569 nearienses
1059 521 1251 588 saepe
1308 513 1458 568 sunt
1518 501 1781 568 aliarum
1840 500 2237 567 Dioecesium

656 589 806 657 inibi
854 590 1211 657 residentes
1257 590 1334 657 ad
1383 607 1599 656 curam
1654 592 2005 655 animarum
2053 609 2239 656 exer-

654 679 948 745 cendam.
1011 682 1337 745 'l'enentur
1384 678 1575 745 etiam
1622 677 1685 744 hi
1737 678 1945 746 exteri
2006 679 2085 745 ad
2144 678 2238 744 di-

654 779 818 833 ctam
866 763 1200 833 oct-avam?
1246 765 1340 852 (1)

783 858 864 920 Ει
910 857 978 922 8.
1020 859 1100 923 lt.
1139 858 1241 938 0.,
1291 855 1607 942 exquisito
1654 864 1806 921 voto
1852 853 2112 921 alterius
2158 873 2237 920 ex

650 942 1161 1045 Apostolicarum
1196 943 1755 1011 Caeremoniarum
1790 943 2100 1029 magistris
2145 953 2242 1030 ty-

652 1050 748 1117 pis
784 1032 1114 1116 evulgato,
1148 1033 1223 1099 ad
1262 1032 1636 1098 relationem
1678 1032 1816 1097 Emi
1852 1043 1916 1097 et
1945 1030 2087 1096 Rmi
2122 1036 2241 1097 Do-

651 1118 806 1185 mini
851 1120 1198 1186 Cardinalis
1242 1119 1496 1187 Antonii
1537 1119 1615 1185 ab
1645 1120 1834 1185 Auria
1865 1138 2089 1185 causae
2121 1124 2241 1187 Re-

653 1207 893 1292 latoris,
942 1208 1323 1297 respondit:
1387 1213 1560 1275 quta
1609 1219 1831 1287 votum
1883 1206 2237 1274 videlicet:

783 1297 879 1363 Ad
932 1299 992 1361 1.
1043 1318 1082 1359 «
1116 1297 1429 1386 Negative
1466 1319 1530 1363 a.
1880 1343 1905 1366 .

784 1385 883 1451 Ad
932 1388 997 1451 2.
1049 1407 1088 1449 ι
1121 1386 1446 1452 Provisum
1495 1386 1559 1451 in
1607 1386 1814 1471 primo
1849 1408 1911 1450 ».

781 1473 893 1539 Die
946 1477 1027 1539 15
1076 1472 1469 1560 Septembris
1523 1477 1716 1541 1815.

654 1613 917 1681 2568.
1218 1616 1666 1680 DECRETUM.
2012 1613 2238 1700 (4518)

783 1739 870 1800 Ea
933 1744 1030 1801 est
1092 1735 1309 1803 iudicii
1367 1735 1685 1821 sanctitas,
1750 1755 1896 1803 cum
1946 1738 2029 1804 de
2079 1738 2242 1804 Viris

651 1823 891 1888 virtute
967 1825 1426 1890 commendatis
1504 1824 1852 1891 honoribus
1921 1826 2240 1893 Coclitum

652 1910 963 1978 donandis
1010 1914 1179 2000 apud
1228 1915 1656 1999 Apostolicam
1690 1915 1922 1981 Sedem
1957 1914 2243 1999 quaestio

655 1999 1034 2085 instituitur,
1089 2012 1157 2067 ut
1204 2020 1366 2087 quae
1419 2002 1661 2088 possint
1704 2003 1781 2071 ad
1830 2012 2065 2068 tantam
2098 2021 2238 2069 rem

653 2097 790 2153 tuto
839 2088 1330 2173 conficiendam,
1380 2103 1571 2176 atque
1616 2093 1691 2158 ad
1743 2089 2102 2176 quemlibet
2133 2091 2238 2156 vel

652 2175 1100 2243 tenuissimum
1147 2178 1525 2265 scrupulum
1570 2179 2080 2267 propulsandum
2131 2197 2240 2243 ex·

653 2264 906 2350 pedire,
944 2285 1014 2331 ea
1047 2266 1255 2333 omnia
1291 2287 1323 2331 a
1370 2268 1662 2334 Romanis
1708 2265 2116 2333 Pontificibus
2145 2287 2240 2332 sa·

652 2350 1052 2437 pientissime
1116 2355 1370 2421 inventa
1434 2365 1625 2439 atque
1681 2363 1905 2421 statuta
1971 2354 2236 2420 luerint.

650 2442 785 2505 Huc
860 2452 1154 2529 spectant
1227 2461 1392 2527 qnae
1469 2443 1643 2509 iussu
1719 2463 1770 2507 s.
1840 2461 1932 2508 ιιι.
2003 2443 2237 2508 Urbani

652 2530 762 2593 PP.
821 2532 955 2595 VIII
1013 2550 1047 2594 a
1105 2528 1573 2596 consistorialis
1636 2531 1833 2598 Aulae
1905 2531 2242 2596 Advocatis

654 2614 969 2682 habentur
1018 2618 1082 2684 in
1126 2617 1405 2703 publicis
1449 2618 1858 2686 concistoriis
1888 2620 2238 2703 OrationeS,

652 2703 884 2789 quibus
932 2706 1015 2771 de
1062 2706 1189 2771 vita
1236 2716 1301 2771 et
1345 2707 1542 2795 gestis
1589 2707 1853 2775 alicuius
1901 2707 2080 2773 Servi
2130 2708 2242 2773 Dei

654 2792 897 2858 diserte
953 2793 1270 2879 refertur,
1320 2806 1391 2861 ut
1436 2795 1635 2882 ipsius
1694 2815 1929 2866 nomen
1977 2797 2044 2862 in
2092 2802 2241 2864 Bea-

654 2890 867 2947 torum
936 2882 1038 2948 vel
1110 2887 1482 2954 Sanctorum
1561 2885 1753 2950 Fastis
1819 2883 2238 2952 adscribatur.

650 2969 818 3049 Quae
865 2969 1155 3057 quidem,
1205 2983 1277 3038 ιιι
1325 2983 1503 3040 recte
1550 2993 1619 3039 ac
1667 2994 1783 3062 pro
1829 2974 2063 3041 summi
2128 2993 2240 3040 ne-

651 3057 809 3148 gotii
857 3060 1166 3144 gravitate
1214 3060 1390 3147 fiant,
1440 3061 1756 3131 Institutio
1802 3063 2116 3148 quaedam
2164 3060 2241 3125 ab

651 3149 885 3215 eodem
930 3149 1235 3216 Pontifice
1284 3149 1404 3215 fuit
1449 3149 1681 3216 sancita
1716 3151 1820 3239 die
1852 3153 2101 3217 XXVIII
2157 3154 2240 3215 Ia-

558 3234 563 3249 '
652 3234 851 3304 nuarii
900 3256 1065 3304 anno
1100 3240 1482 3324 MDCXXXI,
1512 3258 1633 3326 qua
1667 3249 1733 3305 et
1766 3238 2102 3307 Secretarii
2137 3243 2241 3333 Sa-¹

652 3344 797 3393 crae
834 3328 1099 3394 Rituum
1144 3327 1674 3414 Congregationis
1787 3339 1942 3412 rteS,
1981 3338 2047 3393 et
2076 3332 2238 3394 Con-

654 3414 1065 3481 cistorialium
1107 3414 1578 3482 Advocatorum
1621 3434 1658 3479 o
1730 3417 1901 3483 cium
1935 3415 2000 3482 in
2032 3416 2097 3484 id
2130 3433 2240 3503 ge-

651 3521 772 3568 nus
793 3500 1190 3568 Orationibus
1219 3503 1522 3570 distincte
1554 3506 2030 3592 perspicueque
2063 3526 2246 3593 prae-

655 3588 990 3655 finiuntur.
1063 3592 1337 3656 cavetur
1412 3591 1693 3677 quippe,
1764 3604 1837 3658 ιιι
1914 3613 2242 3660 causarum

653 3677 890 3744 electio
934 3677 1009 3743 ad
1059 3678 1266 3765 ipsum
1321 3677 1747 3746 Secretarium
1804 3691 2081 3766 spectet,
2132 3682 2242 3768 qui

653 3765 979 3833 adnotabit
1022 3765 1087 3831 in
1132 3766 1442 3834 schedula
1474 3787 1506 3832 a
1539 3786 1607 3832 se
1640 3769 2097 3837 subscribenda
2128 3790 2240 3835 no-

653 3872 806 3920 men
843 3854 1021 3920 Servi
1052 3853 1163 3921 Dei
1201 3856 1547 3942 unicuique
1596 3858 1920 3924 Advocato
1952 3878 2073 3944 per
2107 3869 2238 3924 tnr-

655 3960 809 4008 num
854 3942 1254 4029 assignandi3
1304 3954 1470 4029 tum,
1521 3955 1592 4011 ut
1646 3946 1855 4012 eidem
1912 3965 2033 4032 per
2095 3955 2239 4012 octo

653 4030 878 4097 saltem
903 4041 1050 4099 ante
1072 4052 1190 4119 pro
1241 4032 1575 4100 ositionem
1608 4035 1748 4102 dies
1780 4033 2005 4099 eadem
2038 4035 2244 4101 Oratio

656 4119 939 4186 tradatur
979 4138 1168 4186 emen
1218 4121 1403 4205 anda,
1444 4133 1636 4207 atque
1677 4122 2236 4206 accommodanda,

652 4207 702 4273 si
737 4207 892 4292 qnid
925 4208 1230 4275 adversus
1261 4208 1456 4297 ipsius
1482 4209 1897 4277 Institutionis
1930 4211 2239 4295 praescri-

653 4306 760 4383 pta
794 4294 1032 4362 ibidem
1066 4296 1700 4383 deprehenderetur.
1728 4300 2120 4386 Argumenta
2146 4299 2237 4364 in·

652 4403 873 4477 super,
908 4385 990 4450 de
1021 4384 1252 4471 quibus
1282 4387 1599 4453 disserere
1631 4387 1719 4452 las
1763 4386 1869 4471 sit,
1903 4385 2237 4474 designan-

655 4484 784 4558 tur,
835 4493 915 4540 ne
972 4474 1129 4560 quid
1178 4484 1423 4541 temere
1468 4476 1573 4540 vel
1621 4473 1826 4541 minus
1873 4488 2237 4562 opportune

655 4572 935 4651 apteque
993 4572 1410 4650 proponatur.
1474 4562 1644 4641 Quae
1702 4563 1966 4647 quidem
2029 4565 2238 4630 omnia

654 4671 706 4717 s.
756 4670 844 4717 m.
897 4651 1285 4718 Benedictus
1327 4652 1466 4719 XIV
1518 4651 1884 4718 luculenter
1941 4652 2130 4719 tradit
2174 4652 2241 4719 in

653 4741 978 4827 praeclaro
1024 4759 1139 4806 sno
1171 4740 1381 4826 Opere
1410 4739 1494 4806 de
1528 4738 1995 4807 Beatificatione
2032 4751 2096 4806 et
2127 4744 2240 4807 Ca·

653 4826 1054 4893 nonizatione
1103 4830 1480 4894 Sanctorum
1530 4828 1639 4894 lib.
1685 4833 1745 4911 1,
1780 4827 1936 4918 cap.
1973 4833 2080 4897 35.
2120 4833 2240 4895 Ve-

652 4933 799 4980 rum
846 4933 991 4980 cum
1039 4914 1103 4980 in
1148 4934 1483 5004 praesens,
1532 4917 1707 5004 quod
1752 4916 1958 4983 ferme
2009 4938 2090 4984 ex
2135 4938 2239 4984 va·

654 5001 878 5067 rietate
945 5022 1013 5067 ac
1084 5004 1569 5088 perturbatione
1619 5014 1985 5089 temporum
2039 5007 2241 5073 conti-

654 5089 787 5175 git,
851 5088 931 5152 ab
986 5100 1279 5156 accurata
1340 5091 1700 5160 huiusmodi
1768 5095 2240 5161 Institutionum

655 5175 1038 5243 executione
1085 5177 1393 5245 declinari
1440 5179 1753 5266 coeperit,
1798 5180 2238 5247 sanctissimus

793 5374 873 5449 (ι)
912 5376 969 5434 n.
1006 5376 1148 5435 nun.
1184 5377 1234 5445 3,
1272 5374 1305 5433 a
1341 5386 1395 5435 at
1428 5378 1479 5437 a.

2347 413 2647 479 Dominus
2695 415 2922 479 Noster
2965 411 3108 479 Pius
3154 414 3259 480 vn
3304 409 3537 480 Pontis.
3578 415 3816 495 Max„
3875 419 3919 501 ιι

2343 520 2424 567 eo
2471 520 2598 587 quo
2647 511 2925 590 praestat
2970 501 3115 566 zelo
3164 501 3225 566 in
3274 501 3700 568 ecclesiastica
3766 501 3919 567 dis

2343 588 2514 676 plina
2585 591 2824 656 tuenda
2891 608 3283 676 suorumque
3359 590 3919 656 praedecessor-n

2341 677 2628 743 Decretis
2674 677 3096 760 vindicandiS,
3145 677 3440 744 decrevit
3487 688 3559 743 ut
3605 678 3919 765 praedic

2344 764 2575 833 Urbani
2625 770 2754 834 VIII
2803 765 3145 851 Institutio,
3199 765 3490 852 exceptis
3534 765 3870 854 septimo
3917 779 3918 802 ¹

2345 862 2568 920 octavo
2606 855 2839 942 capite,
2875 853 3107 938 quibus
3136 855 3218 922 de
3250 853 3570 920 honorarii
3601 853 3919 920 tribuet!

2345 942 2587 1008 ratione
2625 962 2695 1008 ac
2727 944 2812 1010 de
2843 941 3290 1009 commissione
3320 946 3395 1008 ab
3426 943 3778 1009 Advocato
3833 951 3919 1030 pt

2346 1039 2628 1129 ponente
2674 1031 2949 1097 tenenda
2983 1030 3313 1117 agebatur,
3351 1030 3546 1118 plene
3579 1040 3648 1095 et
3681 1030 3918 1115 integ

2345 1136 2408 1182 ιιι
2441 1128 2773 1204 posterum
2804 1127 3148 1195 servetur;
3197 1138 3268 1184 ac
3313 1115 3556 1185 nemini
3608 1118 3843 1183 liceat
3883 1135 3921 1196 a,

2344 1224 2564 1272 versus
2628 1206 2821 1293 ipsius
2884 1206 3370 1293 dispositionem
3426 1207 3713 1295 operari.
3780 1205 3921 1283 Qut

2291 1369 2306 1384 ·
2346 1297 2692 1361 Decretum
2753 1295 3060 1361 Sanctitas
3120 1298 3239 1362 Sua
3303 1294 3458 1361 mihi
3525 1293 3921 1381 infrascripl

2346 1382 2703 1449 secretario
2741 1385 3064 1450 mandavit
3112 1382 3176 1449 in
3225 1393 3357 1454 acta
3408 1385 3635 1448 Sacrae
3668 1379 3921 1462 Rituni

2344 1470 2872 1557 Congregationis
2934 1472 3205 1554 referre,
3259 1483 3329 1537 ut
3375 1469 3451 1537 ab
3510 1470 3583 1536 iis
3648 1472 3736 1537 ad
3803 1469 3921 1556 qut

2342 1568 2587 1646 spectat
2664 1560 3119 1627 inviolabiliter
3193 1559 3595 1626 observetur.
3675 1559 3820 1626 Die
3889 1555 3921 1624 1

2347 1647 2582 1733 Aprilis
2632 1651 2826 1714 1816.
3919 1645 3920 1690 ¹

2339 1823 2608 1920 2569.
3024 1826 3248 1892 Uunls
3707 1809 3921 1912 (45ss

2462 1933 2638 1995 PIAE
2684 1931 2992 1997 unionis
3040 1933 3104 1996 s.
3144 1933 3369 1996 raum
3417 1931 3848 1998 Arosrom.

2477 2089 2992 2177 Supplicantibus
3024 2090 3471 2157 Sacerdotibus
3500 2091 3644 2157 Piae
3679 2081 3923 2248 Πιιίοιιιῇ

2344 2182 2580 2244 Romae
2640 2178 2966 2244 institutae
3021 2178 3142 2244 sub
3203 2179 3597 2245 invocatione
3650 2183 3724 2245 8.
3778 2186 3864 2247 Pa

2345 2265 2630 2352 Apostoli
2675 2266 2998 2332 indultum
3046 2266 3168 2331 luit
3211 2286 3331 2354 per
3362 2283 3435 2331 or
3482 2286 3678 2333 anum
3713 2257 3923 2424 836ιῖ

2344 2354 2605 2421 Rituum
2667 2355 3196 2441 Congregationis
3260 2365 3330 2421 ut
3391 2376 3422 2419 a
3519 2355 3890 2424 reddenda

2343 2443 2842 2529 Angustissimae
2890 2442 3172 2509 Trinitati
3220 2442 3450 2530 gratias
3480 2463 3598 2530 pro
3633 2444 3848 2512 donis
3891 2443 3923 2510 a

2342 2529 2696 2617 privilegiis
2743 2529 2988 2596 collatis
3033 2534 3223 2597 Brhae
3272 2529 3513 2618 Virgini
3561 2534 3838 2617 Mariae,
3893 2533 3923 2596 il

2344 2618 2540 2684 altera
2590 2638 2671 2684 ex
2719 2617 3021 2686 Ecclesiis
3078 2620 3370 2689 eiusdem
3419 2619 3697 2706 Virginis
3757 2624 3923 2687 tituli

2343 2707 2643 2773 decorata
2672 2706 2938 2794 singulis
2968 2707 3195 2776 diebus
3225 2726 3428 2775 unum
3453 2712 3715 2775 Sacrum
3749 2705 3923 2776 «fieret

2345 2795 2430 2861 de
2455 2797 2643 2861 SSffia
2664 2795 2994 2879 Trinitate,
3019 2815 3164 2863 cum
3193 2795 3674 2866 limitationibus
3697 2817 3782 2865 ac
3812 2816 3923 2865 con

2345 2882 2695 2950 ditionibus
2729 2883 3044 2950 contentis
3070 2885 3131 2951 in
3155 2889 3424 2952 Deci-eto
3451 2885 3555 2951 die
3588 2888 3669 2951 15
3701 2887 3923 2974 Aprilis

2347 2971 2660 3040 currentis
2697 2970 2840 3039 anni
2878 2976 3072 3057 1815,
3107 2974 3288 3041 cuius
3323 2986 3510 3041 tenor
3556 2984 3689 3042 est:
3747 2998 3796 3039 ι
3833 2981 3925 3042 De,

2344 3061 2510 3127 votis
2556 3059 2879 3127 exercitiis
2920 3081 2990 3128 ac
3039 3062 3292 3150 pietatis
3336 3063 3666 3152 operibus,
3704 3064 3925 3150 quian

2343 3148 2783 3215 indesinenter
2829 3150 2894 3217 in
2938 3150 3339 3235 spiritualem
3386 3151 3742 3218 animarum
3800 3172 3925 3240 pro

2344 3237 2588 3303 lectum
2633 3237 3013 3304 incumbunt
3045 3240 3424 3307 Sacerdotes
3455 3240 3768 3328 adscripti
3805 3243 3925 3308 Piae

2342 3324 2569 3392 Unioni
2615 3328 2735 3393 sub
2782 3328 3183 3413 protectione
3229 3331 3296 3395 S.
3331 3328 3500 3395 Pauli
3546 3332 3850 3417 Apostoli
3882 3334 3925 3395 in

2342 3414 2512 3480 Urbe
2558 3413 2908 3498 institutae,
2958 3416 3233 3484 alterum
3273 3417 3731 3484 adnumeratur
3767 3420 3925 3486 exci-

2346 3501 2516 3569 tandi
2565 3501 2792 3570 fideles
2835 3503 2913 3569 ad
2963 3505 3369 3574 reddendum
3436 3507 3925 3592 Angustissimas

2345 3590 2630 3658 Trinitati
2678 3590 2906 3676 gratias
2950 3611 3069 3678 pro
3115 3594 3298 3669 donis
3330 3604 3394 3660 et
3425 3594 3788 3682 privilegiis
3820 3597 3925 3663 col·

2347 3678 2485 3744 latis
2531 3682 2723 3745 Bmae
2771 3680 3012 3766 Virgini
3059 3681 3332 3763 Marla03
3385 3682 3809 3767 quamobrem
3865 3684 3924 3749 ah

2344 3767 2573 3833 iisdem
2603 3767 2744 3833 Piae
2774 3769 3035 3835 Unionis
3064 3770 3397 3838 Sodalibus
3442 3780 3751 3839 statutum
3787 3774 3920 3850 fuit,

2347 3866 2418 3922 ut
2465 3857 2529 3922 in
2574 3857 2770 3922 altera
2819 3875 2900 3921 ex
2946 3858 3129 3929 Urbis
3175 3857 3475 3925 Ecclesiis
3516 3858 3582 3925 in
3615 3859 3922 3928 honorem

2345 3942 2632 4010 eiusdem
2666 3949 2737 4010 B.
2767 3947 2845 4011 Μ.
2879 3949 2955 4013 V.
2989 3952 3118 4013 Deo
3152 3947 3397 4030 dicatis,
3434 3966 3635 4013 unum
3667 3952 3920 4016 Sacrum

2343 4033 2612 4118 singulis
2643 4032 2871 4100 diebus
2903 4034 3089 4101 fleret
3121 4036 3204 4102 de
3236 4038 3422 4104 ssma
3456 4034 3789 4122 Trinitate,
3831 4038 3920 4104 ad-

2344 4121 2494 4188 ditis
2539 4119 2920 4205 quibusdam
2969 4124 3295 4211 precibus,
3347 4124 3604 4212 expleta
3642 4126 3852 4211 Missa,
3895 4146 3916 4188 a

2344 4208 2687 4275 Sacerdote
2725 4209 3091 4299 priusquam
3125 4211 3202 4276 ab
3232 4211 3427 4278 Altari
3461 4211 3748 4279 discedat
3781 4232 3918 4281 cum

2344 4297 2632 4363 adstante
2694 4300 2938 4384 populo
3000 4301 3365 4368 recitandis.
3441 4301 3567 4367 Sed
3632 4303 3918 4386 quoniam

2344 4387 2514 4452 iuxta
2563 4383 2863 4453 Rubricas
2924 4389 3130 4454 Missas
3176 4389 3431 4456 Votivas
3489 4408 3618 4455 non
3673 4409 3919 4479 semper

2343 4474 2650 4542 celebrari
2684 4477 3068 4563 permissum
3103 4488 3222 4561 est,
3258 4477 3521 4565 praefati
3553 4480 3918 4546 Sacerdotes

2344 4565 2667 4650 supplices
2714 4583 2943 4650 preces
2974 4578 3407 4652 porrexerunt
3439 4569 3631 4633 88ῶο
3665 4571 3916 4635 Domino

2345 4655 2572 4718 Nostro
2606 4655 2710 4720 Pio
2746 4655 2848 4719 vu
2893 4658 3073 4719 Ροιιι.
3111 4656 3302 4739 Max„
3356 4654 3715 4722 humillime
3763 4660 3913 4724 Eum

2345 4752 2713 4826 exoranteS,
2781 4753 2854 4806 ut
2911 4741 3287 4828 dignaretur
3355 4743 3719 4809 facultatem
3778 4743 3912 4832 ipsis

2344 4830 2658 4916 impertiri
2691 4829 3058 4897 celebrandi
3095 4831 3384 4915 quotidie
3418 4831 3755 4919 praelatam
3787 4833 3912 4898 Mis-

2345 4938 2477 4984 sam
2526 4919 2817 4986 votivam
2837 4919 2932 4985 'de
2955 4921 3153 4986 ssma
3186 4919 3488 4986 Trinitate
3537 4919 3780 4986 etiamsi
3819 4940 3910 4985 oc·

2345 5017 2558 5072 currat
2601 5008 2888 5074 Officium
2935 5008 3096 5072 ritus
3141 5007 3324 5095 dupl.
3375 5008 3671 5074 Remissis
3715 5019 3906 5076 autem

2345 5093 2710 5162 huiusmodi
2744 5095 3042 5183 precibus
3071 5096 3150 5162 ad
3182 5100 3415 5162 Emum
3447 5108 3513 5161 et
3544 5100 3772 5165 Rmum
3802 5102 3904 5163 Do-

2346 5183 2594 5250 minum
2645 5182 2874 5250 Iulium
2937 5184 3186 5249 uariam
3237 5184 3638 5251 Cardinalem
3686 5186 3768 5252 de
3809 5190 3903 5252 So·
