4042 5950
2194 317 2509 395 —294
2561 260 2695 376 -’

930 479 1028 545 Ad
1075 483 1145 546 3.
1181 499 1231 544 -‹
1264 480 1334 544 ln
1374 497 1545 561 casu,
1578 477 1824 545 nissam
1856 475 2212 544 habendam
2247 494 2383 541 esse

802 567 887 633 de
952 565 1276 634 Dominica
1304 613 1321 648 ,
1399 565 1608 633 addita
1679 564 1976 631 Oratione
2048 583 2167 651 pro
2238 563 2383 649 Epi·

800 673 1141 828 sprotque
1174 741 1256 808 ita
1286 741 1522 808 servari
1557 739 1959 807 mandarunt.

933 830 1045 896 Die
1100 833 1179 896 12
1227 828 1622 915 Septembris
1673 830 1863 895 184-0.

806 1009 1060 1081 2816.
1441 1010 1747 1075 0111111118
2156 1008 2383 1093 (4001)

965 1115 1576 1185 cannnu'rAnum
1618 1114 2218 1182 cALcsAronnn.

931 1276 1137 1352 Quum
1183 1270 1774 1339 Reverendissimus
1829 1274 1895 1336 P.
1940 1269 2120 1336 Prior
2176 1272 2383 1336 Gene-

804 1360 948 1430 ralis
990 1359 1264 1427 Ordinis»
1285 1357 1771 1426 carmelitarum
1803 1358 2244 1426 calceatorum
2276 1359 2383 1425 Sa-

803 1468 972 1518 cram
995 1447 1258 1516 Rituum
1282 1444 1853 1533 Congregationem
1889 1444 2249 1513 humillime
2281 1462 2384 1512 ro-

852 1535 1025 1603 avit:

808 1556 849 1626 g
939 1628 998 1691 1.
1047 1625 1130 1690 Ut
1160 1620 1485 1689 declarare
1516 1621 1892 1708 dignaretur
1917 1639 2074 1687 num
2106 1630 2246 1709 post
2272 1621 2384 1688 da-

799 1722 939 1779 tum
997 1709 1307 1777 Generale
1375 1713 1716 1775 Decretum
1782 1730 1835 1774 s.
1885 1728 1976 1776 m.
2026 1708 2380 1776 Innocentii

798 1803 1000 1887 Papae
1040 1801 1121 1867 xl
1167 1815 1364 1884 super
1406 1795 1618 1862 Officio
1665 1795 2051 1864 Sanctissimi
2096 1794 2380 1863 Nominis

796 1891 1024 1953 Beatae
1071 1884 1294 1952 Mariae
1339 1882 1642 1970 Virginis,
1690 1896 1947 1973 praeter
1991 1883 2381 1950 Dominicam

797 1973 959 2041 intra
1017 1981 1302 2041 octavam
1370 1970 1719 2038 Nativitatis
1782 1972 1979 2059 ipsius
2046 1970 2379 2059 Deiparae,

797 2061 1087 2128 Alumnis
1132 2059 1232 2127 sui
1276 2059 1530 2128 Ordinis
1578 2058 1768 2127 liceat
1811 2070 2040 2146 quater
2087 2059 2152 2126 in
2195 2059 2378 2125 Anno

798 2149 917 2215 hoc
965 2149 1170 2235 ipsum
1216 2146 1504 2215 Officium
1554 2147 1849 2230 recitare,
1900 2158 1970 2215 ut
2031 2146 2380 2234 antiquitus

797 2236 1005 2303 fuerat
1057 2231 1439 2303 indultum?

797 2382 806 2391 .
928 2327 994 2391 2.
1031 2325 1113 2389 Ut
1143 2322 1494 2410 approbare
1526 2319 1766 2409 pariter
1794 2322 2170 2408 dignaretur
2197 2326 2377 2389 Prae-

796 2406 1093 2564 fatioili'em
1145 2409 1464 2497 propriam
1496 2409 1561 2475 in
1591 2407 1901 2476 honorem
1946 2410 2157 2478 Sancti
2201 2410 2376 2477 Eliae

794 2501 911 2564 Pro
1007 2506 1173 2564 etae.

915 2517 1003 2650 1lilt
1047 2586 1232 2652 Sacra
1293 2583 1552 2651 Rituum
1612 2585 2040 2673 congregatio
2085 2585 2150 2652 in
2194 2584 2374 2653 Ordi—

792 2671 968 2738 nario
1014 2674 1214 2740 coetu
1244 2671 1323 2738 ad
1351 2670 1672 2749 Quirinale
1702 2672 2062 2758 subsignata
2094 2674 2201 2741 die
2235 2693 2375 2741 coa·

792 2759 1048 2844 dunata,
1075 2757 1400 2825 referente
1427 2758 1824 2849 infrascripto
1857 2761 2242 2846 Secretario,
2276 2782 2377 2828 re-

790 2845 1243 2935 spondendum
1291 2847 1582 2915 censuit:

921 2934 1019 3002 Ad
1072 2938 1131 3002 1.
1182 2954 1221 3000 ‹
1253 2934 1583 3022 Negative.
1620 2938 1700 3003 Et
1730 2947 2029 3005 servetur
2059 2937 2374 3006 cenerale

790 3027 1133 3091 Decretum
1177 3022 1307 3089 diei
1358 3026 1434 3091 17
1483 3023 1642 3092 Iunii
1696 3027 1862 3092 1684
1895 3047 1961 3092 ».

919 3111 1016 3179 Ad
1061 3112 1126 3177 2.
1177 3131 1216 3176 ‹
1249 3110 1557 3200 Negative
1589 3134 1654 3178 ».

923 3199 1058 3266 Die*
1087 3202 1164 3266 12
1209 3200 1605 3287 Septembris
1648 3203 1843 3269 1840.

791 3376 1033 3446 281⁷.
1428 3376 1728 3442 risam.
2141 3379 2367 3466 (1008)

912 3550 1433 3637 Metropolitanae
1480 3549 1802 3617 Ecclesiae
1848 3549 2128 3618 Pisarum
2170 3556 2367 3621 Cano·

782 3638 935 3721 uici,
982 3637 1092 3723 qui
1136 3656 1402 3726 semper
1442 3657 1559 3725 pro
1608 3637 1941 3705 honestate
1991 3637 2183 3724 vitae,
2223 3642 2366 3709 zelo

783 3729 1019 3792 Domus
1078 3725 1225 3808 Dei,
1288 3725 1635 3812 Religionis
1694 3726 1979 3811 honore,
2043 3744 2188 3795 sana
2251 3730 2363 3797 do-

782 3813 986 3880 ctrina
1030 3832 1100 3878 ac
1144 3811 1479 3879 nobilitate
1523 3814 1807 3898 generis,
1843 3834 1924 3880 ex
1959 3818 2223 3883 Sanctae
2254 3818 2369 3885 hu·

783 3902 880 3968 ius
932 3899 1333 3986 Apostolicae
1395 3900 1582 3967 Sedis
1639 3901 1890 3969 indulto
1948 3903 2361 3992 perantiquo,

780 4006 921 4055 raro
966 3997 1238 4055 utuntur
1280 3987 1622 4075 privilegio
1650 3987 1720 4054 in
1750 3990 2192 4057 ecclesiasticis
2222 3993 2365 4060 fun-

781 4074 1096 4143 ctionibus
1142 4088 1207 4142 et
1252 4076 1460 4143 choro
1509 4076 1818 4144 induendi
1862 4089 2139 4162 vestem,
2188 4099 2363 4147 moz-

780 4174 1015 4229 :ettam
1053 4173 1118 4229 et
1150 4181 1410 4263 cappam
1456 4163 1632 4231 rubri
1680 4163 1955 4232 coloris:
2003 4168 2207 4252 quod,
2242 4173 2361 4235 De·

779 4260 960 4319 creto
1019 4250 1145 4317 lato
1201 4250 1408 4338 pridie
1467 4252 1616 4319 Idus
1667 4251 1806 4319 Iulii
1857 4256 2034 4321 Anno
2084 4259 2276 4340 1700,
2325 4278 2359 4323 8

777 4360 833 4408 s.
867 4356 952 4404 m.
999 4338 1103 4405 Pio
1148 4342 1308 4425 Papa
1354 4341 1457 4424 VI,
1509 4341 1742 4406 iterum
1791 4340 2206 4410 instauratum
2239 4344 2361 4411 fuit

776 4427 984 4513 quoad
1023 4437 1269 4493 vestem
1317 4427 1398 4494 ob
1443 4427 1940 4496 desuetudinem
1972 4431 2096 4496 iam
2127 4431 2361 4499 abillis

775 4514 1140 4582 demissam.
1173 4516 1414 4582 Verum
1443 4532 1645 4603 quum
1678 4514 2017 4601 peculiaris
2058 4519 2211 4586 haec
2245 4521 2357 4587 bo-

776 4601 1170 4670 norificentia
1214 4602 1345 4669 suis
1389 4612 1749 4669 coarctetur
1808 4603 2145 4691 limitibus,
2196 4608 2355 4675 intra

772 4690 1073 4758 nimirum
1141 4691 1467 4791 propriam
1534 4690 1885 4758 Ecclesiam
1954 4703 2354 4783 ceterasque,

771 4796 936 4865 quae
968 4787 1194 4866 utpote
1229 4778 1442 4845 eidem
1473 4778 1692 4847 unitae
1721 4779 1797 4846 ab
1828 4798 1902 4846 ea
1933 4780 2347 4868 dependent3

768 4876 1111 4952 propterea
1155 4866 1744 4933 Reverendissimus
1790 4869 2048 4936 Pisanus
2092 4871 2353 4939 Arcbie·

767 4953 1091 5040 piscopus,
1140 4965 1212 5020 ut
1257 4954 1516 5041 aliquod
1547 4974 1698 5021 suae
1746 4955 2237 5027 benevolentiae
2283 4971 2349 5027 et

767 5039 1248 5108 existimationis
1307 5042 1740 5109 testimonium
1785 5063 1936 5132 erga
1982 5048 2348 5133 Capitulum

764 5127 1098 5226 ostendat,
1146 5133 1399 5199 Sacram
1446 5130 1706 5197 Rituum
1769 5135 2346 5221 congregationem

767 5232 955 5281 enixe
1019 5227 1242 5303 rogat,
1308 5228 1381 5282 ut
1446 5217 1775 5285 canonicis
1840 5222 2215 5288 Primatialis
2283 5233 2348 5289 et

762 5302 1280 5391 metropolitanae
1349 5303 1626 5371 Pisarum
1700 5307 1887 5374 liceat
1956 5311 2187 5377 eodem
2255 5310 2346 5376 uti

762 5387 1104 5477 privilegio
1156 5390 1687 5476 quotiescumque
1747 5393 1864 5458 alia
1916 5395 1982 5460 in
2035 5397 2337 5482 Ecclesia,

2484 473 2649 540 intra
2680 483 2894 540 tamen
2922 472 3219 541 eamdem
3243 469 3601 538 Dioecesim
3632 468 3968 541 solummodo

2482 580 2722 628 sacram
2770 569 3091 648 peragunt
3134 556 3556 626 functionem.

2613 652 2693 715 Et
2739 651 2925 717 Sacra
2968 648 3231 715 Rituum
3277 647 3705 734 congregatio
3745 648 3818 714 ad
3859 648 3968 725 Quill

2481 737 2660 805 nales
2712 737 2926 804 Aedes
2984 734 3339 822 subscripta
3399 734 3508 801 die
3564 735 3968 815 coadunata:

2483 824 2860 892 relationem
2908 823 3291 912 infrascripti
3354 822 3729 908 Secretarii,
3776 822 3968 890 omnib·

2481 914 2606 980 rite
2651 911 3113 980 consideratis:

2613 1022 2651 1064 ‹
2685 1005 2774 1068 De
2811 999 3071 1087 speciali
3103 998 3299 1087 gratia
3329 998 3616 1088 benigne
3648 997 3857 1065 annuit
3882 998 3968 1067 iun

2483 1087 2963 1176 Archiepiscopi
2996 1085 3260 1154 oratoris
3290 1106 3558 1174 preces3
3596 1087 3920 1154 dummodo
3940 1100 3968 1153 u

2485 1194 2635 1243 men
2663 1176 2936 1242 strictim
2966 1185 3263 1242 servetur
3292 1174 3577 1243 clausula
3621 1174 3899 1242 recensiti
3920 1178 3968 1242 De

2484 1262 2643 1330 creti
2673 1284 2727 1331 s.
2766 1281 2859 1330 m.
2892 1264 2981 1330 Pii
3012 1268 3212 1349 Papae
3242 1266 3360 1348 V13
3396 1262 3706 1331 nimirum
3752 1265 3900 1348 quod
3926 1283 3968 1327 η

2479 1353 2591 1418 stis
2632 1351 2842 1419 talaris
2887 1352 2968 1418 sit
3012 1352 3091 1419 ad
3139 1350 3409 1418 formam
3453 1351 3522 1418 in
3569 1349 3968 1417 omnibusiuxl

2480 1439 2765 1524 reliquos
2797 1441 2882 1507 de
2913 1441 3127 1522 clero,
3160 1439 3407 1507 scilicet
3434 1440 3580 1506 sine
3614 1439 3807 1506 cauda
3835 1462 3886 1506 »-

2615 1528 2728 1594 Die
2780 1532 2857 1595 12
2904 1527 3302 1614 Septembris
3354 1530 3549 1596 1840.

2485 1669 2732 1738 2818.
3060 1669 3479 1737 ris‘romm.
3831 1671 3968 1754 (1001

2610 1792 2816 1869 Quum
2860 1789 3170 1858 Sacerdos
3213 1790 3526 1858 Antonius
3578 1789 3885 1858 Raffanelli
3918 1790 3968 1857 110

2479 1880 2744 1948 dier-nus
2771 1879 3086 1946 Parochus
3116 1878 3441 1947 Ecclesiae
3465 1878 3890 1946 Sanctissimae
3909 1884 3968 1949 At

2481 1967 2889 2036 nuntiationis
2934 1967 3237 2054 Deiparae
3298 1966 3359 2033 in
3410 1966 3687 2035 civitate
3732 1965 3968 2035 Pistoriea

2464 2059 2727 2143 ‚Sacram
2779 2058 3038 2124 Rituum
3084 2055 3673 2143 congregationem
3734 2053 3894 2122 enixe
3927 2071 3968 2117 ru

2479 2144 2677 2231 gavit,
2714 2155 2784 2210 ut
2821 2143 3195 2212 confirmare
3228 2144 3605 2229 dignaretur
3636 2142 3723 2210 ibi
3757 2143 3968 2208 invectu

2480 2231 3034 2315 consuetudinem,
3073 2231 3261 2297 etiam
3310 2232 3375 2297 in
3418 2231 3904 2317 Quadragesima,
3932 2230 3968 2293 in

2475 2318 2783 2388 stituendi
2841 2321 3099 2386 Festum
3158 2318 3438 2386 Titulare
3497 2338 3654 2386 cum
3717 2329 3904 2385 octava
3936 2314 3968 2380 dl

2476 2408 2969 2475 Annuntiatione
3014 2410 3243 2473 Beatae
3288 2406 3513 2474 Mariae
3561 2407 3872 2493 Virginis;

2607 2494 3106 2562 Eminentissimi
3153 2505 3219 2561 et
3264 2494 3806 2562 Reverendissimi
3846 2495 3968 2559 Patra

2476 2583 2680 2650 Sacris
2714 2582 2966 2650 tuendis
2987 2581 3234 2649 Ritibus
3263 2580 3610 2670 praepositi
3637 2583 3715 2650 ad
3739 2580 3968 2661 Quirinal«

2472 2670 2835 2759 subsignata
2880 2670 2988 2737 die
3027 2671 3383 2755 coadunati,
3420 2668 3636 2736 audita
3667 2669 3744 2736 ab
3772 2674 3842 2737 Β.
3870 2671 3968 2735 Ml

2472 2758 2829 2827 Secretario
2877 2759 3209 2843 relatione,
3261 2758 3751 2826 rescribendum
3793 2775 3968 2824 censue

2470 2857 2659 3001 Eunt:
2707 2867 2746 2912 ‹
2779 2848 3121 2931 Negative;
3154 2858 3220 2913 et
3251 2857 3592 2915 serventur
3642 2846 3884 2913 omnino
3906 2847 3968 2909 Ra

2515 2954 2684 3003 ricae
2716 2956 2779 3001 ».
2904 2995 2907 3000 .
3492 2958 3499 2969 ⁴

2602 3024 2715 3090 Die
2766 3028 2844 3092 12
2891 3021 3285 3112 Septembris
3335 3026 3532 3091 1840,

2472 3164 2721 3235 2819.
3050 3165 3469 3231 URBANlEN.
3816 3153 3968 3252 (1000

2599 3289 2806 3366 Quum
2875 3285 3266 3354 cathedralis
3335 3286 3684 3355 Urbanien.
3753 3283 3968 3354 Canonit

2469 3378 2691 3444 Sacrae
2760 3375 3018 3444 Rittium
3084 3373 3576 3463 congregationi
3643 3396 3761 3466 pro
3812 3389 3968 3461 oppon

2468 3473 2619 3532 tuna
2683 3463 3003 3530 solutione
3068 3482 3344 3550 sequens
3408 3463 3853 3555 proposuerint
3907 3461 3967 3536 du

2468 3550 2681 3631 bium;
2730 3550 3071 3617 nimirum:
3966 3559 3967 3582 ¹

2599 3645 2693 3706 An
2724 3637 3015 3707 canonici
3063 3638 3374 3706 Urbaniae
3419 3642 3773 3726 gaudentes
3798 3641 3864 3706 ab
3888 3635 3968 3701 era

2466 3727 2677 3794 ctione
2725 3725 3119 3795 cathedralis
3149 3726 3289 3792 iure
3321 3727 3598 3795 duorum
3631 3728 3916 3816 graduum
3940 3721 3968 3788 ii

2464 3816 2711 3900 choro,
2759 3814 3003 3903 possint
3052 3815 3287 3883 habere
3333 3816 3397 3881 iu
3444 3817 3838 3904 Presbyterio
3880 3815 3968 3877 Sca

2466 3922 2687 3970 mnum
2735 3920 2883 3968 cum
2930 3901 3181 3970 duobus
3228 3902 3553 3989 gradibus,
3588 3924 3718 3971 non
3760 3911 3968 3970 secusal

2465 3992 2529 4058 in
2574 3992 2782 4060 Choro
2830 3992 3086 4077 quando
3145 3993 3497 4079 Episcopus
3552 3991 3778 4058 assistit
3819 3989 3968 4057 insul

2463 4079 2632 4145 Sede
2678 4079 2984 4145 collocata
3029 4078 3094 4146 in
3139 4084 3349 4147 cornu
3396 4081 3731 4166 Evangelii
3772 4087 3968 4166 quatuo·

2460 4165 2759 4254 gradibus
2806 4185 2841 4232 e
2887 4176 3071 4233 terra·
3101 4164 3363 4234 erecta?
3946 4165 3967 4256 j

2590 4258 2671 4320 Et
2716 4257 2900 4322 Sacra
2947 4255 3209 4322 Rituum
3256 4256 3682 4345 congregatio
3718 4256 3791 4323 ad
3831 4245 3968 4332 Quint*

2456 4341 2631 4408 nales
2661 4343 2871 4409 Aedes
2915 4344 3269 4430 subscripta
3315 4345 3422 4411 die
3469 4345 3831 4427 coadunata,
3860 4336 3968 4428 refe

2457 4441 2643 4496 rente
2661 4429 3077 4531 ‘infrascripto
3103 4431 3485 4519 secretario,
3512 4428 3968 4522 respondendnm

2458 4530 2754 4585 censuit:
3458 4559 3463 4564 ·

2587 4628 2625 4670 ι
2645 4608 2977 4694 Negative3
3004 4617 3070 4673 et
3097 4608 3487 4697 Episcopalis
3508 4608 3701 4677 etiam
3722 4608 3968 4688 Thronus&

2455 4696 2662 4780 quoad
2711 4696 2970 4781 gradus,
3007 4697 3340 4764 uniformis
3369 4697 3450 4764 sit
3482 4696 3779 4764 institutis
3804 4697 3968 4761 caere

2456 4782 2744 4849 monialis
2776 4784 3234 4872 Episcoporum
3270 4784 3407 4850 Lib.
3441 4789 3500 4871 1,
3530 4805 3667 4873 cap.
3703 4789 3799 4868 13,
3823 4783 3854 4866 5
3880 4781 3964 4844 3’·

2583 4871 2697 4939 Die
2753 4875 2829 4939 12
2876 4870 3275 4961 Septembris
3324 4876 3519 4941 1840.

2454 5012 2715 5082 2820.
3000 5016 3101 5081 Av
3111 5015 3481 5082 ENIONEN.
3796 5003 3963 5097 (4907)

2578 5138 2888 5206 officiales
2936 5136 3254 5205 Dioecesis
3298 5138 3694 5205 Avenionen.
3744 5129 3967 5201 simulet

2448 5226 2800 5304 canonicus
2846 5228 3143 5313 Magister
3195 5225 3753 5293 caeremoniarum
3794 5224 3967 5288 Metro-¹

2448 5313 2762 5398 politanae
2810 5314 3162 5398 Ecclesiae,
3194 5314 3273 5383 ad
3321 5312 3697 5402 opinionum
3734 5308 3961 5380 differen-

2447 5399 2596 5467 tiam
2645 5400 2727 5467 de
2773 5401 2987 5467 medio
3023 5401 3369 5469 tollendam
3416 5411 3483 5469 et
3528 5399 3967 5470 uniformitatem*
