4042 5950
1981 267 2402 345 —12—

678 429 759 490 Et
806 425 872 491 S.
909 427 984 489 R.
1023 426 1093 490 C.
1137 422 1386 489 censuit
1438 424 2000 510 respondendum:

682 514 775 579 Ad
831 516 889 576 1.
942 533 979 574 ‹
1017 511 1405 577 Affirmative
1442 535 1504 578 ».

678 600 774 667 Ad
825 603 890 665 2.
945 623 981 663 α
1018 598 1323 684 Negative
1365 621 1427 665 ν.

680 689 773 753 Ad
826 692 889 754 3.
941 710 978 751 ι
1014 688 1321 770 Negative
1365 711 1426 752 ν.

684 780 759 841 Et
818 778 901 841 ita
961 775 1305 843 declaravit
1365 789 1430 841 et
1488 776 1728 842 servari
1789 775 2134 843 mandavit.

548 866 657 929 Die
705 868 789 928 22
838 863 1037 929 Martii
1089 866 1281 929 1710.

546 1002 808 1071 2203.
1157 1005 1526 1070 unium.
1910 1003 2141 1090 (3825)

677 1129 847 1191 Inter
892 1130 1103 1192 Patres
1141 1126 1485 1193 Strictioris
1515 1128 1958 1196 Observantiae
1991 1131 2142 1196 San·

547 1213 631 1278 cti
710 1213 1018 1280 Francisci
1095 1214 1330 1280 casalis
1415 1215 1572 1280 Novi
1652 1228 1716 1280 et
1793 1216 2139 1282 nonnullos

545 1301 955 1387 presbyteros
999 1322 1116 1367 seu
1162 1300 1814 1391 Archipresbyterum
1854 1303 2138 1390 aliosque

545 1408 985 1476 quoscumque
1033 1390 1427 1475 collegiatae
1475 1392 1632 1457 dicti
1682 1392 1804 1458 loci
1844 1392 2138 1458 Uritanae

545 1476 906 1561 DioecesiS,
979 1477 1134 1543 ortis
1177 1496 1376 1562 super
1444 1478 1882 1546 celebratione
1944 1478 2142 1546 Festi·

544 1564 755 1630 vitatis
787 1569 851 1631 S.
891 1565 1149 1631 Antonii
1180 1566 1264 1631 de
1297 1567 1501 1633 Padua
1534 1568 1988 1635 controversiis
2019 1567 2140 1633 eis-

546 1671 674 1736 que
720 1653 795 1717 ad
848 1656 914 1720 S.
947 1656 1022 1718 R.
1059 1655 1129 1719 C.
1169 1653 1429 1733 delatis;
1480 1658 1677 1722 Emus
1724 1667 1788 1721 et
1834 1659 2029 1722 Rmus
2061 1658 2133 1720 D.

545 1741 737 1807 Card.
770 1740 1145 1808 Bai-barinus
1194 1742 1257 1806 in
1304 1745 1650 1809 Ponentem
1703 1744 1887 1809 datus
1952 1744 2140 1809 infra·

545 1827 781 1913 scripta
827 1828 1019 1895 dubia
1069 1828 1428 1896 decidenda
1475 1832 1857 1919 proposuit:

686 1920 743 1981 1.
795 1918 891 1981 An
943 1917 1126 1983 liceat
1172 1918 1776 2007 Archipresbytero,
1811 1919 2143 1986 Canonicis

544 2003 813 2089 aliisque
860 2005 1250 2092 presbyteris
1299 2007 1561 2094 insignis
1602 2009 1991 2095 collegiatae
2027 2012 2143 2073 Ec-

548 2092 779 2156 clesiae
802 2091 1032 2180 Oppidi
1059 2095 1288 2160 Casalis
1321 2096 1478 2160 Novi
1514 2095 1843 2162 celebrare
1877 2099 2137 2162 Festum

548 2184 615 2245 S.
653 2180 907 2245 Antonii
960 2182 1022 2248 in
1069 2183 1368 2269 Coppelle
1417 2182 1655 2250 ibidem
1702 2179 1955 2249 sita?et
1985 2203 2138 2269 qua·

550 2279 736 2334 tcnus
781 2269 1104 2355 negative,
1700 2304 1711 2315 ·

681 2360 745 2422 2.
795 2358 893 2421 An
956 2356 1140 2424 liceat
1205 2358 1445 2426 eisdem
1496 2357 1827 2425 celebrare
1888 2358 2142 2446 praedi—

548 2456 724 2509 ctum
774 2447 1029 2510 Festum
1081 2446 1142 2511 in
1188 2447 1308 2513 alio
1358 2459 1424 2512 et
1469 2467 1596 2532 quo
1643 2446 1804 2513 die?

677 2536 743 2598 3.
794 2534 889 2598 An
939 2533 1121 2599 liceat
1171 2534 1417 2600 eisdem
1451 2552 1681 2601 canere
1714 2536 2005 2620 quotidie
2040 2556 2138 2603 re-

542 2621 947 2706 sponsorium
996 2620 1079 2687 de
1129 2622 1457 2709 praedicto
1505 2626 1736 2691 Sancto
1786 2642 1930 2689 cum
1963 2639 2138 2692 ante-

546 2708 802 2773 cedenti
852 2707 1034 2794 signo
1080 2710 1474 2796 campanae?

680 2799 742 2861 4.
795 2799 889 2862 An
937 2816 1053 2883 pro
1100 2798 1272 2864 dicto
1319 2798 1742 2885 Responsorio
1787 2799 2140 2867 oblationes

548 2894 613 2949 et
658 2882 973 2970 stipendia
1014 2884 1219 2953 iidem
1269 2886 1562 2976 recipere
1608 2884 1913 2954 valeant?

650 2976 740 3037 5.
792 2977 889 3038 An
937 2973 1123 3040 liceat
1172 2974 1423 3060 iisdem,
1483 2974 1812 3041 occasione
1874 2978 2138 3044 Festivi-

548 3060 690 3125 tatis
743 3072 849 3125 aut
910 3063 1313 3151 Responsorii
1363 3074 1471 3130 aut
1527 3062 1792 3129 aliarum
1839 3083 2140 3148 quarum-

546 3166 823 3235 cumque
883 3149 1285 3218 functionum
1335 3152 1398 3217 in
1447 3151 1761 3218 honorem
1831 3152 2141 3238 praedicti

548 3237 783 3319 Sancti,
833 3251 1213 3322 quaestuare
1261 3258 1380 3324 per
1425 3239 1791 3328 Oppidum?

679 3329 743 3390 6.
798 3331 892 3391 An
941 3328 1127 3395 liceat
1176 3328 1496 3396 Fratribus
1528 3328 1909 3394 Reformatis
1939 3328 2003 3395 in
2036 3328 2140 3395 die

546 3417 733 3479 Festo
781 3414 931 3480 dicti
983 3418 1191 3484 Sancti
1256 3417 1728 3483 Processionem
1786 3436 1906 3503 per
1950 3417 2142 3505 Oppi·

546 3503 702 3569 dum
752 3503 1123 3589 peragere?

679 3592 758 3654 Et
804 3592 870 3655 S.
907 3593 979 3656 R.
1010 3594 1113 3673 C.,
1148 3603 1273 3656 tam
1308 3612 1464 3657 voce
1497 3610 1686 3678 quam
1719 3591 1971 3677 scriptis
2004 3613 2142 3680 par-

549 3676 713 3744 tibus
747 3675 1244 3775 ,informantibus
1287 3679 1555 3763 auditis,
1616 3679 2142 3764 respondendum

545 3776 837 3860 censuit:

679 3854 770 3920 Ad
828 3861 886 3922 1.
944 3878 979 3919 ⁴<
1012 3856 1319 3941 Negative
1353 3882 1391 3923 »

678 3944 773 4010 Ad
822 3948 889 4009 2.
940 3968 976 4008 α
1011 3944 1318 4030 Negative
1356 3970 1419 4013 ι.

678 4032 772 4099 Ad
824 4035 886 4098 3.
940 4055 976 4098 ‹
1010 4034 1401 4102 Affirmative
1436 4057 1504 4099 ».

677 4122 771 4186 Ad
822 4124 887 4187 4.
939 4143 977 4185 α
1010 4121 1418 4206 Negative-».

678 4208 773 4274 Ad
824 4213 886 4274 5.
938 4231 976 4273 α
1011 4209 1318 4296 Negative
1356 4233 1417 4276 ».

682 4298 773 4363 Ad
821 4302 886 4362 6.
939 4319 977 4361 ‹
1014 4297 1291 4363 Arbitrio
1340 4298 1735 4387 Episcopi».
2041 4342 2049 4351 -

680 4388 759 4451 Et
823 4385 905 4451 ita
966 4385 1309 4452 declaravit
1373 4400 1438 4452 et
1496 4389 1731 4453 servari
1792 4389 2135 4455 mandavit.

549 4473 662 4537 Die
710 4478 794 4541 22
844 4474 1041 4540 Martii
1099 4477 1288 4539 1710.

550 4619 810 4687 2201.
1051 4619 1632 4686 ALEXANDRINA.

683 4746 854 4807 Inter
883 4743 1301 4832 cappellanus
1335 4753 1528 4828 atque
1555 4743 1900 4811 canonicos
1931 4755 1997 4808 et
2028 4747 2137 4808 Ca-

550 4828 828 4916 pitulum
858 4831 1249 4897 cathedralis
1274 4831 1735 4900 Alexandrinae
1769 4843 2139 4897 controver-

546 4917 653 4981 siis
687 4917 923 4981 exortis
959 4931 1020 4983 et
1056 4919 1217 4986 in·S.
1247 4924 1322 4984 R.
1358 4922 1427 4985 C.
1466 4921 1719 5004 delatiS,
1770 4920 2138 5007 Cappellani

550 5005 860 5094 praedicti
910 5006 1120 5073 eidem
1169 5010 1233 5073 S.
1269 5011 1343 5073 R.
1392 5011 1462 5074 C.
1516 5028 1629 5094 pro
1679 5008 2136 5089 declaratione,

550 5094 722 5181 quod
762 5092 1149 5179 obligatione
1199 5094 1584 5162 inserviendi
1620 5117 1737 5182 pro
1769 5097 2042 5161 Diacono
2077 5105 2141 5160 et

552 5181 952 5249 Subdiacono
985 5182 1310 5249 canonicis
1341 5183 1816 5251 celebrantibus
1847 5202 2142 5271 praegra-

1908 4616 2137 4703 (3826)

690 5379 768 5452 (ι)
806 5381 866 5437 E.
917 5380 1059 5438 nub.
1097 5380 1148 5436 Ξ.

2239 424 2369 489 v'ari
2416 441 2546 489 non
2591 422 2894 506 debeant,
2939 423 3216 491 demisse
3261 423 3826 510 supplicaverunt3

2241 512 2414 578 unde
2470 509 2548 575 ab
2595 514 2751 575 Esno
2807 521 2874 576 et
2925 516 3082 579 Rfiio
3130 514 3204 577 D.
3247 511 3436 577 Card.
3493 512 3829 593 Gabrielli,

2240 597 2608 665 huiusmodi
2641 598 2967 665 instantiae
2999 602 3321 679 Relatore,
3358 598 3830 688 infrascriptum

2240 686 2509 752 dubium
2556 685 2992 753 decidendum
3039 687 3438 774 propositum
3486 686 3647 753 luit:

2371 778 2468 840 An
2527 773 2898 860 cappellani
2960 774 3514 862 cappellaniarum
3586 790 3831 841 erecta-

2243 882 2384 929 rum
2432 861 2496 929 in
2542 862 2824 929 Ecclesia
2855 861 3214 928 cathedrali
3249 862 3702 945 Alexandrina,
3737 863 3832 928 vi·

2240 969 2397 1037 gore
2443 950 2874 1036 dispositionis
2919 950 3239 1034 quondam
3268 950 3563 1017 Canonici
3603 953 3834 1017 Pume·

2240 1038 2397 1121 sani,
2427 1049 2767 1105 teneantur
2799 1038 3110 1104 inservire
3145 1037 3207 1105 in
3238 1036 3443 1103 officio
3474 1038 3729 1104 Diaconi
3767 1049 3834 1103 et
3967 1057 3975 1066 ·

2242 1124 2623 1194 Subdiaconi
2669 1125 3091 1211 Dignitatibus
3145 1127 3247 1193 vel
3299 1125 3627 1192 Canonicis
3665 1127 3833 1191 eius-

2243 1213 2393 1281 dem
2439 1214 2828 1282 Catbedralis
2869 1210 3394 1281 celebrantibus?

2377 1306 2454 1368 Et
2502 1304 2694 1368 S.'R.
2741 1304 2844 1381 C.,
2910 1312 3036 1367 tam
3110 1320 3266 1367 voce
3333 1319 3523 1385 quam
3580 1303 3838 1389 scriptis

2242 1390 2524 1477 partibus
2571 1387 3055 1456 informantibus
3101 1389 3359 1470 auditis,
3423 1391 3672 1456 censuit
3734 1409 3837 1456 re·

2241 1478 2728 1563 spondendum:
2767 1498 2805 1540 ι
2839 1477 3195 1564 Negative;
3246 1489 3314 1542 et
3360 1477 3631 1565 amplius
3688 1498 3838 1565 pro·

2240 1566 2397 1652 poni
2446 1566 2747 1633 vetuit».
2782 1567 2894 1632 Die
2948 1570 3021 1631 17
3070 1564 3207 1631 Maii
3262 1568 3453 1632 1710.

2247 1743 2512 1812 2205.
2567 1684 2871 1811 oti-nmis
2911 1744 3537 1811 CAPUCCINORUM.
3602 1746 3835 1831 (3827)

2376 1921 2594 1984 Fratre
2644 1916 2925 1984 Victorio
2958 1939 2991 1981 a
3023 1917 3383 1983 Novellaria
3419 1918 3673 1989 Ordinis
3721 1925 3840 1986 Ca-

2244 2005 2662 2093 puccinorum
2721 2005 3119 2093 infrascripta
3181 2004 3376 2074 dubia
3428 2004 3738 2089 declarari
3808 2032 3842 2074 a

2241 2098 2312 2162 S.
2345 2096 2422 2158 R.
2456 2096 2532 2160 C.
2567 2093 2847 2159 demisse
2893 2094 3325 2182 supplicante,
3375 2095 3720 2162 videlicet:

2382 2186 2441 2247 1.
2470 2182 2531 2249 Si
2560 2181 2890 2266 contingat
2923 2181 3064 2249 fieri
3096 2182 3388 2249 Officium
3421 2183 3842 2272 semiduplex

2244 2271 2304 2337 in
2353 2269 2570 2354 vigilia
2618 2270 2786 2335 Festi
2839 2272 3126 2336 omnium
3174 2273 3586 2355 Sanctorum,
3639 2291 3840 2358 quae-

2242 2358 2451 2424 ritur:
2504 2360 2780 2440 Utrum,
2830 2376 2962 2427 non
3023 2358 3315 2424 obstante
3374 2376 3842 2425 commemora·

2244 2446 2416 2512 tione
2464 2445 2761 2531 vigiliae,
2811 2457 2963 2511 tunc
3014 2448 3145 2512 dici
3195 2446 3475 2513 debeant
3521 2448 3842 2534 Suffragia

2241 2537 2602 2600 communia
2652 2533 2713 2599 in
2761 2534 3081 2625 Laudibus
3131 2544 3197 2600 et
3235 2533 3452 2603 Oratio
3487 2539 3538 2599 A
3571 2539 3841 2602 cunctis

2241 2622 2303 2686 in
2361 2621 2537 2689 Missa
2600 2621 2896 2687 eiusdem
2964 2622 3461 2709 semiduplicis‘3
3527 2642 3605 2689 an
3674 2643 3839 2689 vero

2241 2721 2511 2795 utraque
2556 2711 2639 2775 sit
2687 2709 3072 2794 omittenda,
3107 2722 3174 2776 et
3222 2710 3498 2776 dicenda
3543 2710 3605 2775 in
3653 2712 3841 2776 Missa

2237 2796 2447 2863 Oratio
2495 2798 2578 2864 de
2626 2797 2874 2884 Spiritu
2923 2795 3208 2866 sancto?
3257 2796 3352 2885 (1)

2374 2889 2439 2951 2.
2493 2885 2555 2954 Si
2602 2904 2724 2973 pro
2759 2885 3049 2953 facienda
3097 2886 3164 2952 in
3196 2885 3520 2953 Laudibus
3550 2905 3842 2952 comme-

2243 2975 2596 3041 moratione
2648 2974 2914 3040 alicuius
2974 2975 3107 3041 diei
3172 2974 3330 3040 infra
3380 2985 3667 3041 octavam
3728 2996 3841 3042 su·

2245 3064 2478 3130 menda
2535 3062 2616 3129 sit
2679 3063 3025 3151 antiphona
3076 3082 3157 3128 ex
3218 3066 3450 3130 eodem
3507 3064 3839 3130 communi

2245 3154 2417 3218 unde
2474 3164 2729 3235 sumpta
2788 3162 2886 3218 est
2947 3171 3067 3237 pro
3136 3150 3379 3235 Officio,
3454 3149 3838 3236 quaeritur:

2245 3243 2471 3306 Utrum
2530 3238 2598 3305 in
2658 3240 2777 3305 hoc
2842 3259 2991 3305 casu
3049 3239 3362 3306 servanda
3422 3239 3503 3306 sit
3564 3239 3843 3306 Rubrica

2242 3328 2544 3394 Breviarii
2595 3327 2861 3393 Romani
2919 3327 3046 3394 Tit.
3097 3330 3179 3394 tx
3225 3327 3312 3393 de
3355 3330 3844 3394 Commemora-

2246 3415 2523 3482 tionibus
2595 3432 2777 3480 num.
2829 3420 2894 3501 8,
2960 3428 3032 3481 ut
3091 3414 3342 3481 scilicet
3400 3426 3693 3484 sumatur
3753 3434 3843 3480 ex

2242 3504 2467 3591 primis
2516 3504 2857 3589 Vesperis;
2909 3523 2986 3570 an
3035 3522 3193 3569 vero
3250 3503 3416 3572 sumi
3467 3501 3699 3570 debeat
3755 3523 3842 3568 ex

2242 3592 2543 3658 secundis
2593 3593 2893 3679 vesperis
2942 3593 3090 3677 quia
3152 3590 3498 3657 diesinl'ra
3553 3602 3843 3657 octavam

2245 3698 2373 3746 non
2422 3681 2612 3747 babet
2657 3680 2897 3766 primas
2945 3675 3312 3766 vesperas?

2381 3772 2454 3833 Et
2487 3771 2554 3842 S.
2584 3771 2658 3834 R.
2688 3770 2794 3850 C.,
2831 3768 3153 3835 referente
3187 3769 3346 3835 Ειῑιο
3373 3780 3440 3835 et
3469 3773 3625 3835 limo
3650 3774 3838 3836 Dom.

2240 3857 2433 3923 Gard.
2483 3854 2824 3940 Gabrielli,
2891 3856 3145 3923 censuit
3202 3856 3768 3943 respondendum:

2374 3944 2469 4011 Ad
2526 3949 2584 4009 1.
2633 3964 2673 4008 ι
2701 3944 3357 4031 Affirmative,quoad
3393 3946 3662 4030 primam
3694 3965 3841 4031 par-

2244 4046 2414 4111 tem3
2465 4034 2801 4120 Negative,
2854 4035 3063 4120 quoad
3118 4034 3467 4100 secundam
3506 4055 3571 4097 ».

2374 4122 2469 4189 Ad
2519 4126 2585 4187 2.
2623 4142 2661 4184 ‹
2686 4122 3112 4204 Affirmative,
3149 4122 3360 4207 quoad
3393 4121 3664 4208 primam
3695 4140 3841 4207 par·

2248 4226 2415 4295 tem;
2470 4212 2807 4299 Negative,
2859 4210 3065 4297 quoad
3116 4211 3470 4276 secundam
3505 4231 3565 4276 ν.

2379 4305 2455 4364 Et
2506 4301 2584 4363 ita
2634 4299 3011 4365 declaravit.
3051 4298 3166 4364 Die
3213 4302 3295 4364 21
3346 4298 3504 4364 lunii
3555 4300 3748 4364 1710.

2251 4477 2522 4546 2206.
2873 4476 3248 4541 ANDRIEN.
3611 4471 3844 4560 (3828)

2373 4658 2549 4719 lnter
2595 4656 2812 4718 Patres
2857 4650 3112 4717 Ordinis
3177 4651 3695 4717 praedicatorum
3744 4651 3846 4715 Ci-

2242 4741 2455 4807 vitatis
2503 4740 2819 4807 Andrien.
2854 4751 3047 4823 atque
3095 4739 3466 4825 Capitulum
3519 4737 3845 4804 Ecclesiae

2244 4829 2640 4898 Catbedralis
2673 4829 2883 4895 dictae
2930 4827 3217 4894 Civitatis
3265 4828 3421 4892 ortis
3469 4839 3846 4892 controver-

2242 4919 2350 4984 siis
2406 4919 2629 5002 eisque
2693 4917 2770 4982 ad
2831 4920 2896 4983 S.
2959 4920 3031 4982 Β.
3085 4919 3157 4982 C.
3210 4915 3467 4999 delatis,
3528 4919 3723 4980 Effius
3779 4924 3845 4979 et

2245 5011 2439 5073 Rfiius
2500 5006 2806 5072 Dominus
2865 5005 3054 5070 Card.
3122 5005 3580 5071 Vallemannus
3652 5002 3845 5068 infra·

2243 5094 2480 5179 scripta
2529 5094 2717 5160 dubia
2767 5094 3145 5159 declaranda
3192 5092 3575 5179 proposuit:

2381 5185 2438 5247 1.
2495 5185 2590 5246 An
2640 5187 2853 5247 Patres
2902 5180 3295 5246 Dominicani
3362 5189 3709 5246 teneantur
3755 5199 3844 5243 as·
