4042 5950
1556 276 2033 353 ...425—

281 433 557 502 Dubium
603 437 709 503 tv.
758 438 852 508 An
899 434 1194 522 superius
1238 432 1544 521 descripti
1584 453 1736 503 usus

133 521 361 608 quoad
391 522 638 591 Missam
667 523 1051 606 solemnem,
1078 523 1154 591 ab
1184 521 1444 609 antiquo
1474 522 1733 606 servati,

138 610 417 677 retineri
463 608 769 679 valeant?

282 700 624 787 Superiora
673 700 881 787 itaque
928 700 1117 768 dubia
1163 717 1363 785 quum
1392 719 1425 764 a
1466 698 1736 766 subscri-

137 798 260 875 pto
306 787 664 858 Secretario
710 788 1198 878 congregationi
1247 789 1586 854 Sacrorum
1634 786 1737 855 Ri-

138 887 335 944 tuum
381 874 622 943 fuerint
665 878 1015 964 proposita,
1067 877 1132 942 in
1174 873 1516 944 ordinariis
1549 873 1737 943 huius

136 962 280 1031 diei
326 964 612 1030 comitiis
657 964 733 1032 ad
781 964 1150 1033 Vaticanum
1195 963 1458 1050 hahitis3
1511 963 1737 1030 eadem

137 1054 333 1119 Sacra
379 1052 802 1141 congregatio
861 1053 1128 1140 singulis
1190 1061 1482 1118 accurate
1537 1060 1740 1120 matu-

137 1157 354 1226 reque
398 1140 758 1228 perpensis,
810 1140 1295 1208 rescribendum
1354 1139 1647 1207 censuit:

282 1229 377 1294 Ad
427 1233 473 1295 l.
528 1250 567 1293 ι
597 1228 1017 1313 Affirmative,
1043 1229 1121 1295 ad
1155 1227 1428 1316 primam
1458 1237 1735 1315 partem;

135 1316 487 1403 Negative,
534 1317 611 1384 ad
657 1316 1003 1384 secundam
1037 1317 1100 1382 fv.
1165 1373 1173 1381 .

281 1404 379 1471 Ad
429 1407 506 1472 11.
553 1426 592 1469 s
624 1405 952 1472 Provisum
1001 1405 1063 1471 in
1110 1403 1521 1494 praecedenti
1553 1427 1619 1471 ιν.

281 1493 380 1560 Ad
426 1496 530 1560 111.
578 1514 617 1557 s
647 1492 979 1580 Negative,
1013 1493 1090 1560 ad
1141 1494 1412 1582 primam
1458 1505 1734 1581 partem3

135 1579 567 1665 Affirmative,
615 1581 693 1649 ad
739 1583 1085 1650 secundam
1121 1604 1183 1649 ι».

279 1669 377 1736 Ad
431 1672 535 1736 tv.
583 1691 622 1734 s
657 1671 1007 1738 servandas
1041 1689 1184 1737 esse
1214 1669 1480 1738 strictim
1517 1666 1740 1737 Rubri-

138 1778 250 1823 cas
297 1756 557 1824 Missalis
601 1759 898 1839 Romani3
950 1777 1077 1825 non
1110 1760 1397 1826 obstante
1431 1756 1741 1824 contraria

139 1845 624 1914 consuetudine
668 1864 783 1913 seu
828 1848 1042 1933 potius
1088 1848 1450 1934 corruptela
1484 1868 1549 1909 ιν.

283 1933 400 2001 Die
445 1937 529 2001 24
575 1933 777 2002 Martii
833 1938 1025 2004 1860.

138 2112 416 2182 3097.
751 2116 1163 2182 HENEVEN.

625 2223 726 2287 ET
783 2222 1271 2290 NEOPORTEN.

284 2379 493 2457 Quum
539 2397 624 2445 ex
669 2383 938 2447 Decreto
984 2382 1050 2447 S.
1085 2384 1161 2449 c.
1211 2381 1293 2448 de
1337 2382 1741 2469 Propaganda

141 2465 308 2535 Fide
356 2469 618 2534 Sanctus
662 2465 856 2535 David
906 2468 1256 2556 Episcopus
1300 2470 1636 2537 confessor
1667 2469 1746 2536 sit

139 2553 539 2643 praecipuus
583 2556 752 2643 apud
810 2560 1012 2623 Deum
1069 2561 1371 2625 Patronus
1426 2558 1747 2626 Dioecesis

141 2646 489 2710 ueueveu.
556 2655 621 2710 et
681 2646 1078 2734 Neoporten.
1149 2645 1415 2732 eiusque
1482 2650 1745 2714 Festum

138 2730 256 2798 die
309 2735 342 2797 1
393 2731 593 2798 Hartii
643 2752 990 2799 occurrens
1056 2746 1280 2820 agatur
1325 2735 1565 2805 ibidem
1624 2733 1746 2802 sub

143 2820 282 2886 ritu
329 2819 574 2906 duplici
634 2821 876 2909 primae
937 2822 1192 2906 classis,
1242 2833 1306 2889 et
1365 2832 1544 2889 extra
1589 2825 1748 2902 Qua-

144 2907 583 3012 dragesimam
631 2927 778 2977 cum
823 2918 1063 2996 octava,
1098 2909 1248 2978 hinc
1279 2909 1353 2978 fit
1397 2921 1469 2979 ut
1514 2910 1746 2998 quibus

144 3016 333 3064 annis
355 2996 536 3065 Feria
560 3001 640 3068 IV
667 2997 970 3066 Cinerum
995 2998 1220 3066 incidit
1249 3007 1395 3087 post
1418 3000 1596 3068 diem
1613 3003 1744 3069 vm

145 3084 358 3152 Martii
406 3083 597 3172 (sicut
644 3085 911 3189 contigit
952 3088 1288 3174 superiore
1333 3107 1496 3155 anno
1550 3087 1744 3175 1858)

148 3175 386 3241 eadem
433 3172 538 3241 die
581 3175 666 3241 sit
711 3176 1111 3243 recitandum
1156 3175 1444 3244 Officium
1502 3178 1584 3245 de
1639 3176 1747 3244 die

145 3273 375 3329 octava
422 3262 615 3329 Festi.
682 3264 890 3342 Quum
938 3274 1152 3331 autem
1211 3263 1318 3330 die
1367 3267 1500 3333 vm
1546 3263 1753 3331 Martii

145 3368 275 3437 pro
322 3349 615 3416 universa
662 3351 889 3438 Anglia
921 3362 1213 3420 occurrat
1241 3355 1501 3420 Festum
1536 3350 1750 3420 Sancti

149 3436 388 3506 Felicis
433 3438 731 3527 Episcopi
776 3439 1164 3507 confessoris
1193 3440 1312 3506 suh
1343 3440 1474 3509 ritu
1505 3440 1746 3528 duplici

147 3526 417 3612 minori,
464 3538 530 3595 et
575 3527 826 3595 nonnisi
872 3528 1187 3595 rarissime
1232 3528 1495 3613 accidat,
1543 3540 1619 3596 ut
1649 3548 1747 3596 ea-

149 3617 312 3683 dem
358 3613 497 3682 dies
558 3616 900 3703 praecedat
961 3615 1274 3684 ieiunium
1332 3616 1748 3703 Quadragesi·

149 3703 326 3769 male
349 3752 366 3787 ,
423 3707 618 3772 Rmus
679 3703 1028 3794 Episcopus
1073 3708 1407 3772 11100ον00.
1459 3715 1528 3772 et
1581 3708 1750 3773 Neo-

149 3801 416 3880 porten.
466 3813 500 3857 a
532 3795 598 3860 S.
633 3796 709 3860 R.
744 3792 1252 3881 congregatione
1298 3792 1604 3861 declarari
1639 3812 1751 3882 pe-

153 3879 298 3946 tiitt
345 3881 512 3948 Num
559 3881 623 3947 in
667 3881 1045 3950 calendario
1089 3881 1378 3949 eiusdem
1427 3881 1748 3949 Dioecesis

151 3977 523 4056 praenotata
570 3968 710 4036 dies
754 3968 1031 4055 relinqui
1082 3968 1314 4036 debeat
1357 3988 1475 4056 pro
1533 3978 1749 4037 octava

152 4060 225 4125 S.
279 4056 568 4141 navidis,
625 4058 914 4143 quamvis
978 4056 1296 4124 rarissime
1362 4058 1462 4145 agi
1531 4069 1747 4145 queat,

153 4142 460 4211 translato
527 4144 678 4215 inde
747 4145 812 4212 in
878 4156 1269 4234 perpetuum
1341 4147 1419 4213 ad
1483 4150 1753 4234 primam

153 4231 341 4299 diem
387 4232 656 4300 liberam
703 4237 889 4300 Festo
937 4236 1002 4302 S.
1053 4233 1332 4303 Felicis?

295 4321 479 4387 Sacra
521 4340 718 4408 porro
762 4321 1023 4390 Rituum
1069 4323 1532 4411 congregatio,
1582 4323 1751 4391 rele-

156 4418 351 4475 rente
409 4408 769 4497 subscripto
838 4410 1194 4478 Secretario
1220 4459 1238 4496 ,
1289 4411 1354 4478 in
1412 4411 1752 4480 ordinariis

154 4494 444 4564 comitiis
487 4499 567 4566 ad
599 4498 971 4566 Vaticanum
1017 4498 1322 4566 hodierna
1354 4500 1461 4568 die
1498 4498 1749 4584 habitis,

155 4584 646 4654 rescribendum
693 4586 986 4654 censuit:
1038 4608 1077 4651 s
1109 4586 1497 4655 Affirmative
1532 4608 1596 4654 ›.
1643 4590 1751 4654 Αι-

157 4690 294 4759 que
337 4671 421 4739 ita
465 4674 705 4741 servari
754 4675 1104 4742 mandavit.

295 4760 407 4829 Die
453 4765 538 4830 24
582 4762 784 4830 Martii
836 4765 1031 4831 1860.

156 4934 429 5004 3098.

1513 2112 1740 2200 (saco)

772 4941 1143 5007 umis-EN.
1522 4942 1676 5030 (sso
1687 4944 1747 5030 1)

212 5201 226 5215 ⁶
296 5118 489 5181 Rmus
535 5118 624 5214 D..
656 5114 989 5182 caietanus
1035 5119 1191 5182 Pace
1236 5119 1443 5182 Foruo
1488 5116 1749 5184 Archie·

161 5220 462 5359 &copus
509 5205 860 5303 Epi-scopus
905 5203 1188 5270 Meliten.
1250 5223 1329 5271 ex
1382 5205 1548 5306 osuit
1605 5206 1754 5274 huic

288 5301 426 5356 ctae
491 5290 639 5357 Sedu
707 5290 1069 5377 capitulum
1139 5292 1337 5362 cathe
1386 5293 1532 5359 ralis
1599 5313 1750 5363 suae

160 5377 400 5446 iamdiu
446 5375 793 5446 obtinuisse
840 5397 1028 5447 usum
1074 5380 1299 5449 mitrae
1344 5380 1652 5468 simplicis
1683 5382 1749 5451 in

1835 432 2269 504 celebratione
2313 432 2770 502 nonnullarum
2798 445 3121 498 sacrarum
3154 427 3428 498 functio-

1837 541 2018 590 num.
2070 523 2253 590 Anno
2298 539 2452 589 vero
2500 524 2672 590 ’18δο
2704 520 2809 590 die
2841 522 2881 586 6
2914 517 3281 587 Decembris
3312 535 3431 603 per

1837 612 2231 699 Apostolicas
2275 610 2543 678 Litteras
2591 609 2655 677 iu
2701 609 2903 676 forma
2949 606 3166 675 Brevis
3224 606 3430 691 impe-

1842 699 2143 784 travisse,
2208 708 2346 766 tum
2418 710 2489 766 ut
2550 697 2901 767 Canonicus
2969 694 3298 765 celebrans
3367 692 3431 760 in

1840 785 2044 874 aliqua
2093 787 2374 856 Ecclesia
2419 786 2764 869 Dioecesis,
2799 786 2885 853 de
2918 804 2999 852 ex
3048 802 3215 850 ressa
3244 780 3430 849 venia

1841 875 1982 943 Rflii
2035 874 2330 976 Episcopi
2374 874 2441 942 in
2483 875 2736 962 scriptis
2783 874 2949 957 data,
2983 893 3018 938 a
3093 881 3244 939 ente
3277 870 3432 936 licet

1841 964 2161 1052 capitulo,
2211 973 2463 1030 mitram
2506 959 3259 1050 simplicemadhiberet,
3293 968 3431 1024 tum

1844 1052 2036 1119 etiam
2081 1062 2155 1120 ut
2198 1050 2548 1121 canonicus
2595 1051 2924 1119 celebrans
2987 1047 3213 1116 diebus
3267 1046 3432 1114 sole·

1843 1140 2120 1226 mnibus,
2156 1151 2491 1230 praesente
2522 1139 2843 1227 capitulo,
2869 1144 3221 1204 assumeret
3250 1152 3434 1221 prae·

1844 1239 1946 1295 ter
1991 1230 2245 1297 mitram
2290 1227 2648 1315 simplicem
2694 1227 2884 1295 etiam
2929 1221 3335 1292 Dalmaticam
3369 1230 3435 1288 et

1844 1316 2265 1401 Tunicellam,
2294 1315 2689 1383 chirothecas
2715 1326 2779 1384 et
2800 1312 3098 1397 sandalia,
3125 1331 3194 1378 ac
3224 1322 3436 1378 utere-

1848 1416 1951 1471 tur
1991 1404 2384 1494 palmatoria,
2434 1406 2687 1472 canone
2719 1414 2783 1471 et
2813 1400 3193 1469 faldistorio.
3225 1400 3433 1478 Quum

1843 1503 2058 1561 autem
2107 1495 2171 1559 in
2215 1492 2403 1561 Brevi
2449 1490 2873 1560 concessionis
2934 1488 3195 1558 minime
3252 1506 3434 1574 pror·

1844 1601 1950 1648 sus
1997 1581 2404 1664 enuncietur,
2440 1600 2518 1648 an
2547 1580 2897 1649 canonicus
2933 1576 3290 1660 celebrans,
3340 1596 3431 1642 as·

1844 1670 2112 1738 sistente
2155 1669 2469 1758 Episcopo
2499 1668 2853 1751 Ordinario,
2906 1664 3256 1752 insignibus
3288 1682 3435 1731 con-

1847 1757 2036 1826 cessis
2080 1776 2251 1825 0000
2298 1761 2462 1826 1850
2509 1758 2598 1824 uti
2647 1756 2893 1834 valeat3
2950 1752 3101 1822 hinc
3148 1762 3357 1819 orator
3402 1773 3434 1818 a

1847 1849 2031 1915 Sacra
2052 1845 2312 1916 Rituum
2336 1845 2845 1933 congregatione
2868 1860 3144 1930 sequeus
3167 1839 3435 1909 dubium

1846 1935 2154 2002 declarari
2204 1933 2564 2002 humillime
2611 1932 2847 2022 petiit:

1975 2024 2075 2089 An
2122 2021 2401 2110 Dignitas
2441 2021 2545 2092 vel
2581 2022 2931 2090 canonicus
2962 2018 3284 2089 Ecclesiae
3317 2019 3430 2085 ca·

1847 2111 2157 2179 thedralis
2202 2109 2486 2178 Meliten.
2521 2109 2587 2177 in
2633 2109 2861 2178 diebus
2904 2106 3297 2177 solemnibus
3328 2123 3434 2172 ce-

1849 2200 2127 2285 lebrans,
2179 2198 2651 2267 interveniente
2700 2209 2764 2266 et
2809 2197 3139 2265 assistente
3179 2194 3437 2282 Episco-

1849 2308 1958 2378 po,
1984 2287 2080 2355 uti
2103 2289 2309 2356 valeat
2340 2285 2690 2374 insignibus
2714 2285 3026 2354 concessis
3050 2302 3213 2352 anno
3244 2284 3437 2362 18ὕο;

1848 2378 1954 2445 vel
2003 2379 2216 2464 potius
2262 2394 2474 2446 coram
2518 2374 2836 2462 Episcopo
2880 2373 2977 2442 uti
3031 2381 3277 2440 tantum
3321 2372 3436 2440 de—

1851 2466 1992 2535 beat
2037 2466 2224 2534 mitra
2267 2463 2569 2553 simplici,
2618 2462 2915 2550 primitus
2962 2456 3311 2530 concessa?

1980 2557 2166 2623 Sacra
2212 2572 2404 2642 porro
2450 2552 2713 2622 Rituum
2743 2548 3196 2639 congregatio,
3230 2548 3296 2618 in
3324 2551 3434 2617 Or·

1849 2642 2096 2712 dinario
2141 2645 2345 2710 coetu
2406 2639 2712 2709 hodierna
2773 2639 2881 2709 die
2940 2640 3019 2708 ad
3064 2639 3436 2707 Vaticanum

1848 2731 2227 2816 coadunato,
2278 2730 2603 2798 referente
2648 2727 3008 2816 subscripto
3056 2724 3437 2810 Secretario,

1850 2819 2177 2909 proposito
2201 2817 2396 2888 dubio
2424 2816 2947 2906 respondendum
2970 2815 3253 2884 censuitt
3278 2835 3319 2880 ι
3340 2819 3442 2882 lu·

1854 2920 1958 2976 xta
2015 2906 2286 2975 Litteras
2343 2905 2764 2976 concessionis
2817 2902 3231 2974 assistentiam
3292 2901 3438 2990 Epi·

1851 2997 2028 3086 scopi
2073 2997 2140 3063 in
2184 3016 2332 3064 casu
2377 2994 2641 3064 minime
2687 2993 2937 3062 obstare
2970 2992 3311 3081 quominus
3341 2989 3443 3059 Di-

1896 3087 2056 3152 nitas
2099 3085 2204 3153 vel
2251 3083 2606 3153 canonicus
2653 3081 3118 3170 pontificalibus
3185 3079 3441 3166 insigni·

1895 3193 1970 3241 us
2029 3181 2283 3258 utatur,
2331 3183 2582 3241 servato
2647 3169 2944 3238 eiusdem
3012 3167 3441 3236 concessionis

1853 3272 2079 3329 tenore
2113 3283 2179 3327 ν.

1981 3352 2194 3437 Atque
2236 3348 2322 3417 ita
2368 3347 2692 3436 rescripsit
2722 3368 2792 3415 ac
2822 3344 3058 3415 servari
3092 3342 3441 3413 mandavit.

1983 3438 2098 3506 Die
2146 3442 2231 3506 24
2278 3434 2476 3505 nai-tii
2528 3440 2718 3506 1860.

1853 3601 2124 3672 3099.
2500 3599 2803 3668 ORDINIS

2151 3709 2503 3777 mirionum
2547 3706 3146 3774 capuccmonum

2234 3812 2239 3817 ’
2269 3814 2545 3880 SANGTl
2590 3813 3025 3880 nancisci.

1988 3973 2175 4039 Sacra
2229 3969 2491 4038 Rituum
2551 3967 2974 4055 congregatio
3044 3986 3207 4035 anno
3274 3970 3443 4036 1854

1858 4059 2232 4146 expendens
2278 4057 2582 4126 nonnulla
2636 4055 2827 4124 dubia
2887 4055 3211 4145 proposita
3255 4075 3290 4122 a
3334 4058 3448 4123 ca-

1856 4147 2196 4215 lendarista
2243 4145 2493 4214 Ordinis
2540 4145 2850 4212 Hinorum
2899 4146 2965 4211 S.
2994 4142 3302 4212 Francisci
3334 4147 3446 4212 ca-

1856 4236 2281 4324 puccinorum
2319 4232 2680 4301 Provinciae
2712 4233 3059 4319 lanuensis,
3095 4242 3239 4321 post
3270 4251 3447 4300 acce-

1857 4334 2040 4415 ptum
2087 4341 2283 4410 super
2343 4321 2552 4390 dubiis
2612 4320 2764 4411 ipsis
2822 4333 3046 4388 votum
3100 4321 3238 4390 luni
3299 4324 3448 4389 Pro-

1857 4411 2166 4479 curatoris
2225 4410 2587 4495 Generalis,
2651 4410 2730 4478 ad
2777 4409 3044 4477 dubium
3090 4414 3209 4494 ill,
3270 4409 3445 4477 hisce

1861 4509 2248 4588 conceptum
2274 4499 2594 4568 terminis:
2628 4498 2972 4576 Quotannis
2995 4499 3060 4565 in
3089 4507 3302 4567 nostra
3329 4501 3447 4564 Ec·
3488 4502 3499 4511 “

1858 4588 2050 4656 clesia
2082 4590 2147 4656 S.
2176 4586 2550 4657 catharinae
2582 4586 2819 4655 Pliscae
2848 4587 3150 4656 Aduruae
3180 4592 3448 4654 100000-

1855 4678 2021 4743 sium
2068 4681 2368 4744 Pati-onae
2415 4675 2553 4743 dies
2599 4686 2814 4742 octava
2878 4674 3168 4744 eiusdem
3229 4672 3452 4742 incidit

1859 4767 1922 4831 in
1967 4763 2357 4831 Dominicam
2390 4767 2441 4831 V
2472 4776 2617 4851 post
2663 4764 2915 4850 Pascha,
2953 4764 3054 4831 cui
3086 4763 3448 4831 Dominicae

1857 4852 1923 4920 in
1958 4852 2336 4920 calendario
2366 4854 2874 4941 Capuccinorum
2919 4856 3178 4920 Festum
3210 4850 3450 4919 mobile

1857 4940 2277 5008 Dedicatiouis
2324 4941 2646 5007 Ecclesiae
2678 4940 3113 5007 Patriarchalis
3142 4938 3451 5008 Assisien-

1853 5028 1939 5095 sis
1981 5028 2102 5095 sub
2145 5028 2274 5095 ritu
2322 5029 2565 5117 duplici
2614 5027 2834 5095 maiori
2880 5028 2997 5096 assi
3046 5039 3267 5096 natum
3315 5042 3448 5109 est;

1856 5121 1993 5200 Ast,
2041 5135 2241 5203 quum
2276 5116 2338 5183 in
2370 5129 2580 5183 nostra
2629 5115 2909 5184 Ecclesia
2939 5120 2989 5184 Ο
3059 5117 3230 5184 cium
3265 5136 3449 5205 prae·

1854 5203 2066 5272 dictae
2124 5204 2547 5272 Dedicationis
2605 5218 2864 5293 semper
2924 5206 3312 5294 impediatur
3369 5204 3451 5273 ob

1859 5295 2050 5361 talem
2098 5292 2273 5360 diem
2334 5304 2618 5360 octavam
2649 5340 2667 5377 ,
2728 5293 3098 5380 quaeritur:
3159 5296 3258 5361 An
3302 5292 3447 5362 Offi-

1855 5380 2026 5449 cium
2073 5380 2496 5451 Dedicationis
2539 5381 2982 5473 assignandum
3010 5383 3094 5450 sit
3124 5390 3449 5474 perpetuo

3213 3596 3442 3685 (0003)
