4042 5950
1575 324 2050 403 -483-

164 485 547 574 peragendis
577 484 899 574 repererit
926 506 1077 553 usus
1107 482 1561 553 caeremoniali
1606 481 1750 570 Epi-

163 593 507 663 scoporum
554 572 922 661 contrarios,
957 594 1115 661 quos
1148 572 1283 660 ipse
1330 589 1564 658 anceps
1603 569 1750 637 bae-

164 672 267 728 ret
298 681 376 729 an
409 661 681 730 tolerare
714 662 946 728 debeat
993 661 1234 728 ratione
1281 653 1574 729 invecta'e
1600 677 1749 726 con-

163 748 561 828 suetudinis;
609 769 643 814 a
688 752 869 817 Sacra
916 748 1176 817 Rituum
1238 745 1750 835 congregatione

166 838 642 923 insequentium
686 836 1032 905 dubiorum
1077 837 1461 904 solutionem
1515 834 1760 902 bumil-

168 925 320 993 lime
364 923 757 1013 postulavit3
805 924 1157 992 nimirum:
1517 965 1526 978 ·

295 1012 567 1080 Dubium
617 1017 663 1080 1.
716 1015 783 1078 ln
827 1012 1188 1081 cathedrali
1234 1013 1516 1081 Ecclesia
1571 1013 1752 1079 casa-

167 1100 355 1184 lensi,
381 1120 581 1187 quum
615 1099 790 1167 Missa
821 1099 1204 1167 Pontilicalis
1233 1102 1502 1186 canitur,
1536 1098 1752 1168 eidem

163 1188 379 1254 Missae
424 1208 552 1256 non
597 1187 1028 1276 praemittitur
1073 1200 1293 1257 cantus
1342 1194 1546 1257 Horae
1601 1190 1753 1253 Ter-

163 1275 315 1359 tiae,
366 1287 436 1343 ut
481 1275 937 1363 praescribitur
980 1276 1044 1342 in
1091 1277 1546 1345 caeremoniali
1603 1274 1750 1362 Epi·

161 1382 531 1452 scoporum.
579 1364 956 1445 Quaeritur:
1006 1368 1099 1431 An
1148 1365 1251 1432 hic
1298 1385 1447 1432 usus
1493 1361 1752 1431 tolerari

163 1451 420 1537 debeat,
448 1454 594 1537 quia
623 1472 741 1520 nec
773 1453 952 1521 adest
975 1454 1398 1536 consuetudo,
1424 1471 1545 1520 nec
1579 1462 1753 1518 extat

163 1540 638 1627 Secretarium,
687 1541 751 1609 in
798 1560 927 1627 quo
974 1541 1294 1627 praedicta
1338 1545 1500 1609 Hora
1548 1539 1753 1607 Tertia

164 1626 300 1694 cani
350 1626 674 1696 deberet?

297 1714 570 1783 Dubium
616 1721 688 1784 11.
739 1716 1031 1784 canonici
1077 1717 1469 1785 cathedralis
1529 1717 1595 1783 in
1651 1734 1753 1781 ea·

164 1803 314 1870 dem
350 1802 525 1869 Missa
556 1803 901 1871 Pontificali
937 1808 1296 1872 Paramenta
1329 1825 1458 1872 non
1489 1813 1755 1871 sumunt

164 1890 230 1956 in
273 1890 484 1957 choro
531 1891 595 1958 in
641 1891 915 1981 propriis
960 1892 1300 1978 sedilibus,
1349 1893 1464 1960 sed
1520 1891 1586 1958 in
1646 1894 1751 1959 Sa-

162 1977 417 2058 cristia3
469 1989 534 2046 et
581 1980 984 2069 potiusquam
1017 1980 1223 2048 adsint
1254 1981 1316 2048 in
1348 1981 1557 2049 choro
1589 1991 1752 2047 tem·

163 2083 321 2153 pore
368 2066 583 2134 Missae
629 2078 696 2134 et
755 2071 1221 2157 vesperarum,
1270 2088 1431 2156 quae
1493 2066 1752 2156 pontill-

162 2152 386 2220 caliter
431 2155 866 2239 celebrantur,
917 2156 1151 2224 babent
1195 2158 1485 2247 proprias
1550 2156 1751 2224 Sedes

163 2242 229 2308 in
275 2244 698 2331 Presbyterio,
747 2265 779 2309 a
826 2245 1058 2330 quibus
1103 2264 1231 2313 non
1279 2246 1618 2330 recedunt,
1651 2264 1751 2310 ac-

161 2329 438 2396 cedendi
486 2349 667 2397 causa
712 2333 786 2399 ad
835 2332 1070 2400 Sedem
1131 2333 1429 2422 Episcopi
1491 2352 1606 2421 pro
1655 2331 1752 2400 di-

161 2417 368 2484 cendo·
427 2437 573 2485 cum
640 2419 773 2509 ipso
827 2420 1048 2488 Gloria
1099 2430 1166 2487 et
1217 2423 1412 2489 Credo
1472 2420 1752 2507 aliasque

159 2505 484 2573 Orationes
520 2527 553 2572 a
584 2508 1043 2577 caeremoniali
1074 2509 1537 2598 Episcoporum
1569 2526 1751 2595 prae·

157 2592 452 2746 scrigm.
475 2595 841 2675 Quaeritur:
877 2599 972 2664 An
1006 2598 1288 2686 exposita
1315 2596 1573 2665 tolerari
1606 2615 1751 2684 pos-

158 2689 289 2747 sint

292 2769 564 2837 Dubium
612 2775 713 2839 111.
761 2776 877 2839 Pro
924 2772 1410 2860 Archidiacono,
1443 2775 1518 2840 ad
1553 2792 1748 2862 quem

157 2866 404 2945 spectat
437 2858 609 2925 iuxta
641 2861 1114 2929 caeremoniale
1137 2862 1455 2930 sustinere
1489 2863 1748 2945 librum,

159 2945 318 3013 dum
357 2946 704 3035 Episcopus
736 2950 1187 3037 pontificaliter
1218 2950 1550 3019 celebrans
1594 2949 1751 3037 legit

163 3035 392 3101 Gloria
425 3046 490 3100 et
525 3037 759 3119 Credo,·
803 3055 921 3124 pro
963 3037 1358 3106 Subdiacono
1391 3051 1633 3127 parato,
1670 3038 1747 3105 ad

159 3140 356 3208 quem
399 3124 686 3210 pertinet
729 3125 991 3192 deferre
1036 3126 1305 3192 sandalia
1352 3129 1430 3195 ad
1488 3126 1748 3217 Episco-

158 3224 365 3297 pum;
434 3229 553 3298 pro
618 3214 1018 3282 subdiacono
1078 3212 1302 3279 itidem
1362 3228 1606 3303 parato,
1670 3215 1749 3282 ad

159 3315 356 3383 quem
448 3300 686 3367 ertinet
729 3321 959 3369 canere
1015 3301 1378 3388 Capitulum
1438 3308 1748 3392 Vespera·

163 3403 349 3468 rum,
445 3406 552 3452 aec
614 3389 821 3456 omnia
880 3391 1043 3457 flunt
1088 3411 1119 3456 a
1169 3389 1431 3458 clericis
1483 3390 1748 3479 pluviali

160 3472 426 3541 indutis.
479 3478 830 3543 Possuntne
877 3478 1032 3545 haec
1079 3476 1287 3544 omnia
1337 3481 1594 3547 tolerari
1656 3500 1749 3545 ra-

163 3561 334 3628 tione
383 3561 676 3629 invectae
721 3563 1252 3633 consuetudinis?

297 3647 569 3717 Dubium
619 3653 722 3719 Ν.
769 3657 885 3720 Pro
934 3653 1203 3720 formula
1250 3655 1636 3744 praescripta
1683 3656 1747 3724 in

159 3738 432 3805 solemni
468 3739 919 3808 Benedictione
947 3741 1320 3827 Pontificali,
1355 3744 1456 3811 cui
1491 3763 1750 3834 respon-

162 3827 323 3894 dere
385 3826 703 3894 deberent
757 3833 1061 3897 cantores
1113 3830 1345 3916 Chori,
1396 3833 1747 3922 Episcopus

162 3913 380 3981 dicere
445 3927 687 3983 tantum
734 3916 1075 3984 formulam
1123 3938 1525 3989 communem
1576 3920 1750 4007 cogi-

165 4013 290 4068 tur.
319 4006 615 4071 Potestne
648 4005 786 4092 ipse
819 4006 967 4073 huic
1002 4007 1178 4095 praxi
1208 4027 1275 4072 se
1307 4006 1752 4077 conformare?

294 4090 566 4158 Dubium
599 4096 678 4161 V.
718 4094 1055 4162 Occasione
1088 4096 1563 4167 Processionum
1600 4101 1749 4166 San-

164 4177 250 4244 cti
310 4180 530 4262 Marci,
579 4182 1001 4268 Rogationum
1064 4194 1224 4268 etc.,
1286 4185 1517 4270 quibus
1576 4198 1750 4253 totus

162 4265 381 4332 clerus
427 4266 704 4335 urbanus
751 4270 1062 4338 interesse
1091 4272 1315 4357 debet,
1349 4276 1609 4342 Parochi
1651 4275 1750 4342 Ci-

162 4353 393 4453 vitatis,
443 4356 551 4440 qui
597 4356 674 4423 ad
718 4357 890 4425 illam
934 4360 1274 4444 accedunt,
1309 4373 1621 4429 mozzetta
1655 4363 1746 4430 in-

161 4441 301 4507 duti
350 4461 495 4508 cum
543 4444 713 4513 Stola
759 4446 1017 4514 insimul
1110 4449 1450 4534 rocedunt,
1485 4471 1554 4518 ac
1599 4461 1745 4519 ante

159 4549 232 4595 se
262 4537 392 4595 tres
423 4532 658 4599 Cruces
691 4533 945 4601 bastiles
992 4537 1066 4604 ha
1117 4548 1251 4604 ent.
1301 4541 1596 4606 Potestne
1628 4540 1745 4609 iste

160 4616 392 4703 agendi
439 4622 671 4689 modus
714 4623 1003 4708 tolerari,
1058 4626 1171 4692 etsi
1222 4625 1286 4692 in
1331 4627 1601 4712 quadam
1637 4627 1748 4716 Sy-

158 4706 330 4772 nodo
378 4708 754 4776 Dioecesana
788 4711 850 4778 id
886 4714 1348 4802 praescriptum
1396 4713 1648 4782 luerit?

292 4795 473 4861 Sacra
521 4816 675 4863 vero
725 4800 948 4867 eadem
995 4803 1416 4889 congregatio
1462 4804 1540 4871 ad
1585 4804 1748 4870 rela-

160 4880 403 4948 tionem
452 4885 835 4986 infrascripti
898 4889 1271 4974 Secretarii,
1322 4889 1539 4958 audito
1599 4902 1745 4958 voto

157 4969 224 5034 in
269 4971 523 5073 scriptis
568 4975 829 5040 alternus
890 4996 970 5042 ex
1032 4976 1537 5066 Apostolicarum
1596 4983 1747 5048 cae-

161 5064 594 5128 remomarum
640 5061 947 5148 magistris
988 5086 1056 5132 ac
1089 5085 1159 5132 re
1206 5078 1453 5135 mature
1494 5088 1747 5137 accura-

157 5155 355 5232 teque
402 5168 742 5239 perpensa,
791 5154 1149 5220 rescribere
1197 5164 1323 5221 rata
1374 5163 1514 5220 est:

212 5322 226 5336 ·
291 5235 385 5302 Ad
436 5241 485 5303 1.
535 5258 573 5301 ι
605 5241 672 5304 In
720 5238 897 5305 Missa
941 5240 1287 5311 Pontificali
1319 5241 1397 5307 ab
1425 5244 1745 5332 Episcopo

155 5326 542 5391 Dioecesano
594 5326 973 5396 celebranda
1018 5329 1215 5396 debet
1259 5347 1520 5417 semper
1566 5351 1744 5419 prae·

157 5410 324 5478 mitti
357 5424 578 5481 cantus
600 5416 802 5497 Horae
834 5418 1114 5506 Tertiae;
1151 5428 1218 5485 et
1248 5417 1298 5484 si
1329 5417 1497 5487 desit
1519 5422 1744 5487 Secre-

1853 479 2085 548 tarium
2116 488 2181 548 1'n
2212 498 2340 567 quo
2373 479 2438 548 id
2469 477 2610 548 lieri
2658 479 2881 567 possit,
2913 477 3236 568 praedicta
3274 481 3445 546 Hora

1854 568 2160 636 cantanda
2209 580 2304 636 est
2351 569 2580 636 eodem
2630 568 2693 634 in
2742 568 2908 653 loco,
2958 567 3022 634 in
3067 586 3196 653 quo
3237 575 3441 636 canta—

1855 667 1961 724 tur
2006 658 2235 724 Missa:
2283 656 2491 724 omitti
2540 667 2751 724 tamen
2798 656 2997 724 debet
3040 652 3104 721 in
3135 655 3256 722 boc
3294 673 3442 722 casu

1855 745 2179 812 Processio
2211 768 2277 811 a».

1872 871 1878 878 ·
1985 833 2082 901 Ad
2129 838 2203 900 11.
2255 854 2291 894 «
2325 836 2591 899 Possunt
2633 832 2927 900 canonici
2977 851 3206 935 capere
3269 851 3443 898 sacra

1787 959 1796 976 ι
1856 925 2220 988 Paramenta
2280 920 2344 986 in
2405 920 2731 1005 Sacristia;
2799 940 2961 1007 quae
3016 941 3067 987 sn
3131 919 3298 987 forte
3360 918 3441 984 sit

1857 1009 2045 1076 valde
2076 1008 2339 1092 distans,
2371 1018 2638 1095 possunt
2671 1007 2899 1077 eadem
2935 1029 3005 1077 ca
3055 1025 3166 1076 ere
3198 1008 3264 1076 in
3294 1023 3442 1095 pro-

1855 1097 2009 1183 priis
2058 1096 2438 1173 sedilibus}
2466 1117 2498 1162 a
2546 1096 2775 1183 quibus
2819 1116 2948 1165 non
3041 1095 3332 1164 iscedent
3362 1094 3438 1161 ad

1857 1183 2178 1252 faciendos
2224 1185 2522 1267 circulos,
2556 1183 2666 1270 qui
2696 1205 2730 1251 a
2759 1183 3086 1253 canonicis
3117 1183 3306 1250 sacris
3336 1185 3457 1271 Paq

1856 1272 2159 1339 ramentis
2205 1272 2443 1339 indutis
2488 1271 2628 1340 fleri
2675 1292 2803 1340 non
2848 1273 3089 1340 debent
3124 1293 3188 1339 ιν.

1986 1361 2083 1428 Ad
2132 1364 2234 1427 111.
2284 1383 2323 1425 c
2354 1361 2545 1428 Liber
2591 1361 2657 1427 in
2700 1380 2848 1428 casu
2894 1361 3090 1429 debet
3140 1358 3438 1427 sustineri

1856 1471 1887 1515 a
1931 1447 2314 1536 Presbytero
2359 1448 2731 1536 assistente;
2778 1448 3069 1535 itemque
3098 1447 3445 1516 Subdiaco-
3475 1519 3491 1540 ι

1859 1557 1977 1605 nus
2022 1535 2224 1603 debet
2254 1535 2480 1606 afferre
2514 1553 2597 1602 ex
2627 1535 2953 1605 credentia
2998 1535 3269 1605 sandalia
3302 1534 3441 1622 qui·

1860 1626 1977 1692 bus
2034 1644 2067 1690 a
2126 1624 2458 1693 Scutileris
2515 1624 2867 1714 Episcopus
2928 1624 3252 1708 induitur,
3309 1642 3440 1690 ma-

1857 1723 2054 1779 nente
2121 1724 2333 1780 tamen
2402 1723 2547 1779 ante
2607 1714 2996 1801 Episcopum
3042 1711 3442 1781 Subdiacono

1859 1801 2015 1867 dum
2063 1801 2214 1867 haec
2263 1800 2453 1869 fiunt.
2523 1802 2741 1868 Relate
2789 1812 3005 1867 autem
3049 1799 3127 1868 ad
3189 1809 3441 1868 cantum

1856 1888 2130 1975 Capituli
2187 1898 2403 1975 potest
2473 1889 2764 1974 tolerari,
2814 1899 3052 1956 attenta
3111 1898 3444 1964 consuetu·

1859 1977 2039 2061 dine,
2073 1976 2243 2063 quod
2294 1978 2401 2043 fiat
2430 1997 2463 2042 a
2510 1977 2761 2046 clerico
2805 1976 3067 2065 pluviali
3114 1977 3341 2044 induto
3373 1998 3438 2044 »-

1988 2064 2086 2132 Ad
2134 2068 2238 2133 IV.
2288 2087 2327 2130 ι
2363 2065 2562 2133 Debet
2602 2064 2925 2132 observari
2959 2065 3231 2132 lormnla
3262 2084 3443 2152 prae·

1856 2153 2091 2242 scripta
2160 2173 2194 2219 a
2258 2153 2717 2222 caeremoniali
2791 2152 3096 2243 Episcop.
3165 2152 3307 2220 Lib.
3364 2156 3437 2219 11.

1858 2244 2011 2331 Cap.
2061 2243 2287 2312 xxxu
2320 2265 2384 2309 »-

1988 2328 2084 2396 Ad
2133 2333 2214 2398 V.
2262 2351 2302 2397 ‹
2333 2333 2595 2408 Possunt
2658 2329 2913 2397 Parocbi
2972 2329 3062 2397 uti
3130 2339 3443 2397 motzetta

1856 2438 1924 2484 ac
1979 2417 2179 2502 Stola,
2242 2418 2595 2485 dummodo
2654 2417 3088 2505 collegialiter
3142 2416 3445 2486 incedant

1859 2517 1923 2574 et
1969 2506 2336 2595 Apostolico
2382 2505 2722 2596 privilegio
2768 2506 3086 2574 fruantur.
3141 2509 3443 2574 Attamen

1855 2613 1982 2663 non
2014 2603 2282 2683 possunt
2310 2604 2457 2661 ante
2488 2613 2557 2661 se
2589 2596 2802 2663 facere
2834 2595 3087 2662 elevare
3118 2593 3442 2686 propriam

1853 2686 2156 2767 crucem,
2203 2683 2320 2750 sed
2366 2682 2670 2751 incedere
2712 2683 2955 2751 debent
2999 2683 3118 2750 sub
3165 2681 3269 2750 illa
3333 2685 3443 2749 ca-

1858 2770 2193 2839 thedralis.
2241 2775 2402 2838 Usus
2448 2770 2765 2855 invectus,
2827 2791 2956 2838 non
3016 2772 3306 2839 obstante
3351 2770 3444 2838 di-

1853 2858 2199 2945 spositione
2261 2858 2499 2947 Synodi
2546 2860 3005 2943 Dioecesanae,
3053 2871 3279 2947 utpote
3323 2863 3443 2927 De-

1855 2947 2051 3014 cretis
2095 2947 2475 3033 contrarius,
2524 2959 2622 3015 est
2668 2947 3019 3016 abolendus
3052 2969 3115 3015 ».
3274 2967 3282 2979 ·

1983 3037 2197 3122 Atque
2240 3036 2326 3102 ita
2372 3035 2734 3124 rescripsit,
2805 3036 3152 3104 declaravit
3195 3057 3266 3104 ac
3310 3055 3444 3103 ser-

1857 3124 1988 3191 vari
2034 3124 2377 3195 mandavit.

1994 3212 2100 3279 Die
2147 3217 2231 3283 20
2278 3213 2548 3299 Augusti
2602 3216 2794 3282 1870.

1856 3354 2114 3424 3229.
2444 3356 2870 3423 amaseam.
3212 3354 3439 3443 (scca)

1983 3483 2179 3548 nunus
2209 3483 2283 3545 D.
2317 3478 2671 3546 canonicus
2704 3479 3038 3546 caietanus
3078 3478 3438 3567 Scaglione,

1852 3568 2134 3636 Vicarius
2194 3566 2570 3655 capitularis
2629 3567 2966 3635 Hieracen.
3037 3569 3438 3652 Dioeceseos,

1853 3660 2190 3724 Sacrorum
2257 3654 2518 3722 Ritunm
2586 3659 2836 3741 congre
2885 3655 3080 3723 ationi
3146 3655 3443 3758 exposuit

1851 3744 2022 3830 quod
2073 3743 2138 3811 in
2186 3742 2477 3810 omnibus
2509 3673 2974 3832 parochialiffius
3014 3744 3316 3813 Ecclesiis
3347 3756 3443 3811 to·

1854 3833 1976 3899 tius
1996 3831 2331 3899 Hieracen.
2360 3832 2737 3899 Dioeceseos
2769 3834 3170 3902 consuetudo
3201 3834 3439 3922 vigeat,

1853 3938 1975 4007 qua
2019 3918 2346 4007 simplices
2409 3921 2784 3987 Sacerdotes
2844 3921 3091 3989 Missam
3151 3921 3442 4009 quotidie

1852 4008 1916 4075 in
1964 4008 2305 4096 praedictis
2352 4007 2655 4076 Ecclesiis
2702 4010 3062 4094 celebrent,
3112 4009 3186 4075 iis
3231 4011 3297 4077 in
3328 4009 3440 4076 bo·

1852 4097 1958 4182 ris,
2019 4096 2251 4182 quibus
2310 4096 2671 4164 functiones
2708 4098 3122 4186 parochiales
3179 4097 3443 4164 minime

1855 4185 2323 4273 impediuntur,
2372 4196 2563 4271 atque
2626 4186 2816 4252 etiam
2874 4186 3063 4254 sacris
3192 4204 3439 4252 ramen-

1856 4274 1933 4339 tis
1957 4274 2035 4341 ad
2061 4273 2354 4340 eamdem
2384 4273 2738 4340 Ecclesiam
2766 4273 3111 4363 pertinenti
3159 4294 3233 4340 us
3248 4284 3443 4340 -utun-

1857 4374 1983 4428 tur.
2035 4361 2296 4428 Interim
2344 4363 2656 4429 Parocbus
2708 4361 3033 4430 Ecclesiae
3094 4364 3159 4430 S.
3216 4362 3442 4429 Mariae

1853 4449 1936 4517 de
2000 4452 2210 4517 Monte
2275 4450 2569 4518 carmelo
2636 4451 3058 4536 Mammulae,
3134 4449 3242 4517 ubi
3303 4449 3443 4516 talis

1852 4537 2248 4605 consuetudo
2317 4549 2721 4624 asservatur,
2771 4539 3023 4607 cuidam
3085 4537 3438 4627 Sacerdoti,

1850 4626 2088 4712 absque
2158 4625 2510 4692 rationabili
2574 4646 2781 4712 causa,
2842 4646 3014 4694 sacra
3077 4634 3440 4717 paramenta

1850 4713 2193 4800 denegavit
2259 4715 2457 4781 semel
2522 4725 2587 4781 et
2652 4715 2934 4795 iterum;
3004 4735 3123 4783 nec
3195 4716 3437 4800 verba,

1849 4821 1969 4868 nec
2014 4820 2241 4890 preces
2288 4802 2516 4870 Vicarii
2577 4803 2952 4889 capitularis
3005 4804 3350 4872 Parochum
3408 4825 3440 4870 a

1848 4909 1957 4956 sua
2005 4890 2426 4957 obstinatione
2472 4908 2813 4958 removere
2860 4903 3236 4980 potuerunt.
3285 4894 3441 4970 Qua·

1852 4980 2143 5047 mobrem
2210 4977 2385 5045 idem
2433 4978 2717 5049 vicarius
2758 4979 3131 5067 Capitularis
3177 5002 3210 5046 a
3257 4982 3441 5047 Sacra

1849 5068 2374 5155 Congregatione.
2403 5067 2736 5135 humiliter
2780 5068 3095 5154 quaesivit
3123 5091 3141 5135 z

1925 5160 2031 5308 ιιι.
2081 5159 2176 5309 Ap
2235 5155 2472 5223 isthaec
2539 5156 2936 5224 consuetudo
3006 5155 3292 5225 habenda
3360 5154 3440 5222 sit

1851 5254 1943 5309 uti
2018 5261 2100 5309 ex

1981 5335 2058 5398 11.
2106 5333 2264 5399 Casu
2309 5332 2707 5419 affirmativo,
2757 5342 2969 5419 potest
3013 5332 3217 5402 necne
3262 5334 3439 5401 Vica-

1844 5418 1976 5485 rius
2008 5419 2472 5490 observantiam
2502 5420 2939 5512 praescribere
2965 5420 3437 5490 interminando
