4042 5950
1989 274 2306 356 —372
2359 321 2463 335 —

1204 438 1549 505 manen.
1939 434 2168 521 (awo)

581 437 846 509 2996.

709 620 800 683 Ex
851 624 1082 681 asserta
1131 612 1433 681 diuturna
1479 611 1940 680 consuetudine
2000 631 2171 700 pene

578 701 1069 771 immemorabili
1119 702 1186 769 in
1244 702 1545 768 Ecclesiis
1604 700 1813 769 Sancti
1875 701 2168 788 Sepulcri

579 803 645 859 et
688 790 896 860 Sancti
965 789 1165 857 iacobi
1225 788 1454 856 Barioli
1502 788 1665 855 intra
1720 788 1879 855 lines
1946 788 2169 856 Archi-

579 878 889 948 dioecesis
935 882 1241 962 'rt-auen„
1298 875 1458 944 illud
1507 887 1602 943 est
1650 876 1716 944 in
1760 894 1941 943 more
2004 875 2171 965 posi-

582 978 744 1051 tum,
794 977 866 1034 ιιι
910 966 1069 1034 dum
1115 965 1178 1032 in
1226 964 1732 1034 solemnioribus
1764 964 1973 1032 Missas
2002 966 2169 1031 sole—

577 1075 758 1123 mnes
782 1065 850 1123 et
872 1057 1183 1141 vesperas
1217 1053 1553 1122 celebrent
1580 1071 1803 1120 earum
1833 1055 2165 1137 Rectores,

575 1157 838 1230 praeter
886 1143 1200 1211 ministros
1250 1141 1696 1226 inservientes»,
1746 1140 1840 1206 eis
1863 1141 2171 1208 assistant

577 1231 679 1298 alii
728 1251 843 1298 sex
875 1231 1237 1319 Presbyteri
1271 1229 1656 1316 pluvialibus
1688 1228 1925 1296 induti.
1959 1230 2168 1306 Quum

576 1330 792 1387 autem
822 1339 855 1385 a
886 1319 1351 1387 consuetudine
1400 1317 1536 1400 ista,
1586 1336 1749 1402 quae
1786 1318 1968 1384 nullo
1999 1318 2168 1405 Apo·

575 1407 800 1477 stolico
850 1406 1102 1475 indulto
1148 1406 1468 1489 innititur,
1508 1404 1770 1472 difficile
1815 1405 2163 1472 admodum

575 1495 656 1560 sit
687 1495 1002 1562 desistere
1049 1495 1285 1582 absque
1323 1492 1616 1561 fidelium
1648 1492 2068 1561 admiratione
2103 1502 2167 1558 et

573 1583 905 1661 scandalo;
943 1587 1249 1649 Rectores
1278 1581 1399 1670 ipsi
1430 1584 1680 1648 Sacram
1712 1582 1968 1649 Rituum
2003 1583 2166 1647 Con-

574 1688 692 1758 gre
740 1668 1017 1737 ationem
1078 1671 1442 1739 humillime
1505 1682 1843 1757 rogarunt,
1904 1681 1977 1736 ιιι
2023 1687 2165 1734 eam

577 1778 698 1825 con
749 1776 955 1825 rmare
988 1759 1386 1844 dignaretur,
1436 1758 1597 1824 adeo
1644 1768 1717 1823 ut
1764 1758 1937 1824 licite
1985 1757 2165 1823 dein·

575 1865 726 1932 ceps
772 1846 837 1914 in
885 1866 959 1913 ea
1004 1865 1420 1933 perseverare
1467 1845 1741 1912 valeant.

704 1938 784 2002 Et
829 1936 1011 2002 Sacra
1058 1935 1319 2002 Rituum
1366 1935 1819 2021 congregatio,
1869 1933 1947 1999 ad
1998 1933 2167 2001 Vati-

573 2041 801 2089 canum
837 2020 1143 2090 hodierna
1192 2022 1299 2090 die
1346 2022 1692 2089 coadunata
1729 2025 1791 2089 in
1822 2020 2168 2089 ordinariis

570 2109 882 2195 comitiis,
915 2111 992 2178 ad
1040 2110 1416 2178 relationem
1464 2109 1851 2197 infrascripti
1888 2112 2165 2176 Pro-Se-

571 2200 827 2266 cretarii
889 2211 953 2264 et
1014 2198 1304 2266 omnibus
1365 2209 1616 2264 maturo
1679 2197 1973 2264 examine
2018 2217 2164 2286 per·

569 2287 809 2372 pensis,
861 2288 1347 2354 rescribendum
1374 2284 1643 2355 censuit
1672 2309 1688 2351 ε

707 2397 743 2439 «
774 2375 1059 2441 Permitti
1108 2394 1320 2463 posse,
1370 2374 1581 2461 quoad
1629 2376 1942 2461 Vesperas
1997 2374 2162 2441 sole-

570 2481 755 2529 mnes
806 2472 1050 2530 tantum
1084 2483 1148 2526 ι.

699 2549 815 2616 Die
866 2554 943 2618 10
992 2550 1254 2617 Ianuarii
1308 2554 1496 2618 1882.

571 2689 827 2759 2997.
1196 2691 1540 2758 summm.
1933 2690 2158 2777 (5171)

696 2817 860 2885 Dum
899 2813 962 2879 in
993 2813 1263 2881 Civitate
1294 2813 1576 2880 Brixien.
1617 2813 1922 2881 existeret
1953 2815 2160 2882 adhuc

566 2902 914 2988 collegiata
964 2901 1251 2969 Ecclesia
1294 2902 1506 2971 Sancti
1553 2900 1791 2968 Nazarii
1850 2920 1932 2969 ex
1977 2921 2166 2991 syno-

567 2990 697 3060 dali
756 2990 1079 3058 Dioecesis
1141 2993 1390 3059 Statuto
1450 3001 1705 3057 cautum
1769 2990 1930 3076 fuit,
1979 2992 2162 3059 utin

563 3080 755 3148 sacris
798 3079 1312 3148 processionibus
1359 3079 1696 3145 universus
1755 3079 1983 3147 Clerus
2039 3079 2162 3148 sub

562 3169 749 3235 unica
808 3166 1206 3236 cathedralis
1270 3170 1474 3235 cruce
1544 3165 1920 3247 incederet;
1986 3167 2157 3235 iuxta

560 3256 1001 3324 diversitatem
1047 3254 1301 3323 Ordinis
1358 3274 1488 3341 quo
1539 3255 1774 3341 singuli
1838 3267 2016 3323 erant
2064 3257 2159 3322 in·

562 3345 822 3432 signiti;
873 3344 1181 3412 nimirum
1209 3366 1229 3407 2
1273 3346 1483 3432 primo
1535 3344 1598 3409 in
1629 3342 1977 3411 Minoribus
2006 3363 2157 3411 con-

557 3433 791 3513 stituti,
826 3431 1064 3500 deinde
1113 3432 1522 3513 subdiaconi,
1557 3432 1751 3498 tertio
1798 3433 2053 3500 Diaconi
2085 3453 2154 3498 ac

558 3521 789 3586 ultimo
839 3521 1095 3587 tandem
1145 3521 1283 3586 loco
1331 3519 1734 3604 Sacerdotes,
1769 3532 2022 3588 servato
2056 3539 2156 3587 or-

557 3608 710 3677 dine
758 3608 822 3673 in
867 3607 1137 3694 singulis
1167 3607 1562 3674 clericorum
1600 3608 1901 3696 gradibus
1934 3619 1998 3675 et
2037 3613 2154 3676 Ec-

559 3695 930 3764 etesiarum:
964 3695 1075 3781 qui
1103 3695 1330 3760 modus
1363 3697 1827 3763 consuetudine
1861 3698 1983 3762 iam
2017 3707 2152 3764 erat

559 3793 887 3870 receptus.
938 3783 1258 3851 Sancitum
1309 3783 1549 3870 pariter
1593 3793 1754 3868 erat,
1805 3794 1877 3850 ut
1922 3786 2150 3852 clerus

559 3870 947 3957 Collegiatae
997 3871 1206 3937 Sancti
1270 3872 1509 3936 Nazarii
1569 3871 1763 3938 simul
1817 3873 2155 3939 incederet

555 3962 675 4029 sub
722 3959 978 4048 propria
1025 3960 1271 4025 elevata
1316 3963 1519 4025 cruce
1570 3960 1941 4028 immediate
2002 3972 2149 4027 ante

555 4050 814 4116 clerum
875 4046 1295 4118 cathedralis.
1359 4049 1599 4115 Verum
1659 4066 1859 4134 quum
1921 4047 2003 4115 ob
2062 4050 2148 4115 ci·

555 4138 717 4203 viles
774 4136 1207 4204 ordinationes
1276 4146 1343 4201 et
1404 4134 1873 4203 vicissitudines
1935 4137 2146 4203 colle-

554 4226 718 4313 giata
750 4222 941 4294 etiam
975 4224 1183 4291 Sancti
1215 4222 1453 4290 Nazarii
1486 4224 1770 4308 cessarit,
1807 4235 1959 4291 tunc
1984 4236 2158 4291 tem-.

552 4313 762 4400 poris,
811 4311 1114 4379 nimirum
1171 4330 1334 4379 anno
1389 4316 1595 4396 1810,
1644 4312 1925 4379 Brixien.
1992 4314 2145 4400 Epi-

552 4420 782 4490 scopus
846 4401 1173 4474 constituit
1226 4412 1299 4467 ut
1359 4402 1584 4468 Clarus
1640 4400 2143 4487 uniuscuiusque

559 4489 900 4571 Ecclesiae,
935 4506 1193 4575 semper
1223 4488 1340 4555 sub
1372 4489 1555 4556 unica
1593 4489 1952 4556 cathedrali
1980 4494 2141 4557 cru-

551 4597 650 4662 ce,
713 4595 833 4664 per
896 4577 1215 4643 Paroecias
1262 4576 1641 4644 distributus
1686 4594 1957 4662 quarum
2017 4578 2141 4643 sin-

549 4666 681 4755 guli
720 4663 988 4733 .Parochi
1036 4666 1300 4752 proprio
1345 4665 1533 4732 Clero
1567 4678 1958 4753 praeessent,
1996 4686 2142 4754 pro·

550 4755 815 4824 cederet
850 4754 911 4822 in
964 4755 1330 4820 memoratis
1375 4752 1972 4841 supplicationibus,
2005 4774 2140 4821 ser-

545 4853 691 4910 vato
722 4842 1151 4910 Ecclesiarum
1183 4843 1439 4926 ordine,
1474 4846 1647 4910 iuxta
1679 4860 1871 4929 quem
1911 4846 2139 4912 clerus

546 4931 754 5004 Sancti
814 4930 1055 5000 Nazarii
1110 4931 1374 4996 ultimus
1444 4941 1508 4996 et
1575 4930 1945 4997 immediate
1990 4944 2136 4999 ante

544 5018 1233 5090 Clerumcatbedralis
1265 5018 1526 5088 incedit.
1578 5020 1891 5090 Parochus
1922 5032 2135 5087 tamen

545 5107 755 5172 Sancti
785 5108 1027 5174 Nazarii
1079 5108 1141 5172 in
1188 5105 1442 5194 propria
1477 5107 1758 5175 Ecclesia
1800 5107 2137 5193 aliquoties

541 5212 664 5281 per
692 5212 927 5262 annum
962 5194 1171 5262 divina
1202 5196 1411 5266 Officia
1449 5195 1577 5261 ritu
1625 5195 1973 5281 pontificali
2021 5216 2133 5262 ex·

545 5283 705 5372 piet,
743 5293 807 5348 et
840 5285 901 5350 in
934 5282 1121 5348 sacris
1167 5281 1680 5348 Processionibus
1722 5282 1915 5347 totius
1958 5283 2130 5351 cleri

2276 434 2554 520 gaudet;
2589 442 2658 500 et
2688 451 2890 519 quum
2922 435 3187 521 vigente
3207 432 3582 524 Collegiata,
3608 436 3851 503 Proca&

2274 521 2556 589 sionibus
2580 522 2848 607 aliisque
2879 520 3311 589 functionibus
3341 543 3471 591 non
3497 525 3618 590 iam
3643 543 3855 612 perso·

2272 608 2502 675 naliter
2522 610 2638 677 sed
2664 628 2783 697 per
2813 609 3226 677 substitutum
3250 598 3572 679 interesse
3595 613 3851 695 soleret,

2274 697 2337 765 id
2386 697 2579 764 etiam
2623 716 2794 764 nunc
2844 709 3146 786 praestat,
3194 700 3438 767 sublata
3485 700 3849 788 collegiata.

2274 788 2766 869 Verumtamen,
2825 805 3023 873 quum
3073 786 3134 853 in
3182 788 3684 875 praesentiarum
3743 793 3852 855 Re-

2274 873 2774 941 verendissimus
2807 874 3158 941 hodiernus
3187 877 3539 965 Episcopus
3578 876 3855 943 Brixien-

2268 962 2353 1027 sis
2397 961 2752 1028 restituerit
2798 962 2862 1028 in
2907 963 3420 1031 Processionibus
3480 965 3856 1054 peragendis

2270 1049 2601 1135 antiquum
2649 1050 2946 1118 ordinem
2991 1069 3115 1139 per
3158 1052 3466 1139 synodale
3509 1056 3852 1119 Decretum

2270 1135 2616 1223 firmatum,
2667 1149 2733 1203 et
2778 1137 2867 1205 sic
2916 1138 3153 1205 iterum
3209 1141 3466 1207 Parochi
3529 1152 3679 1228 post
3726 1140 3854 1207 uni·

2268 1245 2526 1292 versum
2572 1226 2836 1294 clerum
2878 1225 3065 1293 Urbis
3113 1226 3242 1294 bini
3299 1229 3637 1314 incedant,
3688 1230 3857 1295 salvo

2270 1316 2411 1380 iure
2457 1314 2951 1402 praecedentiae
2994 1316 3275 1383 Parocbo
3320 1315 3532 1383 Sancti
3578 1317 3854 1395 Nazarii;

2267 1403 3860 1581 {222¹},qffszssssszffl‘litztffffissass2:33

2449 1538 2470 1574 9

2269 1580 2552 1666 reliquos
2598 1581 2906 1647 Parocbos
2954 1590 3274 1665 competat
3319 1583 3552 1647 curato
3612 1580 3860 1649 Benefi-

2268 1668 2431 1733 ciato
2481 1667 2804 1733 Ecclesiae
2831 1667 3039 1735 Sancti
3071 1668 3338 1753 Nazarii,
3373 1688 3572 1756 quem
3601 1670 3858 1736 mittere

2269 1753 2434 1819 solet
2481 1755 2572 1820 uti
2619 1755 3055 1823 substitutum.
3109 1761 3198 1822 De
3245 1775 3375 1843 quo
3421 1759 3690 1845 quidem
3725 1759 3861 1825 iure

2269 1856 2679 1930 praesumpto
2726 1861 2925 1929 quum
2969 1844 3202 1911 merito
3249 1856 3726 1932 conquerantur
3757 1866 3860 1913 ce—

2269 1928 2394 1995 teri
2424 1930 2708 2015 Parochi,
2739 1930 3251 2018 religiosissimus
3271 1933 3449 2000 idem
3479 1934 3857 2022 Episcopus,

2267 2036 2350 2084 ne
2398 2017 2711 2085 ordinaria
2755 2018 3135 2087 auctoritate
3165 2039 3278 2088 sua
3309 2021 3658 2109 quidquam
3693 2023 3758 2089 in
3791 2041 3860 2089 re

2267 2106 2676 2192 decerneret,
2710 2110 2959 2175 Sacram
2990 2109 3249 2176 Rituum
3283 2112 3861 2199 congregationem

2266 2193 2545 2281 supplex
2590 2195 2812 2278 adivit,
2860 2206 3052 2281 atque
3100 2197 3385 2286 ingenue
3428 2197 3682 2285 singula
3747 2218 3861 2265 ex·

2267 2283 3864 2462 ttziffilssffill‘aaz‘zffl‘‘23:3⁰3132333“‘3¹÷·

2264 2467 2602 2544 gnaretur;
2650 2460 3004 2528 nimirum:

2401 2550 2458 2612 1.
2494 2549 2593 2612 An
2621 2548 2900 2614 Parocho
2933 2550 3142 2616 Sancti
3173 2551 3413 2617 Nazarii
3456 2551 3866 2620 consuetudo

2262 2633 2590 2721 suffragari
2636 2637 2842 2702 valeat
2888 2656 2968 2703 ne
3012 2637 3440 2724 personaliter
3483 2641 3562 2708 ad
3602 2643 3866 2707 Proces-

2262 2723 2474 2789 siones
2503 2725 2799 2809 accedat;
2847 2726 2954 2791 vel
2995 2729 3074 2793 ad
3119 2746 3226 2793 eas
3273 2728 3574 2817 compelli
3620 2725 3868 2817 possit?

2395 2815 2464 2876 2.
2511 2816 2608 2877 An
2654 2812 2720 2878 in
2765 2813 3301 2900 Processionibus,
3350 2816 3414 2881 in
3471 2816 3704 2902 quibus
3753 2821 3863 2882 Pa·

2262 2897 2438 2965 rochi
2484 2899 2708 2966 urbani
2757 2900 2888 2967 bini
2935 2912 3079 2989 post
3124 2904 3384 2970 clerum
3433 2903 3622 2973 Urbis
3685 2906 3862 2971 ince-

2261 2987 2449 3071 dunt,
2499 2989 2853 3056 Substituto
2898 2992 3158 3058 Parechi
3208 2994 3419 3060 Sancti
3468 2993 3712 3066 Nazarii
3747 2995 3858 3060 vel

2259 3076 2525 3143 alterius
2569 3078 2827 3145 Parochi
2875 3089 3201 3167 competat
3246 3083 3344 3147 ius
3389 3082 3859 3170 praecedendi,

2256 3164 2432 3250 quod
2480 3177 2890 3251 competeret
2939 3168 3057 3255 ipsi
3103 3169 3408 3254 Parocho,
3457 3170 3510 3236 si
3555 3188 3862 3256 persona—

2261 3253 2412 3318 liter
2455 3253 2850 3322 accederet?

2391 3346 2455 3409 3.
2506 3343 2604 3408 An
2650 3344 2734 3410 ob
2780 3342 3000 3409 civiles
3044 3344 3518 3414 vicissitudines
3568 3355 3634 3413 et
3678 3348 3860 3415 ordi-

2258 3430 2543 3495 nationes
2603 3441 2839 3497 cessata
2901 3432 3248 3522 collegiata
3317 3436 3529 3502 Sancti
3576 3436 3860 3519 Natat-ii,

2259 3518 2549 3584 eiusdem
2596 3520 2788 3585 Clero
2834 3519 2901 3585 in
2945 3523 3458 3590 processionibus
3502 3524 3599 3590 ius
3641 3525 3860 3591 adhuc

2259 3604 2635 3693 competat?
3205 3689 3214 3694 ‚

2387 3697 2452 3759 4.
2502 3700 2619 3779 An,
2670 3707 2909 3762 cessata
2953 3698 3329 3787 collegiata,
3377 3699 3697 3768 Parochus
3754 3702 3856 3769 di-

2252 3781 2394 3881 vina
2440 3783 2650 3849 Officia
2700 3784 2763 3849 in
2807 3786 3276 3855 pontificalibus
3323 3788 3658 3855 celebrare
3707 3810 3856 3877 pos·

2251 3867 2389 3935 sit?
2432 3881 2500 3936 et
2543 3883 2864 3957 quatenus
2902 3874 3301 3962 affirmative,

2385 3962 2455 4025 ὅ.
2500 3961 2598 4026 An
2642 3961 2962 4047 praefatus
3012 3965 3328 4031 Parochus
3371 3966 3450 4033 ad
3486 3967 3851 4055 parendum

2248 4046 2546 4134 Episcopi
2594 4048 2904 4114 mandatis
2948 4051 3115 4138 cogi,
3153 4063 3217 4117 et
3248 4054 3302 4119 si
3346 4072 3510 4140 opus
3541 4055 3624 4120 sit
3657 4056 3852 4122 etiam

2251 4134 2464 4221 puniri
2510 4134 2586 4201 ab
2634 4137 2950 4237 Episcopo
2996 4142 3231 4224 possit,
3279 4160 3401 4229 per
3463 4143 3850 4230 prohibitio—

2247 4240 2398 4287 nem
2446 4223 2814 4292 celebrandi
2860 4245 2928 4292 ιιι
2973 4228 3445 4313 pontificalibus
3474 4232 3554 4298 ad
3587 4241 3848 4318 tempus

2247 4310 2807 4379 determinatum?
3171 4376 3182 4394 χ
3315 4354 3319 4360 -

2379 4403 2458 4464 Et
2503 4401 3000 4469 Eminentissimi
3035 4425 3104 4471 ac
3152 4407 3687 4474 Revereudissimi
3737 4411 3846 4473 Pa·

2245 4495 2378 4552 tres
2421 4491 2621 4554 Sacris
2655 4490 2911 4558 tuendis
2942 4493 3191 4561 Ritibus
3223 4497 3588 4585 praepositi,
3625 4497 3694 4562 in
3729 4499 3848 4562 Or-

2246 4575 2490 4642 dinario
2527 4581 2730 4644 coetu
2775 4580 2851 4645 ad
2905 4581 3275 4650 Vaticanum
3319 4585 3682 4673 subsignata
3729 4585 3847 4653 die

2245 4666 2603 4749 coadunati,
2656 4682 2796 4755 post
2842 4668 3126 4736 auditam
3172 4693 3203 4738 a
3251 4673 3612 4760 subscripto
3672 4679 3848 4740 Pro—

2243 4753 2600 4819 Secretario
2625 4754 2887 4826 fidelem
2921 4757 3322 4848 relationem,
3351 4760 3844 4829 rescribendum

2242 4853 2683 4908 censuerunt:

2371 4930 2466 4996 Ad
2518 4935 2576 5000 1.
2631 4952 2669 4995 «
2702 4934 3041 5019 Negative‚
3091 4940 3172 5007 ad
3216 4938 3482 5027 primam
3529 4952 3839 5025 partem3

2241 5018 2661 5104 Affirmative,
2711 5023 2790 5089 ad
2840 5026 3188 5094 secundam
3223 5051 3286 5095 ν.

2368 5109 2466 5174 Ad
2514 5113 2583 5176 2.
2618 5130 2656 5173 ι
2682 5111 2989 5199 Negative
3023 5137 3090 5182 ιν.

2371 5199 2466 5262 Ad
2515 5202 2584 5264 3.
2614 5219 2656 5263 ‹
2680 5202 2996 5286 Negative
3024 5228 3086 5274 ν.

2368 5286 2464 5354 Ad
2513 5289 2574 5352 4.
2618 5309 2654 5351 «
2677 5289 3096 5362 Afferendum
3125 5297 3570 5388 privilegium,
3594 5314 3661 5370 ut
3684 5322 3840 5368 exa-

539 5369 767 5458 Urbani
800 5389 988 5474 supra
1023 5368 1305 5455 reliquos
1334 5369 1641 5435 Parochos
1675 5371 2126 5456 praecedentia
2234 5372 2392 5438 mini
2437 5373 2807 5444 subiiciatur
2840 5397 2903 5446 ι».
