4042 5950
1655 243 2127 326 —447—

235 406 432 476 iuxta
474 406 776 475 Rabricas
819 403 1294 472 conclusionem
1338 408 1462 472 Per
1510 404 1842 474 Christum

234 498 603 562 Dominum
664 505 993 574 nostrun5
1040 492 1186 562 binc
1234 493 1446 578 eidem
1506 496 1839 562 Sacrorum

233 583 518 651 Rituum
565 580 1051 667 congregationi
1097 581 1430 668 sequentia
1476 580 1661 650 dubia
1695 600 1841 648 eno-

232 670 461 740 danda
505 689 626 758 pro
713 669 874 744 suit;
922 668 1270 737 videlicet:

386 762 434 824 1.
484 762 580 826 An
623 689 832 826 &atio
879 757 1069 825 haec:
1122 760 1287 824 Deus
1332 761 1448 842 qui
1494 760 1684 844 culpa
1747 760 1839 844 of-

229 848 561 932 fenderis,
597 846 660 913 in
708 866 851 913 casu
883 847 966 912 de
999 865 1125 931 quo
1156 846 1393 934 agitur,
1426 846 1659 914 debeat
1691 866 1838 913 con-

232 935 428 1002 cludi
460 932 771 1001 dicendo:
822 937 945 1000 Per
979 934 1310 1001 Christum
1349 937 1696 1001 Dominum
1726 954 1836 1000 :to-

227 1035 504 1102 strum5
565 1021 668 1089 vel
715 1023 927 1108 potius
997 1023 1125 1100 Qui
1170 1026 1335 1089 vivis
1382 1034 1441 1089 et
1488 1042 1715 1107 regnas
1760 1029 1833 1089 in

228 1111 513 1178 saecula
556 1109 1009 1178 saeculorum?

384 1203 456 1266 ΙΙ.
508 1198 598 1280 Si,
636 1208 889 1283 praeter
933 1197 1323 1287 supradictas
1366 1199 1650 1285 quinque
1687 1201 1834 1266 Ora-

237 1287 481 1369 tiones,
528 1287 648 1352 alia
692 1286 969 1353 collecta
1015 1285 1345 1356 ordinatur
1390 1288 1468 1353 ab
1503 1286 1836 1375 Archiepi·

231 1393 470 1463 scopo,
534 1372 761 1440 ultimo
818 1392 1076 1462 semper
1130 1374 1270 1441 loco
1317 1375 1623 1458 dicenda,
1672 1394 1834 1462 quae

232 1463 476 1528 habeat
532 1461 702 1528 iuxta
764 1460 1102 1529 Rubricam
1167 1462 1643 1530 conclusionem
1689 1482 1833 1551 pro-

293 1550 478 1633 riam,
528 1548 632 1615 vel
678 1552 802 1614 Per
850 1550 1207 1632 Christum,
1257 1551 1357 1616 vel
1413 1552 1542 1629 Qui
1591 1562 1794 1618 tecum
1806 1575 1834 1632 ,-

289 1656 406 1704 aec
467 1637 744 1706 collecta
807 1637 1086 1706 debetne
1142 1638 1436 1726 concludi
1482 1638 1610 1725 sic,
1659 1639 1830 1706 iuxta

231 1745 486 1814 nempe
519 1725 851 1810 Rubricas3
891 1724 990 1791 vel
1025 1726 1238 1812 potius
1270 1745 1454 1792 cum:
1510 1728 1638 1805 Qui
1668 1730 1831 1794 vivis

229 1825 303 1881 et
351 1812 632 1900 recitas?

381 1906 479 1969 111.
500 1902 837 1982 Quaeritur
856 1902 1134 1988 denique
1156 1915 1373 1971 utrum
1408 1903 1471 1969 in
1494 1905 1631 1970 solo
1657 1924 1828 1988 casu,

232 2010 375 2077 quo
420 1991 525 2058 vel
573 1989 799 2057 ultima
842 1992 1053 2058 Oratio
1098 1989 1287 2058 habet
1350 1991 1829 2059 conclusionem

230 2078 569 2165 propriam
621 2079 749 2156 Qui
794 2082 953 2145 vivis
991 2090 1050 2145 ct
1084 2098 1336 2164 requos,
1371 2079 1527 2147 haec
1559 2079 1686 2148 dici
1718 2080 1829 2148 de·

233 2168 440 2244 beat;
487 2185 566 2234 an
610 2166 820 2253 potius
875 2166 941 2233 in
999 2185 1407 2255 quocumque
1463 2188 1609 2236 casu
1674 2169 1828 2234 haec

232 2254 327 2320 sit
374 2251 703 2321 dicenda?

376 2345 560 2410 Sacra
604 2362 795 2431 porro
831 2342 1054 2411 eadem
1087 2342 1345 2410 Rituum
1378 2343 1828 2432 congregatio,

232 2431 324 2498 ad
368 2431 691 2498 Vaticanus
749 2432 959 2498 Aedes
1022 2431 1087 2498 in
1153 2430 1491 2500 Ordinariis
1545 2430 1830 2500 comitiis

231 2518 551 2586 hodierna
582 2519 688 2586 die
722 2519 1092 2604 coadunata,
1131 2520 1648 2606 respondendum
1680 2540 1828 2588 cen-

230 2606 371 2673 suit
431 2606 632 2675 tribus
689 2606 1029 2696 propositis
1090 2607 1339 2676 dubiis:
1390 2631 1427 2674 ι
1461 2609 1828 2677 conclusio-

230 2713 393 2762 nem
460 2695 701 2762 debere
770 2715 908 2762 esse
968 2694 1270 2780 brevem,
1322 2708 1387 2763 et
1443 2697 1828 2765 concordare

231 2801 390 2850 cum
437 2783 659 2850 ultima
703 2782 1020 2869 Oratione,
1070 2785 1242 2851 iuxta
1290 2786 1594 2852 Rubricas
1630 2808 1692 2852 ».

371 2870 484 2939 Die
531 2875 573 2940 8
620 2872 854 2961 Aprilis
906 2874 1097 2940 1865.

230 3047 491 3117 3135.
745 3049 1018 3116 SANCTI
1065 3050 1315 3118 IACOBl

842 3157 944 3220 DE
990 3157 1220 3223 CUBA.

370 3319 440 3381 Iu
484 3313 962 3401 metropolitana
1009 3314 1292 3383 Ecclesia
1353 3316 1560 3384 Sancti
1622 3318 1823 3384 iacobi

231 3407 320 3471 de
388 3402 560 3470 cuba
627 3401 704 3468 ab
773 3402 1258 3471 immemorabili
1332 3414 1624 3493 tempore
1685 3404 1825 3473 fieri

230 3489 594 3575 consuevit,
644 3503 714 3558 ut
762 3490 826 3558 in
873 3497 1058 3560 Festo
1107 3494 1313 3560 Sancti
1362 3491 1547 3561 Marci
1595 3506 1659 3561 et
1691 3496 1822 3562 Tri-

229 3580 368 3646 duo
413 3579 864 3665 Rogatianum,
900 3600 1016 3670 pro
1048 3579 1362 3647 brevitate
1396 3581 1654 3649 forsitan
1686 3583 1823 3651 viae

230 3687 427 3754 quam
474 3668 793 3735 Processio
840 3669 1181 3756 percurrit,
1228 3669 1505 3738 Litaniae
1568 3675 1822 3739 Sancto·

230 3774 392 3823 rum·
427 3756 511 3821 ita
556 3756 1006 3839 decantentur,
1044 3767 1114 3823 ut
1143 3758 1375 3843 singuli
1428 3777 1643 3826 earum
1677 3778 1823 3825 ver-

225 3865 340 3911 sus
398 3863 516 3931 per
570 3846 874 3912 cantores
943 3842 1217 3911 inchoati
1280 3848 1746 3916 concludantur
1789 3867 1822 3913 a

226 3933 451 3998 clero.
517 3932 721 4010 Quum
778 3942 992 3999 autem
1052 3951 1259 4020 nuper
1317 3934 1622 4003 dubitatio
1685 3945 1821 4002 orta

229 4020 452 4104 fuerit,
487 4038 642 4088 num
673 4029 849 4086 recte
881 4019 965 4085 ita
1005 4020 1242 4088 factum
1289 4025 1408 4102 sit;
1456 4023 1818 4112 Capitulum

227 4108 756 4197 Metropolitanae
801 4108 1120 4183 Ecclesiae
1169 4109 1365 4198 ipsius
1412 4114 1660 4179 Sacram
1716 4111 1821 4179 Ri-

232 4208 416 4263 tuum
463 4197 1038 4283 congregationem
1083 4197 1301 4265 adiens
1345 4200 1423 4265 ab
1472 4219 1543 4266 ea
1574 4199 1818 4287 suppli·

228 4284 394 4352 citer
418 4283 761 4370 exquisivit
786 4285 1178 4371 insequentis
1202 4286 1377 4353 dubii
1403 4287 1814 4374 solutionem,

227 4392 382 4441 nem
436 4392 520 4440 e:

360 4393 481 4546 Apu,
534 4461 596 4528 in
640 4463 970 4549 proposito
1016 4481 1188 4546 casu,
1239 4463 1514 4531 debeant
1579 4464 1815 4552 singuli

225 4548 612 4619 Litaniarum
659 4569 881 4617 versus
928 4550 1179 4636 integre
1209 4571 1242 4615 a
1275 4550 1651 4618 cantoribus
1692 4550 1816 4619 dici

229 4652 295 4706 et
339 4660 374 4704 a
431 4639 619 4706 clero
680 4637 931 4726 repeti;
980 4639 1082 4704 vel
1130 4637 1394 4706 sufficiat
1450 4651 1520 4705 ut
1564 4640 1641 4705 ab
1690 4640 1815 4706 illis

227 4726 504 4794 inchoati
557 4726 635 4791 ab
695 4726 813 4792 hoc
874 4726 1334 4811 terminentur,
1385 4740 1455 4793 ut
1511 4728 1816 4795 hactenus

227 4816 464 4882 factum
516 4813 665 4881 est'i‘

360 4905 438 4968 Et
496 4903 633 4968 Emi
694 4924 764 4970 ac
833 4902 972 4971 timi
1026 4904 1237 4968 Patres
1296 4902 1496 4971 Sacris
1559 4902 1810 4970 tuendis

1597 3052 1823 3141 (usas)

1943 414 2192 506 partem
2225 418 2263 504 ;·
2309 402 2652 493 Negative,
2701 402 2779 471 ad
2824 403 3168 505 secundam
3200 426 3265 472 ι.
3314 406 3524 492 Atque

1939 502 2023 558 ita
2071 503 2537 580 rescripserunt
2582 513 2652 559 ac
2696 510 2933 558 servari
2981 493 3382 561 mandarunt.

2072 580 2185 648 Die
2238 583 2314 647 16
2363 580 2758 686 Septembris
2811 583 3006 649 1865.

1942 756 2193 826 3136.
2589 757 2899 824 AESINA.
3297 756 3524 845 (5350)

2064 937 2269 1012 Quum
2295 933 2518 1001 Editor
2542 932 2895 1002 calendarii
2921 934 3241 1004 Dioecesis
3258 935 3523 1008 Aesinae

1943 1032 2008 1090 et
2064 1020 2603 1091 caeremoniarius
2672 1023 3059 1111 Episcopalis
3115 1024 3525 1109 sequentium

1938 1110 2283 1179 dubiorum
2329 1109 2716 1177 solutionem
2762 1132 2792 1176 a
2840 1113 3019 1179 Sacra
3067 1111 3329 1180 Rittium
3360 1116 3522 1180 con·
3647 1115 3658 1126 ‘

1937 1196 2313 1287 gregatione
2357 1196 2714 1266 humillime
2771 1198 3180 1285 exquisierit:
3238 1219 3521 1286 nempe:

2074 1292 2121 1353 1.
2171 1291 2224 1352 A
2283 1290 2466 1356 Sacra
2525 1286 2783 1353 Rituum
2841 1286 3348 1373 Congregatione
3416 1288 3523 1356 die

1941 1379 1980 1443 t
2028 1373 2420 1462 Septembris
2472 1378 2636 1442 1773
2686 1374 2748 1441 in
2795 1394 2916 1442 una
2962 1375 3293 1443 conchen.
3326 1377 3391 1443 in
3422 1397 3525 1443 oc-

1937 1461 2259 1531 currentia
2304 1462 2470 1529 Festi
2517 1461 2727 1529 Sancti
2774 1462 2949 1530 Eliae
2995 1463 3344 1550 Prophetae
3377 1483 3521 1532 cum

1937 1550 2207 1621 Sabbato
2239 1559 2511 1637 quatuor
2541 1554 2929 1638 Temporum
2960 1550 3517 1639 Quadragesimae,

1937 1640 2111 1707 idem
2181 1638 2600 1725 Evangelium
2668 1637 2943 1706 habente
3011 1659 3081 1706 ac
3143 1639 3307 1707 illud
3353 1641 3524 1707 Festi

1983 1725 2273 1811 raedicti,
2323 1730 2665 1793 Decretum
2712 1726 2860 1794 l‘ecit
2906 1728 2990 1795 de
3019 1726 3198 1794 Feria
3238 1726 3377 1794 fieri
3409 1727 3524 1795 de-

1980 1834 2094 1881 ere
2138 1814 2828 1882 Commemorationem
2875 1815 3014 1901 sine
3063 1815 3199 1883 eius
3257 1815 3526 1883 Humilia

1933 1922 2053 1990 pro
2099 1905 2181 1969 IX
2225 1902 2553 1986 Lectione,
2601 1921 2727 1971 non
2773 1902 3062 1971 obstante
3109 1902 3523 1992 dispositione

1936 1990 2242 2058 Rubricae
2309 1988 2704 2077 particularis
2774 2009 2891 2077 pro
2958 1995 3144 2060 Festo
3211 1995 3521 2079 Expecta-

1934 2077 2124 2146 tionis
2167 2082 2383 2145 Partus
2429 2083 2654 2145 Beatae
2702 2075 2924 2145 Mariae
2970 2078 3271 2167 Virginis.
3336 2079 3529 2146 Unde*

1935 2166 2310 2252 quaeritur:
2373 2168 2471 2233 An
2515 2165 2637 2233 hoc
2696 2165 2907 2254 ipsum
2971 2167 3356 2234 servandum
3413 2166 3518 2256 sit,

1937 2254 2191 2341 quando
2258 2254 2398 2323 dies
2471 2264 2687 2321 octava
2767 2255 3205 2323 immaculatae
3279 2257 3525 2322 conce·

1933 2342 2167 2433 ptionis
2216 2343 2502 2410 eiusdem
2548 2345 2773 2409 Beatae
2822 2342 3043 2410 Mariae
3090 2341 3370 2430 Virginis
3427 2343 3520 2410 in-

1935 2432 2103 2500 cidat
2150 2431 2213 2498 in
2259 2430 2504 2497 Feriam
2535 2432 2616 2497 IV
2644 2431 2921 2510 Quatuor
2968 2435 3354 2518 Temporum
3398 2430 3522 2499 Ad-

1937 2531 2189 2605 ventus,
2238 2537 2403 2605 quae
2447 2518 2689 2606 pariter
2734 2519 2904 2586 idem
2950 2523 3122 2587 Evan
3172 2519 3370 2586 elium
3412 2519 3519 2586 ha-

1934 2608 2046 2676 bet
2088 2627 2160 2673 ac
2204 2606 2369 2676 illud
2417 2617 2675 2673 octavae
2718 2607 3115 2695 supradictae

2065 2699 2141 2762 11.
2189 2696 2396 2774 Quum
2451 2693 2874 2783 Evangelium
2933 2695 3152 2764 Missae
3213 2699 3517 2763 immacu-

1932 2785 2095 2853 latae
2142 2782 2589 2871 conceptionis
2651 2802 2779 2850 non
2840 2783 3160 2853 contineat
3218 2783 3338 2852 nisi
3385 2784 3520 2851 exi-

1932 2890 2122 2962 guam
2171 2883 2419 2961 partem
2466 2869 2796 2959 Evangelii
2844 2870 3062 2939 Feriae
3109 2876 3189 2941 1V
3241 2873 3521 2951 Quatuor

1931 2965 2315 3050 Temporum
2378 2961 2750 3045 Adventus,
2799 2958 3166 3061 quaeritur:
3222 2965 3361 3047 An,
3413 2981 3519 3028 oc·

1929 3059 2229 3117 currente
2277 3058 2495 3116 octava
2526 3050 2975 3150 conceptionis
3007 3049 3070 3117 in
3103 3049 3270 3117 dicta
3310 3048 3515 3136 Feria,

1929 3138 2059 3225 legi
2080 3137 2340 3291 'edebeat
2390 3138 2453 3204 iu
2496 3136 2627 3204 fine
2674 3141 2890 3204 Missae
2938 3137 3360 3223 Evangelium
3398 3141 3511 3204 Fe·

1930 3246 2057 3293 riae

2060 3317 2161 3382 111.
2212 3319 2310 3381 An
2355 3313 2464 3382 die
2510 3323 2728 3380 octava
2775 3313 3218 3381 immaculatae
3274 3315 3516 3380 conce-

1933 3402 2163 3491 ptionis
2209 3401 2336 3490 legi
2385 3402 2662 3470 debeant
2694 3399 2758 3469 in
2791 3400 2999 3491 primo
3043 3403 3368 3469 Nocturno
3397 3404 3515 3469 Le-

1929 3491 2170 3561 ctiones
2215 3491 2346 3557 diei
2392 3490 2597 3576 Festi,
2649 3490 2753 3556 vel
2801 3491 2887 3558 de
2933 3490 3259 3579 Scriptura
3295 3509 3517 3557 occur-

1929 3589 2140 3664 rente,
2187 3580 2442 3667 quando
2490 3580 2715 3648 eadem
2761 3578 2901 3646 dies
2948 3588 3203 3646 octavae
3248 3597 3379 3646 non
3424 3577 3516 3645 iu·

1929 3667 2099 3737 cidat
2141 3667 2207 3735 in
2251 3665 2497 3735 Feriam
2542 3670 2624 3735 1V
2666 3666 2946 3744 Quatuor
2991 3670 3143 3735 Tem
3234 3662 3434 3734 rum?

2058 3758 2163 3824 lV.
2211 3754 2492 3823 Habetur
2560 3775 2641 3823 ex
2699 3755 3009 3825 Rubrica:
3068 3759 3151 3824 ca
3182 3755 3346 3823 icem
3403 3754 3515 3824 de-

1929 3844 2083 3911 bere
2130 3863 2269 3911 esse
2315 3844 2420 3911 vel
2466 3862 2734 3911 aureum
2779 3844 2883 3911 vel
2930 3857 3311 3932 argenteum
3340 3892 3358 3928 ,
3407 3854 3517 3910 aut

1924 3933 2152 3999 saltem
2198 3930 2434 3999 habere
2482 3950 2756 4033 cuppam
2801 3941 3172 4022 argenteam
3205 3932 3375 4001 intus
3406 3950 3517 3998 au·

1927 4032 2148 4087 ratam.
2200 4021 2358 4088 Hinc
2404 4032 2768 4105 quaeritur:
2818 4022 2915 4086 An
2962 4021 3148 4087 liceat
3193 4019 3515 4109 Episcopo

1927 4127 2299 4176 consecrare
2330 4107 2611 4175 Calicem
2656 4127 2738 4174 ex
2781 4118 3052 4192 stamno,
3091 4108 3193 4174 vel
3228 4127 3375 4174 aere
3406 4106 3509 4174 vel

1922 4195 2280 4265 aurichalco
2329 4215 2475 4263 cum
2509 4215 2714 4283 cuppa
2748 4204 2959 4262 tamen
2993 4196 3282 4263 eiusdem
3315 4204 3511 4263 mate·

1925 4284 2043 4352 riei
2092 4281 2358 4352 aurata?

2056 4377 2134 4439 Et
2184 4373 2322 4439 Emi
2353 4393 2422 4439 ac
2454 4373 2591 4441 Rflii
2633 4376 2847 4439 Patres
2878 4371 3082 4440 Sacris
3129 4371 3387 4439 tuendis
3418 4371 3517 4441 Ri-

1926 4459 2092 4528 tibus
2139 4462 2510 4549 praepositi,
2549 4461 2612 4527 in
2656 4459 2982 4528 ordinario
3015 4463 3218 4527 coetu
3249 4460 3327 4528 ad
3370 4460 3513 4538 Qui-

1919 4549 2153 4616 rinales
2198 4549 2406 4616 Aedes
2454 4549 2760 4618 hodierna
2823 4547 2930 4615 die
2991 4546 3253 4633 habito,
3303 4549 3516 4616 audita

1920 4636 2231 4704 relatione
2299 4658 2332 4702 a
2398 4638 2761 4726 subscripto
2822 4637 3178 4705 Secretario
3243 4637 3403 4704 facta
3450 4648 3516 4703 et

1920 4725 2262 4814 propositis
2308 4725 2517 4793 dubiis
2563 4737 2812 4793 mature
2860 4723 3335 4812 diligenterque
3367 4743 3514 4811 per·

1917 4814 2156 4901 pensis„
2207 4814 2737 4902 respondendum
2782 4831 3137 4881 censuere:

2050 4902 2144 4969 Ad
2192 4907 2244 4969 1.
2292 4923 2330 4966 ‹
2362 4902 2701 4970 omittatur
2769 4904 2850 4969 lx
2915 4902 3131 4968 Lectio
3200 4900 3510 4969 Homiliae

223 4989 469 5058 Ritihus
562 4991 885 5081 raepositi,
917 4988 1262 5058 ordinariis
1290 4990 1356 5057 in
1387 4990 1672 5058 Comitiis
1707 4992 1813 5058 ho-
1912 4990 2133 5057 Feriae
2176 4991 2456 5069 Quatuor
2502 4995 2895 5079 Temporum
2929 5010 2996 5055 ».

225 5080 448 5146 dierna
550 5079 609 5145 ie
663 5080 740 5147 ad
803 5078 1120 5158 Quirinale
1168 5077 1434 5165 habitis,
1483 5080 1809 5147 referente

224 5166 584 5256 subscripto
630 5167 984 5237 Secretario
1030 5177 1095 5233 et
1145 5186 1213 5233 re
1261 5178 1508 5235 mature
1540 5167 1651 5235 dili
1701 5187 1810 5234 en-

2047 5078 2143 5145 Ad
2174 5083 2246 5146 11.
2284 5099 2322 5142 ‹
2346 5078 2687 5145 omittatur
2728 5078 3150 5165 Evangelium
3184 5077 3404 5146 Feriae
3438 5100 3503 5143 ».

2044 5165 2140 5233 Ad
2189 5169 2291 5233 111.
2363 5188 2400 5231 α
2433 5168 2764 5233 Provisum
2835 5166 2902 5233 in
2971 5166 3239 5236 Rubrica
3306 5166 3504 5234 Officii

227 5267 454 5342 terque
485 5275 829 5344 perpensa,
863 5275 978 5344 pro
1029 5255 1189 5322 osito
1219 5255 1417 5322 dubio
1459 5256 1652 5323 rescri
1741 5275 1811 5322 n·
1912 5254 2356 5326 immaculatae
2402 5254 2854 5344 conceptionis
2888 5275 2953 5319 ».

225 5342 380 5409 dum
448 5362 798 5411 censuere:
846 5366 883 5409 ι
916 5345 967 5410 A
1040 5343 1338 5430 rmative,
1390 5344 1464 5412 ad
1537 5344 1804 5432 primam

2041 5343 2138 5413 Ad
2182 5346 2291 5412 IV.
2337 5365 2375 5408 ι
2409 5342 2717 5412 Standum
2761 5342 3049 5411 Rubricis
3079 5363 3142 5412 ν.
