4042 5950
2029 257 2502 346 ...368-

767 423 825 494 1.
873 419 1200 505 Quodnam
1246 444 1325 493 ex
1372 418 1623 492 duobus
1667 422 1898 492 Officiis
1942 425 2210 491 recitan-

629 511 784 583 dum
833 525 928 582 est
972 513 1080 582 die
1124 516 1323 582 XXIX
1369 509 1584 580 Iunii?

760 606 825 671 2.
874 604 970 671 Ad
1016 621 1205 688 quam
1236 599 1407 669 diem
1439 600 1956 669 transferendum
1987 598 2211 667 aliud?

760 695 823 759 3.
876 694 971 758 An
1015 689 1549 759 commemoratio
1596 688 1807 758 Sancti
1836 688 2009 757 Pauli
2045 694 2208 774 Apo·

627 779 772 846 stoli
824 796 1155 847 remanere
1199 777 1429 845 debeat
1475 776 1581 845 die
1627 779 1800 844 XXX
1846 775 2060 844 Iunii?

758 869 941 936 Sacra
997 867 1257 937 Rituum
1309 865 1771 953 congregatio,
1834 866 1912 933 ad
1966 864 2210 933 Vatica-

628 974 783 1022 num
830 955 1138 1022 hodierna
1197 954 1306 1022 die
1365 953 1707 1023 coadunata
1758 954 1826 1021 in
1868 953 2211 1021 ordinariis

628 1043 938 1126 Comitiis,
972 1054 1308 1132 postquam
1338 1044 1416 1111 ad
1448 1041 1824 1110 relationem
1870 1042 2209 1108 secretarii

626 1131 962 1220 subscripti
1010 1132 1134 1199 rite
1183 1130 1494 1220 expendit
1550 1129 1775 1198 eadem
1833 1128 2059 1215 dubia,
2110 1149 2208 1197 re·

626 1220 748 1286 scri
799 1220 926 1287 sit:

810 1308 851 1376 d
904 1313 964 1375 1.
1013 1327 1052 1373 ‹
1085 1312 1176 1376 De
1222 1309 1465 1377 Sanctis
1509 1306 1829 1393 Apostolis
1859 1328 1923 1374 ν.

758 1396 854 1464 Ad
902 1401 967 1464 2.
1019 1417 1057 1460 «
1090 1397 1184 1465 Ad
1219 1398 1486 1486 primam
1518 1396 1694 1463 diem
1719 1393 2011 1479 liberam,
2039 1392 2212 1463 iuxta

624 1483 926 1553 Rubricas
959 1509 1022 1550 iv.

759 1572 852 1640 Ad
902 1578 970 1642 3.
1017 1594 1056 1639 ι
1089 1573 1477 1641 Affirmative
1511 1596 1578 1640 ι».

760 1662 971 1750 Atque
1016 1664 1096 1728 ita
1156 1662 1515 1731 rescribere
1567 1661 1815 1729 censuit
1860 1671 1926 1728 et
1972 1659 2207 1728 servari

626 1750 969 1819 mandavit.
1030 1754 1047 1767 “

660 1896 667 1907 .
758 1837 871 1907 Die
918 1841 1003 1906 29
1048 1839 1249 1907 Martii
1301 1842 1498 1909 1851.

629 1978 891 2048 2989.
1243 1982 1584 2048 monem.
1980 1979 2206 2067 (sitis)

758 2103 1091 2190 Duplicem
1120 2104 1677 2173 iconsuetudinem
1726 2102 1789 2170 in
1832 2123 1943 2171 sua
1981 2103 2210 2171 catbe-

626 2191 788 2260 drali
835 2192 1067 2261 iamdiu
1106 2192 1424 2260 invectam
1471 2195 1693 2261 Sacrae
1739 2192 2000 2259 Rituum
2049 2196 2211 2261 con·

627 2281 980 2370 gregationi
1003 2281 1287 2369 ingenue
1320 2298 1673 2369 exponens,
1707 2283 1901 2348 Rihus
1923 2283 2205 2349 Lauden.

624 2369 977 2470 Episcopus
1023 2370 1213 2439 enixe
1258 2368 1503 2458 rogavit
1561 2379 1633 2436 ut
1691 2387 1880 2436 suum
1923 2369 2211 2450 pandere

628 2458 1004 2546 dignaretur
1035 2457 1362 2525 oraculum
1391 2478 1461 2523 ac
1490 2454 1871 2523 sententiam
1902 2457 2208 2544 prodere,

628 2544 1120 2634 nescapitulum
1165 2544 1488 2611 Ecclesiae
1535 2544 1734 2630 ipsius
1784 2544 2208 2628 cathedralis,

628 2653 755 2701 non
786 2651 915 2700 uno
945 2643 1192 2700 tantum
1239 2633 1496 2699 nomine
1530 2633 2074 2717 commendatum,
2108 2652 2212 2701 an-

629 2742 780 2810 ceps
823 2720 1063 2787 diutius
1088 2720 1344 2788 haereat
1375 2719 1582 2806 quoad
1619 2720 2079 2789 observantiam
2114 2741 2213 2788 ea·

629 2808 928 2879 rumdem
974 2809 1539 2893 consuetudinum,
1580 2827 1735 2895 quas
1781 2808 1956 2876 hisce
1999 2808 2214 2876 verbis

634 2918 713 2966 ex
764 2897 943 2964 onita

716 2916 832 3053 pi.
879 2993 948 3055 ln
995 2987 1305 3054 Laudensi
1369 2986 1766 3071 cathedrali,
1825 2987 2077 3074 quando
2136 2988 2213 3053 ab

629 3075 972 3165 Episcopo,
1002 3093 1194 3162 quem
1226 3075 1566 3142 comitatur
1588 3076 2049 3144 canonicorum
2073 3074 2215 3143 col·

633 3163 900 3252 legium,
941 3163 1069 3231 ritu
1115 3162 1461 3231 Pontificali
1508 3161 1915 3231 celebrantur
1957 3167 2214 3230 Proces-

627 3250 837 3320 siones
884 3251 1327 3353 Rogationum,
1377 3251 1535 3320 dum
1581 3252 1943 3336 visitantur,
1975 3262 2049 3318 ut
2079 3270 2214 3319 mos

631 3352 750 3427 est,
784 3359 1163 3429 praecipuae
1194 3341 1478 3408 Civitatis
1516 3338 1837 3407 Ecclesiae
1872 3349 1938 3405 et
1968 3339 2034 3406 in
2064 3360 2215 3407 una·
2265 3401 2270 3404 ,

630 3448 881 3517 quaque
929 3446 1149 3495 earum
1194 3429 1497 3498 dicuntur
1540 3427 1867 3496 Orationes
1913 3426 1976 3495 in
2022 3428 2220 3495 hono·

631 3535 770 3584 rem
824 3520 1197 3585 Sanctorum
1245 3538 1278 3584 a
1323 3516 1555 3604 quibus
1614 3515 1895 3583 Ecclesia
1956 3515 2214 3584 titulum

630 3606 851 3687 sumit,
885 3604 1111 3672 inillis
1156 3604 1449 3672 dicendis
1479 3605 1582 3672 hic
1625 3604 1854 3672 modus
1897 3615 2213 3689 servatur,

632 3692 804 3759 utin
839 3692 1041 3781 prima
1086 3692 1366 3760 Ecclesia
1408 3693 1618 3762 Oratio
1664 3692 1914 3760 dicatur
1944 3692 2022 3759 ab
2067 3692 2216 3792 Epi-

631 3799 855 3868 scopo,
902 3780 967 3848 in
1013 3779 1149 3847 aliis
1195 3799 1350 3848 vero
1396 3781 1690 3849 dicantur
1736 3780 1940 3848 dictae
1979 3785 2216 3849 Oratio-

633 3888 746 3936 nes
794 3889 911 3958 per
956 3880 1218 3937 turnum
1266 3892 1299 3937 a
1343 3867 1696 3938 canonicis.
1746 3870 1956 3947 Quum
2000 3879 2216 3936 autem

634 3960 699 4026 in
743 3957 1024 4026 Concilio
1083 3958 1456 4026 Provinciali
1513 3967 1694 4023 sexto
1741 3976 1776 4021 a
1821 3960 2052 4026 Sancto
2105 3960 2218 4024 ca·

634 4048 772 4115 rolo
818 4052 1161 4116 Borromeo
1207 4047 1409 4131 edito,
1457 4045 1694 4113 titulo:
1751 4045 1925 4122 Quae
1978 4046 2062 4111 ad
2120 4045 2219 4111 di-

632 4139 792 4203 vina
825 4132 1044 4222 Officia
1075 4139 1431 4222 pertinent,
1466 4133 1831 4202 huiusmodi
1867 4131 2224 4219 reperiatur

635 4228 1020 4292 Decretum:
1086 4245 1124 4288 ι
1158 4222 1511 4314 Episcopus
1562 4219 1928 4288 divinorum
1975 4219 2221 4288 Officio-

635 4332 806 4397 rum,
841 4311 1071 4399 quibus
1117 4330 1420 4398 praesens
1457 4311 1521 4377 in
1556 4309 1836 4376 Ecclesia
1868 4307 2072 4392 adest,
2108 4307 2223 4375 ini·

634 4401 797 4468 tium
841 4401 1017 4467 statis
1062 4398 1362 4490 precibus
1393 4396 1812 4484 versibusque
1843 4395 2053 4478 faciat,
2084 4400 2225 4465 Ora-

636 4490 844 4556 tiones
875 4498 1064 4556 statas
1096 4489 1233 4576 ipse
1266 4488 1461 4572 dicat,
1510 4485 1674 4554 binis
1719 4484 1998 4552 accensis
2032 4483 2224 4552 lumi-

634 4577 822 4648 nibus
856 4575 921 4645 in
968 4576 1109 4644 eius
1155 4586 1573 4665 conspectum
1619 4572 1822 4639 allatis
1854 4587 1926 4652 »3
1976 4571 2224 4658 quaeri·

639 4679 782 4735 tur:
830 4668 927 4733 An
952 4665 1261 4753 exposita
1308 4661 1730 4746 consuetudo,
1778 4680 1909 4729 non
1939 4663 2230 4730 obstante

637 4756 746 4824 illo
770 4758 1066 4839 Decreto,
1101 4754 1304 4856 possit
1334 4748 1626 4820 servari?

767 4847 834 4910 2.
883 4842 1181 4910 canonici
1225 4839 1617 4911 Catbedralis
1666 4838 1954 4907 Lauden.
2001 4838 2226 4906 Eccle-

636 4931 792 5016 siae,
825 4931 1078 5017 quando
1117 4929 1552 5018 capitulariter
1579 4926 2089 4995 Processionibus
2133 4926 2227 4993 in-

639 5030 914 5106 tersunt,
965 5038 1093 5087 non
1140 5020 1449 5087 incedunt
1494 5014 1615 5084 sub
1660 5033 1781 5083 una
1828 5019 2034 5087 cruce
2078 5030 2225 5082 cum

645 5108 936 5175 eiusdem
980 5106 1373 5176 Catb'edralis
1404 5103 1797 5191 Presbyteris
1827 5115 1894 5171 et
1923 5103 2226 5182 Clericis;

642 5196 756 5263 sed
803 5195 1100 5263 defertur
1143 5207 1289 5264 ante
1344 5194 1630 5283 ipsorum
1677 5192 2040 5280 collegium
2085 5208 2229 5276 spe-

639 5282 811 5352 cialis
846 5294 911 5351 et
940 5285 1196 5373 propria
1241 5287 1442 5350 crux.
1488 5282 1607 5350 cui
1652 5279 1918 5368 quidem
1965 5295 2229 5355 consue·

643 5370 854 5440 tudini
885 5388 1085 5458 quum
1116 5371 1322 5437 obstet
1343 5374 1690 5437 Decretum
1716 5372 1941 5435 Sacrae
1964 5365 2224 5434 Rituum

2311 425 2836 527 congregationis
2857 424 2988 493 diei
3014 429 3102 528 208
3124 420 3502 527 Novembris
3531 430 3892 584 ssim

2311 532 2593 602 cipieiis:
2643 515 3066 602 «Presbyteri
3114 524 3180 582 et
3223 515 3455 581 Clerici
3500 514 3661 583 catb

2311 620 2535 668 omnes
2568 602 2805 669 faciunt
2850 621 3051 670 unum
3095 620 3329 688 corpus
3360 622 3508 670 cum
3538 604 3890 689 Canoniets,

2312 700 2378 754 et
2423 687 2544 756 sub
2587 709 2707 757 una
2754 693 2957 757 Cruce
3002 690 3245 758 dehent
3275 691 3580 758 incedere
3606 712 3675 775 »ς
3705 710 3894 777 quae-

2310 776 2509 844 ritur:
2559 781 2655 844 An
2697 779 2778 845 sit
2825 780 3150 848 toleranda
3205 779 3573 847 huiusmodi
3633 798 3896 847 consue·

2314 864 2607 1032 ωὼὸῖιεο
2652 954 2900 1040 singula
2946 955 3030 1022 de
3062 974 3243 1021 more
3275 956 3575 1044 exposuit
3618 955 3894 1029 subscri·

2312 1049 2458 1128 ptus
2488 1044 2879 1110 secretarius
2907 1043 2973 1110 in
3002 1042 3347 1112 ordinariis
3380 1047 3606 1112 Sacrae
3637 1042 3894 1111 Rituum

2308 1131 2833 1217 congregationis
2885 1130 3170 1202 comitiis
3227 1131 3306 1198 ad
3368 1131 3741 1200 Vaticanum
3788 1133 3894 1199 bo-

2308 1216 2531 1285 dierna
2582 1218 2690 1286 die
2735 1218 3000 1299 habitis;
3064 1218 3304 1287 deinde
3349 1217 3637 1287 instituto
3697 1239 3895 1308 super

2310 1306 2670 1391 praemissis
2694 1307 2990 1396 diligenti
3013 1307 3333 1392 examine,
3361 1310 3547 1376 Sacra
3573 1307 3708 1397 ipsa
3737 1310 3895 1374 Gon·

2308 1394 3560 1553 {3382‘⁰00'1?2⁸3331‘31332“¹¹²003⁰ffi43
3588 1418 3639 1550 t
3680 1395 3895 1463 ΕΜ·

2445 1573 2523 1670 Et
2569 1570 2652 1636 ita
2700 1571 3023 1673 rescripsit
3067 1533 3137 1638 a’c
3181 1571 3420 1639 servari
3471 1532 3826 1641 mandavit.

2446 1663 2559 1726 Die
2603 1661 2688 1727 29
2732 1664 2929 1727 Martii
2984 1664 3178 1729 1851.

2316 1817 2579 1887 2990.
2773 1820 3436 1887 GONGREGATIONIS

2926 1925 3282 1992 ORA'roml

2644 2035 2921 2103 SANGTI
2965 2034 3280 2101 1411me
3323 2034 3563 2103 Numi.

2445 2190 2806 2258 Hodiernus
2851 2190 3158 2279 Superior
3201 2189 3722 2278 congregationis
3755 2194 3908 2260 ora·

2313 2279 2458 2344 torii
2506 2278 2715 2346 Sancti
2764 2278 3036 2367 Philippi
3068 2277 3243 2346 Nerii
3275 2279 3340 2346 in
3368 2279 3638 2349 civitate
3665 2279 3909 2366 Bugel-

2316 2369 2445 2434 len.
2495 2368 2745 2433 Sacram
2791 2366 3055 2433 Rituum
3086 2366 3660 2454 Congregationem
3704 2368 3909 2435 enixe

2313 2453 2584 2543 rogavit,
2632 2463 2705 2521 ut
2747 2454 2878 2521 diio
2936 2452 3268 2540 sequentia
3319 2453 3512 2522 dubia
3569 2454 3912 2521 declarare

2315 2542 2733 2630 dignaretur3
2782 2542 3127 2610 nimirum:

2452 2634 2511 2696 1.
2561 2631 2659 2696 An
2707 2630 3015 2698 Sacerdos
3061 2631 3258 2717 poaeit
3300 2631 3406 2698 vel
3452 2630 3685 2699 debeat
3716 2649 3913 2697 oscu-

3664 1821 3898 1904 (516⁰)

2314 2719 2426 2785 lari
2472 2718 2737 2801 Stolam,
2773 2718 2931 2785 dum
2978 2736 3116 2785 eam
3162 2719 3425 2785 assumit
3461 2717 3541 2786 ad
3567 2718 3914 2805 deponen-
4013 2774 4015 2785 .

2315 2806 2471 2875 dum
2516 2826 2550 2871 a
2596 2806 2852 2874 Throno
2899 2809 3165 2875 SSihum
3210 2805 3640 2874 Eucharistiae
3685 2807 3914 2874 Sacra·
4013 2788 4015 2851 ¹

2318 2904 2609 2961 mentum
2655 2914 2773 2985 pro
2819 2894 3269 2962 benedictione
3326 2893 3784 2984 impertienda,
3835 2894 3916 2960 il·

2316 2984 2560 3069 ludque
2604 2984 3053 3071 reponendum
3099 2982 3162 3050 in
3207 2981 3462 3049 ciborio
3517 2991 3659 3070 post
3701 2980 3915 3049 bene·

2315 3072 2669 3139 dictionem
2713 3069 2968 3160 ipsam?

2450 3163 2514 3226 2.
2558 3162 2655 3229 An
2702 3160 2764 3225 in
2811 3153 2987 3226 Miss'a
3036 3157 3450 3247 expositionis
3479 3157 3653 3226 SSmi
3683 3158 3916 3225 Sacra·
4013 3161 4015 3168 '

2320 3246 2519 3314 menti
2577 3265 2695 3334 pro
2746 3247 3038 3316 Oratione
3084 3247 3505 3333 Quadraginta
3561 3249 3912 3328 Horarum,

2317 3337 2465 3403 velo
2540 3335 3044 3424 cooperiendum
3109 3335 3192 3401 sit
3255 3332 3690 3402 ostensorium
3752 3351 3913 3402 cum

2318 3426 2511 3492 Ssuio
2561 3426 2967 3492 Sacramento
3015 3432 3348 3511 postquam
3392 3421 3695 3491 Sacerdos
3729 3421 3918 3488 cele·

2318 3511 2503 3580 brans
2547 3510 2816 3600 sumpsit
2855 3511 3267 3599 Sanguinem,
3302 3511 3494 3578 utsic
3526 3519 3918 3597 coopertum
4013 3559 4015 3596 ,

2318 3619 2434 3667 seu
2482 3599 2764 3666 velatum
2800 3608 3174 3687 permaneat
3202 3618 3403 3687 super
3428 3616 3645 3666 mensa
3673 3595 3916 3664 Altaris

2320 3689 2397 3756 ad
2443 3687 2641 3755 finem
2687 3707 2892 3776 usque
2938 3684 3207 3754 Missae?

2453 3779 2533 3842 Et
2579 3779 2766 3845 Sacra
2810 3777 3071 3844 Rituum
3119 3775 3570 3863 congregatio,
3618 3774 3679 3842 in
3723 3772 3915 3840 Ordi-

2318 3864 2507 3933 nariis
2563 3864 2849 3932 Comitiis
2897 3863 3206 3932 hodierna
3249 3863 3356 3930 die
3403 3864 3483 3931 ad
3532 3862 3910 3931 Vaticanum

2316 3953 2615 4035 adunata,
2664 3953 2874 4020 audita
2920 3974 2954 4019 a
3000 3951 3357 4020 secretario
3406 3951 3755 4031 relatione,
3809 3967 3911 4016 re·

2318 4040 2730 4108 scribendum
2775 4040 3073 4108 censuit:

2449 4128 2545 4196 Ad
2600 4133 2662 4196 1.
2711 4149 2749 4192 «
2775 4129 3160 4196 Servandam
3193 4125 3722 4194 consuetudinem
3752 4149 3819 4194 iv.

2453 4217 2547 4284 Ad
2599 4220 2665 4282 2.
2715 4237 2757 4281 ‹
2787 4216 3139 4305 Negative;
3186 4214 3431 4282 scilicet
3463 4233 3659 4303 super
3687 4233 3905 4282 mensa

2323 4323 2660 4371 remanere
2706 4305 2901 4373 debet
2948 4304 3126 4372 nullo
3173 4305 3459 4404 apposito
3503 4304 3652 4371 velo
3683 4324 3755 4368 a.

2457 4394 2669 4480 Atque
2714 4392 2797 4459 ita
2828 4391 3181 4481 rescripsit.
3216 4397 3328 4460 Die
3360 4395 3446 4462 29
3476 4391 3676 4458 Martii
3711 4394 3903 4459 1851.

2892 4568 3336 4635 BITURICEN.

2330 4571 2582 4641 2991.
3677 4562 3908 4653 (sios)

2455 4749 2662 4827 Quum
2693 4749 2875 4813 Sacra
2906 4745 3329 4833 congregatio
3359 4744 3908 4833 indulgentiarum

2324 4856 2394 4903 ac
2456 4839 2782 4905 Sacrarum
2839 4832 3280 4919 Reliquiarum
3335 4830 3544 4920 pridie
3605 4833 3910 4901 calendas

2323 4922 2649 4991 Februarii
2694 4923 2815 4990 hoc
2859 4921 2997 5007 ipso
3042 4929 3341 4989 vertente
3371 4937 3533 4990 anno
3564 4920 3642 4987 ad
3673 4937 3910 4989 sacram

2326 5012 2589 5081 Rituum
2654 5009 3231 5097 congregationem
3296 5008 3617 5076 remiserit
3689 5026 3912 5096 preces

2328 5097 2866 5168 Reverendissimi
2888 5097 3236 5165 Bituricen.
3253 5094 3765 5184 Arcbiepiscopi,
3785 5094 3914 5182 qui-

2333 5189 2449 5256 bus
2479 5188 2870 5255 solutionem
2900 5184 3277 5272 efflagitabat
3305 5184 3768 5252 nonnullorum
3799 5185 3910 5252 du-

2333 5275 2584 5343 biorum
2620 5294 2818 5365 super
2847 5273 3320 5342 consecratione
3351 5271 3662 5342 Altarinm
3703 5282 3912 5358 porta·
4013 5351 4015 5360 Ι

2330 5363 2569 5447 tilium,
2627 5381 2780 5430 cuni
2833 5361 3122 5451 apposito
3167 5371 3316 5432 voto
3376 5358 3910 5428 Reverendissimi
4013 5381 4015 5394 ·
