4042 5950
2032 237 2396 314 ...84

569 396 798 461 clesiae
868 394 1386 482 metropolitanae
1462 395 1836 462 Tarentinae
1869 442 1886 476 ,
1964 413 2166 480 super
2259 393 2385 460 suit
2420 393 2994 481 respondendum:
3042 415 3080 457 ι
3115 390 3503 461 Affirmative
3539 417 3608 461 ».
3654 398 3733 460 Et
3766 396 3854 459 ita

569 482 893 550 nonnullis
963 482 1207 549 iuribus
1257 481 1961 573 praeeminentialibus,
2016 501 2164 547 con-

2261 481 2630 549 declaravit.
2682 481 2795 548 Die
2842 486 2881 547 4
2929 483 3062 547 Maii
3118 485 3307 549 1700.

568 571 897 638 troversiis
960 570 1202 636 exortis
1265 582 1329 635 et
1396 571 1473 637 ad
1523 573 1591 636 S.
1640 575 1717 637 R.
1758 572 1832 635 C.
1881 570 2159 652 delatis,
2246 602 2258 619 .

570 662 765 725 Euius
811 671 875 725 et
919 663 1114 726 Rffius
1159 662 1341 723 Dom.
1392 659 1582 724 Card.
1618 657 1917 723 Gabrielli
1965 676 2163 745 super

570 746 814 813 eisdem
885 747 1279 832 infrascripta
1336 744 1527 812 dubia
1574 745 1955 811 declaranda
2013 765 2160 832 pro·

571 834 831 923 posuitx
885 834 979 920 (1)

706 925 763 987 1.
817 924 915 987 An
962 920 1146 987 liceat
1180 921 1426 987 Vicario
1459 920 1800 1008 capitulari
1848 920 2161 986 interesse

566 1009 775 1076 Gboro
838 1009 941 1074 vel
1003 1008 1143 1073 aliis
1206 1008 1636 1075 functionibus
1705 1006 2159 1094 capitularibus

560 1090 713 1162 ‘cum
763 1093 1048 1163 vestibus
1096 1093 1599 1181 brevioribus‘hx

699 1189 766 1250 2.
817 1188 913 1249 An
958 1184 1167 1252 dictus
1218 1185 1498 1250 Vicarius
1543 1183 1918 1271 capitularis
1962 1184 2162 1248 inter-

566 1291 705 1336 esse
768 1272 962 1360 possit
1015 1270 1424 1337 concionibus
1470 1270 1534 1334 in
1580 1273 1852 1359 sigmate
1902 1283 1966 1337 et
2011 1291 2157 1337 cum

564 1359 907 1426 zimarra?

698 1453 761 1514 3.
815 1450 909 1513 An
942 1447 1227 1514 vicarius
1258 1446 1638 1533 capitularis
1670 1447 2012 1514 conciones
2052 1467 2159 1513 au-

564 1534 750 1600 diens
798 1535 965 1600 inter
1013 1534 1338 1600 Missarum
1385 1534 1697 1601 solemnia
1748 1534 1944 1623 possit
1978 1555 2159 1623 prae-

565 1621 803 1687 cedere
850 1622 1162 1689 Ganonico
1211 1622 1560 1688 celebranti
1628 1624 1819 1690 sacris
1878 1621 2160 1690 vestibus

569 1707 848 1776 induto?

700 1801 765 1862 4.
816 1802 912 1863 An
979 1797 1149 1864 idem
1202 1798 1486 1866 vicarius
1545 1796 1925 1887 Capitularis
1987 1799 2159 1863 ince-

563 1884 724 1950 dens
771 1884 836 1950 in
883 1886 1393 1952 processionibus
1426 1905 1575 1952 cum
1606 1885 1890 1952 vestibus
1929 1883 2157 1972 nigris,

566 1971 866 2124 incetssere
932 1972 1125 2059 possit
1193 1986 1333 2059 post
1381 1970 1764 2040 canonicum
1828 1973 2158 2039 celebran-

569 2070 699 2124 tem
1018 2116 1031 2122 -

699 2151 764 2214 5.
814 2150 910 2213 An
978 2148 1146 2217 idem
1197 2147 1482 2216 Vicarius
1539 2147 1918 2249 capitularis
1981 2149 2157 2214 ince-

564 2236 722 2300 dens
767 2255 918 2303 cum
950 2238 1233 2303 vestibus
1263 2256 1415 2302 suae
1460 2235 1792 2323 Dignitatis
1842 2256 1999 2302 occu
2087 2257 2156 2301 re

564 2321 795 2389 debeat
845 2325 1177 2411 proprium
1228 2327 1443 2391 locum
1492 2325 1554 2390 in
1615 2323 2004 2390 processioni
2055 2339 2154 2402 us;

564 2411 664 2475 vel
714 2412 929 2497 potius
983 2411 1286 2480 incedere
1319 2410 1728 2499 debeat-post
1767 2413 2153 2478 Canonicum

563 2499 1024 2582 celebrantem,
1077 2512 1269 2587 prout
1315 2497 1910 2586 Archiepiscopus‘?

620 2600 623 2603 '
696 2592 762 2653 6.
813 2590 909 2653 An
959 2587 1144 2652 liceat
1190 2588 1367 2655 dicto
1416 2587 1665 2654 vicario
1712 2586 2057 2674 Capitulari
2092 2587 2154 2653 in
2231 2602 2240 2606 ·

564 2672 1083 2760 expeditionibus
1131 2691 1196 2740 et
1241 2674 1487 2741 actibus
1520 2675 1747 2740 Vicarii
1780 2674 2156 2761 capitularis

563 2760 665 2843 uti·
706 2762 966 2847 proprio
1026 2761 1279 2860 sigillo;
1314 2762 1433 2826 'vel
1496 2762 1711 2849 potius
1770 2762 2005 2829 debeat
2060 2764 2150 2828 uti

560 2846 775 2934 sigillo
822 2846 1155 2936 Capituli?

693 2941 773 3004 Et
822 2940 890 3003 S.
925 2942 1003 3006 R.
1037 2941 1140 3022 C.,
1214 2949 1486 3024 utraque
1556 2950 1735 3025 parte
1809 2948 1932 3003 tam
1994 2956 2153 3005 voce

410 3093 415 3104 ,
536 3019 748 3110 'quam
797 3026 1050 3113 scriptis
1083 3028 1465 3093 informante
1496 3028 1730 3110 audita,
1769 3026 2159 3112 responden·

559 3114 717 3179 dum
762 3113 1060 3179 censuit:

692 3202 787 3268 Ad
843 3204 902 3267 1.
955 3222 993 3264 ‹
1029 3204 1341 3290 Negative
1372 3225 1439 3269 ν.

689 3290 786 3356 Ad
837 3293 905 3356 2.
956 3311 994 3353 ι
1028 3291 1340 3379 Negative
1374 3313 1440 3357 ».

689 3379 786 3444 Ad
835 3383 900 3444 3.
954 3401 991 3442 ‹
1022 3380 1333 3465 Negative
1367 3402 1430 3444 ».

692 3466 789 3532 Ad
839 3469 901 3531 4.
953 3488 991 3530 ι
1027 3468 1339 3552 Negative
1371 3489 1434 3532 ».

691 3555 785 3619 Ad
837 3558 900 3619 ὅ.
952 3575 990 3617 ‹
1026 3555 1445 3639 Affirmative,
1473 3557 1680 3639 quoad
1710 3555 1981 3644 primam
2015 3577 2155 3642 par-

563 3651 733 3718 tem;
783 3640 1123 3729 Negative,
1170 3643 1378 3728 quoad
1428 3646 1776 3710 secundam
1810 3667 1915 3718 ».‚

692 3729 785 3794 Ad
836 3734 900 3795 6.
951 3751 991 3795 ι
1025 3729 1361 3818 Negative,
1410 3731 1489 3796 ad
1538 3731 1807 3819 primam
1857 3744 2150 3819 partem3

560 3816 977 3901 Affirmative,
1026 3819 1105 3886 ad
1150 3818 1503 3885 secundam
1538 3841 1599 3884 υ.

643 3903 770 3992 §Et
817 3904 900 3970 ita
945 3905 1239 3973 decrevit
1272 3917 1337 3971 et
1367 3906 1606 3971 servari
1656 3907 2001 3983 mandavit.
2037 3907 2149 3974 Die

562 3997 645 4058 23
695 3991 898 4060 Martii
951 3997 1147 4062 1700.
1719 4079 1723 4083 ᾗ
1856 4027 1861 4032 ·

563 4168 802 4238 2191.
1152 4172 1573 4284 caraman
1925 4172 2152 4258 (asos)

692 4343 1047 4412 Guardiano
1096 4358 1162 4410 et
1208 4345 1531 4412 Fratribus
1572 4346 1829 4412 Ordinis
1860 4350 2152 4413 Conven-

562 4434 832 4502 tualium
865 4435 931 4499 S.
968 4431 1279 4500 Francisci
1326 4436 1692 4501 Conventus
1739 4434 2155 4520 Caltagironis

560 4523 623 4589 in
670 4520 879 4589 Sicilia
914 4522 977 4587 in
1007 4524 1073 4588 S.
1110 4525 1184 4587 R.
1222 4522 1292 4586 C.
1336 4540 1448 4608 pro
1484 4521 1913 4587 declaratione
1963 4521 2151 4588 infra-

558 4609 777 4763 ?criptssi
826 4609 1005 4676 dubii
1055 4607 1331 4679 demisse
1378 4607 1922 4697 supplicantibus,
1972 4609 2152 4675 vide·

488 4797 505 4810 ·
589 4718 814 4869 1063Αἰ),
866 4786 1194 4853 incidente
1241 4765 1349 4854 die
1397 4787 1581 4852 Festo
1629 4788 1695 4852 S.
1746 4783 2001 4851 Antonii
2068 4784 2152 4850 de

2264 656 2511 724 2192.
2757 692 2764 699 -
2888 659 3235 723 CREMEN.
3618 657 3848 742 (3807)

2393 833 2860 899 praetendente
2890 835 3181 921 praeposi
3192 846 3254 901 to
3275 834 3674 902 cathedralis
3695 839 3850 901 Gre-

2261 938 2434 984 men.
2486 939 2612 986 non
2664 923 2868 987 teneri
2903 942 2985 987 ex
3017 922 3261 1005 debito,
3294 924 3411 989 sed
3445 933 3690 989 tantum
3729 922 3850 989 sibi

2262 1026 2398 1072 esse
2445 1006 2847 1075 arbitrarium
2897 1030 3124 1076 canere
3173 1009 3378 1075 Missas
3410 1010 3475 1076 in
3505 1011 3849 1076 solemnio·

2267 1094 2438 1160 ribus
2482 1093 2708 1160 diebus
2764 1098 3071 1181 Paschae,
3120 1102 3562 1181 pentecostes,
3613 1098 3850 1165 Nativi-

2262 1183 2404 1248 tatis
2439 1182 2683 1249 Domini
2715 1184 2981 1271 aliisque
3012 1185 3504 1268 pontificalibus,
3533 1186 3760 1269 Episco

2259 1274 2562 1337 Cromen.
2621 1289 2747 1336 non
2811 1274 3182 1340 celebrante
3228 1285 3496 1359 propter
3544 1275 3682 1339 eius
3742 1296 3776 1338 a
3825 1310 3850 1322 ·

2260 1357 2527 1423 sentiam
2573 1378 2690 1424 seu
2737 1360 2908 1428 aliud
2957 1361 3534 1447 impedimentum
3575 1372 3643 1427 et
3673 1362 3852 1428 dela·

2264 1444 2501 1511 tionem
2549 1446 2721 1512 88ῶί
2770 1448 3156 1515 Sacramenti
3217 1449 3281 1515 in
3342 1448 3855 1515 processionibus

2261 1531 2401 1599 fieri
2448 1533 2647 1598 solitis
2707 1536 2786 1603 ad
2846 1536 3055 1623 ipsum
3095 1547 3408 1622 spectare,
3457 1556 3585 1602 non
3631 1547 3850 1602 autem

2261 1620 2337 1685 ad
2402 1621 2787 1688 Canonicum
2848 1624 3281 1690 celebrantem
3328 1643 3441 1688 seu
3501 1623 3856 1689 Hebdoma-

2261 1707 2551 1793 darium3
2603 1722 2668 1774 et
2718 1711 2861 1779 binc
2906 1711 3074 1777 inter
3117 1712 3549 1797 praepositum
3596 1713 3852 1797 praedi-

2262 1808 2438 1861 ctum
2482 1808 2672 1883 atque
2720 1799 3086 1886 Capitulum
3134 1812 3200 1864 et
3244 1799 3589 1866 canonicos
3622 1799 3852 1865 Gathe-

2261 1883 2456 1950 dralis
2487 1887 2933 1955 controversiis
2965 1887 3204 1952 exortis
3226 1888 3447 1971 eisque
3480 1888 3558 1954 ad
3583 1890 3648 1955 S.
3669 1891 3744 1953 R.
3770 1891 3845 1953 C.

2261 1969 2514 2054 delatis,
2565 1975 2758 2038 Emus
2803 1986 2869 2039 et
2910 1978 3109 2045 Rmus
3147 1977 3443 2041 D.‘Card.
3497 1975 3578 2041 de
3626 1975 3851 2040 Abdua

2261 2059 2654 2148 infrascripta
2686 2061 2874 2127 dubia
2907 2062 3269 2128 decidenda
3300 2062 3677 2150 proposuit:

2397 2151 2455 2215 1.
2508 2150 2606 2213 An
2655 2149 2967 2236 Episcopo
3015 2170 3143 2216 non
3192 2150 3561 2216 celebrante
3609 2150 3671 2215 in
3732 2154 3853 2215 Fe-

2259 2233 2641 2303 stivitatibus
2663 2237 3180 2320 solemnioribus,
3202 2237 3627 2324 praepositus,
3646 2239 3851 2323 prima

2263 2322 2540 2407 Dignitas
2586 2325 2907 2391 Ecclesiae
2954 2326 3347 2391 Catbedralis
3392 2328 3726 2408 cremon„
3764 2336 3854 2390 te-

2260 2421 2492 2485 neatur
2534 2412 2611 2477 ad
2661 2411 3158 2479 celebrationem
3219 2413 3432 2479 nissae
3496 2424 3562 2478 et
3610 2415 3852 2499 Vespe-

2260 2494 2526 2562 rarum‘?
2569 2510 2637 2564 et
2681 2511 2995 2583 quatenus
3041 2502 3366 2586 negative,

2393 2588 2458 2651 2.
2509 2587 2606 2651 An
2651 2588 2878 2653 saltem
2931 2600 3225 2654 teneatur
3283 2590 3361 2654 ad
3430 2588 3852 2654 celebrandas

2260 2675 2602 2759 vesperas,
2637 2685 2758 2740 tam
2795 2676 3030 2761 primas
3078 2695 3264 2762 quam
3313 2678 3650 2759 secundas,
3686 2696 3850 2761 quo-

2264 2759 2380 2825 ties
2415 2760 2568 2827 velit
2601 2781 2830 2828 canere
2862 2763 3097 2829 dictam
3131 2764 3400 2846 Missam,
3425 2774 3494 2828 et
3517 2782 3557 2829 e
3589 2763 3860 2830 contra?

2393 2852 2456 2913 3.
2507 2850 2603 2914 An
2649 2849 2712 2915 in
2760 2849 3301 2933 processionibus,
3360 2851 3426 2916 in
3455 2850 3690 2935 quibus
3735 2853 3852 2918 de·

2261 2935 2414 3002 ferri
2461 2935 2627 3002 solet
2674 2939 2940 3007 SSmum
2991 2938 3422 3006 Eucharistiae
3481 2942 3851 3008 Sacramen—

2262 3036 2422 3109 tum,
2474 3024 2613 3089 eins
2656 3027 2893 3093 delatio
2939 3039 3192 3115 spectet
3249 3031 3327 3095 ad
3381 3030 3845 3115 praepositum,

2255 3131 2370 3177 seu
2420 3112 2633 3198 potius
2678 3116 2754 3181 ad
2803 3116 3191 3184 Canonicum
3237 3114 3677 3182 celebrantem
3701 3116 3846 3182 sive

2259 3201 2895 3270 Hebdomadarium‘?
3532 3260 3547 3275 .
3623 3251 3626 3260 ·

2392 3295 2470 3354 Et
2501 3292 2567 3354 S.
2617 3294 2690 3356 R.
2743 3295 2856 3376 C.,
2917 3303 3039 3357 tam
3109 3312 3268 3358 voce
3333 3311 3528 3377 quam
3592 3291 3848 3377 scriptis

2257 3377 2543 3465 partibus
2591 3378 3076 3446 informantibus
3122 3381 3380 3463 auditiS,

2261 3554 2281 3618 ι
2393 3464 2486 3530 Ad
2531 3470 2562 3531 1
2591 3476 2657 3531 et
2681 3471 2747 3534 2.
2798 3467 3044 3533 censuit
3078 3469 3644 3555 respondendum:
3679 3489 3717 3531 α
3743 3469 3846 3536 Di-

2287 3565 2386 3619 ata
2419 3575 2482 3616 θ.
3442 3600 3455 3614 .

2389 3640 2486 3708 Ad
2519 3647 2581 3707 3.
2621 3664 2659 3706 ι
2687 3646 2987 3729 Spectare
3034 3645 3110 3710 ad
3162 3646 3594 3711 celebrantem
3621 3667 3683 3710 ».

2388 3733 2466 3794 Et
2499 3731 2582 3796 ita
2616 3731 2906 3797 decrevit
2939 3741 3002 3796 et
3047 3731 3285 3798 servari
3335 3733 3680 3799 mandavit.
3731 3734 3847 3798 Die

2261 3821 2300 3882 4
2348 3817 2484 3883 Maii
2536 3821 2729 3886 1709.

2263 3994 2509 4063 2193.
2848 3997 3270 4062 plSTORlEN.
3615 3997 3845 4083 (3808)

2386 4166 2571 4234 Carlo
2631 4167 2865 4234 loviani
2929 4170 3222 4256 Magistro
3287 4171 3846 4238 Caeremoniarum

2254 4253 2574 4322 Ecclesiae
2643 4256 3038 4323 Catbedralis
3094 4258 3427 4348 pistorien.
3507 4278 3705 4346 penes
3773 4264 3839 4327 S.

2253 4347 2327 4410 R.
2365 4348 2439 4412 C.-
2490 4362 2608 4430 pro
2654 4343 3082 4411 declaratione
3132 4346 3680 4435 infrascriptorum
3727 4348 3846 4414 du·

2257 4430 2507 4498 biorum
2552 4431 2830 4499 demisse
2877 4433 3304 4521 supplicante,
3354 4455 3637 4523 nempe:

2390 4525 2566 4586 l.An
2591 4534 2974 4586 occurrente
3000 4524 3609 4590 commemoratione
3636 4524 3846 4589 Sancti

2252 4608 2560 4693 simplicis
2609 4610 2670 4674 in
2716 4608 2893 4675 Feria
2943 4608 3225 4676 secunda
3287 4612 3843 4699 Quadragesimae,

2254 4698 2509 4782 qnando
2531 4696 2782 4763 dictum
2813 4707 2908 4762 est
2935 4699 3330 4765 Nocturnum
3354 4700 3842 4784 defunctorum,

2252 4785 2487 4850 debeat
2510 4785 2572 4850 in
2603 4786 2773 4850 Missa
2800 4795 3025 4870 quarto
3054 4788 3192 4852 loco
3220 4788 3604 4855 diciOratio:
3632 4789 3848 4855 Omni—

480 4921 493 4930 .
560 4874 762 4938 padua
811 4872 970 4939 infra
1014 4885 1296 4940 octavam
1328 4874 1625 4974 Corporis
1656 4871 1917 4956 Christi,
1954 4872 2155 4959 possit
2245 4883 2467 4958 potens
2511 4877 2891 4956 sempiterne
2937 4875 3124 4950 Deus,
3180 4877 3300 4960 qui
3345 4880 3643 4942 vivorum
3683 4885 3841 4957 etc„

560 4959 780 5048 peragi
825 4963 1147 5027 Processio
1194 4964 1498 5030 solemnis
1546 4965 1609 5028 S.
1662 4961 1915 5028 Antonii
1982 4961 2150 5028 dicta

561 5048 666 5113 die
714 5065 841 5113 non
892 5047 1193 5131 impedita
1241 5050 1377 5115 aliis
1422 5047 1979 5116 processionibus?

696 5140 769 5202 Et
815 5137 883 5201 S.
910 5137 995 5201 R.
1029 5138 1132 5220 C.,
1168 5135 1231 5202 in
1264 5157 1411 5203 casu
1444 5138 1528 5203 de
1562 5157 1688 5223 quo
1718 5137 1957 5224 agitur,
2002 5155 2150 5203 cen·

700 5327 778 5400 (1)
821 5329 882 5385 E.
924 5329 1066 5388 nub.
1107 5329 1156 5396 1,
1192 5328 1227 5385 2
1264 5337 1320 5386 et
1354 5329 1406 5385 4.

2252 4980 2369 5049 pro
2404 4962 3021 5030 commemoratione
3046 4963 3550 5031 defunctorum?
3594 4976 3659 5029 et
3692 4984 3845 5050 qua-

2253 5062 2443 5115 tenus
2487 5049 2901 5132 affirmative,
2953 5070 3265 5135 quaenam
3312 5053 3519 5117 Oratio
3571 5050 3845 5117 dicenda

2253 5137 2333 5202 sit
2381 5136 2604 5221 quinto
2653 5135 2852 5204 loco‘?
