4042 5950
1655 246 2124 325 —203—
3030 251 3056 284 Χ

232 406 364 473 nisi
413 407 579 474 forte
626 406 1037 509 privilegium
1068 425 1193 472 non
1242 405 1447 471 omnia
1494 405 1678 488 baec,
1710 405 1824 471 sed

232 494 458 582 aliqua
503 498 836 564 dumtaxat
868 494 1132 582 insignia
1181 493 1535 582 permittat.

384 587 490 651 10.
541 583 657 663 Qui
702 603 857 650 vero
913 584 977 650 in
1038 583 1218 648 Missa
1271 579 1544 649 solemni
1616 580 1828 647 Diaco-

232 688 404 736 num
456 682 520 738 et
564 671 1043 740 ‘subdiaconum
1110 680 1344 758 agunt,
1396 666 1636 735 etiamsi
1706 668 1831 733 sint

232 758 621 844 Dignitates,
673 759 971 827 Canonici
1029 767 1187 842 etc.,
1235 777 1356 825 nec
1409 758 1665 823 mitram
1710 774 1830 823 nec

231 847 460 913 ullum
509 847 682 915 aliud
744 846 1110 934 pontificale
1175 846 1664 928 indumentum,
1712 862 1832 911 nec

232 935 726 1022 palmatoriam,
781 934 833 1001 si
890 934 1064 1013 illius
1117 933 1459 1020 privilegio
1521 932 1830 1021 polleant,

231 1023 319 1089 ad
370 1023 799 1110 Evangelium
860 1034 923 1089 et
984 1023 1062 1089 ad
1123 1020 1473 1109 Epistulam
1529 1019 1834 1088 adhibere

232 1120 587 1196 poterunt.

381 1201 483 1264 11.
560 1198 981 1283 Dignitatibus
1013 1247 1031 1283 ,
1099 1199 1474 1281 Canonicis,
1547 1193 1831 1264 Rectori-

234 1285 361 1351 bus
414 1296 541 1351 etc.
609 1287 854 1354 nissam
902 1305 1051 1355 cum
1108 1287 1459 1371 insignibus
1505 1282 1831 1373 pontifica-

235 1372 416 1440 libus
461 1374 841 1441 solemniter
886 1376 1215 1442 celebrare
1265 1375 1473 1457 liceat,
1525 1374 1597 1439 iis
1634 1372 1833 1438 dum·

236 1470 420 1526 taxat
466 1460 719 1544 diebus,
769 1464 833 1529 in
879 1460 1107 1549 quibus
1153 1463 1482 1530 celebrant
1511 1461 1654 1527 vice
1684 1459 1833 1547 Epi·

233 1549 424 1634 scopi
468 1550 748 1616 absentis
793 1552 896 1617 vel
947 1550 1238 1635 impediti
1285 1551 1387 1617 vel
1430 1549 1557 1615 vita
1604 1545 1831 1632 functi,

235 1646 350 1703 ant
402 1637 467 1703 in
500 1637 731 1723 quibus
761 1637 1115 1725 Episcopus
1145 1637 1375 1718 assistit
1403 1638 1508 1703 vel
1541 1635 1832 1703 assistere

235 1723 521 1791 deberet
566 1746 715 1792 curn
765 1725 1028 1812 pluviali
1077 1736 1141 1790 et
1185 1725 1407 1804 mitra;
1457 1724 1522 1792 in
1570 1722 1835 1809 reliquis

235 1812 504 1966 difgbuS,
541 1814 783 1881 etiamsi
827 1812 1242 1898 solemnibus,
1275 1812 1609 1881 celebrent
1653 1829 1833 1878 more

232 1920 307 1966 so
340 1910 460 1967 ito.

379 1993 492 2055 12.
540 1993 607 2055 ln
660 1988 962 2056 Ecclesiis
1029 1987 1315 2059 Civitatis
1376 2001 1441 2054 et
1509 1988 1830 2055 Dioecesis

234 2095 395 2143 cum
428 2076 780 2166 insignibus
815 2076 1284 2165 pontificalibus
1315 2077 1648 2144 celebrare
1682 2076 1831 2164 ipsis

237 2182 372 2231 non
406 2164 623 2249 liceat,
648 2164 769 2231 nisi
803 2167 868 2233 in
900 2165 1243 2236 maioribus
1283 2163 1827 2247 solemnitatibus,

234 2251 633 2319 assentiente
680 2252 993 2342 Episcopo
1038 2266 1105 2320 et
1149 2253 1483 2321 assistente
1512 2253 1824 2340 Capitulo.

378 2344 489 2408 13.
538 2342 897 2426 Numquam
942 2361 1097 2408 vero
1157 2339 1387 2407 iisdem
1456 2351 1718 2408 utantur
1767 2337 1869 2405 in'

236 2426 443 2494 Missis
520 2448 594 2493 ro
626 2429 971 2514 defunctis,
1007 2429 1161 2496 licet
1208 2429 1559 2516 Episcopus
1589 2427 1829 2494 assistat

236 2535 389 2670 culm
439 2535 485 2604 p
512 2516 704 2583 uviali
750 2528 818 2583 et
863 2517 1076 2604 mitra,
1107 2517 1222 2584 sed
1265 2515 1827 2585 celebrent·more

236 2621 309 2668 so
343 2614 461 2670 tto.

382 2695 488 2757 14.
541 2692 604 2760 Si
651 2692 932 2781 Dignitas
974 2696 1079 2760 vel
1149 2693 1501 2761 Canonicus
1560 2704 1687 2759 etc.
1750 2692 1828 2759 ab

240 2780 561 2867 Episcopo
610 2781 986 2867 designetur
1030 2800 1148 2869 pro
1193 2780 1588 2848 admittenda
1620 2781 1826 2867 aliqua

238 2868 463 2953 puella
526 2867 600 2934 ad
666 2869 1043 2970 religiosum
1090 2868 1374 2935 habitum
1422 2869 1526 2936 vel
1581 2869 1828 2936 Novitia

238 2958 509 3043 expleto
559 2957 870 3044 tyrocinio
928 2958 1006 3025 ad
1058 2956 1418 3024 solemnem
1484 2957 1828 3045 professio-

237 3063 419 3130 nem,
471 3045 942 3130 pontificalibus
988 3045 1342 3130 insignibus
1386 3045 1480 3111 uti
1517 3057 1823 3132 nequeat,

238 3132 363 3198 nisi
408 3133 498 3198 de
547 3135 845 3218 expressa
892 3134 1183 3219 licentia;
1248 3151 1371 3218 qua
1418 3132 1703 3219 obtenta,
1751 3132 1826 3200 iis

242 3221 694 3319 tantummodo
757 3232 976 3288 utatur
1005 3271 1021 3304 ,
1084 3239 1246 3307 quae
1307 3221 1536 3287 actioni
1597 3241 1829 3290 conve-

238 3318 457 3374 ntum.
592 3316 597 3323 '

381 3399 488 3461 15.
539 3399 704 3463 Cum
837 3397 1222 3464 ntificalibus
1267 3397 1657 3464 indumentis
1709 3401 1828 3464 Ce-

239 3481 525 3568 lehi-ans,
574 3503 694 3552 nec
768 3485 1090 3552 aldistorio
1139 3486 1231 3552 uti
1279 3495 1517 3573 potest,
1565 3485 1679 3552 sed
1728 3505 1825 3552 se-

236 3570 402 3636 dere
450 3571 650 3639 debet
698 3573 762 3639 in
807 3592 1059 3639 scamno
1105 3580 1411 3661 c'ooperto
1461 3583 1672 3659 tapete
1718 3573 1821 3640 vel

238 3677 454 3744 panno
507 3660 772 3743 coloris,
821 3660 932 3747 qui
975 3659 1191 3728 Officio
1235 3661 1363 3728 diei
1411 3662 1820 3747 respondeat.

382 3749 485 3812 16.
535 3748 772 3835 Nequit
838 3758 1209 3836 praeterea,
1261 3760 1386 3815 tam
1438 3750 1504 3814 in
1556 3748 1826 3815 solemni

238 3854 435 3922 quam
482 3835 548 3903 in
580 3838 758 3902 Missa
790 3836 1057 3924 privata,
1089 3857 1292 3903 sacras
1324 3847 1537 3903 vestes
1565 3855 1823 3903 sumere

242 3943 325 3990 ex
351 3922 579 4002 Altari;
608 3924 701 3990 uti
729 3928 1006 4007 Canone,
1035 3925 1430 4012 palmatoria,
1448 3923 1824 4011 Presbytero

240 4010 620 4097 assistente3
671 4013 949 4079 salutare
998 4013 1314 4101 populum
1361 4032 1508 4079 cum
1563 4012 1643 4094 ᾖ.
1682 4017 1827 4081 Pax

240 4099 413 4165 vobis
462 4099 604 4166 loco
658 4099 737 4179 ᾗ.
787 4102 1105 4166 Dominus
1150 4101 1477 4167 vobiscum
1493 4145 1513 4179 ,
1562 4113 1669 4168 aut
1719 4104 1826 4167 tri-

241 4203 388 4253 nam
437 4187 593 4252 dare
642 4187 1159 4255 benedictionem
1220 4199 1365 4274 post
1424 4188 1670 4255 Missam
1716 4189 1821 4256 vel

242 4294 393 4341 cum
441 4276 872 4355 Sacramento;
926 4287 990 4341 et
1020 4275 1071 4341 si
1102 4294 1263 4362 quae
1310 4286 1460 4342 sunt
1490 4276 1627 4361 alia,
1661 4296 1826 4363 quae

239 4362 395 4428 solis
465 4373 841 4448 competunt
904 4364 986 4431 de
1041 4361 1181 4431 iure
1242 4363 1571 4451 Episcopis
1618 4376 1683 4430 et
1745 4383 1826 4430 ex

244 4448 588 4538 privilegio
657 4450 955 4517 Praelatis
1024 4446 1478 4534 inferioribuS,
1527 4450 1684 4518 dum
1733 4452 1828 4520 bis

244 4536 631 4605 Pontificalia
677 4556 1018 4625 peragere,
1068 4538 1243 4606 statis
1285 4537 1537 4622 diebus,
1573 4558 1830 4607 conces-

242 4645 386 4693 sum
437 4635 562 4691 est.

380 4716 489 4779 17.
541 4713 916 4801 Dignitates,
960 4713 1280 4798 Canonici,
1315 4719 1619 4782 Rectores
1669 4726 1825 4796 etc.‚

242 4802 503 4885 quando
550 4801 747 4887 parati
792 4804 1088 4869 assistunt
1138 4802 1448 4889 Episcopo
1499 4802 1826 4888 pontifica-

244 4889 394 4955 liter
440 4888 828 4974 celebranti,
879 4888 1128 4957 mitram
1186 4891 1595 4957 solummodo
1650 4888 1825 4956 adhi-

242 4975 399 5043 bere
444 4987 745 5061 possunt,
797 4998 985 5065 quam
1041 4979 1283 5063 pariter
1342 4978 1596 5045 deferre
1643 4987 1826 5068 pote-

244 5078 418 5146 runt,
469 5063 659 5130 sacris
707 5065 1124 5149 indumentis,
1181 5065 1489 5133 videlicet
1535 5066 1823 5154 pluviali,

244 5153 465 5218 Casula
536 5153 639 5218 vel
694 5154 1032 5222 Dalmatica
1078 5154 1318 5240 amicti,
1366 5155 1428 5219 in
1473 5152 1828 5221 Processio·

246 5238 431 5306 nibus
479 5241 651 5307 SSmi
697 5242 995 5330 Corporis
1041 5240 1291 5326 Christi,
1340 5252 1405 5309 et
1452 5242 1514 5306 in
1559 5243 1826 5310 Benedi-

245 5325 556 5394 ctionibus
601 5328 1035 5414 candelarum,
1081 5329 1397 5417 cinerum,
1429 5331 1822 5418 palmarum3

1927 403 2172 470 etiamsi
2219 402 2330 472 bas
2373 403 2728 471 functiones
2776 414 3036 494 peragat
3080 404 3360 491 Dignitas
3397 407 3504 473 rel

1929 494 2280 559 Canonicus
2314 492 2452 558 loco
2484 502 2550 558 et
2572 492 2712 559 vice
2735 492 3034 580 Episcopi
3065 494 3366 577 absentis,
3396 493 3510 560 im-

1930 578 2133 665 pediti
2179 589 2287 645 aut
2332 579 2457 646 vita
2504 579 2731 648 functi.

2070 671 2174 734 18.
2225 665 2601 734 Assistentes
2649 668 2962 758 Episcopo
3031 679 3157 735 tam
3204 668 3268 735 in
3317 667 3513 736 Alteri

1929 773 2119 840 quam
2165 755 2228 822 in
2275 755 2624 839 Cathedra,
2677 756 2930 842 quando
2991 754 3354 825 ministrant
3406 767 3512 823 aut

1931 861 2076 942 cum
2106 859 2214 998 230
2269 855 2653 930 operantur,
2716 855 2882 911 stare
2936 844 3179 912 debent
3239 843 3512 911 detectis

1933 951 2001 995 ca
2055 940 2122 995 itt
2171 952 2270 998 uS.

2005 949 2170 1086 pss).
2223 1018 2610 1087 solemniter
2663 1018 3084 1104 celebrantes,
3143 1020 3297 1088 dum
3363 1018 3510 1108 Epi-

1930 1125 2161 1192 scopus
2207 1128 2376 1174 sacra
2408 1107 2668 1174 assumit
2701 1108 3073 1176 indumenta
3105 1120 3212 1175 aut
3260 1107 3505 1175 Solium
3623 1111 3629 1124 '

1930 1193 2240 1276 ascendit,
2287 1205 2460 1261 stent
2504 1194 2644 1262 sine
2694 1196 2903 1263 mitra.

2060 1285 2171 1351 20.
2218 1283 2358 1349 Non
2406 1283 2558 1349 licet
2605 1283 2694 1349 eis
2740 1283 2832 1351 uti
2896 1283 3164 1372 pulvino
3230 1283 3349 1351 sub
3395 1303 3508 1371 ge-

1931 1371 2163 1455 nubus,
2213 1370 2528 1458 Episcopo
2574 1371 2949 1457 praesertim
2996 1372 3351 1439 assistente.

2062 1462 2172 1524 21.
2231 1460 2372 1524 Non
2427 1458 2802 1526 adhibeatur
2860 1460 3208 1546 Acolythus
3266 1460 3343 1527 ad
3416 1470 3509 1525 te-

1931 1546 2205 1612 nendam
2238 1545 2488 1612 mitram
2525 1566 2672 1614 cum
2706 1546 3061 1614 holoserico
3093 1547 3240 1613 velo
3275 1566 3311 1613 e
3342 1546 3510 1613 collo

1934 1634 2288 1718 pendente,
2328 1633 2445 1701 nisi
2491 1654 2605 1723 pro
2638 1634 2985 1722 Dignitate,
3018 1635 3356 1720 Canonico,
3389 1637 3511 1702 Re-

1934 1729 2109 1787 ctore
2179 1732 2304 1788 etc.
2364 1723 2744 1790 solemniter
2808 1723 3171 1790 celebrante
3229 1723 3334 1790 vel
3404 1725 3511 1789 Sa-

1934 1818 2326 1877 cramentum
2375 1809 2440 1878 in
2486 1809 2999 1878 processionibus
3041 1811 3409 1878 deferente.

2062 1901 2170 1964 22.
2222 1897 2591 1984 DignitateS,
2650 1898 2972 1982 Canonici,
3028 1903 3331 1966 Rectores
3379 1908 3507 1965 etc.

1934 1986 1994 2052 in
2041 1986 2445 2054 processione
2492 1985 2666 2055 SSmi
2712 1986 3011 2075 Corporis
3041 1985 3274 2054 Christi
3320 1986 3510 2052 sacris

1935 2073 2319 2141 indumentis
2370 2075 2579 2141 amicti
2640 2074 2895 2140 mitram
2938 2093 3139 2142 -manu
3191 2073 3507 2157 deferant,

1932 2180 2049 2228 nec
2095 2162 2320 2229 eadem
2366 2173 2554 2249 caput
2600 2163 2913 2248 operiant.

2062 2254 2181 2317 23:
2220 2253 2549 2318 Praeterea
2595 2249 2838 2336 reliqua
2888 2249 3122 2333 omnia,
3170 2268 3334 2335 quae
3378 2266 3510 2315 non

1930 2348 2075 2491 smbt
2118 2337 2462 2428 privilegio
2510 2356 2844 2425 expressa,
2895 2349 2966 2404 ut
3011 2337 3209 2404 vetita
3256 2335 3508 2404 censeri

1933 2427 2012 2494 de
2058 2435 2198 2493 ent.

2058 2517 2170 2581 24.
2220 2519 2288 2582 ln
2318 2513 2515 2581 Missis
2542 2513 2828 2615 privatis,
2863 2514 3070 2600 quoad
3103 2512 3506 2597 indumenta,

1930 2603 2381 2686 caeremonias,
2432 2602 2781 2686 Ministros,
2830 2602 3061 2671 Altaris
3107 2611 3425 2685 ornatum,
3474 2621 3511 2667 a

1928 2690 2320 2777 simplicibus
2367 2689 2815 2758 Sacerdotibus
2848 2711 2976 2760 non
3021 2690 3357 2776 differant3
3407 2709 3509 2755 su-

1929 2790 2099 2845 mant
2144 2779 2416 2866 proinde
2484 2798 2687 2846 sacras
2732 2791 2942 2847 ,vestes
3004 2780 3068 2845 in
3126 2777 3507 2862 secretario,

1929 2886 2054 2935 non
2084 2878 2348 2933 utantur
2377 2870 2582 2934 Cruce
2628 2867 2967 2953 pectorali,
3002 2865 3191 2935 unico
3224 2866 3509 2933 Ministro

1929 2955 2208 3022 contenti
2255 2955 2413 3039 sint,
2466 2974 2591 3022 non
2636 2953 2754 3020 sibi
2799 2954 3004 3023 velint
3050 2973 3277 3040 aquam
3325 2952 3506 3022 mini·

1929 3043 2105 3109 strari
2152 3061 2303 3110 cum
2333 3042 2510 3129 pelvi
2545 3053 2610 3109 et
2655 3043 2947 3128 urceolo,
2983 3053 3047 3110 et
3095 3042 3225 3109 duo
3263 3054 3508 3110 tantum

1932 3131 2230 3198 candelae
2280 3132 2539 3197 luceant
2586 3132 2650 3198 in
2693 3131 2917 3198 Altari.

2060 3223 2168 3287 25.
2205 3218 2523 3304 Defuncti,
2558 3230 2894 3305 nequeunt
2924 3217 2989 3285 in
3019 3219 3232 3286 loculo
3262 3218 3506 3302 efferri,

1928 3327 2047 3376 nec
2097 3307 2392 3374 tumulari
2446 3325 2594 3374 cum
2640 3306 2851 3373 mitra.

2057 3400 2165 3464 26.
2218 3399 2286 3461 ln
2333 3396 2712 3463 eorumdem
2761 3389 3090 3462 funeribus
3156 3413 3273 3462 seu
3333 3393 3509 3461 anni·

1928 3483 2244 3567 versariis,
2315 3502 2513 3586 super
2580 3484 2829 3550 tumulo
2898 3481 3061 3570 erigi
3126 3482 3318 3550 solito
3380 3500 3511 3549 non

1930 3583 2286 3660 apponatur
2332 3582 2543 3639 mitra.

2057 3663 2168 3727 27.
2216 3664 2284 3726 In
2333 3658 2684 3747 insignibus
2728 3678 2843 3727 seu
2890 3658 3334 3727 stemmatibus
3400 3662 3510 3725 Fa·

1929 3748 2143 3815 miliae
2212 3749 2399 3817 mitra
2446 3768 2573 3816 non
2618 3758 3016 3836 apponatur,
3065 3747 3183 3815 nisi
3246 3746 3384 3813 solo
3443 3745 3508 3812 in

1927 3855 2073 3904 casu
2119 3857 2247 3924 quo
2296 3855 2600 3925 expresse
2648 3855 3025 3904 concessum
3057 3839 3137 3904 sit
3172 3836 3238 3903 in
3281 3833 3512 3902 Literis

1927 3923 2337 4011 Apostolicis.
2691 4008 2698 4013 ,

2060 4017 2168 4081 28.
2218 4012 2397 4090 Quod
2457 4011 2509 4078 si
2559 4030 2757 4099 super
2817 4013 3181 4101 praemissis
3248 4010 3512 4097 aliquod

1930 4102 2251 4168 exoriatur
2299 4101 2590 4185 dubium,
2641 4101 2759 4168 boc
2808 4101 2885 4168 ad
2944 4103 3011 4169 S.
3060 4097 3511 4185 Congregatio-

1928 4207 2078 4257 nem
2147 4188 2514 4341 deferatur,
2562 4206 2724 4275 quae
2787 4209 2903 4276 pro
2957 4187 3262 4274 qualitate
3329 4183 3512 4253 dubii

1975 4275 2201 4343 rovide
2249 4276 2321 4341 it.

1928 4298 1971 4366 p
2061 4365 2123 4431 Si
2170 4383 2333 4451 quae
2401 4382 2555 4431 vero
2623 4365 2911 4452 Capitula
2976 4364 3395 4453 amplioribus
3443 4383 3513 4429 ac

1927 4464 2183 4541 praeter
2230 4451 2497 4520 huiusce
2527 4453 2781 4520 Decreti
2822 4452 3105 4520 instituta
3156 4450 3513 4552 privilegiis

1926 4561 1995 4608 se
2043 4553 2223 4608 aucta
2271 4540 2465 4607 fuisse
2508 4539 2923 4624 arbitrentur,
2959 4537 3305 4629 peculiaria
3353 4539 3513 4605 haec

1930 4629 2067 4713 iura
2136 4629 2199 4695 in
2270 4631 2338 4695 S.
2399 4627 2980 4715 congregationem
3050 4628 3512 4713 perpendenda

1928 4716 2276 4799 deducant,
2326 4727 2398 4782 ut
2443 4715 2614 4802 quod
2665 4734 2701 4780 e
2748 4717 3193 4782 canonicarum
3245 4713 3514 4781 sanctio-

1929 4821 2085 4871 num
2142 4804 2539 4891 praescripto
2605 4802 2812 4869 visum
2875 4802 3098 4887 luerit,
3145 4812 3514 4891 opportune

1929 4890 2341 4957 decernatur.

2060 4983 2150 5045 De
2198 4978 2428 5064 quibus
2484 4979 2775 5046 omnibus
2829 4979 2987 5046 facta
3034 4998 3151 5067 per
3197 4978 3514 5047 infrascri-

1931 5077 2116 5155 ptum
2163 5069 2230 5133 S.
2264 5069 2338 5133 R.
2377 5069 2448 5133 C.
2500 5069 2930 5135 secretarium
2977 5066 3288 5135 relatione
3321 5068 3515 5135 SSmo

1931 5159 2115 5222 Dom.
2173 5157 2433 5240 Nostro,
2497 5156 2802 5223 Sanctitas
2857 5176 2969 5224 sua
3014 5166 3237 5223 cuncta
3284 5155 3349 5222 in
3394 5155 3515 5223 boc

1933 5247 2205 5311 Decreto
2249 5239 2481 5308 sancita
2540 5243 2817 5329 benigne
2877 5243 3276 5331 approbavit,
3327 5256 3518 5330 atque

1932 5335 1998 5400 in
2044 5332 2195 5399 actis
2253 5332 2318 5398 S.
2367 5333 2444 5397 R.
2496 5334 2569 5400 C.
2620 5332 2873 5417 referri,
2922 5350 3042 5400 nec
3088 5350 3216 5400 non
3273 5330 3515 5399 Literas
