4042 5950
1514 274 1618 295 ...
1672 226 1828 313 {neg
1884 276 1985 295 ...

109 393 193 476 di,
234 391 582 480 Negative3
631 390 837 478 quoad
887 389 1425 479 praecedentiam,
1473 389 1685 479 provi-

109 501 237 548 sum
282 500 348 548 ιιι
395 480 586 547 tertio
619 503 683 545 ιν.

226 568 338 635 Die
390 572 469 635 17
517 567 916 657 Septembris
969 571 1159 636 1853.

224 660 465 724 Verum
500 656 582 723 de
614 655 933 723 sententia
977 675 1175 743 super
1210 656 1527 739 secundo,
1564 664 1687 721 ter-

108 746 185 811 tio
214 753 278 812 et
303 755 534 830 quarto
579 743 775 812 dubio
822 763 952 812 nou
997 755 1295 811 contenta
1343 744 1681 811 Archicon·

106 831 453 900 fraternitas
486 835 551 900 S.
586 831 835 918 Iosephi
886 843 1180 921 tempore
1227 831 1420 901 habili
1453 851 1681 899 novam

106 920 364 1009 expetiit
397 918 847 1000 Audientiam;
898 921 1039 1004 sed,
1076 939 1276 1006 quum
1312 919 1684 1007 impetratae

106 1027 290 1076 novae
337 1007 702 1075 audientiae
750 1007 1064 1077 beneflcio
1114 1008 1218 1076 die
1270 1014 1311 1079 9
1357 1006 1682 1079 Februarii

105 1116 252 1163 anno
301 1098 475 1165 1854
520 1094 812 1163 formiter
858 1096 1284 1182 renunciarit;
1337 1097 1508 1164 iuxta
1572 1097 1683 1164 de-

105 1184 263 1251 finita
308 1205 339 1250 a
387 1186 577 1254 sacra
625 1184 1138 1271 congregatione
1198 1202 1498 1271 praesens
1561 1187 1681 1250 De·

105 1283 337 1340 cretum
388 1272 655 1360 prodiit.
726 1271 1071 1342 contrariis
1116 1291 1244 1340 non
1291 1271 1682 1342 obstantibus

105 1361 635 1449 quibuscumque.

104 1500 345 1573 3019.
664 1503 1112 1569 URGELLEN.
1334 1492 1349 1501 ’
1451 1498 1679 1587 (5197)

219 1629 451 1693 Rector
520 1623 851 1692 Seminarii
917 1623 1309 1712 Urgellensis
1375 1643 1445 1690 ac
1507 1623 1679 1691 illius

104 1711 403 1778 Dioecesis
473 1712 827 1780 calendarii
895 1713 1229 1780 Ordinator
1297 1716 1520 1780 Sacrae
1575 1712 1675 1780 Ri-

106 1810 269 1866 tuum
300 1799 796 1888 congregationi
852 1798 1225 1891 humiliimis
1272 1799 1431 1866 datis
1479 1800 1682 1888 preci·

105 1888 209 1954 bus
252 1888 406 1956 haec
455 1889 782 1974 exposuit.
828 1893 897 1957 ln
942 1887 1265 1955 Breviario
1309 1888 1413 1957 die
1462 1898 1677 1954 octava

105 1974 478 2064 Epiphaniae
513 1976 760 2044 Domini
795 1974 1034 2062 legitur
1063 1994 1342 2063 sequens
1367 1975 1675 2044 Rubricaz

108 2065 354 2141 otiando
399 2075 620 2132 antem
667 2067 865 2149 Scptu
949 2069 1152 2132 asima
1197 2068 1445 2132 venerit
1477 2068 1550 2131 in
1594 2084 1681 2130 se·

104 2153 300 2219 cunda
346 2155 691 2220 Dominica
715 2163 885 2240 post>
942 2165 1200 2220 ctavatn
1249 2150 1672 2238 Epiphaniae,

105 2252 247 2305 tunc
293 2244 365 2307 in
404 2245 620 2326 primo
670 2242 937 2309 Sabbata
990 2252 1132 2328 post
1192 2237 1495 2309 Octavam
1552 2261 1678 2308 non

102 2330 387 2415 impedito
434 2331 617 2396 Festo
661 2332 894 2395 Novem
939 2332 1336 2410 Lectionum,
1374 2331 1677 2415 alioquin

98 2421 297 2501 prima
355 2418 463 2483 dic
506 2427 652 2501 post
705 2413 1032 2499 Octavam,
1087 2416 1209 2504 fiat
1272 2419 1560 2505 Officium
1605 2419 1678 2487 dc

104 2507 275 2573 Faria
322 2509 394 2572 in
441 2524 576 2590 qua
616 2517 957 2591 ponantur
1004 2509 1428 2591 Responaoria
1467 2509 1677 2593 primi

103 2595 409 2661 Nocturni
456 2596 834 2662 Dominicae
861 2595 1178 2662 secandae
1215 2605 1356 2681 post
1395 2594 1675 2681 Epipha-

104 2684 287 2762 niam,
323 2693 395 2767 et,
420 2693 549 2749 tres
580 2685 905 2750 Lectiones
936 2683 1240 2769 legantur
1284 2682 1357 2749 dc
1388 2685 1674 2751 Humilia

48 2802 49 2807 ι
103 2771 358 2836 ciusdem
406 2772 787 2837 Dominicae
832 2790 983 2838 cuin
1012 2776 1155 2838 cius
1186 2771 1558 2856 Antiphona
1592 2771 1676 2837 ad

105 2859 464 2925 Benedictus
511 2870 571 2925 ct
616 2856 925 2927 Oratione
960 2870 1080 2927 etc.
1118 2859 1245 2926 Sed
1281 2857 1344 2926 in
1374 2879 1674 2948 praesen·

104 2946 336 3032 tiaram,
364 2945 448 3015 ob
473 2946 902 3015 elevationem
935 2948 1095 3017 ritus
1121 2966 1237 3036 pro
1254 2951 1451 3030 ⁸Festo
1483 2950 1549 3015 S.
1576 2947 1677 3014 ni-

105 3034 224 3102 larii
255 3041 371 3126 Ep.
407 3036 598 3104 conf.
642 3040 853 3122 Doct.,
900 3038 1074 3105 nulla
1123 3040 1188 3103 in
1234 3036 1520 3119 Hispania
1565 3057 1670 3104 su-

102 3135 299 3276 perest
343 3126 487 3193 dies
546 3125 705 3192 ritus
749 3124 1188 3213 semiduplicis
1237 3125 1299 3191 in
1348 3125 1671 3213 praedicta

141 3212 480 3280 ebdomada
510 3223 653 3301 post
678 3223 961 3282 octavam
989 3212 1408 3302 Epiphaniae.
1435 3213 1671 3293 Quibus

104 3300 301 3386 positis
333 3313 549 3368 orator
580 3303 831 3368 Sacram
867 3301 1063 3389 ipsam
1094 3302 1670 3388 congregationem

100 3390 327 3473 rogavit
374 3401 446 3457 ut
492 3389 820 3457 declarare
883 3391 1285 3478 dignaretur,
1342 3400 1560 3457 utrum
1608 3390 1671 3457 in

102 3474 208 3542 hoc
238 3477 479 3545 casusin
507 3477 718 3563 primo
743 3475 1010 3546 Sabbato
1042 3489 1183 3567 post
1214 3489 1499 3545 octavam
1525 3477 1671 3565 Epi-

102 3563 348 3649 phaniae
395 3566 538 3634 fieri
585 3565 818 3633 debeat
873 3566 959 3632 de
1014 3571 1200 3634 Festo
1256 3565 1505 3655 Duplici
1565 3585 1669 3632 oc-

100 3666 383 3722 currente
408 3673 558 3722 cum
590 3656 1198 3722 commemoratione
1232 3655 1593 3722 Dominicae
1621 3659 1668 3722 ll

101 3736 703 3897 ιιέοιιι.Ιξὶξιέἰιιίιειιιίἑιιιι
765 3751 830 3809 et
889 3762 1036 3809 cum
1083 3745 1168 3810 tx
1224 3743 1528 3811 Lectione
1582 3743 1668 3811 de

146 3846 258 3896 omi
292 3852 344 3896 ta
561 3879 565 3888 .
616 3871 645 3888 κ

215 3920 291 3985 Et
335 3921 521 3986 Sacra
567 3920 828 3987 Rituum
872 3919 1336 4008 congregatio,
1383 3921 1462 3989 ad
1520 3921 1665 3999 Qui-

101 4003 280 4074 rinale
322 4008 631 4075 hodierna
681 4008 786 4075 die
835 4008 1180 4076 coadunata
1226 4008 1294 4074 in
1338 4008 1665 4076 ordinario

99 4092 322 4179 Coetu,
370 4096 449 4163 ad
499 4097 878 4162 relationem
923 4095 1266 4183 subscripti
1327 4097 1665 4165 Secretarii

101 4184 604 4270 respondendum
651 4185 941 4252 censuit:
988 4206 1028 4249 ι
1058 4182 1452 4251 Affirmative
1486 4206 1547 4251 ›.

214 4273 319 4337 Die
372 4276 451 4339 17
500 4272 895 4360 Septembris
943 4276 1133 4341 1853.

100 4445 342 4521 3020.
684 4453 1051 4520 REATINA.

101 4704 111 4717 ⁹
212 4625 581 4693 sodalitium
641 4645 674 4691 a
737 4629 805 4693 S.
861 4626 1189 4693 Francisco
1255 4625 1668 4714 Stigmatibus

48 4785 51 4794 ,
98 4710 372 4806 insignito
420 4727 884 4800 nuncupatum,
936 4714 1109 4800 quod
1156 4714 1221 4782 in
1267 4717 1506 4802 cryptis
1554 4719 1662 4782 Ba-

96 4795 287 4867 silicae
332 4802 724 4871 cathedralis
772 4804 1071 4870 Reatinae
1138 4813 1426 4870 erectum
1475 4822 1661 4893 repe-

102 4885 267 4971 ritur,
310 4891 386 4956 ab
431 4890 949 4974 immemorabili,
998 4890 1251 4977 quando
1297 4892 1375 4959 ad
1430 4890 1661 4958 defun·

100 4981 325 5043 ctorum
371 4978 671 5045 cadavera
718 4980 1077 5046 associanda
1109 4990 1395 5063 vocatur,
1429 4979 1663 5045 assolet

99 5078 125 5121 a
154 5066 393 5153 propria
439 5066 731 5134 aedicula
759 5067 837 5134 ad
871 5066 1159 5135 defuncti
1206 5066 1470 5135 domum
1517 5087 1661 5156 per-

100 5163 241 5229 gere
269 5165 332 5221 et
364 5155 426 5222 in
460 5156 558 5223 via
590 5174 877 5241 manere,
910 5155 1091 5243 quin,
1124 5154 1328 5223 veluti
1374 5174 1660 5223 commu-

99 5235 190 5337 tiis⁴
226 5240 341 5309 fert
386 5247 599 5333 praxis
649 5257 713 5314 et
762 5264 880 5334 per
926 5249 1191 5312 Decreta
1250 5245 1497 5330 pluries
1550 5247 1665 5313 de-

102 5322 324 5400 finitum
373 5348 497 5417 est,
530 5336 608 5402 ad
650 5335 1086 5425 parochialem
1132 5335 1480 5401 Ecclesiam
1515 5354 1663 5403 con-

1434 4451 1664 4540 (stas)

1789 389 2032 474 veniat,
2068 410 2147 457 ex
2182 407 2382 475 eaque
2413 389 2491 457 ad
2529 389 2715 459 funus
2762 384 3199 459 associandum
3233 405 3382 458 cum

1787 476 2067 549 Parocho
2114 479 2476 565 ceterisque
2522 479 2602 547 ad
2649 478 2836 545 funus
2866 477 3226 547 convocatis
3255 477 3381 548 dis-

1787 566 1974 635 cedat
2038 577 2103 632 et
2168 565 2244 633 ad
2316 564 2603 634 defuncti
2665 566 2930 632 domum
2995 577 3247 667 pergat.
3311 570 3380 634 ln

1788 664 1976 740 quam
2022 654 2286 740 quidem
2333 653 2863 722 consuetudinem
2896 664 3012 720 etsi
3053 672 3378 740 nunquam

1786 742 2296 809 animadvertere
2358 741 2724 810 destiterint
2784 741 3041 808 Parochi
3096 742 3374 819 Reatini;

1790 830 1962 897 illam
2011 840 2223 897 tamen
2268 829 2353 897 de
2400 831 2616 897 medio
2663 829 2896 897 tollere
2928 849 3053 918 per
3077 850 3147 897 se
3183 831 3377 919 impa-

1787 933 1923 997 res;
1966 919 2126 985 hanc
2174 917 2434 985 tandem
2480 921 2733 986 Sacram
2785 916 3042 985 Rituum
3093 922 3376 1006 congre-

1786 1006 2112 1093 gationem
2142 1005 2318 1073 adire
2351 1005 2824 1075 constituerunt
2855 1017 2920 1073 et
2951 1024 3087 1074 rem
3117 1025 3376 1074 omnem

1787 1095 2066 1182 ingenue
2117 1104 2516 1192 exponentes
2562 1095 2750 1163 enixe
2798 1092 3245 1183 efflagitarunt,
3302 1105 3375 1161 ut

1785 1183 2116 1250 declarare
2162 1183 2573 1270 dignaretur:
2623 1186 2872 1265 Utrum,
2921 1202 3049 1250 nou
3086 1185 3376 1251 obstante

1784 1270 2095 1349 contraria
2143 1269 2606 1338 consuetudine
2632 1270 2822 1337 etiam
2854 1270 3371 1354 immemorabili,

1785 1358 2142 1446 praefatum
2198 1358 2600 1443 Sodalitium,
2663 1377 2866 1446 quum
2910 1361 2987 1427 ad
3036 1360 3376 1428 defuncto·

1788 1465 1928 1514 rum
1982 1446 2285 1513 cadavera
2329 1446 2688 1514 associanda
2735 1455 3022 1531 vocatur,
3079 1458 3376 1516 teneatur

1784 1535 2098 1602 accedere·
2142 1535 2217 1601 ad
2268 1534 2697 1624 parochialem
2750 1536 3128 1620 Ecclesiam,
3192 1541 3374 1605 Paro·

1785 1622 1979 1689 chum
2026 1635 2494 1709 excepturum3
2546 1623 2915 1711 praesertim
2950 1623 3000 1690 si
3033 1622 3110 1691 ab
3143 1625 3373 1693 eodem

1782 1709 2095 1778 Sodalitio
2140 1710 2455 1778 feretrum
2502 1709 2886 1780 deferatur?

1918 1800 2126 1888 Super
2187 1798 2489 1887 expositis
2545 1800 2848 1887 requisita
2908 1820 3109 1888 quum
3180 1799 3377 1869 fuerit

1787 1887 2143 1955 informatio
2201 1906 2348 1954 cum
2404 1900 2555 1954 voto
2602 1908 2634 1953 a
2681 1892 2843 1956 Rmo
2900 1891 3161 1958 Reatino
3226 1890 3374 1978 Epia

1782 1993 2001 2062 scopo,
2035 1986 2194 2063 post
2239 1974 2487 2043 auditos
2532 1975 2843 2044 interesse
2907 1977 3256 2058 habentes;
3305 1999 3376 2046 e-

1782 2063 2089 2150 deiuceps
2114 2083 2232 2152 per
2256 2062 2727 2150 infrascriptum
2753 2067 3186 2134 Secretarium
3216 2067 3374 2135 facta

1784 2152 1978 2219 fuerit
2034 2152 2325 2221 distincta
2385 2152 2607 2218 relatio
2673 2153 2735 2221 in
2793 2155 3125 2222 ordinario
3170 2159 3374 2234 coetu

1782 2243 2007 2313 Sacrae
2050 2239 2308 2306 Rittium
2338 2241 2861 2329 congregationis
2892 2243 2970 2310 ad
3007 2243 3374 2312 Vaticanum

1781 2327 1996 2395 habito
2043 2327 2358 2417 superiori
2404 2347 2567 2395 anuo
2621 2332 2787 2398 1853
2819 2330 2926 2398 die
2966 2333 3043 2398 17
3077 2333 3372 2421 Septem·

1782 2414 1938 2499 bris,
1969 2417 2352 2506 rescriptum
2388 2416 2544 2501 fuit:⁸
2578 2439 2618 2482 ι
2643 2420 2917 2486 Ponatur
2950 2420 3014 2487 in
3045 2418 3226 2505 folio,
3264 2441 3373 2488 ex-

1780 2503 2014 2591 quisito
2061 2515 2211 2570 voto
2260 2505 2532 2593 Magistri
2581 2507 3146 2575 coeremoniarum
3179 2531 3244 2573 ιν.

1909 2594 2118 2672 Quum
2168 2592 2383 2679 itaque
2446 2593 2509 2661 in
2574 2614 2738 2662 novo
2800 2595 3395 2683 eiusdem-Sacrae*

1778 2680 2304 2769 congregationis
2346 2682 2609 2750 Rituum
2654 2686 2855 2751 coetu
2888 2685 2963 2753 ad
3002 2685 3372 2753 Vaticanum

1781 2770 2021 2857 pariter
2067 2768 2374 2839 hodierna
2437 2771 2542 2839 die
2610 2771 3002 2858 coadunato,
3051 2777 3248 2843 Emus
3307 2787 3373 2842 et

1780 2862 1974 2925 Rmus
2028 2861 2102 2924 D.
2152 2858 2343 2925 card.
2406 2859 2768 2927 Ludovicus
2825 2860 3052 2928 Altieri
3114 2864 3371 2931 Relator

1778 2944 2144 3035 designatus
2202 2947 2611 3035 proposuerit
2674 2959 2898 3016 votum
2958 2950 3220 3020 alterius
3291 2970 3372 3019 ex

1778 3033 2282 3123 Apostolicarum
2302 3038 2867 3105 coeremoniarum
2884 3037 3196 3125 lllagistris
3217 3039 3369 3108 scri·

1777 3122 1902 3211 ptis
1948 3121 2278 3191 redditum
2326 3123 2621 3212 typisque
2654 3140 2913 3204 cusum3
2948 3127 3088 3192 Emi
3119 3140 3187 3194 et
3225 3130 3366 3196 Rmi

1775 3216 1986 3278 Patres
2018 3212 2223 3279 Sacris
2257 3213 2513 3281 tuendis
2543 3213 2791 3281 Ritibus
2824 3234 2976 3303 prae
3023 3215 3191 3300 ositi,
3227 3227 3370 3303 post

1776 3300 2057 3386 diligens
2103 3301 2388 3368 omnium
2440 3320 2712 3369 examen
2760 3321 2876 3392 per
2922 3323 2953 3367 a
3028 3304 3367 3373 rmativum

1776 3406 2157 3474 responsum
2200 3389 2277 3457 ad
2325 3390 2750 3458 Parochorum
2809 3390 3078 3479 collegii
3138 3391 3368 3461 instan-

1777 3476 1925 3543 tiam
1979 3476 2439 3544 declarandum
2500 3477 3072 3567 definiendumque
3133 3482 3367 3549 consti·

1775 3575 2079 3631 tuerunt:
2129 3586 2168 3627 ι
2202 3565 2579 3634 Sodalitium
2615 3569 2949 3635 Sacrorum
2984 3568 3366 3656 Stigmatum

1774 3651 2056 3721 Civitatis
2116 3654 2454 3737 Reatinae,
2517 3674 2645 3722 non
2707 3656 2997 3725 obstante
3057 3659 3366 3728 contraria

1774 3741 1965 3808 etiam
2013 3739 2501 3811 immemorabili
2560 3745 3070 3830 consuetudine,
3127 3749 3364 3834 teneri,

1769 3847 1970 3917 quum
2017 3827 2095 3895 ad
2143 3829 2601 3899 defunctorum
2660 3834 2963 3901 cadavera
3009 3836 3366 3923 associanda

1770 3928 2059 4000 vocatur,
2106 3919 2184 3986 ad
2235 3920 2584 3987 Ecclesiam
2630 3921 3059 4007 parochialem
3099 3927 3366 3993 accede-

1770 4024 1871 4091 re;
1922 4008 2238 4095 nulloque
2287 4010 2481 4076 modo
2530 4010 3082 4098 permittendum,
3132 4024 3205 4079 ut
3250 4014 3364 4081 do·

1770 4112 1950 4160 mum
2009 4097 2300 4165 defuncti
2364 4096 2614 4164 directe
2674 4110 2850 4185 petat
2911 4099 3016 4165 vel
3064 4120 3186 4187 per
3231 4100 3364 4168 vias

1770 4195 2076 4271 expectet
2111 4207 2175 4250 ».

1897 4274 1979 4337 Et
2043 4273 2122 4340 ita
2185 4274 2671 4344 rescribendum
2731 4277 3246 4365 servandumque
3295 4296 3364 4342 o·

1764 4358 1985 4426 mnino
2032 4361 2098 4429 in
2144 4381 2292 4429 casu
2339 4363 2743 4431 mandarunt.

1898 4449 2010 4515 Die
2041 4452 2100 4516 -8
2146 4450 2383 4538 Aprilis
2434 4454 2630 4520 1854.

1767 4587 2021 4659 3021.
2381 4593 2740 4659 BOSANEN
2749 4641 2765 4658 .

3126 4594 3355 4683 (ὅπου)

1894 4717 2103 4794 Quum
2165 4714 2228 4784 in
2296 4715 2801 4803 praesentiarum
2866 4718 2927 4785 in
2998 4719 3358 4809 Episcopali

1763 4803 1990 4870 Palatio
2015 4808 2325 4871 Bosanen.
2355 4805 2738 4872 constitutae
2766 4804 3170 4893 reperiantur
3184 4809 3362 4876 scho-

1767 4893 1861 4959 lae
1908 4891 2326 4959 secundariae
2371 4893 2650 4960 Civitatis
2699 4894 2923 4981 ipsius,
2974 4906 3039 4960 et
3085 4896 3163 4963 ad
3213 4897 3358 4984 Epi·

1762 4979 2016 5069 scopale
2073 4982 2393 5049 Sacellum
2455 4984 2834 5049 conveniant
2893 4983 3141 5051 scholas
3194 4983 3359 5071 ipsas

1764 5067 2175 5153 ventitantes,
2225 5068 2574 5157 Religionis
2620 5069 2922 5157 operibus
2952 5072 3358 5158 satisfacturi,

1764 5156 2126 5226 scholarum
2175 5157 2453 5244 ipsarum
2484 5159 2775 5226 Director
2803 5161 3053 5227 Sacram
3093 5162 3357 5229 Rituum

1771 5244 2347 5333 congregationem
2382 5245 2570 5313 enixe
2605 5247 2876 5335 rogavit,
2897 5261 2970 5315 ut
2991 5270 3066 5316 su
3117 5269 3189 5317 er
3213 5270 3360 5339 pro·

1776 5335 1911 5401 sitis
1957 5335 2169 5402 dubiis
2214 5348 2500 5402 mentem
2542 5354 2722 5403 suam
2767 5336 3019 5434 aperire
3114 5338 3359 5432 ignare-
