<?xml version="1.0" encoding="UTF-8"?>
<!DOCTYPE html PUBLIC "-//W3C//DTD XHTML 1.0 Transitional//EN"
    "http://www.w3.org/TR/xhtml1/DTD/xhtml1-transitional.dtd">
<html xmlns="http://www.w3.org/1999/xhtml" xml:lang="en" lang="en">
 <head>
  <title>
</title>
<meta http-equiv="Content-Type" content="text/html;charset=utf-8" />
  <meta name='ocr-system' content='tesseract 3.04.00' />
  <meta name='ocr-capabilities' content='ocr_page ocr_carea ocr_par ocr_line ocrx_word'/>
</head>
<body>
  <div class='ocr_page' id='page_1' title='image "./decretaauthenti00ritugoog_0508.png"; bbox 0 0 4042 5950; ppageno 0'>
   <div class='ocr_carea' id='block_1_1' title="bbox 2055 236 2528 316">
    <p class='ocr_par' dir='ltr' id='par_1_1' title="bbox 2055 236 2528 316">
     <span class='ocr_line' id='line_1_1' title="bbox 2055 236 2528 316; baseline -0.004 -16"><span class='ocrx_word' id='word_1_1' title='bbox 2055 236 2528 316; x_wconf 82' lang='lat'>-458-</span> 
     </span>
    </p>
   </div>
   <div class='ocr_carea' id='block_1_2' title="bbox 653 391 2242 1522">
    <p class='ocr_par' dir='ltr' id='par_1_2' title="bbox 656 391 2242 744">
     <span class='ocr_line' id='line_1_2' title="bbox 656 391 2242 463; baseline -0.001 -3"><span class='ocrx_word' id='word_1_2' title='bbox 656 391 812 460; x_wconf 89' lang='lat' dir='ltr'><strong>nicis</strong></span> <span class='ocrx_word' id='word_1_3' title='bbox 877 391 1152 461; x_wconf 89' lang='lat' dir='ltr'><strong>induere</strong></span> <span class='ocrx_word' id='word_1_4' title='bbox 1220 403 1466 462; x_wconf 78' lang='lat' dir='ltr'><strong>vestem</strong></span> <span class='ocrx_word' id='word_1_5' title='bbox 1539 391 1906 463; x_wconf 81' lang='lat' dir='ltr'><strong>inferiorem</strong></span> <span class='ocrx_word' id='word_1_6' title='bbox 1976 392 2242 463; x_wconf 77' lang='lat' dir='ltr'><strong>violacei</strong></span> 
     </span>
     <span class='ocr_line' id='line_1_3' title="bbox 658 480 2242 566; baseline 0 -16"><span class='ocrx_word' id='word_1_7' title='bbox 658 480 886 550; x_wconf 84' lang='lat' dir='ltr'><strong>coloris</strong></span> <span class='ocrx_word' id='word_1_8' title='bbox 914 528 934 566; x_wconf 90' lang='lat'><strong>,</strong></span> <span class='ocrx_word' id='word_1_9' title='bbox 983 482 1326 550; x_wconf 74' lang='lat' dir='ltr'><strong>accedente</strong></span> <span class='ocrx_word' id='word_1_10' title='bbox 1373 484 1646 550; x_wconf 90' lang='lat' dir='ltr'><strong>Decreto</strong></span> <span class='ocrx_word' id='word_1_11' title='bbox 1705 483 1818 550; x_wconf 85' lang='lat' dir='ltr'><strong>fel.</strong></span> <span class='ocrx_word' id='word_1_12' title='bbox 1873 503 2003 551; x_wconf 91' lang='lat' dir='ltr'><strong>rec.</strong></span> <span class='ocrx_word' id='word_1_13' title='bbox 2054 488 2242 552; x_wconf 77' lang='lat' dir='ltr'><strong>Fran·</strong></span> 
     </span>
     <span class='ocr_line' id='line_1_4' title="bbox 656 567 2241 658; baseline 0.002 -23"><span class='ocrx_word' id='word_1_14' title='bbox 656 567 802 637; x_wconf 84' lang='lat' dir='ltr'><strong>cisc&#39;i</strong></span> <span class='ocrx_word' id='word_1_15' title='bbox 895 568 1038 635; x_wconf 93' lang='lat' dir='ltr'><strong>rimi</strong></span> <span class='ocrx_word' id='word_1_16' title='bbox 1085 568 1441 638; x_wconf 85' lang='lat' dir='ltr'><strong>Siciliamm</strong></span> <span class='ocrx_word' id='word_1_17' title='bbox 1488 569 1677 658; x_wconf 82' lang='lat' dir='ltr'><strong>Regis</strong></span> <span class='ocrx_word' id='word_1_18' title='bbox 1720 572 1840 640; x_wconf 90' lang='lat' dir='ltr'><strong>sub</strong></span> <span class='ocrx_word' id='word_1_19' title='bbox 1871 571 1981 640; x_wconf 88' lang='lat' dir='ltr'><strong>die</strong></span> <span class='ocrx_word' id='word_1_20' title='bbox 2011 576 2096 640; x_wconf 73' lang='lat'><strong>25</strong></span> <span class='ocrx_word' id='word_1_21' title='bbox 2129 574 2241 639; x_wconf 91' lang='lat' dir='ltr'><strong>Se·</strong></span> 
     </span>
     <span class='ocr_line' id='line_1_5' title="bbox 657 654 1237 744; baseline 0.003 -21"><span class='ocrx_word' id='word_1_22' title='bbox 657 667 837 744; x_wconf 90' lang='lat' dir='ltr'><strong>ptem</strong></span> <span class='ocrx_word' id='word_1_23' title='bbox 882 657 967 723; x_wconf 91' lang='lat' dir='ltr'><strong>ris</strong></span> <span class='ocrx_word' id='word_1_24' title='bbox 1018 654 1237 727; x_wconf 70' lang='lat'><strong>1829?</strong></span> 
     </span>
    </p>

    <p class='ocr_par' dir='ltr' id='par_1_3' title="bbox 654 746 2241 990">
     <span class='ocr_line' id='line_1_6' title="bbox 788 746 2241 835; baseline -0.001 -21"><span class='ocrx_word' id='word_1_25' title='bbox 788 749 969 814; x_wconf 86' lang='lat' dir='ltr'><strong>Sacra</strong></span> <span class='ocrx_word' id='word_1_26' title='bbox 1017 765 1172 813; x_wconf 80' lang='lat' dir='ltr'><strong>vero</strong></span> <span class='ocrx_word' id='word_1_27' title='bbox 1219 746 1447 814; x_wconf 89' lang='lat' dir='ltr'><strong>eadem</strong></span> <span class='ocrx_word' id='word_1_28' title='bbox 1494 747 1920 835; x_wconf 87' lang='lat' dir='ltr'><strong>Congregatio</strong></span> <span class='ocrx_word' id='word_1_29' title='bbox 1966 748 2045 816; x_wconf 87' lang='lat' dir='ltr'><strong>ad</strong></span> <span class='ocrx_word' id='word_1_30' title='bbox 2080 746 2241 814; x_wconf 82' lang='lat' dir='ltr'><strong>rela-</strong></span> 
     </span>
     <span class='ocr_line' id='line_1_7' title="bbox 654 832 2240 922; baseline 0.001 -24"><span class='ocrx_word' id='word_1_31' title='bbox 654 833 894 899; x_wconf 78' lang='lat' dir='ltr'><strong>tionem</strong></span> <span class='ocrx_word' id='word_1_32' title='bbox 918 832 1256 922; x_wconf 74' lang='lat' dir='ltr'><strong>subscripti</strong></span> <span class='ocrx_word' id='word_1_33' title='bbox 1289 833 1624 902; x_wconf 85' lang='lat' dir='ltr'><strong>Secretarii</strong></span> <span class='ocrx_word' id='word_1_34' title='bbox 1657 836 2000 922; x_wconf 90' lang='lat' dir='ltr'><strong>propositis</strong></span> <span class='ocrx_word' id='word_1_35' title='bbox 2032 834 2240 905; x_wconf 91' lang='lat' dir='ltr'><strong>dubiis</strong></span> 
     </span>
     <span class='ocr_line' id='line_1_8' title="bbox 659 920 1354 990; baseline 0.003 -3"><span class='ocrx_word' id='word_1_36' title='bbox 659 920 1011 989; x_wconf 76' lang='lat' dir='ltr'><strong>rescribere</strong></span> <span class='ocrx_word' id='word_1_37' title='bbox 1060 921 1354 990; x_wconf 80' lang='lat' dir='ltr'><strong>censuit:</strong></span> 
     </span>
    </p>

    <p class='ocr_par' dir='ltr' id='par_1_4' title="bbox 653 1010 2239 1201">
     <span class='ocr_line' id='line_1_9' title="bbox 785 1010 2239 1095; baseline 0.003 -19"><span class='ocrx_word' id='word_1_38' title='bbox 785 1010 879 1076; x_wconf 80' lang='lat' dir='ltr'><strong>Ad</strong></span> <span class='ocrx_word' id='word_1_39' title='bbox 943 1013 988 1077; x_wconf 90' lang='lat' dir='ltr'><strong>l.</strong></span> <span class='ocrx_word' id='word_1_40' title='bbox 1047 1030 1086 1076; x_wconf 65' lang='grc'><strong><em>4</em></strong></span> <span class='ocrx_word' id='word_1_41' title='bbox 1120 1010 1548 1095; x_wconf 76' lang='lat' dir='ltr'><strong>Affirmative,</strong></span> <span class='ocrx_word' id='word_1_42' title='bbox 1609 1010 1778 1078; x_wconf 85' lang='lat' dir='ltr'><strong>idest</strong></span> <span class='ocrx_word' id='word_1_43' title='bbox 1843 1031 1991 1080; x_wconf 90' lang='lat' dir='ltr'><strong>cum</strong></span> <span class='ocrx_word' id='word_1_44' title='bbox 2060 1023 2239 1080; x_wconf 80' lang='lat' dir='ltr'><strong>veste</strong></span> 
     </span>
     <span class='ocr_line' id='line_1_10' title="bbox 653 1097 2234 1201; baseline 0.001 -38"><span class='ocrx_word' id='word_1_45' title='bbox 653 1097 931 1164; x_wconf 82' lang='lat' dir='ltr'><strong>violacea</strong></span> <span class='ocrx_word' id='word_1_46' title='bbox 959 1109 1027 1165; x_wconf 93' lang='lat' dir='ltr'><strong>et</strong></span> <span class='ocrx_word' id='word_1_47' title='bbox 1047 1117 1234 1186; x_wconf 89' lang='lat' dir='ltr'><strong>supra</strong></span> <span class='ocrx_word' id='word_1_48' title='bbox 1272 1099 1637 1167; x_wconf 90' lang='lat' dir='ltr'><strong>rochettum</strong></span> <span class='ocrx_word' id='word_1_49' title='bbox 1667 1119 1742 1166; x_wconf 88' lang='lat' dir='ltr'><strong>su</strong></span> <span class='ocrx_word' id='word_1_50' title='bbox 1793 1101 2144 1201; x_wconf 83' lang='lat' dir='ltr'><strong>erpelliceo</strong></span> <span class='ocrx_word' id='word_1_51' title='bbox 2169 1121 2234 1165; x_wconf 81' lang='lat'><strong>».</strong></span> 
     </span>
    </p>

    <p class='ocr_par' dir='ltr' id='par_1_5' title="bbox 655 1185 2238 1345">
     <span class='ocr_line' id='line_1_11' title="bbox 785 1185 2238 1276; baseline 0.001 -23"><span class='ocrx_word' id='word_1_52' title='bbox 785 1185 883 1254; x_wconf 75' lang='lat' dir='ltr'><strong>Ad</strong></span> <span class='ocrx_word' id='word_1_53' title='bbox 930 1190 1004 1254; x_wconf 90' lang='lat' dir='ltr'><strong>ll.</strong></span> <span class='ocrx_word' id='word_1_54' title='bbox 1053 1208 1094 1250; x_wconf 85' lang='lat'><strong>‹</strong></span> <span class='ocrx_word' id='word_1_55' title='bbox 1126 1188 1469 1274; x_wconf 84' lang='lat' dir='ltr'><strong>Negative;</strong></span> <span class='ocrx_word' id='word_1_56' title='bbox 1521 1198 1584 1254; x_wconf 89' lang='lat' dir='ltr'><strong>et</strong></span> <span class='ocrx_word' id='word_1_57' title='bbox 1616 1187 1680 1255; x_wconf 89' lang='lat' dir='ltr'><strong>id</strong></span> <span class='ocrx_word' id='word_1_58' title='bbox 1711 1206 1746 1253; x_wconf 94' lang='lat' dir='ltr'><strong>e</strong></span> <span class='ocrx_word' id='word_1_59' title='bbox 1820 1208 1877 1255; x_wconf 88' lang='grc' dir='ltr'><strong>οι</strong></span> <span class='ocrx_word' id='word_1_60' title='bbox 1921 1207 2109 1276; x_wconf 86' lang='lat' dir='ltr'><strong>posse</strong></span> <span class='ocrx_word' id='word_1_61' title='bbox 2138 1208 2238 1255; x_wconf 89' lang='lat' dir='ltr'><strong>so·</strong></span> 
     </span>
     <span class='ocr_line' id='line_1_12' title="bbox 655 1274 2073 1345; baseline 0.004 -5"><span class='ocrx_word' id='word_1_62' title='bbox 655 1274 986 1342; x_wconf 86' lang='lat' dir='ltr'><strong>lummodo</strong></span> <span class='ocrx_word' id='word_1_63' title='bbox 1038 1295 1117 1341; x_wconf 86' lang='lat' dir='ltr'><strong>ex</strong></span> <span class='ocrx_word' id='word_1_64' title='bbox 1164 1274 1568 1343; x_wconf 74' lang='lat' dir='ltr'><strong>concessione</strong></span> <span class='ocrx_word' id='word_1_65' title='bbox 1616 1279 1666 1342; x_wconf 76' lang='lat' dir='ltr'>A</span> <span class='ocrx_word' id='word_1_66' title='bbox 1756 1278 1973 1345; x_wconf 85' lang='lat' dir='ltr'><strong>stolica</strong></span> <span class='ocrx_word' id='word_1_67' title='bbox 2007 1301 2073 1345; x_wconf 84' lang='lat'><strong>».</strong></span> 
     </span>
    </p>

    <p class='ocr_par' dir='ltr' id='par_1_6' title="bbox 782 1362 2018 1464">
     <span class='ocr_line' id='line_1_13' title="bbox 782 1362 2018 1464; baseline 0.004 -35"><span class='ocrx_word' id='word_1_68' title='bbox 782 1366 989 1448; x_wconf 73' lang='lat' dir='ltr'><strong>Atque</strong></span> <span class='ocrx_word' id='word_1_69' title='bbox 1037 1364 1121 1430; x_wconf 88' lang='lat' dir='ltr'><strong>ita</strong></span> <span class='ocrx_word' id='word_1_70' title='bbox 1166 1362 1490 1464; x_wconf 77' lang='lat' dir='ltr'><strong>rescripsit</strong></span> <span class='ocrx_word' id='word_1_71' title='bbox 1537 1375 1605 1431; x_wconf 89' lang='lat' dir='ltr'><strong>et</strong></span> <span class='ocrx_word' id='word_1_72' title='bbox 1697 1364 2018 1434; x_wconf 81' lang='lat' dir='ltr'><strong>eclaravit.</strong></span> 
     </span>
    </p>

    <p class='ocr_par' dir='ltr' id='par_1_7' title="bbox 783 1449 1641 1522">
     <span class='ocr_line' id='line_1_14' title="bbox 783 1449 1641 1522; baseline 0.003 -5"><span class='ocrx_word' id='word_1_73' title='bbox 783 1449 896 1517; x_wconf 87' lang='lat' dir='ltr'><strong>Die</strong></span> <span class='ocrx_word' id='word_1_74' title='bbox 942 1454 1027 1522; x_wconf 73' lang='lat'><strong>29</strong></span> <span class='ocrx_word' id='word_1_75' title='bbox 1072 1450 1398 1519; x_wconf 78' lang='lat' dir='ltr'><strong>Februarii</strong></span> <span class='ocrx_word' id='word_1_76' title='bbox 1449 1455 1641 1520; x_wconf 91' lang='grc'><strong>1868.</strong></span> 
     </span>
    </p>
   </div>
   <div class='ocr_carea' id='block_1_3' title="bbox 651 1592 2233 1683">
    <p class='ocr_par' dir='ltr' id='par_1_8' title="bbox 651 1592 2233 1683">
     <span class='ocr_line' id='line_1_15' title="bbox 651 1592 2233 1683; baseline 0.003 -22"><span class='ocrx_word' id='word_1_77' title='bbox 651 1592 906 1664; x_wconf 81' lang='lat'><strong>3166.</strong></span> <span class='ocrx_word' id='word_1_78' title='bbox 1244 1595 1661 1662; x_wconf 69' lang='lat' dir='ltr'><strong>muscum.</strong></span> <span class='ocrx_word' id='word_1_79' title='bbox 2007 1595 2233 1683; x_wconf 74' lang='lat' dir='ltr'><strong>(saco)</strong></span> 
     </span>
    </p>
   </div>
   <div class='ocr_carea' id='block_1_4' title="bbox 642 1713 2236 5418">
    <p class='ocr_par' dir='ltr' id='par_1_9' title="bbox 646 1713 2236 3550">
     <span class='ocr_line' id='line_1_16' title="bbox 781 1713 2235 1804; baseline 0.003 -24"><span class='ocrx_word' id='word_1_80' title='bbox 781 1713 1143 1784; x_wconf 83' lang='lat' dir='ltr'><strong>Hodiernus</strong></span> <span class='ocrx_word' id='word_1_81' title='bbox 1201 1715 1552 1804; x_wconf 83' lang='lat' dir='ltr'><strong>Episcopus</strong></span> <span class='ocrx_word' id='word_1_82' title='bbox 1608 1715 1965 1804; x_wconf 88' lang='lat' dir='ltr'><strong>Lingonen.</strong></span> <span class='ocrx_word' id='word_1_83' title='bbox 2016 1720 2235 1785; x_wconf 90' lang='lat' dir='ltr'><strong>Sacro-</strong></span> 
     </span>
     <span class='ocr_line' id='line_1_17' title="bbox 652 1802 2234 1891; baseline 0.001 -21"><span class='ocrx_word' id='word_1_84' title='bbox 652 1823 793 1870; x_wconf 86' lang='lat' dir='ltr'><strong>rum</strong></span> <span class='ocrx_word' id='word_1_85' title='bbox 843 1802 1101 1871; x_wconf 84' lang='lat' dir='ltr'><strong>Rituum</strong></span> <span class='ocrx_word' id='word_1_86' title='bbox 1163 1802 1652 1891; x_wconf 73' lang='lat' dir='ltr'><strong>congregationi</strong></span> <span class='ocrx_word' id='word_1_87' title='bbox 1716 1804 1869 1872; x_wconf 90' lang='lat' dir='ltr'><strong>haec</strong></span> <span class='ocrx_word' id='word_1_88' title='bbox 1927 1824 2093 1891; x_wconf 85' lang='lat' dir='ltr'><strong>quae</strong></span> <span class='ocrx_word' id='word_1_89' title='bbox 2136 1824 2234 1872; x_wconf 89' lang='lat' dir='ltr'><strong>se·</strong></span> 
     </span>
     <span class='ocr_line' id='line_1_18' title="bbox 652 1891 2233 1980; baseline 0.001 -22"><span class='ocrx_word' id='word_1_90' title='bbox 652 1901 939 1978; x_wconf 84' lang='lat' dir='ltr'><strong>quuntur</strong></span> <span class='ocrx_word' id='word_1_91' title='bbox 999 1891 1328 1980; x_wconf 67' lang='lat' dir='ltr'><strong>exposuit,</strong></span> <span class='ocrx_word' id='word_1_92' title='bbox 1392 1894 1745 1961; x_wconf 82' lang='lat' dir='ltr'><strong>nimirum:</strong></span> <span class='ocrx_word' id='word_1_93' title='bbox 1815 1897 1912 1960; x_wconf 80' lang='lat' dir='ltr'><strong>Ex</strong></span> <span class='ocrx_word' id='word_1_94' title='bbox 1981 1892 2233 1961; x_wconf 88' lang='lat' dir='ltr'><strong>indulto</strong></span> 
     </span>
     <span class='ocr_line' id='line_1_19' title="bbox 652 1978 2235 2071; baseline -0.001 -24"><span class='ocrx_word' id='word_1_95' title='bbox 652 1999 775 2069; x_wconf 89' lang='lat' dir='ltr'><strong>per</strong></span> <span class='ocrx_word' id='word_1_96' title='bbox 816 1978 1211 2048; x_wconf 75' lang='lat' dir='ltr'><strong>cardinalem</strong></span> <span class='ocrx_word' id='word_1_97' title='bbox 1261 1984 1527 2069; x_wconf 87' lang='lat' dir='ltr'><strong>caprara</strong></span> <span class='ocrx_word' id='word_1_98' title='bbox 1571 1980 1718 2048; x_wconf 89' lang='lat' dir='ltr'><strong>dato</strong></span> <span class='ocrx_word' id='word_1_99' title='bbox 1750 1981 1855 2049; x_wconf 90' lang='lat' dir='ltr'><strong>die</strong></span> <span class='ocrx_word' id='word_1_100' title='bbox 1889 1984 1971 2049; x_wconf 80' lang='lat' dir='ltr'><strong>IX</strong></span> <span class='ocrx_word' id='word_1_101' title='bbox 1999 1981 2235 2071; x_wconf 82' lang='lat' dir='ltr'><strong>Aprilis</strong></span> 
     </span>
     <span class='ocr_line' id='line_1_20' title="bbox 651 2066 2234 2157; baseline 0 -23"><span class='ocrx_word' id='word_1_102' title='bbox 651 2066 793 2135; x_wconf 89' lang='lat' dir='ltr'><strong>anni</strong></span> <span class='ocrx_word' id='word_1_103' title='bbox 843 2070 1150 2137; x_wconf 73' lang='lat' dir='ltr'><strong>MDccCH</strong></span> <span class='ocrx_word' id='word_1_104' title='bbox 1195 2069 1434 2157; x_wconf 83' lang='lat' dir='ltr'><strong>aliquot</strong></span> <span class='ocrx_word' id='word_1_105' title='bbox 1479 2068 1620 2137; x_wconf 88' lang='lat' dir='ltr'><strong>dies</strong></span> <span class='ocrx_word' id='word_1_106' title='bbox 1665 2069 1857 2137; x_wconf 84' lang='lat' dir='ltr'><strong>festos</strong></span> <span class='ocrx_word' id='word_1_107' title='bbox 1917 2069 1985 2137; x_wconf 88' lang='lat' dir='ltr'><strong>in</strong></span> <span class='ocrx_word' id='word_1_108' title='bbox 2042 2070 2234 2137; x_wconf 88' lang='lat' dir='ltr'><strong>Gallia</strong></span> 
     </span>
     <span class='ocr_line' id='line_1_21' title="bbox 647 2156 2236 2243; baseline 0 -20"><span class='ocrx_word' id='word_1_109' title='bbox 647 2173 1024 2243; x_wconf 84' lang='lat' dir='ltr'><strong>suppressos</strong></span> <span class='ocrx_word' id='word_1_110' title='bbox 1090 2157 1324 2241; x_wconf 88' lang='lat' dir='ltr'><strong>fuisse,</strong></span> <span class='ocrx_word' id='word_1_111' title='bbox 1373 2156 1455 2225; x_wconf 84' lang='lat' dir='ltr'><strong>ita</strong></span> <span class='ocrx_word' id='word_1_112' title='bbox 1515 2167 1584 2223; x_wconf 91' lang='lat' dir='ltr'><strong>ut</strong></span> <span class='ocrx_word' id='word_1_113' title='bbox 1615 2179 1624 2184; x_wconf 95' lang='lat'>·</span> <span class='ocrx_word' id='word_1_114' title='bbox 1653 2156 1715 2225; x_wconf 93' lang='lat' dir='ltr'><strong>in</strong></span> <span class='ocrx_word' id='word_1_115' title='bbox 1775 2157 1900 2225; x_wconf 89' lang='lat' dir='ltr'><strong>illis</strong></span> <span class='ocrx_word' id='word_1_116' title='bbox 1961 2168 2236 2225; x_wconf 88' lang='lat' dir='ltr'><strong>cessaret</strong></span> 
     </span>
     <span class='ocr_line' id='line_1_22' title="bbox 651 2245 2235 2333; baseline -0.001 -22"><span class='ocrx_word' id='word_1_117' title='bbox 651 2254 1070 2333; x_wconf 86' lang='lat' dir='ltr'><strong>praeceptum</strong></span> <span class='ocrx_word' id='word_1_118' title='bbox 1115 2245 1412 2314; x_wconf 87' lang='lat' dir='ltr'><strong>audiendi</strong></span> <span class='ocrx_word' id='word_1_119' title='bbox 1452 2246 1693 2313; x_wconf 73' lang='lat' dir='ltr'><strong>Missam</strong></span> <span class='ocrx_word' id='word_1_120' title='bbox 1729 2256 1793 2312; x_wconf 91' lang='lat' dir='ltr'><strong>et</strong></span> <span class='ocrx_word' id='word_1_121' title='bbox 1824 2245 2235 2333; x_wconf 78' lang='lat' dir='ltr'><strong>ab&#39;operibus</strong></span> 
     </span>
     <span class='ocr_line' id='line_1_23' title="bbox 649 2330 2235 2422; baseline 0.002 -24"><span class='ocrx_word' id='word_1_122' title='bbox 649 2330 986 2401; x_wconf 84' lang='lat' dir='ltr'><strong>servilibus</strong></span> <span class='ocrx_word' id='word_1_123' title='bbox 1029 2332 1430 2418; x_wconf 88' lang='lat' dir='ltr'><strong>abstinendi,</strong></span> <span class='ocrx_word' id='word_1_124' title='bbox 1478 2344 1671 2420; x_wconf 83' lang='lat' dir='ltr'><strong>atque</strong></span> <span class='ocrx_word' id='word_1_125' title='bbox 1717 2333 1785 2401; x_wconf 91' lang='lat' dir='ltr'><strong>in</strong></span> <span class='ocrx_word' id='word_1_126' title='bbox 1842 2334 2235 2422; x_wconf 87' lang='lat' dir='ltr'><strong>subsequen·</strong></span> 
     </span>
     <span class='ocr_line' id='line_1_24' title="bbox 652 2421 2234 2491; baseline -0.001 -3"><span class='ocrx_word' id='word_1_127' title='bbox 652 2433 783 2488; x_wconf 89' lang='lat' dir='ltr'><strong>tem</strong></span> <span class='ocrx_word' id='word_1_128' title='bbox 834 2422 1221 2489; x_wconf 89' lang='lat' dir='ltr'><strong>Dominicam</strong></span> <span class='ocrx_word' id='word_1_129' title='bbox 1327 2422 1500 2491; x_wconf 84' lang='lat' dir='ltr'><strong>uoad·</strong></span> <span class='ocrx_word' id='word_1_130' title='bbox 1549 2421 2032 2490; x_wconf 79' lang='lat' dir='ltr'><strong>solemnitatem</strong></span> <span class='ocrx_word' id='word_1_131' title='bbox 2093 2440 2234 2487; x_wconf 89' lang='lat' dir='ltr'><strong>esse</strong></span> 
     </span>
     <span class='ocr_line' id='line_1_25' title="bbox 653 2508 2231 2596; baseline 0.001 -21"><span class='ocrx_word' id='word_1_132' title='bbox 653 2508 1019 2596; x_wconf 79' lang='lat' dir='ltr'><strong>translatos3</strong></span> <span class='ocrx_word' id='word_1_133' title='bbox 1083 2510 1148 2577; x_wconf 91' lang='lat' dir='ltr'><strong>in</strong></span> <span class='ocrx_word' id='word_1_134' title='bbox 1206 2529 1284 2578; x_wconf 92' lang='lat' dir='ltr'><strong>eo</strong></span> <span class='ocrx_word' id='word_1_135' title='bbox 1336 2528 1440 2577; x_wconf 91' lang='lat' dir='ltr'><strong>em</strong></span> <span class='ocrx_word' id='word_1_136' title='bbox 1499 2520 1711 2577; x_wconf 86' lang='lat' dir='ltr'><strong>autem</strong></span> <span class='ocrx_word' id='word_1_137' title='bbox 1776 2510 2032 2588; x_wconf 83' lang='lat' dir='ltr'><strong>ludulto</strong></span> <span class='ocrx_word' id='word_1_138' title='bbox 2092 2528 2231 2577; x_wconf 89' lang='lat' dir='ltr'><strong>eam</strong></span> 
     </span>
     <span class='ocr_line' id='line_1_26' title="bbox 654 2595 2233 2685; baseline 0 -23"><span class='ocrx_word' id='word_1_139' title='bbox 654 2596 869 2683; x_wconf 87' lang='lat' dir='ltr'><strong>legem</strong></span> <span class='ocrx_word' id='word_1_140' title='bbox 925 2617 1065 2664; x_wconf 91' lang='lat' dir='ltr'><strong>esse</strong></span> <span class='ocrx_word' id='word_1_141' title='bbox 1126 2598 1467 2682; x_wconf 86' lang='lat' dir='ltr'><strong>adiectam,</strong></span> <span class='ocrx_word' id='word_1_142' title='bbox 1517 2609 1588 2665; x_wconf 92' lang='lat' dir='ltr'><strong>ut</strong></span> <span class='ocrx_word' id='word_1_143' title='bbox 1633 2619 1671 2662; x_wconf 86' lang='lat'><strong>‹</strong></span> <span class='ocrx_word' id='word_1_144' title='bbox 1708 2597 1771 2664; x_wconf 93' lang='lat' dir='ltr'><strong>in</strong></span> <span class='ocrx_word' id='word_1_145' title='bbox 1813 2595 2015 2665; x_wconf 84' lang='lat' dir='ltr'><strong>Festis</strong></span> <span class='ocrx_word' id='word_1_146' title='bbox 2062 2597 2233 2685; x_wconf 79' lang='lat' dir='ltr'><strong>Vigi-</strong></span> 
     </span>
     <span class='ocr_line' id='line_1_27' title="bbox 651 2683 2231 2774; baseline 0.002 -24"><span class='ocrx_word' id='word_1_147' title='bbox 651 2683 880 2769; x_wconf 90' lang='lat' dir='ltr'><strong>liisque</strong></span> <span class='ocrx_word' id='word_1_148' title='bbox 926 2704 1000 2752; x_wconf 90' lang='lat' dir='ltr'><strong>su</strong></span> <span class='ocrx_word' id='word_1_149' title='bbox 1049 2686 1280 2774; x_wconf 85' lang='lat' dir='ltr'><strong>pressis</strong></span> <span class='ocrx_word' id='word_1_150' title='bbox 1338 2685 1495 2754; x_wconf 91' lang='lat' dir='ltr'><strong>nibil</strong></span> <span class='ocrx_word' id='word_1_151' title='bbox 1557 2685 1641 2753; x_wconf 89' lang='lat' dir='ltr'><strong>de</strong></span> <span class='ocrx_word' id='word_1_152' title='bbox 1699 2697 2005 2752; x_wconf 89' lang='lat' dir='ltr'><strong>consueto</strong></span> <span class='ocrx_word' id='word_1_153' title='bbox 2063 2686 2231 2753; x_wconf 85' lang='lat' dir='ltr'><strong>Divi·</strong></span> 
     </span>
     <span class='ocr_line' id='line_1_28' title="bbox 647 2774 2232 2860; baseline 0.001 -20"><span class='ocrx_word' id='word_1_154' title='bbox 647 2789 879 2840; x_wconf 90' lang='lat' dir='ltr'><strong>norum</strong></span> <span class='ocrx_word' id='word_1_155' title='bbox 942 2776 992 2841; x_wconf 88' lang='grc' dir='ltr'><strong>Ο</strong></span> <span class='ocrx_word' id='word_1_156' title='bbox 1061 2774 1306 2842; x_wconf 90' lang='lat' dir='ltr'><strong>ciorum</strong></span> <span class='ocrx_word' id='word_1_157' title='bbox 1374 2777 1835 2860; x_wconf 80' lang='lat' dir='ltr'><strong>sacrarumque</strong></span> <span class='ocrx_word' id='word_1_158' title='bbox 1896 2775 2232 2844; x_wconf 86' lang='lat' dir='ltr'><strong>Caeremo·</strong></span> 
     </span>
     <span class='ocr_line' id='line_1_29' title="bbox 648 2861 2229 2946; baseline 0 -17"><span class='ocrx_word' id='word_1_159' title='bbox 648 2861 893 2929; x_wconf 88' lang='lat' dir='ltr'><strong>niarum</strong></span> <span class='ocrx_word' id='word_1_160' title='bbox 941 2861 1164 2930; x_wconf 88' lang='lat' dir='ltr'><strong>ordine</strong></span> <span class='ocrx_word' id='word_1_161' title='bbox 1195 2881 1266 2929; x_wconf 87' lang='lat' dir='ltr'><strong>ac</strong></span> <span class='ocrx_word' id='word_1_162' title='bbox 1301 2861 1426 2929; x_wconf 89' lang='lat' dir='ltr'><strong>ritu</strong></span> <span class='ocrx_word' id='word_1_163' title='bbox 1477 2863 1841 2946; x_wconf 83' lang='lat' dir='ltr'><strong>innovetur,</strong></span> <span class='ocrx_word' id='word_1_164' title='bbox 1874 2862 1991 2931; x_wconf 88' lang='lat' dir='ltr'><strong>sed</strong></span> <span class='ocrx_word' id='word_1_165' title='bbox 2023 2863 2229 2931; x_wconf 90' lang='lat' dir='ltr'><strong>omnia</strong></span> 
     </span>
     <span class='ocr_line' id='line_1_30' title="bbox 649 2949 2228 3040; baseline 0.001 -24"><span class='ocrx_word' id='word_1_166' title='bbox 649 2968 723 3016; x_wconf 88' lang='lat' dir='ltr'><strong>ea</strong></span> <span class='ocrx_word' id='word_1_167' title='bbox 770 2968 1028 3037; x_wconf 88' lang='lat' dir='ltr'><strong>prorsus</strong></span> <span class='ocrx_word' id='word_1_168' title='bbox 1076 2949 1318 3019; x_wconf 87' lang='lat' dir='ltr'><strong>ratione</strong></span> <span class='ocrx_word' id='word_1_169' title='bbox 1372 2962 1793 3040; x_wconf 75' lang='lat' dir='ltr'><strong>peragantur,</strong></span> <span class='ocrx_word' id='word_1_170' title='bbox 1841 2970 1964 3038; x_wconf 85' lang='lat' dir='ltr'><strong>qua</strong></span> <span class='ocrx_word' id='word_1_171' title='bbox 2025 2952 2228 3021; x_wconf 84' lang='lat' dir='ltr'><strong>hacte-</strong></span> 
     </span>
     <span class='ocr_line' id='line_1_31' title="bbox 648 3039 2232 3128; baseline 0 -22"><span class='ocrx_word' id='word_1_172' title='bbox 648 3057 767 3106; x_wconf 86' lang='lat' dir='ltr'><strong>nus</strong></span> <span class='ocrx_word' id='word_1_173' title='bbox 837 3050 1341 3107; x_wconf 80' lang='lat' dir='ltr'><strong>consueverant:</strong></span> <span class='ocrx_word' id='word_1_174' title='bbox 1405 3040 1691 3128; x_wconf 88' lang='lat' dir='ltr'><strong>exceptis</strong></span> <span class='ocrx_word' id='word_1_175' title='bbox 1758 3050 1970 3107; x_wconf 91' lang='lat' dir='ltr'><strong>tamen</strong></span> <span class='ocrx_word' id='word_1_176' title='bbox 2035 3039 2232 3108; x_wconf 82' lang='lat' dir='ltr'><strong>Festis</strong></span> 
     </span>
     <span class='ocr_line' id='line_1_32' title="bbox 646 3125 2227 3230; baseline 0 -36"><span class='ocrx_word' id='word_1_177' title='bbox 646 3125 1035 3216; x_wconf 87' lang='lat' dir='ltr'><strong>Epiphaniae</strong></span> <span class='ocrx_word' id='word_1_178' title='bbox 1064 3177 1082 3213; x_wconf 96' lang='lat'><strong>,</strong></span> <span class='ocrx_word' id='word_1_179' title='bbox 1155 3127 1538 3196; x_wconf 84' lang='lat' dir='ltr'><strong>sanctissimi</strong></span> <span class='ocrx_word' id='word_1_180' title='bbox 1600 3128 1898 3230; x_wconf 84' lang='lat' dir='ltr'><strong>corporis</strong></span> <span class='ocrx_word' id='word_1_181' title='bbox 1965 3128 2227 3211; x_wconf 83' lang='lat' dir='ltr'><strong>Christi,</strong></span> 
     </span>
     <span class='ocr_line' id='line_1_33' title="bbox 648 3217 2228 3305; baseline 0 -22"><span class='ocrx_word' id='word_1_182' title='bbox 648 3219 1023 3283; x_wconf 87' lang='lat' dir='ltr'><strong>Sanctorum</strong></span> <span class='ocrx_word' id='word_1_183' title='bbox 1081 3217 1528 3305; x_wconf 80' lang='lat' dir='ltr'><strong>Apostolorum</strong></span> <span class='ocrx_word' id='word_1_184' title='bbox 1584 3219 1753 3283; x_wconf 78' lang='lat' dir='ltr'><strong>Petri</strong></span> <span class='ocrx_word' id='word_1_185' title='bbox 1818 3229 1884 3283; x_wconf 91' lang='lat' dir='ltr'><strong>et</strong></span> <span class='ocrx_word' id='word_1_186' title='bbox 1937 3217 2110 3284; x_wconf 88' lang='lat' dir='ltr'><strong>Pauli</strong></span> <span class='ocrx_word' id='word_1_187' title='bbox 2159 3236 2228 3283; x_wconf 90' lang='lat' dir='ltr'><strong>ac</strong></span> 
     </span>
     <span class='ocr_line' id='line_1_34' title="bbox 648 3303 2230 3373; baseline 0.001 -2"><span class='ocrx_word' id='word_1_188' title='bbox 648 3306 1021 3373; x_wconf 85' lang='lat' dir='ltr'><strong>Sanctorum</strong></span> <span class='ocrx_word' id='word_1_189' title='bbox 1066 3308 1479 3373; x_wconf 87' lang='lat' dir='ltr'><strong>Patronorum</strong></span> <span class='ocrx_word' id='word_1_190' title='bbox 1528 3303 1868 3373; x_wconf 87' lang='lat' dir='ltr'><strong>cuiuslibet</strong></span> <span class='ocrx_word' id='word_1_191' title='bbox 1913 3304 2230 3373; x_wconf 86' lang='lat' dir='ltr'><strong>Dioecesis</strong></span> 
     </span>
     <span class='ocr_line' id='line_1_35' title="bbox 648 3391 2227 3480; baseline -0.001 -21"><span class='ocrx_word' id='word_1_192' title='bbox 648 3402 713 3459; x_wconf 89' lang='lat' dir='ltr'><strong>et</strong></span> <span class='ocrx_word' id='word_1_193' title='bbox 778 3391 1148 3477; x_wconf 85' lang='lat' dir='ltr'><strong>Paroeciae,</strong></span> <span class='ocrx_word' id='word_1_194' title='bbox 1296 3411 1370 3460; x_wconf 90' lang='lat' dir='ltr'><strong>ae</strong></span> <span class='ocrx_word' id='word_1_195' title='bbox 1424 3393 1487 3460; x_wconf 89' lang='lat' dir='ltr'><strong>in</strong></span> <span class='ocrx_word' id='word_1_196' title='bbox 1545 3392 1865 3460; x_wconf 89' lang='lat' dir='ltr'><strong>Dominica</strong></span> <span class='ocrx_word' id='word_1_197' title='bbox 1932 3392 2227 3480; x_wconf 82' lang='lat' dir='ltr'><strong>proxime</strong></span> 
     </span>
     <span class='ocr_line' id='line_1_36' title="bbox 646 3480 2222 3550; baseline -0.001 -2"><span class='ocrx_word' id='word_1_198' title='bbox 646 3491 1027 3548; x_wconf 85' lang='lat' dir='ltr'><strong>occurrente</strong></span> <span class='ocrx_word' id='word_1_199' title='bbox 1085 3481 1227 3548; x_wconf 90' lang='lat' dir='ltr'><strong>cele</strong></span> <span class='ocrx_word' id='word_1_200' title='bbox 1277 3480 1581 3549; x_wconf 87' lang='lat' dir='ltr'><strong>rabuntur</strong></span> <span class='ocrx_word' id='word_1_201' title='bbox 1625 3502 1688 3548; x_wconf 82' lang='lat'><strong>».</strong></span> <span class='ocrx_word' id='word_1_202' title='bbox 1739 3486 1826 3549; x_wconf 87' lang='lat' dir='ltr'><strong>lta</strong></span> <span class='ocrx_word' id='word_1_203' title='bbox 1870 3481 2222 3550; x_wconf 89' lang='lat' dir='ltr'><strong>Indultum.</strong></span> 
     </span>
    </p>

    <p class='ocr_par' dir='ltr' id='par_1_10' title="bbox 644 3568 2229 4605">
     <span class='ocr_line' id='line_1_37' title="bbox 779 3568 2227 3658; baseline 0.003 -26"><span class='ocrx_word' id='word_1_204' title='bbox 779 3568 858 3632; x_wconf 81' lang='lat' dir='ltr'><strong>At</strong></span> <span class='ocrx_word' id='word_1_205' title='bbox 887 3587 1043 3634; x_wconf 79' lang='lat' dir='ltr'><strong>vero</strong></span> <span class='ocrx_word' id='word_1_206' title='bbox 1074 3568 1353 3637; x_wconf 89' lang='lat' dir='ltr'><strong>decursu</strong></span> <span class='ocrx_word' id='word_1_207' title='bbox 1385 3569 1689 3658; x_wconf 89' lang='lat' dir='ltr'><strong>temporis</strong></span> <span class='ocrx_word' id='word_1_208' title='bbox 1719 3579 1785 3635; x_wconf 88' lang='lat' dir='ltr'><strong>et</strong></span> <span class='ocrx_word' id='word_1_209' title='bbox 1808 3569 2227 3637; x_wconf 86' lang='lat' dir='ltr'><strong>decrescente</strong></span> 
     </span>
     <span class='ocr_line' id='line_1_38' title="bbox 647 3654 2228 3746; baseline 0.003 -25"><span class='ocrx_word' id='word_1_210' title='bbox 647 3655 713 3723; x_wconf 92' lang='lat' dir='ltr'><strong>in</strong></span> <span class='ocrx_word' id='word_1_211' title='bbox 770 3654 911 3722; x_wconf 87' lang='lat' dir='ltr'><strong>dies</strong></span> <span class='ocrx_word' id='word_1_212' title='bbox 968 3658 1207 3741; x_wconf 89' lang='lat' dir='ltr'><strong>pietate</strong></span> <span class='ocrx_word' id='word_1_213' title='bbox 1253 3656 1543 3725; x_wconf 82' lang='lat' dir='ltr'><strong>fidelium</strong></span> <span class='ocrx_word' id='word_1_214' title='bbox 1595 3678 1666 3725; x_wconf 85' lang='lat' dir='ltr'><strong>ac</strong></span> <span class='ocrx_word' id='word_1_215' title='bbox 1724 3658 2016 3742; x_wconf 83' lang='lat' dir='ltr'><strong>fervore,</strong></span> <span class='ocrx_word' id='word_1_216' title='bbox 2075 3677 2228 3746; x_wconf 89' lang='lat' dir='ltr'><strong>pau-</strong></span> 
     </span>
     <span class='ocr_line' id='line_1_39' title="bbox 647 3741 2228 3815; baseline 0.003 -6"><span class='ocrx_word' id='word_1_217' title='bbox 647 3741 824 3809; x_wconf 90' lang='lat' dir='ltr'><strong>latim</strong></span> <span class='ocrx_word' id='word_1_218' title='bbox 870 3743 935 3809; x_wconf 94' lang='lat' dir='ltr'><strong>in</strong></span> <span class='ocrx_word' id='word_1_219' title='bbox 980 3743 1473 3812; x_wconf 88' lang='lat' dir='ltr'><strong>desuetudinem</strong></span> <span class='ocrx_word' id='word_1_220' title='bbox 1506 3747 1682 3813; x_wconf 86' lang='lat' dir='ltr'><strong>venit</strong></span> <span class='ocrx_word' id='word_1_221' title='bbox 1712 3747 2058 3815; x_wconf 88' lang='lat' dir='ltr'><strong>celebratio</strong></span> <span class='ocrx_word' id='word_1_222' title='bbox 2089 3747 2228 3813; x_wconf 73' lang='lat' dir='ltr'><strong>Mis-</strong></span> 
     </span>
     <span class='ocr_line' id='line_1_40' title="bbox 646 3832 2227 3924; baseline 0.003 -27"><span class='ocrx_word' id='word_1_223' title='bbox 646 3849 753 3897; x_wconf 89' lang='lat' dir='ltr'><strong>sae</strong></span> <span class='ocrx_word' id='word_1_224' title='bbox 799 3848 947 3898; x_wconf 89' lang='lat' dir='ltr'><strong>cum</strong></span> <span class='ocrx_word' id='word_1_225' title='bbox 994 3842 1180 3899; x_wconf 88' lang='lat' dir='ltr'><strong>cantu</strong></span> <span class='ocrx_word' id='word_1_226' title='bbox 1213 3832 1276 3898; x_wconf 94' lang='lat' dir='ltr'><strong>in</strong></span> <span class='ocrx_word' id='word_1_227' title='bbox 1307 3834 1531 3917; x_wconf 76' lang='lat' dir='ltr'><strong>Festis,</strong></span> <span class='ocrx_word' id='word_1_228' title='bbox 1565 3852 1728 3920; x_wconf 84' lang='lat' dir='ltr'><strong>quae</strong></span> <span class='ocrx_word' id='word_1_229' title='bbox 1760 3833 1841 3900; x_wconf 89' lang='lat' dir='ltr'><strong>de</strong></span> <span class='ocrx_word' id='word_1_230' title='bbox 1884 3854 2111 3924; x_wconf 86' lang='lat' dir='ltr'><strong>praece</strong></span> <span class='ocrx_word' id='word_1_231' title='bbox 2165 3847 2227 3902; x_wconf 94' lang='lat' dir='ltr'><strong>to</strong></span> 
     </span>
     <span class='ocr_line' id='line_1_41' title="bbox 649 3919 2226 3990; baseline 0.003 -4"><span class='ocrx_word' id='word_1_232' title='bbox 649 3938 785 3986; x_wconf 91' lang='lat' dir='ltr'><strong>esse</strong></span> <span class='ocrx_word' id='word_1_233' title='bbox 832 3919 1185 3988; x_wconf 73' lang='lat' dir='ltr'><strong>desierantz</strong></span> <span class='ocrx_word' id='word_1_234' title='bbox 1221 3940 1368 3988; x_wconf 90' lang='lat' dir='ltr'><strong>cum</strong></span> <span class='ocrx_word' id='word_1_235' title='bbox 1402 3921 1574 3988; x_wconf 90' lang='lat' dir='ltr'><strong>enim</strong></span> <span class='ocrx_word' id='word_1_236' title='bbox 1623 3922 2039 3990; x_wconf 84' lang='lat' dir='ltr'><strong>cessavissent</strong></span> <span class='ocrx_word' id='word_1_237' title='bbox 2068 3922 2110 3990; x_wconf 83' lang='lat' dir='ltr'>fi</span> <span class='ocrx_word' id='word_1_238' title='bbox 2162 3943 2226 3990; x_wconf 90' lang='lat' dir='ltr'><strong>e·</strong></span> 
     </span>
     <span class='ocr_line' id='line_1_42' title="bbox 646 4007 2229 4098; baseline 0.003 -24"><span class='ocrx_word' id='word_1_239' title='bbox 646 4009 741 4074; x_wconf 91' lang='lat' dir='ltr'><strong>les</strong></span> <span class='ocrx_word' id='word_1_240' title='bbox 785 4007 959 4077; x_wconf 89' lang='lat' dir='ltr'><strong>hisce</strong></span> <span class='ocrx_word' id='word_1_241' title='bbox 1004 4008 1232 4077; x_wconf 88' lang='lat' dir='ltr'><strong>diebus</strong></span> <span class='ocrx_word' id='word_1_242' title='bbox 1277 4011 1464 4079; x_wconf 85' lang='lat' dir='ltr'><strong>Sacro</strong></span> <span class='ocrx_word' id='word_1_243' title='bbox 1510 4008 1827 4094; x_wconf 85' lang='lat' dir='ltr'><strong>assistere,</strong></span> <span class='ocrx_word' id='word_1_244' title='bbox 1861 4029 2077 4098; x_wconf 90' lang='lat' dir='ltr'><strong>neque</strong></span> <span class='ocrx_word' id='word_1_245' title='bbox 2116 4030 2229 4078; x_wconf 90' lang='lat' dir='ltr'><strong>ne-</strong></span> 
     </span>
     <span class='ocr_line' id='line_1_43' title="bbox 647 4096 2225 4184; baseline 0.003 -21"><span class='ocrx_word' id='word_1_246' title='bbox 647 4096 992 4163; x_wconf 90' lang='lat' dir='ltr'><strong>cessarium</strong></span> <span class='ocrx_word' id='word_1_247' title='bbox 1052 4115 1263 4184; x_wconf 83' lang='lat' dir='ltr'><strong>neque</strong></span> <span class='ocrx_word' id='word_1_248' title='bbox 1324 4096 1513 4164; x_wconf 84' lang='lat' dir='ltr'><strong>etiam</strong></span> <span class='ocrx_word' id='word_1_249' title='bbox 1572 4097 1732 4164; x_wconf 91' lang='lat' dir='ltr'><strong>utile</strong></span> <span class='ocrx_word' id='word_1_250' title='bbox 1775 4102 2061 4166; x_wconf 87' lang='lat' dir='ltr'><strong>Pastores</strong></span> <span class='ocrx_word' id='word_1_251' title='bbox 2105 4099 2225 4167; x_wconf 87' lang='lat' dir='ltr'><strong>‹lu-</strong></span> 
     </span>
     <span class='ocr_line' id='line_1_44' title="bbox 647 4183 2222 4255; baseline 0.004 -6"><span class='ocrx_word' id='word_1_252' title='bbox 647 4195 882 4251; x_wconf 84' lang='lat' dir='ltr'><strong>xerunt</strong></span> <span class='ocrx_word' id='word_1_253' title='bbox 927 4183 1170 4252; x_wconf 69' lang='lat' dir='ltr'><strong>Missam</strong></span> <span class='ocrx_word' id='word_1_254' title='bbox 1218 4197 1490 4254; x_wconf 88' lang='lat' dir='ltr'><strong>cantare.</strong></span> <span class='ocrx_word' id='word_1_255' title='bbox 1544 4185 1661 4254; x_wconf 82' lang='lat' dir='ltr'><strong>Vix</strong></span> <span class='ocrx_word' id='word_1_256' title='bbox 1709 4204 1879 4254; x_wconf 90' lang='lat' dir='ltr'><strong>nunc</strong></span> <span class='ocrx_word' id='word_1_257' title='bbox 1941 4198 2092 4255; x_wconf 92' lang='lat' dir='ltr'><strong>sunt</strong></span> <span class='ocrx_word' id='word_1_258' title='bbox 2147 4207 2222 4254; x_wconf 81' lang='lat' dir='ltr'><strong>ex</strong></span> 
     </span>
     <span class='ocr_line' id='line_1_45' title="bbox 645 4272 2229 4362; baseline 0.003 -23"><span class='ocrx_word' id='word_1_259' title='bbox 645 4272 846 4339; x_wconf 79' lang='lat' dir='ltr'><strong>Festis</strong></span> <span class='ocrx_word' id='word_1_260' title='bbox 888 4272 1244 4362; x_wconf 84' lang='lat' dir='ltr'><strong>suppressis</strong></span> <span class='ocrx_word' id='word_1_261' title='bbox 1289 4274 1407 4341; x_wconf 85' lang='lat' dir='ltr'><strong>tria</strong></span> <span class='ocrx_word' id='word_1_262' title='bbox 1437 4274 1540 4342; x_wconf 82' lang='lat' dir='ltr'><strong>vel</strong></span> <span class='ocrx_word' id='word_1_263' title='bbox 1571 4285 1866 4361; x_wconf 82' lang='lat' dir='ltr'><strong>quatuor,</strong></span> <span class='ocrx_word' id='word_1_264' title='bbox 1902 4274 1967 4342; x_wconf 90' lang='lat' dir='ltr'><strong>in</strong></span> <span class='ocrx_word' id='word_1_265' title='bbox 1998 4275 2229 4362; x_wconf 83' lang='lat' dir='ltr'><strong>quibus</strong></span> 
     </span>
     <span class='ocr_line' id='line_1_46' title="bbox 647 4361 2229 4462; baseline 0.001 -34"><span class='ocrx_word' id='word_1_266' title='bbox 647 4361 793 4448; x_wconf 86' lang='lat' dir='ltr'><strong>plus</strong></span> <span class='ocrx_word' id='word_1_267' title='bbox 840 4361 1129 4429; x_wconf 86' lang='lat' dir='ltr'><strong>minusve</strong></span> <span class='ocrx_word' id='word_1_268' title='bbox 1177 4361 1478 4449; x_wconf 76' lang='lat' dir='ltr'><strong>frequens</strong></span> <span class='ocrx_word' id='word_1_269' title='bbox 1524 4364 1799 4462; x_wconf 88' lang='lat' dir='ltr'><strong>populus</strong></span> <span class='ocrx_word' id='word_1_270' title='bbox 1845 4363 1908 4430; x_wconf 93' lang='lat' dir='ltr'><strong>in</strong></span> <span class='ocrx_word' id='word_1_271' title='bbox 1939 4362 2229 4432; x_wconf 89' lang='lat' dir='ltr'><strong>Dioecesi</strong></span> 
     </span>
     <span class='ocr_line' id='line_1_47' title="bbox 644 4448 2223 4549; baseline 0.003 -33"><span class='ocrx_word' id='word_1_272' title='bbox 644 4448 1028 4549; x_wconf 80' lang='lat' dir='ltr'><strong>Lingonensi</strong></span> <span class='ocrx_word' id='word_1_273' title='bbox 1098 4451 1287 4518; x_wconf 83' lang='lat' dir='ltr'><strong>Sacro</strong></span> <span class='ocrx_word' id='word_1_274' title='bbox 1343 4451 1630 4520; x_wconf 79' lang='lat' dir='ltr'><strong>adstandt</strong></span> <span class='ocrx_word' id='word_1_275' title='bbox 1688 4451 2223 4520; x_wconf 88' lang='lat' dir='ltr'><strong>consuetudinem</strong></span> 
     </span>
     <span class='ocr_line' id='line_1_48' title="bbox 647 4538 1016 4605; baseline 0.008 -3"><span class='ocrx_word' id='word_1_276' title='bbox 647 4538 1016 4605; x_wconf 83' lang='lat' dir='ltr'><strong>retinuerit.</strong></span> 
     </span>
    </p>

    <p class='ocr_par' dir='ltr' id='par_1_11' title="bbox 644 4625 2227 4781">
     <span class='ocr_line' id='line_1_49' title="bbox 751 4625 2227 4780; baseline 0.005 -89"><span class='ocrx_word' id='word_1_277' title='bbox 751 4625 882 4780; x_wconf 81' lang='lat' dir='ltr'><strong>¹His</strong></span> <span class='ocrx_word' id='word_1_278' title='bbox 927 4626 1253 4714; x_wconf 80' lang='lat' dir='ltr'><strong>expositis,</strong></span> <span class='ocrx_word' id='word_1_279' title='bbox 1302 4640 1686 4697; x_wconf 87' lang='lat' dir='ltr'><strong>memoratus</strong></span> <span class='ocrx_word' id='word_1_280' title='bbox 1730 4628 2083 4719; x_wconf 87' lang='lat' dir='ltr'><strong>Episcopus</strong></span> <span class='ocrx_word' id='word_1_281' title='bbox 2113 4647 2227 4717; x_wconf 89' lang='lat' dir='ltr'><strong>po·</strong></span> 
     </span>
     <span class='ocr_line' id='line_1_50' title="bbox 644 4725 940 4781; baseline 0.003 -1"><span class='ocrx_word' id='word_1_282' title='bbox 644 4725 749 4781; x_wconf 89' lang='lat' dir='ltr'><strong>stu</strong></span> <span class='ocrx_word' id='word_1_283' title='bbox 775 4726 940 4781; x_wconf 78' lang='lat' dir='ltr'><strong>avit:</strong></span> 
     </span>
    </p>

    <p class='ocr_par' dir='ltr' id='par_1_12' title="bbox 643 4803 2224 5053">
     <span class='ocr_line' id='line_1_51' title="bbox 783 4803 2223 4893; baseline 0.003 -24"><span class='ocrx_word' id='word_1_284' title='bbox 783 4806 843 4869; x_wconf 88' lang='grc'><strong>1.</strong></span> <span class='ocrx_word' id='word_1_285' title='bbox 888 4807 988 4871; x_wconf 76' lang='lat' dir='ltr'><strong>An</strong></span> <span class='ocrx_word' id='word_1_286' title='bbox 1031 4804 1321 4873; x_wconf 88' lang='lat' dir='ltr'><strong>Parochis</strong></span> <span class='ocrx_word' id='word_1_287' title='bbox 1369 4803 1613 4874; x_wconf 90' lang='lat' dir='ltr'><strong>licitum</strong></span> <span class='ocrx_word' id='word_1_288' title='bbox 1640 4805 1721 4872; x_wconf 89' lang='lat' dir='ltr'><strong>sit</strong></span> <span class='ocrx_word' id='word_1_289' title='bbox 1751 4805 1818 4874; x_wconf 92' lang='lat' dir='ltr'><strong>in</strong></span> <span class='ocrx_word' id='word_1_290' title='bbox 1846 4807 2045 4873; x_wconf 84' lang='lat' dir='ltr'><strong>Festis</strong></span> <span class='ocrx_word' id='word_1_291' title='bbox 2075 4824 2223 4893; x_wconf 89' lang='lat' dir='ltr'><strong>sup-</strong></span> 
     </span>
     <span class='ocr_line' id='line_1_52' title="bbox 645 4892 2224 4982; baseline 0.003 -26"><span class='ocrx_word' id='word_1_292' title='bbox 645 4892 879 4978; x_wconf 89' lang='lat' dir='ltr'><strong>pressis</strong></span> <span class='ocrx_word' id='word_1_293' title='bbox 926 4911 1054 4962; x_wconf 93' lang='lat' dir='ltr'><strong>non</strong></span> <span class='ocrx_word' id='word_1_294' title='bbox 1099 4904 1349 4960; x_wconf 89' lang='lat' dir='ltr'><strong>cantare</strong></span> <span class='ocrx_word' id='word_1_295' title='bbox 1395 4894 1662 4981; x_wconf 70' lang='lat' dir='ltr'><strong>mssam,</strong></span> <span class='ocrx_word' id='word_1_296' title='bbox 1712 4894 2104 4982; x_wconf 85' lang='lat' dir='ltr'><strong>ubicumque</strong></span> <span class='ocrx_word' id='word_1_297' title='bbox 2132 4916 2224 4961; x_wconf 89' lang='lat' dir='ltr'><strong>as-</strong></span> 
     </span>
     <span class='ocr_line' id='line_1_53' title="bbox 643 4979 1980 5053; baseline 0.005 -9"><span class='ocrx_word' id='word_1_298' title='bbox 643 4979 910 5047; x_wconf 88' lang='lat' dir='ltr'><strong>sistendi</strong></span> <span class='ocrx_word' id='word_1_299' title='bbox 956 4980 1144 5049; x_wconf 89' lang='lat' dir='ltr'><strong>desiit</strong></span> <span class='ocrx_word' id='word_1_300' title='bbox 1190 4981 1481 5050; x_wconf 80' lang='lat' dir='ltr'><strong>fidelium</strong></span> <span class='ocrx_word' id='word_1_301' title='bbox 1526 4980 1980 5053; x_wconf 72' lang='lat' dir='ltr'><strong>consuetudo?</strong></span> 
     </span>
    </p>

    <p class='ocr_par' dir='ltr' id='par_1_13' title="bbox 642 5072 2228 5418">
     <span class='ocr_line' id='line_1_54' title="bbox 777 5072 2227 5159; baseline 0.001 -23"><span class='ocrx_word' id='word_1_302' title='bbox 777 5072 846 5136; x_wconf 80' lang='lat'><strong>2.</strong></span> <span class='ocrx_word' id='word_1_303' title='bbox 895 5074 990 5150; x_wconf 76' lang='lat' dir='ltr'><strong>An</strong></span> <span class='ocrx_word' id='word_1_304' title='bbox 1050 5089 1166 5159; x_wconf 92' lang='lat' dir='ltr'><strong>pro</strong></span> <span class='ocrx_word' id='word_1_305' title='bbox 1234 5073 1419 5139; x_wconf 75' lang='lat' dir='ltr'><strong>Festo</strong></span> <span class='ocrx_word' id='word_1_306' title='bbox 1488 5073 1932 5140; x_wconf 81' lang='lat' dir='ltr'><strong>Immaculatae</strong></span> <span class='ocrx_word' id='word_1_307' title='bbox 1998 5077 2227 5140; x_wconf 86' lang='lat' dir='ltr'><strong>Beatae</strong></span> 
     </span>
     <span class='ocr_line' id='line_1_55' title="bbox 642 5156 2228 5249; baseline 0.003 -27"><span class='ocrx_word' id='word_1_308' title='bbox 642 5156 868 5223; x_wconf 70' lang='lat' dir='ltr'><strong>Mariae</strong></span> <span class='ocrx_word' id='word_1_309' title='bbox 930 5158 1204 5245; x_wconf 86' lang='lat' dir='ltr'><strong>Virginis</strong></span> <span class='ocrx_word' id='word_1_310' title='bbox 1268 5160 1752 5249; x_wconf 85' lang='lat' dir='ltr'><strong>Conceptionis,</strong></span> <span class='ocrx_word' id='word_1_311' title='bbox 1807 5162 1986 5229; x_wconf 89' lang='lat' dir='ltr'><strong>cuius</strong></span> <span class='ocrx_word' id='word_1_312' title='bbox 2053 5161 2228 5229; x_wconf 89' lang='lat' dir='ltr'><strong>Sole·</strong></span> 
     </span>
     <span class='ocr_line' id='line_1_56' title="bbox 643 5243 2228 5317; baseline 0.002 -5"><span class='ocrx_word' id='word_1_313' title='bbox 643 5243 873 5312; x_wconf 89' lang='lat' dir='ltr'><strong>mnitas</strong></span> <span class='ocrx_word' id='word_1_314' title='bbox 917 5265 998 5313; x_wconf 84' lang='lat' dir='ltr'><strong>ex</strong></span> <span class='ocrx_word' id='word_1_315' title='bbox 1043 5268 1072 5312; x_wconf 91' lang='lat' dir='ltr'><strong>s</strong></span> <span class='ocrx_word' id='word_1_316' title='bbox 1122 5246 1299 5317; x_wconf 89' lang='lat' dir='ltr'><strong>eciali</strong></span> <span class='ocrx_word' id='word_1_317' title='bbox 1347 5249 1598 5316; x_wconf 82' lang='lat' dir='ltr'><strong>indulto</strong></span> <span class='ocrx_word' id='word_1_318' title='bbox 1629 5247 1691 5316; x_wconf 92' lang='lat' dir='ltr'><strong>in</strong></span> <span class='ocrx_word' id='word_1_319' title='bbox 1724 5249 2067 5316; x_wconf 88' lang='lat' dir='ltr'><strong>secundam</strong></span> <span class='ocrx_word' id='word_1_320' title='bbox 2108 5253 2228 5315; x_wconf 89' lang='lat' dir='ltr'><strong>Do·</strong></span> 
     </span>
     <span class='ocr_line' id='line_1_57' title="bbox 645 5332 2223 5418; baseline 0.001 -18"><span class='ocrx_word' id='word_1_321' title='bbox 645 5332 941 5418; x_wconf 82' lang='lat' dir='ltr'><strong>minicam</strong></span> <span class='ocrx_word' id='word_1_322' title='bbox 1000 5337 1051 5401; x_wconf 81' lang='lat' dir='ltr'>A</span> <span class='ocrx_word' id='word_1_323' title='bbox 1101 5344 1331 5401; x_wconf 85' lang='lat' dir='ltr'><strong>ventus</strong></span> <span class='ocrx_word' id='word_1_324' title='bbox 1395 5337 1769 5405; x_wconf 76' lang='lat' dir='ltr'><strong>transfertur</strong></span> <span class='ocrx_word' id='word_1_325' title='bbox 1813 5336 1880 5404; x_wconf 94' lang='lat' dir='ltr'><strong>in</strong></span> <span class='ocrx_word' id='word_1_326' title='bbox 1937 5338 2223 5403; x_wconf 87' lang='lat' dir='ltr'><strong>Dioecesi</strong></span> 
     </span>
    </p>
   </div>
   <div class='ocr_carea' id='block_1_5' title="bbox 2339 392 3961 1611">
    <p class='ocr_par' dir='ltr' id='par_1_14' title="bbox 2343 392 3959 902">
     <span class='ocr_line' id='line_1_58' title="bbox 2344 392 3959 482; baseline -0.002 -22"><span class='ocrx_word' id='word_1_327' title='bbox 2344 392 2756 482; x_wconf 81' lang='lat' dir='ltr'><strong>Lingonensi,</strong></span> <span class='ocrx_word' id='word_1_328' title='bbox 2804 392 3035 461; x_wconf 89' lang='lat' dir='ltr'><strong>eodem</strong></span> <span class='ocrx_word' id='word_1_329' title='bbox 3063 394 3657 481; x_wconf 79' lang='lat' dir='ltr'><strong>modo-eadamque</strong></span> <span class='ocrx_word' id='word_1_330' title='bbox 3689 392 3959 460; x_wconf 79' lang='lat' dir='ltr'><strong>ratione</strong></span> 
     </span>
     <span class='ocr_line' id='line_1_59' title="bbox 2346 480 3957 584; baseline -0.002 -36"><span class='ocrx_word' id='word_1_331' title='bbox 2346 494 2569 582; x_wconf 73' lang='lat' dir='ltr'><strong>agatur</strong></span> <span class='ocrx_word' id='word_1_332' title='bbox 2590 531 2607 566; x_wconf 95' lang='lat'><strong>,</strong></span> <span class='ocrx_word' id='word_1_333' title='bbox 2655 502 2726 549; x_wconf 85' lang='lat' dir='ltr'><strong>ac</strong></span> <span class='ocrx_word' id='word_1_334' title='bbox 2772 501 2888 584; x_wconf 84' lang='lat' dir='ltr'><strong>pro</strong></span> <span class='ocrx_word' id='word_1_335' title='bbox 2934 486 3121 550; x_wconf 84' lang='lat' dir='ltr'><strong>Festo</strong></span> <span class='ocrx_word' id='word_1_336' title='bbox 3180 481 3569 572; x_wconf 86' lang='lat' dir='ltr'><strong>Epiphaniae</strong></span> <span class='ocrx_word' id='word_1_337' title='bbox 3593 529 3612 565; x_wconf 89' lang='lat'><strong>,</strong></span> <span class='ocrx_word' id='word_1_338' title='bbox 3662 480 3957 551; x_wconf 81' lang='lat' dir='ltr'><strong>Sanctis·</strong></span> 
     </span>
     <span class='ocr_line' id='line_1_60' title="bbox 2343 568 3959 658; baseline -0.002 -23"><span class='ocrx_word' id='word_1_339' title='bbox 2343 569 2484 636; x_wconf 82' lang='lat' dir='ltr'><strong>srmi</strong></span> <span class='ocrx_word' id='word_1_340' title='bbox 2543 573 2841 658; x_wconf 84' lang='lat' dir='ltr'><strong>corporis</strong></span> <span class='ocrx_word' id='word_1_341' title='bbox 2898 568 3133 637; x_wconf 86' lang='lat' dir='ltr'><strong>Christi</strong></span> <span class='ocrx_word' id='word_1_342' title='bbox 3180 581 3337 650; x_wconf 87' lang='lat' dir='ltr'><strong>etc.;</strong></span> <span class='ocrx_word' id='word_1_343' title='bbox 3387 581 3458 638; x_wconf 90' lang='lat' dir='ltr'><strong>ut</strong></span> <span class='ocrx_word' id='word_1_344' title='bbox 3515 571 3780 638; x_wconf 87' lang='lat' dir='ltr'><strong>scilicet</strong></span> <span class='ocrx_word' id='word_1_345' title='bbox 3847 568 3959 634; x_wconf 88' lang='lat' dir='ltr'><strong>die</strong></span> 
     </span>
     <span class='ocr_line' id='line_1_61' title="bbox 2344 657 3957 739; baseline -0.002 -14"><span class='ocrx_word' id='word_1_346' title='bbox 2344 657 2728 726; x_wconf 84' lang='lat' dir='ltr'><strong>incidentiae</strong></span> <span class='ocrx_word' id='word_1_347' title='bbox 2782 659 3024 726; x_wconf 73' lang='lat' dir='ltr'><strong>Missam</strong></span> <span class='ocrx_word' id='word_1_348' title='bbox 3095 670 3349 727; x_wconf 80' lang='lat' dir='ltr'><strong>cantare</strong></span> <span class='ocrx_word' id='word_1_349' title='bbox 3410 677 3537 727; x_wconf 92' lang='lat' dir='ltr'><strong>non</strong></span> <span class='ocrx_word' id='word_1_350' title='bbox 3609 667 3957 739; x_wconf 85' lang='lat' dir='ltr'><strong>teneatur,</strong></span> 
     </span>
     <span class='ocr_line' id='line_1_62' title="bbox 2343 745 3959 902; baseline -0.002 -89"><span class='ocrx_word' id='word_1_351' title='bbox 2343 764 2490 900; x_wconf 61' lang='lat' dir='ltr'><strong>pum</strong></span> <span class='ocrx_word' id='word_1_352' title='bbox 2521 746 2608 901; x_wconf 48' lang='lat' dir='ltr'><strong>sit·</strong></span> <span class='ocrx_word' id='word_1_353' title='bbox 2631 746 2699 902; x_wconf 56' lang='lat' dir='ltr'><strong>ip</strong></span> <span class='ocrx_word' id='word_1_354' title='bbox 2731 745 3017 837; x_wconf 86' lang='lat' dir='ltr'><strong>proxima</strong></span> <span class='ocrx_word' id='word_1_355' title='bbox 3058 746 3805 842; x_wconf 33' lang='lat' dir='ltr'><strong>Dominica—peragenda</strong></span> <span class='ocrx_word' id='word_1_356' title='bbox 3842 748 3959 811; x_wconf 85' lang='lat' dir='ltr'><strong>So-</strong></span> 
     </span>
     <span class='ocr_line' id='line_1_63' title="bbox 2374 851 2793 901; baseline 0 -1"><span class='ocrx_word' id='word_1_357' title='bbox 2374 851 2544 901; x_wconf 87' lang='lat' dir='ltr'><strong>emm</strong></span> <span class='ocrx_word' id='word_1_358' title='bbox 2610 855 2640 900; x_wconf 91' lang='lat' dir='ltr'><strong>s</strong></span> <span class='ocrx_word' id='word_1_359' title='bbox 2783 852 2793 859; x_wconf 90' lang='lat'><strong>·</strong></span> 
     </span>
    </p>

    <p class='ocr_par' dir='ltr' id='par_1_15' title="bbox 2339 921 3961 1538">
     <span class='ocr_line' id='line_1_64' title="bbox 2474 921 3961 1023; baseline -0.002 -32"><span class='ocrx_word' id='word_1_360' title='bbox 2474 924 2659 991; x_wconf 85' lang='lat' dir='ltr'><strong>Sacra</strong></span> <span class='ocrx_word' id='word_1_361' title='bbox 2703 942 2859 994; x_wconf 77' lang='lat' dir='ltr'><strong>vero</strong></span> <span class='ocrx_word' id='word_1_362' title='bbox 2905 922 3164 994; x_wconf 83' lang='lat' dir='ltr'><strong>Rituum</strong></span> <span class='ocrx_word' id='word_1_363' title='bbox 3210 921 3665 1012; x_wconf 84' lang='lat' dir='ltr'><strong>congregatio,</strong></span> <span class='ocrx_word' id='word_1_364' title='bbox 3716 931 3961 1023; x_wconf 79' lang='lat' dir='ltr'><strong>postu·</strong></span> 
     </span>
     <span class='ocr_line' id='line_1_65' title="bbox 2343 1009 3957 1112; baseline -0.001 -36"><span class='ocrx_word' id='word_1_365' title='bbox 2343 1009 2677 1078; x_wconf 86' lang='lat' dir='ltr'><strong>lationibus</strong></span> <span class='ocrx_word' id='word_1_366' title='bbox 2724 1010 2875 1112; x_wconf 84' lang='lat' dir='ltr'><strong>ipsis</strong></span> <span class='ocrx_word' id='word_1_367' title='bbox 2918 1032 2953 1077; x_wconf 87' lang='lat' dir='ltr'><strong>a</strong></span> <span class='ocrx_word' id='word_1_368' title='bbox 2996 1012 3352 1099; x_wconf 84' lang='lat' dir='ltr'><strong>subscripto</strong></span> <span class='ocrx_word' id='word_1_369' title='bbox 3411 1014 3785 1079; x_wconf 80' lang='lat' dir='ltr'><strong>secretario</strong></span> <span class='ocrx_word' id='word_1_370' title='bbox 3852 1028 3957 1075; x_wconf 85' lang='lat' dir='ltr'><strong>re·</strong></span> 
     </span>
     <span class='ocr_line' id='line_1_66' title="bbox 2342 1097 3957 1183; baseline -0.001 -19"><span class='ocrx_word' id='word_1_371' title='bbox 2342 1097 2519 1183; x_wconf 86' lang='lat' dir='ltr'><strong>latis,</strong></span> <span class='ocrx_word' id='word_1_372' title='bbox 2568 1097 3053 1168; x_wconf 85' lang='lat' dir='ltr'><strong>rescribendum</strong></span> <span class='ocrx_word' id='word_1_373' title='bbox 3110 1100 3396 1167; x_wconf 82' lang='lat' dir='ltr'><strong>censuit:</strong></span> <span class='ocrx_word' id='word_1_374' title='bbox 3462 1118 3501 1164; x_wconf 64' lang='grc' dir='ltr'><strong>α</strong></span> <span class='ocrx_word' id='word_1_375' title='bbox 3534 1097 3957 1166; x_wconf 79' lang='lat' dir='ltr'><strong>observetur</strong></span> 
     </span>
     <span class='ocr_line' id='line_1_67' title="bbox 2342 1184 3955 1275; baseline -0.002 -22"><span class='ocrx_word' id='word_1_376' title='bbox 2342 1185 2667 1255; x_wconf 84' lang='lat' dir='ltr'><strong>Indultum</strong></span> <span class='ocrx_word' id='word_1_377' title='bbox 2714 1186 3061 1256; x_wconf 75' lang='lat' dir='ltr'><strong>cardinalis</strong></span> <span class='ocrx_word' id='word_1_378' title='bbox 3118 1190 3418 1275; x_wconf 57' lang='grc' dir='ltr'><strong>(Ἀρι-1ης</strong></span> <span class='ocrx_word' id='word_1_379' title='bbox 3464 1206 3533 1253; x_wconf 83' lang='lat' dir='ltr'><strong>ac</strong></span> <span class='ocrx_word' id='word_1_380' title='bbox 3596 1184 3955 1273; x_wconf 78' lang='lat' dir='ltr'><strong>responsio</strong></span> 
     </span>
     <span class='ocr_line' id='line_1_68' title="bbox 2340 1273 3955 1363; baseline -0.003 -21"><span class='ocrx_word' id='word_1_381' title='bbox 2340 1276 2591 1343; x_wconf 86' lang='lat' dir='ltr'><strong>Sacrae·</strong></span> <span class='ocrx_word' id='word_1_382' title='bbox 2621 1275 2911 1344; x_wconf 87' lang='lat' dir='ltr'><strong>eiusdem</strong></span> <span class='ocrx_word' id='word_1_383' title='bbox 2970 1273 3490 1363; x_wconf 84' lang='lat' dir='ltr'><strong>Congregationis</strong></span> <span class='ocrx_word' id='word_1_384' title='bbox 3533 1274 3611 1341; x_wconf 90' lang='lat' dir='ltr'><strong>ad</strong></span> <span class='ocrx_word' id='word_1_385' title='bbox 3660 1273 3955 1342; x_wconf 88' lang='lat' dir='ltr'><strong>dubium</strong></span> 
     </span>
     <span class='ocr_line' id='line_1_69' title="bbox 2339 1361 3954 1450; baseline -0.002 -21"><span class='ocrx_word' id='word_1_386' title='bbox 2339 1374 2638 1448; x_wconf 84' lang='lat' dir='ltr'><strong>quartum</strong></span> <span class='ocrx_word' id='word_1_387' title='bbox 2665 1363 2726 1430; x_wconf 92' lang='lat' dir='ltr'><strong>in</strong></span> <span class='ocrx_word' id='word_1_388' title='bbox 2751 1363 3060 1450; x_wconf 75' lang='lat' dir='ltr'><strong>Aquilana</strong></span> <span class='ocrx_word' id='word_1_389' title='bbox 3090 1363 3218 1434; x_wconf 88' lang='lat' dir='ltr'><strong>diei</strong></span> <span class='ocrx_word' id='word_1_390' title='bbox 3248 1368 3329 1433; x_wconf 87' lang='grc'><strong>18</strong></span> <span class='ocrx_word' id='word_1_391' title='bbox 3348 1361 3636 1431; x_wconf 87' lang='lat' dir='ltr'><strong>Octobris</strong></span> <span class='ocrx_word' id='word_1_392' title='bbox 3666 1365 3858 1432; x_wconf 87' lang='grc'><strong>1818</strong></span> <span class='ocrx_word' id='word_1_393' title='bbox 3886 1385 3954 1426; x_wconf 79' lang='lat'><strong>›.</strong></span> 
     </span>
     <span class='ocr_line' id='line_1_70' title="bbox 2340 1450 3081 1538; baseline 0.003 -23"><span class='ocrx_word' id='word_1_394' title='bbox 2340 1450 2551 1538; x_wconf 78' lang='lat' dir='ltr'><strong>Atque</strong></span> <span class='ocrx_word' id='word_1_395' title='bbox 2597 1450 2681 1518; x_wconf 93' lang='lat' dir='ltr'><strong>ita</strong></span> <span class='ocrx_word' id='word_1_396' title='bbox 2730 1471 2828 1521; x_wconf 87' lang='lat' dir='ltr'><strong>res</strong></span> <span class='ocrx_word' id='word_1_397' title='bbox 2916 1451 3081 1520; x_wconf 88' lang='lat' dir='ltr'><strong>ndit.</strong></span> 
     </span>
    </p>

    <p class='ocr_par' dir='ltr' id='par_1_16' title="bbox 2469 1539 3326 1611">
     <span class='ocr_line' id='line_1_71' title="bbox 2469 1539 3326 1611; baseline 0 -6"><span class='ocrx_word' id='word_1_398' title='bbox 2469 1539 2583 1608; x_wconf 89' lang='lat' dir='ltr'><strong>Die</strong></span> <span class='ocrx_word' id='word_1_399' title='bbox 2628 1544 2713 1611; x_wconf 73' lang='lat'><strong>29</strong></span> <span class='ocrx_word' id='word_1_400' title='bbox 2758 1544 2846 1607; x_wconf 83' lang='lat' dir='ltr'><strong>Fe</strong></span> <span class='ocrx_word' id='word_1_401' title='bbox 2892 1540 3083 1608; x_wconf 88' lang='lat' dir='ltr'><strong>ruarii</strong></span> <span class='ocrx_word' id='word_1_402' title='bbox 3134 1545 3326 1609; x_wconf 89' lang='grc'><strong>1868.</strong></span> 
     </span>
    </p>
   </div>
   <div class='ocr_carea' id='block_1_6' title="bbox 2339 1678 2583 1751">
    <p class='ocr_par' dir='ltr' id='par_1_17' title="bbox 2339 1678 2583 1751">
     <span class='ocr_line' id='line_1_72' title="bbox 2339 1678 2583 1751; baseline -0.004 -4"><span class='ocrx_word' id='word_1_403' title='bbox 2339 1678 2583 1751; x_wconf 80' lang='grc'><strong>3167.</strong></span> 
     </span>
    </p>
   </div>
   <div class='ocr_carea' id='block_1_7' title="bbox 2328 1805 3947 3902">
    <p class='ocr_par' dir='ltr' id='par_1_18' title="bbox 2329 1805 3947 3478">
     <span class='ocr_line' id='line_1_73' title="bbox 2472 1805 3947 1893; baseline 0.001 -24"><span class='ocrx_word' id='word_1_404' title='bbox 2472 1805 2664 1870; x_wconf 71' lang='lat' dir='ltr'><strong>amus</strong></span> <span class='ocrx_word' id='word_1_405' title='bbox 2686 1806 2761 1869; x_wconf 87' lang='lat' dir='ltr'><strong>D.</strong></span> <span class='ocrx_word' id='word_1_406' title='bbox 2796 1806 3057 1872; x_wconf 84' lang='lat' dir='ltr'><strong>loannes</strong></span> <span class='ocrx_word' id='word_1_407' title='bbox 3085 1805 3391 1891; x_wconf 81' lang='lat' dir='ltr'><strong>Iosephus</strong></span> <span class='ocrx_word' id='word_1_408' title='bbox 3422 1807 3755 1893; x_wconf 81' lang='lat' dir='ltr'><strong>Aragones</strong></span> <span class='ocrx_word' id='word_1_409' title='bbox 3782 1805 3947 1893; x_wconf 86' lang='lat' dir='ltr'><strong>Epi-</strong></span> 
     </span>
     <span class='ocr_line' id='line_1_74' title="bbox 2336 1890 3947 1990; baseline 0.001 -32"><span class='ocrx_word' id='word_1_410' title='bbox 2336 1909 2567 1990; x_wconf 86' lang='lat' dir='ltr'><strong>scopus</strong></span> <span class='ocrx_word' id='word_1_411' title='bbox 2611 1893 2821 1958; x_wconf 82' lang='lat' dir='ltr'><strong>Novae</strong></span> <span class='ocrx_word' id='word_1_412' title='bbox 2867 1890 3176 1978; x_wconf 88' lang='lat' dir='ltr'><strong>Segohiae</strong></span> <span class='ocrx_word' id='word_1_413' title='bbox 3211 1891 3507 1979; x_wconf 74' lang='lat' dir='ltr'><strong>exposuit</strong></span> <span class='ocrx_word' id='word_1_414' title='bbox 3554 1911 3751 1961; x_wconf 83' lang='lat' dir='ltr'><strong>usum</strong></span> <span class='ocrx_word' id='word_1_415' title='bbox 3784 1912 3947 1980; x_wconf 86' lang='lat' dir='ltr'><strong>per·</strong></span> 
     </span>
     <span class='ocr_line' id='line_1_75' title="bbox 2338 1978 3947 2066; baseline 0.001 -20"><span class='ocrx_word' id='word_1_416' title='bbox 2338 1990 2668 2066; x_wconf 82' lang='lat' dir='ltr'><strong>antiquum</strong></span> <span class='ocrx_word' id='word_1_417' title='bbox 2733 1997 2872 2046; x_wconf 88' lang='lat' dir='ltr'><strong>esse</strong></span> <span class='ocrx_word' id='word_1_418' title='bbox 2933 1978 3001 2046; x_wconf 92' lang='lat' dir='ltr'><strong>in</strong></span> <span class='ocrx_word' id='word_1_419' title='bbox 3064 1978 3347 2047; x_wconf 90' lang='lat' dir='ltr'><strong>Dioecesi</strong></span> <span class='ocrx_word' id='word_1_420' title='bbox 3408 2000 3518 2048; x_wconf 86' lang='lat' dir='ltr'><strong>sua</strong></span> <span class='ocrx_word' id='word_1_421' title='bbox 3581 1980 3947 2048; x_wconf 82' lang='lat' dir='ltr'><strong>deferendi</strong></span> 
     </span>
     <span class='ocr_line' id='line_1_76' title="bbox 2338 2065 3945 2156; baseline 0.001 -21"><span class='ocrx_word' id='word_1_422' title='bbox 2338 2066 2786 2137; x_wconf 79' lang='lat' dir='ltr'><strong>baldachinum</strong></span> <span class='ocrx_word' id='word_1_423' title='bbox 2850 2065 2914 2133; x_wconf 92' lang='lat' dir='ltr'><strong>in</strong></span> <span class='ocrx_word' id='word_1_424' title='bbox 2976 2067 3507 2152; x_wconf 70' lang='lat' dir='ltr'><strong>processionibus,</strong></span> <span class='ocrx_word' id='word_1_425' title='bbox 3566 2070 3631 2135; x_wconf 93' lang='lat' dir='ltr'><strong>in</strong></span> <span class='ocrx_word' id='word_1_426' title='bbox 3694 2069 3945 2156; x_wconf 81' lang='lat' dir='ltr'><strong>quibus</strong></span> 
     </span>
     <span class='ocr_line' id='line_1_77' title="bbox 2335 2156 3945 2332; baseline 0.002 -23"><span class='ocrx_word' id='word_1_427' title='bbox 2335 2165 2669 2311; x_wconf 58' lang='grc' dir='ltr'><strong>9ξέἑὶὛῖ</strong></span> <span class='ocrx_word' id='word_1_428' title='bbox 2714 2156 3945 2332; x_wconf 56' lang='grc' dir='ltr'><strong>ἓίἓέἕὲιὲζωιὲῖἒῗέ.“ἑοξο.εὲῗῖἓὲ</strong></span> 
     </span>
     <span class='ocr_line' id='line_1_78' title="bbox 2334 2330 3941 2421; baseline -0.001 -22"><span class='ocrx_word' id='word_1_429' title='bbox 2334 2330 2737 2415; x_wconf 82' lang='lat' dir='ltr'><strong>baldachino,</strong></span> <span class='ocrx_word' id='word_1_430' title='bbox 2783 2333 2897 2399; x_wconf 88' lang='lat' dir='ltr'><strong>sed</strong></span> <span class='ocrx_word' id='word_1_431' title='bbox 2942 2332 3387 2400; x_wconf 86' lang='lat' dir='ltr'><strong>baldachinum</strong></span> <span class='ocrx_word' id='word_1_432' title='bbox 3418 2332 3753 2400; x_wconf 87' lang='lat' dir='ltr'><strong>deferatur</strong></span> <span class='ocrx_word' id='word_1_433' title='bbox 3784 2344 3941 2421; x_wconf 83' lang='lat' dir='ltr'><strong>post</strong></span> 
     </span>
     <span class='ocr_line' id='line_1_79' title="bbox 2339 2421 3939 2506; baseline 0.001 -20"><span class='ocrx_word' id='word_1_434' title='bbox 2339 2421 2498 2487; x_wconf 89' lang='lat' dir='ltr'><strong>illas.</strong></span> <span class='ocrx_word' id='word_1_435' title='bbox 2571 2424 2852 2489; x_wconf 86' lang='lat' dir='ltr'><strong>lamvero</strong></span> <span class='ocrx_word' id='word_1_436' title='bbox 2920 2438 3067 2486; x_wconf 90' lang='lat' dir='ltr'><strong>cum</strong></span> <span class='ocrx_word' id='word_1_437' title='bbox 3134 2440 3217 2486; x_wconf 77' lang='lat' dir='ltr'><strong>ex</strong></span> <span class='ocrx_word' id='word_1_438' title='bbox 3285 2423 3557 2487; x_wconf 88' lang='lat' dir='ltr'><strong>Decreto</strong></span> <span class='ocrx_word' id='word_1_439' title='bbox 3624 2421 3939 2506; x_wconf 81' lang='lat' dir='ltr'><strong>Generali</strong></span> 
     </span>
     <span class='ocr_line' id='line_1_80' title="bbox 2335 2507 3937 2595; baseline -0.001 -19"><span class='ocrx_word' id='word_1_440' title='bbox 2335 2512 2670 2577; x_wconf 87' lang='lat' dir='ltr'><strong>Sacrorum</strong></span> <span class='ocrx_word' id='word_1_441' title='bbox 2731 2508 2994 2574; x_wconf 84' lang='lat' dir='ltr'><strong>Rituum</strong></span> <span class='ocrx_word' id='word_1_442' title='bbox 3052 2507 3576 2595; x_wconf 85' lang='lat' dir='ltr'><strong>congregationis</strong></span> <span class='ocrx_word' id='word_1_443' title='bbox 3642 2507 3778 2577; x_wconf 88' lang='lat' dir='ltr'><strong>diei</strong></span> <span class='ocrx_word' id='word_1_444' title='bbox 3853 2513 3937 2575; x_wconf 79' lang='lat'><strong>27</strong></span> 
     </span>
     <span class='ocr_line' id='line_1_81' title="bbox 2333 2594 3935 2682; baseline -0.001 -19"><span class='ocrx_word' id='word_1_445' title='bbox 2333 2596 2470 2663; x_wconf 73' lang='lat' dir='ltr'><strong>Maii</strong></span> <span class='ocrx_word' id='word_1_446' title='bbox 2540 2599 2706 2664; x_wconf 76' lang='grc'><strong>1826</strong></span> <span class='ocrx_word' id='word_1_447' title='bbox 2768 2614 2895 2662; x_wconf 92' lang='lat' dir='ltr'><strong>non</strong></span> <span class='ocrx_word' id='word_1_448' title='bbox 2956 2594 3142 2663; x_wconf 90' lang='lat' dir='ltr'><strong>liceat</strong></span> <span class='ocrx_word' id='word_1_449' title='bbox 3199 2615 3479 2682; x_wconf 84' lang='lat' dir='ltr'><strong>unquam</strong></span> <span class='ocrx_word' id='word_1_450' title='bbox 3542 2599 3935 2664; x_wconf 83' lang='lat' dir='ltr'><strong>Sanctorum</strong></span> 
     </span>
     <span class='ocr_line' id='line_1_82' title="bbox 2334 2683 3937 2773; baseline -0.001 -21"><span class='ocrx_word' id='word_1_451' title='bbox 2334 2684 2647 2771; x_wconf 75' lang='lat' dir='ltr'><strong>Imagines</strong></span> <span class='ocrx_word' id='word_1_452' title='bbox 2680 2683 3227 2773; x_wconf 86' lang='lat' dir='ltr'><strong>processionaliter</strong></span> <span class='ocrx_word' id='word_1_453' title='bbox 3257 2685 3377 2752; x_wconf 85' lang='lat' dir='ltr'><strong>sub</strong></span> <span class='ocrx_word' id='word_1_454' title='bbox 3403 2683 3780 2752; x_wconf 83' lang='lat' dir='ltr'><strong>baldachino</strong></span> <span class='ocrx_word' id='word_1_455' title='bbox 3811 2685 3937 2752; x_wconf 90' lang='lat' dir='ltr'><strong>cir·</strong></span> 
     </span>
     <span class='ocr_line' id='line_1_83' title="bbox 2335 2770 3936 2860; baseline -0.001 -21"><span class='ocrx_word' id='word_1_456' title='bbox 2335 2771 2697 2858; x_wconf 85' lang='lat' dir='ltr'><strong>cumfe&#39;rre;</strong></span> <span class='ocrx_word' id='word_1_457' title='bbox 2762 2770 2839 2838; x_wconf 89' lang='lat' dir='ltr'><strong>ab</strong></span> <span class='ocrx_word' id='word_1_458' title='bbox 2891 2774 3118 2839; x_wconf 89' lang='lat' dir='ltr'><strong>eadem</strong></span> <span class='ocrx_word' id='word_1_459' title='bbox 3171 2774 3357 2839; x_wconf 83' lang='lat' dir='ltr'><strong>Sacra</strong></span> <span class='ocrx_word' id='word_1_460' title='bbox 3408 2773 3936 2860; x_wconf 83' lang='lat' dir='ltr'><strong>congregatione</strong></span> 
     </span>
     <span class='ocr_line' id='line_1_84' title="bbox 2336 2860 3930 2948; baseline -0.002 -21"><span class='ocrx_word' id='word_1_461' title='bbox 2336 2860 2666 2929; x_wconf 87' lang='lat' dir='ltr'><strong>humiliter</strong></span> <span class='ocrx_word' id='word_1_462' title='bbox 2713 2872 3099 2927; x_wconf 88' lang='lat' dir='ltr'><strong>memoratus</strong></span> <span class='ocrx_word' id='word_1_463' title='bbox 3146 2860 3498 2948; x_wconf 89' lang='lat' dir='ltr'><strong>Episcopus</strong></span> <span class='ocrx_word' id='word_1_464' title='bbox 3528 2861 3930 2948; x_wconf 75' lang='lat' dir='ltr'><strong>exquisivit:</strong></span> 
     </span>
     <span class='ocr_line' id='line_1_85' title="bbox 2334 2947 3934 3037; baseline -0.001 -20"><span class='ocrx_word' id='word_1_465' title='bbox 2334 2950 2431 3016; x_wconf 76' lang='lat' dir='ltr'><strong>An</strong></span> <span class='ocrx_word' id='word_1_466' title='bbox 2491 2969 2640 3017; x_wconf 88' lang='lat' dir='ltr'><strong>usus</strong></span> <span class='ocrx_word' id='word_1_467' title='bbox 2709 2947 3061 3017; x_wconf 86' lang='lat' dir='ltr'><strong>baldachini</strong></span> <span class='ocrx_word' id='word_1_468' title='bbox 3122 2957 3265 3037; x_wconf 91' lang='lat' dir='ltr'><strong>post</strong></span> <span class='ocrx_word' id='word_1_469' title='bbox 3328 2951 3706 3017; x_wconf 87' lang='lat' dir='ltr'><strong>Sanctorum</strong></span> <span class='ocrx_word' id='word_1_470' title='bbox 3762 2953 3934 3017; x_wconf 84' lang='lat' dir='ltr'><strong>lma·</strong></span> 
     </span>
     <span class='ocr_line' id='line_1_86' title="bbox 2331 3036 3933 3126; baseline 0.001 -23"><span class='ocrx_word' id='word_1_471' title='bbox 2331 3038 2514 3126; x_wconf 91' lang='lat' dir='ltr'><strong>gines</strong></span> <span class='ocrx_word' id='word_1_472' title='bbox 2561 3038 2625 3105; x_wconf 93' lang='lat' dir='ltr'><strong>in</strong></span> <span class='ocrx_word' id='word_1_473' title='bbox 2671 3036 3099 3126; x_wconf 85' lang='lat' dir='ltr'><strong>prohibitione</strong></span> <span class='ocrx_word' id='word_1_474' title='bbox 3145 3036 3405 3125; x_wconf 86' lang='lat' dir='ltr'><strong>praefati</strong></span> <span class='ocrx_word' id='word_1_475' title='bbox 3451 3039 3702 3105; x_wconf 86' lang='lat' dir='ltr'><strong>Decreti</strong></span> <span class='ocrx_word' id='word_1_476' title='bbox 3755 3058 3933 3105; x_wconf 88' lang='lat' dir='ltr'><strong>com·</strong></span> 
     </span>
     <span class='ocr_line' id='line_1_87' title="bbox 2333 3122 3931 3214; baseline 0.001 -22"><span class='ocrx_word' id='word_1_477' title='bbox 2333 3122 2826 3214; x_wconf 71' lang='lat' dir='ltr'><strong>prehendatur?</strong></span> <span class='ocrx_word' id='word_1_478' title='bbox 2886 3136 2952 3192; x_wconf 89' lang='lat' dir='ltr'><strong>et</strong></span> <span class='ocrx_word' id='word_1_479' title='bbox 3003 3144 3080 3192; x_wconf 90' lang='lat' dir='ltr'><strong>an</strong></span> <span class='ocrx_word' id='word_1_480' title='bbox 3138 3144 3267 3192; x_wconf 90' lang='lat' dir='ltr'><strong>non</strong></span> <span class='ocrx_word' id='word_1_481' title='bbox 3335 3125 3623 3192; x_wconf 86' lang='lat' dir='ltr'><strong>obstante</strong></span> <span class='ocrx_word' id='word_1_482' title='bbox 3686 3126 3931 3194; x_wconf 86' lang='lat' dir='ltr'><strong>eodem</strong></span> 
     </span>
     <span class='ocr_line' id='line_1_88' title="bbox 2331 3212 3927 3297; baseline -0.001 -16"><span class='ocrx_word' id='word_1_483' title='bbox 2331 3218 2625 3297; x_wconf 86' lang='lat' dir='ltr'><strong>Decreto,</strong></span> <span class='ocrx_word' id='word_1_484' title='bbox 2643 3223 2879 3280; x_wconf 87' lang='lat' dir='ltr'><strong>attenta</strong></span> <span class='ocrx_word' id='word_1_485' title='bbox 2905 3212 3392 3281; x_wconf 86' lang='lat' dir='ltr'><strong>immemorabili</strong></span> <span class='ocrx_word' id='word_1_486' title='bbox 3417 3213 3927 3297; x_wconf 86' lang='lat' dir='ltr'><strong>consuetudine,</strong></span> 
     </span>
     <span class='ocr_line' id='line_1_89' title="bbox 2331 3301 3929 3391; baseline -0.001 -22"><span class='ocrx_word' id='word_1_487' title='bbox 2331 3301 2612 3390; x_wconf 89' lang='lat' dir='ltr'><strong>permitti</strong></span> <span class='ocrx_word' id='word_1_488' title='bbox 2662 3303 2860 3391; x_wconf 89' lang='lat' dir='ltr'><strong>possit</strong></span> <span class='ocrx_word' id='word_1_489' title='bbox 2905 3301 3350 3371; x_wconf 86' lang='lat' dir='ltr'><strong>baldachinum</strong></span> <span class='ocrx_word' id='word_1_490' title='bbox 3403 3301 3613 3390; x_wconf 87' lang='lat' dir='ltr'><strong>ipsum</strong></span> <span class='ocrx_word' id='word_1_491' title='bbox 3672 3301 3929 3371; x_wconf 85' lang='lat' dir='ltr'><strong>deferri</strong></span> 
     </span>
     <span class='ocr_line' id='line_1_90' title="bbox 2329 3387 3297 3478; baseline -0.002 -21"><span class='ocrx_word' id='word_1_492' title='bbox 2329 3402 2471 3478; x_wconf 87' lang='lat' dir='ltr'><strong>post</strong></span> <span class='ocrx_word' id='word_1_493' title='bbox 2517 3393 2892 3460; x_wconf 88' lang='lat' dir='ltr'><strong>Sanctorum</strong></span> <span class='ocrx_word' id='word_1_494' title='bbox 2938 3387 3297 3477; x_wconf 73' lang='lat' dir='ltr'><strong>Imagines?</strong></span> 
     </span>
    </p>

    <p class='ocr_par' dir='ltr' id='par_1_19' title="bbox 2328 3478 3927 3831">
     <span class='ocr_line' id='line_1_91' title="bbox 2463 3478 3927 3564; baseline -0.003 -16"><span class='ocrx_word' id='word_1_495' title='bbox 2463 3482 2646 3548; x_wconf 84' lang='lat' dir='ltr'><strong>Sacra</strong></span> <span class='ocrx_word' id='word_1_496' title='bbox 2697 3498 2852 3545; x_wconf 79' lang='lat' dir='ltr'><strong>vero</strong></span> <span class='ocrx_word' id='word_1_497' title='bbox 2914 3479 3139 3546; x_wconf 90' lang='lat' dir='ltr'><strong>eadem</strong></span> <span class='ocrx_word' id='word_1_498' title='bbox 3193 3478 3654 3564; x_wconf 84' lang='lat' dir='ltr'><strong>congregatio,</strong></span> <span class='ocrx_word' id='word_1_499' title='bbox 3704 3479 3927 3547; x_wconf 81' lang='lat' dir='ltr'><strong>audita</strong></span> 
     </span>
     <span class='ocr_line' id='line_1_92' title="bbox 2330 3566 3924 3654; baseline -0.001 -21"><span class='ocrx_word' id='word_1_500' title='bbox 2330 3566 2637 3633; x_wconf 84' lang='lat' dir='ltr'><strong>relatione</strong></span> <span class='ocrx_word' id='word_1_501' title='bbox 2683 3588 2717 3633; x_wconf 85' lang='lat' dir='ltr'><strong>a</strong></span> <span class='ocrx_word' id='word_1_502' title='bbox 2762 3567 3119 3654; x_wconf 89' lang='lat' dir='ltr'><strong>subscripto</strong></span> <span class='ocrx_word' id='word_1_503' title='bbox 3164 3568 3519 3637; x_wconf 81' lang='lat' dir='ltr'><strong>secretario</strong></span> <span class='ocrx_word' id='word_1_504' title='bbox 3568 3567 3763 3649; x_wconf 87' lang='lat' dir='ltr'><strong>facta,</strong></span> <span class='ocrx_word' id='word_1_505' title='bbox 3824 3586 3924 3632; x_wconf 92' lang='lat' dir='ltr'><strong>re-</strong></span> 
     </span>
     <span class='ocr_line' id='line_1_93' title="bbox 2328 3654 3923 3743; baseline 0 -22"><span class='ocrx_word' id='word_1_506' title='bbox 2328 3655 2778 3742; x_wconf 88' lang='lat' dir='ltr'><strong>spondendum</strong></span> <span class='ocrx_word' id='word_1_507' title='bbox 2835 3654 3132 3722; x_wconf 83' lang='lat' dir='ltr'><strong>censuit:</strong></span> <span class='ocrx_word' id='word_1_508' title='bbox 3189 3676 3230 3718; x_wconf 85' lang='lat'><strong>‹</strong></span> <span class='ocrx_word' id='word_1_509' title='bbox 3264 3657 3503 3723; x_wconf 71' lang='lat' dir='ltr'><strong>uorem</strong></span> <span class='ocrx_word' id='word_1_510' title='bbox 3559 3655 3923 3743; x_wconf 84' lang='lat' dir='ltr'><strong>praefatum</strong></span> 
     </span>
     <span class='ocr_line' id='line_1_94' title="bbox 2334 3742 3698 3831; baseline -0.001 -21"><span class='ocrx_word' id='word_1_511' title='bbox 2334 3742 2591 3810; x_wconf 88' lang='lat' dir='ltr'><strong>tolerari</strong></span> <span class='ocrx_word' id='word_1_512' title='bbox 2635 3762 2822 3830; x_wconf 88' lang='lat' dir='ltr'><strong>posse</strong></span> <span class='ocrx_word' id='word_1_513' title='bbox 2854 3765 2916 3809; x_wconf 82' lang='lat'><strong>».</strong></span> <span class='ocrx_word' id='word_1_514' title='bbox 2966 3746 3175 3830; x_wconf 77' lang='lat' dir='ltr'><strong>Atque</strong></span> <span class='ocrx_word' id='word_1_515' title='bbox 3221 3744 3303 3809; x_wconf 89' lang='lat' dir='ltr'><strong>ita</strong></span> <span class='ocrx_word' id='word_1_516' title='bbox 3348 3742 3698 3831; x_wconf 89' lang='lat' dir='ltr'><strong>rescripsit.</strong></span> 
     </span>
    </p>

    <p class='ocr_par' dir='ltr' id='par_1_20' title="bbox 2463 3831 3322 3902">
     <span class='ocr_line' id='line_1_95' title="bbox 2463 3831 3322 3902; baseline 0 -3"><span class='ocrx_word' id='word_1_517' title='bbox 2463 3832 2579 3900; x_wconf 88' lang='lat' dir='ltr'><strong>Die</strong></span> <span class='ocrx_word' id='word_1_518' title='bbox 2625 3836 2708 3902; x_wconf 75' lang='lat'><strong>29</strong></span> <span class='ocrx_word' id='word_1_519' title='bbox 2755 3831 3077 3899; x_wconf 78' lang='lat' dir='ltr'><strong>Februarii</strong></span> <span class='ocrx_word' id='word_1_520' title='bbox 3130 3834 3322 3900; x_wconf 82' lang='grc'><strong>1868.</strong></span> 
     </span>
    </p>
   </div>
   <div class='ocr_carea' id='block_1_8' title="bbox 2331 3972 3920 4060">
    <p class='ocr_par' dir='ltr' id='par_1_21' title="bbox 2331 3972 3920 4060">
     <span class='ocr_line' id='line_1_96' title="bbox 2331 3972 3920 4060; baseline -0.002 -16"><span class='ocrx_word' id='word_1_521' title='bbox 2331 3973 2586 4044; x_wconf 80' lang='lat'><strong>3168.</strong></span> <span class='ocrx_word' id='word_1_522' title='bbox 2874 3974 3380 4041; x_wconf 74' lang='lat' dir='ltr'><strong>RATlsnoNEN.</strong></span> <span class='ocrx_word' id='word_1_523' title='bbox 3684 3972 3920 4060; x_wconf 75' lang='lat'><strong>(53⁹3)</strong></span> 
     </span>
    </p>
   </div>
   <div class='ocr_carea' id='block_1_9' title="bbox 2326 4096 3917 5422">
    <p class='ocr_par' dir='ltr' id='par_1_22' title="bbox 2327 4096 3917 4540">
     <span class='ocr_line' id='line_1_97' title="bbox 2461 4096 3917 4185; baseline 0 -20"><span class='ocrx_word' id='word_1_524' title='bbox 2461 4098 2821 4167; x_wconf 83' lang='lat' dir='ltr'><strong>Fridericus</strong></span> <span class='ocrx_word' id='word_1_525' title='bbox 2867 4102 3085 4167; x_wconf 81' lang='lat' dir='ltr'><strong>Pustet</strong></span> <span class='ocrx_word' id='word_1_526' title='bbox 3114 4096 3462 4185; x_wconf 84' lang='lat' dir='ltr'><strong>Bibliopola</strong></span> <span class='ocrx_word' id='word_1_527' title='bbox 3498 4096 3917 4165; x_wconf 83' lang='lat' dir='ltr'><strong>Ratisbonen-</strong></span> 
     </span>
     <span class='ocr_line' id='line_1_98' title="bbox 2327 4184 3914 4274; baseline -0.002 -20"><span class='ocrx_word' id='word_1_528' title='bbox 2327 4186 2436 4270; x_wconf 90' lang='lat' dir='ltr'><strong>sis,</strong></span> <span class='ocrx_word' id='word_1_529' title='bbox 2486 4206 2715 4254; x_wconf 82' lang='lat' dir='ltr'><strong>novam</strong></span> <span class='ocrx_word' id='word_1_530' title='bbox 2762 4185 3021 4253; x_wconf 76' lang='lat' dir='ltr'><strong>Missalis</strong></span> <span class='ocrx_word' id='word_1_531' title='bbox 3076 4187 3339 4254; x_wconf 82' lang='lat' dir='ltr'><strong>Romani</strong></span> <span class='ocrx_word' id='word_1_532' title='bbox 3394 4184 3744 4252; x_wconf 86' lang='lat' dir='ltr'><strong>editionem</strong></span> <span class='ocrx_word' id='word_1_533' title='bbox 3806 4205 3914 4274; x_wconf 85' lang='lat' dir='ltr'><strong>pa-</strong></span> 
     </span>
     <span class='ocr_line' id='line_1_99' title="bbox 2328 4272 3913 4361; baseline -0.002 -20"><span class='ocrx_word' id='word_1_534' title='bbox 2328 4293 2499 4358; x_wconf 88' lang='lat' dir='ltr'><strong>rans,</strong></span> <span class='ocrx_word' id='word_1_535' title='bbox 2522 4272 2894 4342; x_wconf 86' lang='lat' dir='ltr'><strong>humillime</strong></span> <span class='ocrx_word' id='word_1_536' title='bbox 2924 4273 3112 4361; x_wconf 89' lang='lat' dir='ltr'><strong>petiit</strong></span> <span class='ocrx_word' id='word_1_537' title='bbox 3148 4283 3219 4339; x_wconf 91' lang='lat' dir='ltr'><strong>ut</strong></span> <span class='ocrx_word' id='word_1_538' title='bbox 3264 4274 3601 4343; x_wconf 84' lang='lat' dir='ltr'><strong>Sacrorum</strong></span> <span class='ocrx_word' id='word_1_539' title='bbox 3646 4272 3913 4342; x_wconf 81' lang='lat' dir='ltr'><strong>Rituum</strong></span> 
     </span>
     <span class='ocr_line' id='line_1_100' title="bbox 2329 4360 3911 4451; baseline -0.002 -21"><span class='ocrx_word' id='word_1_540' title='bbox 2329 4364 2750 4451; x_wconf 88' lang='lat' dir='ltr'><strong>congregatio</strong></span> <span class='ocrx_word' id='word_1_541' title='bbox 2798 4364 2881 4430; x_wconf 84' lang='lat' dir='ltr'><strong>de</strong></span> <span class='ocrx_word' id='word_1_542' title='bbox 2939 4360 3355 4448; x_wconf 87' lang='lat' dir='ltr'><strong>sequentibus</strong></span> <span class='ocrx_word' id='word_1_543' title='bbox 3409 4361 3617 4430; x_wconf 89' lang='lat' dir='ltr'><strong>dubiis</strong></span> <span class='ocrx_word' id='word_1_544' title='bbox 3679 4362 3911 4429; x_wconf 87' lang='lat' dir='ltr'><strong>decer-</strong></span> 
     </span>
     <span class='ocr_line' id='line_1_101' title="bbox 2330 4450 3449 4540; baseline -0.001 -23"><span class='ocrx_word' id='word_1_545' title='bbox 2330 4469 2487 4518; x_wconf 90' lang='lat' dir='ltr'><strong>nere</strong></span> <span class='ocrx_word' id='word_1_546' title='bbox 2533 4450 2983 4540; x_wconf 89' lang='lat' dir='ltr'><strong>benignissime</strong></span> <span class='ocrx_word' id='word_1_547' title='bbox 3031 4450 3449 4537; x_wconf 79' lang='lat' dir='ltr'><strong>dignaretur:</strong></span> 
     </span>
    </p>

    <p class='ocr_par' dir='ltr' id='par_1_23' title="bbox 2326 4536 3913 5422">
     <span class='ocr_line' id='line_1_102' title="bbox 2459 4536 3913 4629; baseline -0.002 -22"><span class='ocrx_word' id='word_1_548' title='bbox 2459 4544 2510 4607; x_wconf 88' lang='grc' dir='ltr'><strong>Ι.</strong></span> <span class='ocrx_word' id='word_1_549' title='bbox 2560 4544 2627 4607; x_wconf 89' lang='lat' dir='ltr'><strong>ln</strong></span> <span class='ocrx_word' id='word_1_550' title='bbox 2675 4536 3010 4629; x_wconf 89' lang='lat' dir='ltr'><strong>permultis</strong></span> <span class='ocrx_word' id='word_1_551' title='bbox 3052 4538 3485 4622; x_wconf 87' lang='lat' dir='ltr'><strong>Dioecesibus,</strong></span> <span class='ocrx_word' id='word_1_552' title='bbox 3534 4538 3913 4626; x_wconf 86' lang='lat' dir='ltr'><strong>praesertim</strong></span> 
     </span>
     <span class='ocr_line' id='line_1_103' title="bbox 2330 4625 3913 4715; baseline -0.001 -21"><span class='ocrx_word' id='word_1_553' title='bbox 2330 4625 2439 4694; x_wconf 91' lang='lat' dir='ltr'><strong>ubi</strong></span> <span class='ocrx_word' id='word_1_554' title='bbox 2470 4627 2961 4696; x_wconf 75' lang='lat' dir='ltr'><strong>confraternitas</strong></span> <span class='ocrx_word' id='word_1_555' title='bbox 2992 4627 3162 4695; x_wconf 87' lang='lat' dir='ltr'><strong>Sacri</strong></span> <span class='ocrx_word' id='word_1_556' title='bbox 3191 4625 3416 4694; x_wconf 90' lang='lat' dir='ltr'><strong>cordis</strong></span> <span class='ocrx_word' id='word_1_557' title='bbox 3447 4627 3626 4715; x_wconf 80' lang='lat' dir='ltr'><strong>viget</strong></span> <span class='ocrx_word' id='word_1_558' title='bbox 3678 4629 3913 4694; x_wconf 68' lang='lat' dir='ltr'><strong>uiuae</strong></span> 
     </span>
     <span class='ocr_line' id='line_1_104' title="bbox 2330 4675 3913 4802; baseline -0.001 -21"><span class='ocrx_word' id='word_1_559' title='bbox 2330 4719 2581 4784; x_wconf 81' lang='lat' dir='ltr'><strong>votivae</strong></span> <span class='ocrx_word' id='word_1_560' title='bbox 2624 4717 2697 4784; x_wconf 80' lang='lat' dir='ltr'><strong>de</strong></span> <span class='ocrx_word' id='word_1_561' title='bbox 2742 4718 2942 4784; x_wconf 84' lang='lat' dir='ltr'><strong>Sacro</strong></span> <span class='ocrx_word' id='word_1_562' title='bbox 2993 4715 3188 4782; x_wconf 80' lang='lat' dir='ltr'><strong>Corde</strong></span> <span class='ocrx_word' id='word_1_563' title='bbox 3233 4717 3397 4798; x_wconf 74' lang='lat' dir='ltr'><strong>Iesu,</strong></span> <span class='ocrx_word' id='word_1_564' title='bbox 3445 4675 3699 4802; x_wconf 70' lang='lat' dir='ltr'><strong>quando</strong></span> <span class='ocrx_word' id='word_1_565' title='bbox 3728 4735 3763 4780; x_wconf 90' lang='lat' dir='ltr'><strong>a</strong></span> <span class='ocrx_word' id='word_1_566' title='bbox 3788 4718 3913 4783; x_wconf 80' lang='lat' dir='ltr'><strong>Ru-</strong></span> 
     </span>
     <span class='ocr_line' id='line_1_105' title="bbox 2331 4803 3912 4893; baseline -0.001 -22"><span class='ocrx_word' id='word_1_567' title='bbox 2331 4803 2517 4871; x_wconf 90' lang='lat' dir='ltr'><strong>bricis</strong></span> <span class='ocrx_word' id='word_1_568' title='bbox 2563 4803 3047 4893; x_wconf 88' lang='lat' dir='ltr'><strong>permittuntur,</strong></span> <span class='ocrx_word' id='word_1_569' title='bbox 3081 4821 3274 4890; x_wconf 89' lang='lat' dir='ltr'><strong>saepe</strong></span> <span class='ocrx_word' id='word_1_570' title='bbox 3320 4813 3446 4870; x_wconf 89' lang='lat' dir='ltr'><strong>tam</strong></span> <span class='ocrx_word' id='word_1_571' title='bbox 3488 4822 3525 4868; x_wconf 89' lang='lat' dir='ltr'><strong>a</strong></span> <span class='ocrx_word' id='word_1_572' title='bbox 3551 4803 3912 4870; x_wconf 87' lang='lat' dir='ltr'><strong>confrater-</strong></span> 
     </span>
     <span class='ocr_line' id='line_1_106' title="bbox 2330 4890 3911 4980; baseline -0.002 -20"><span class='ocrx_word' id='word_1_573' title='bbox 2330 4891 2600 4960; x_wconf 85' lang='lat' dir='ltr'><strong>nitatum</strong></span> <span class='ocrx_word' id='word_1_574' title='bbox 2659 4892 2907 4961; x_wconf 81' lang='lat' dir='ltr'><strong>statutis</strong></span> <span class='ocrx_word' id='word_1_575' title='bbox 2961 4909 3151 4978; x_wconf 84' lang='lat' dir='ltr'><strong>quam</strong></span> <span class='ocrx_word' id='word_1_576' title='bbox 3195 4911 3228 4957; x_wconf 87' lang='lat' dir='ltr'><strong>a</strong></span> <span class='ocrx_word' id='word_1_577' title='bbox 3272 4891 3396 4980; x_wconf 91' lang='lat' dir='ltr'><strong>piis</strong></span> <span class='ocrx_word' id='word_1_578' title='bbox 3447 4890 3745 4960; x_wconf 85' lang='lat' dir='ltr'><strong>fidelibus</strong></span> <span class='ocrx_word' id='word_1_579' title='bbox 3798 4910 3911 4979; x_wconf 90' lang='lat' dir='ltr'><strong>po-</strong></span> 
     </span>
     <span class='ocr_line' id='line_1_107' title="bbox 2326 4979 3908 5066; baseline -0.001 -19"><span class='ocrx_word' id='word_1_580' title='bbox 2326 4980 2669 5049; x_wconf 87' lang='lat' dir='ltr'><strong>stulantur.</strong></span> <span class='ocrx_word' id='word_1_581' title='bbox 2733 4982 3027 5047; x_wconf 77' lang='lat' dir='ltr'><strong>Attamen</strong></span> <span class='ocrx_word' id='word_1_582' title='bbox 3086 4980 3303 5065; x_wconf 70' lang='lat' dir='ltr'><strong>mssa,</strong></span> <span class='ocrx_word' id='word_1_583' title='bbox 3353 4999 3516 5066; x_wconf 85' lang='lat' dir='ltr'><strong>quae</strong></span> <span class='ocrx_word' id='word_1_584' title='bbox 3562 4980 3628 5048; x_wconf 91' lang='lat' dir='ltr'><strong>in</strong></span> <span class='ocrx_word' id='word_1_585' title='bbox 3679 4979 3908 5047; x_wconf 71' lang='lat' dir='ltr'><strong>Missali</strong></span> 
     </span>
     <span class='ocr_line' id='line_1_108' title="bbox 2328 5067 3910 5156; baseline 0.001 -22"><span class='ocrx_word' id='word_1_586' title='bbox 2328 5079 2471 5156; x_wconf 86' lang='lat' dir='ltr'><strong>post</strong></span> <span class='ocrx_word' id='word_1_587' title='bbox 2517 5074 2697 5138; x_wconf 89' lang='lat' dir='ltr'><strong>Festa</strong></span> <span class='ocrx_word' id='word_1_588' title='bbox 2759 5069 2993 5138; x_wconf 90' lang='lat' dir='ltr'><strong>mensis</strong></span> <span class='ocrx_word' id='word_1_589' title='bbox 3049 5068 3188 5135; x_wconf 78' lang='lat' dir='ltr'><strong>Maii</strong></span> <span class='ocrx_word' id='word_1_590' title='bbox 3248 5068 3478 5136; x_wconf 86' lang='lat' dir='ltr'><strong>inserta</strong></span> <span class='ocrx_word' id='word_1_591' title='bbox 3535 5078 3600 5135; x_wconf 90' lang='lat' dir='ltr'><strong>et</strong></span> <span class='ocrx_word' id='word_1_592' title='bbox 3644 5067 3711 5135; x_wconf 93' lang='lat' dir='ltr'><strong>in</strong></span> <span class='ocrx_word' id='word_1_593' title='bbox 3772 5067 3910 5135; x_wconf 89' lang='lat' dir='ltr'><strong>uni-</strong></span> 
     </span>
     <span class='ocr_line' id='line_1_109' title="bbox 2328 5157 3911 5247; baseline -0.002 -23"><span class='ocrx_word' id='word_1_594' title='bbox 2328 5176 2510 5225; x_wconf 85' lang='lat' dir='ltr'><strong>versa</strong></span> <span class='ocrx_word' id='word_1_595' title='bbox 2555 5157 2833 5225; x_wconf 87' lang='lat' dir='ltr'><strong>Ecclesia</strong></span> <span class='ocrx_word' id='word_1_596' title='bbox 2878 5157 3265 5247; x_wconf 88' lang='lat' dir='ltr'><strong>praescripta</strong></span> <span class='ocrx_word' id='word_1_597' title='bbox 3310 5169 3445 5244; x_wconf 89' lang='lat' dir='ltr'><strong>est,</strong></span> <span class='ocrx_word' id='word_1_598' title='bbox 3491 5176 3704 5244; x_wconf 83' lang='lat' dir='ltr'><strong>neque</strong></span> <span class='ocrx_word' id='word_1_599' title='bbox 3762 5160 3911 5225; x_wconf 82' lang='lat' dir='ltr'><strong>Tra·</strong></span> 
     </span>
     <span class='ocr_line' id='line_1_110' title="bbox 2328 5245 3909 5334; baseline 0 -23"><span class='ocrx_word' id='word_1_600' title='bbox 2328 5255 2502 5312; x_wconf 91' lang='lat' dir='ltr'><strong>ctum</strong></span> <span class='ocrx_word' id='word_1_601' title='bbox 2547 5257 2691 5333; x_wconf 90' lang='lat' dir='ltr'><strong>post</strong></span> <span class='ocrx_word' id='word_1_602' title='bbox 2736 5246 3304 5334; x_wconf 79' lang='lat' dir='ltr'><strong>septuagesimam,</strong></span> <span class='ocrx_word' id='word_1_603' title='bbox 3353 5265 3565 5334; x_wconf 86' lang='lat' dir='ltr'><strong>neque</strong></span> <span class='ocrx_word' id='word_1_604' title='bbox 3625 5245 3909 5312; x_wconf 72' lang='lat' dir='ltr'><strong>Alleluia</strong></span> 
     </span>
     <span class='ocr_line' id='line_1_111' title="bbox 2330 5333 3907 5422; baseline 0.002 -24"><span class='ocrx_word' id='word_1_605' title='bbox 2330 5352 2474 5400; x_wconf 90' lang='lat' dir='ltr'><strong>cum</strong></span> <span class='ocrx_word' id='word_1_606' title='bbox 2523 5334 2651 5402; x_wconf 88' lang='lat' dir='ltr'><strong>suis</strong></span> <span class='ocrx_word' id='word_1_607' title='bbox 2698 5336 2986 5403; x_wconf 86' lang='lat' dir='ltr'><strong>versibus</strong></span> <span class='ocrx_word' id='word_1_608' title='bbox 3030 5343 3324 5422; x_wconf 86' lang='lat' dir='ltr'><strong>tempore</strong></span> <span class='ocrx_word' id='word_1_609' title='bbox 3377 5333 3653 5403; x_wconf 85' lang='lat' dir='ltr'><strong>Paschali</strong></span> <span class='ocrx_word' id='word_1_610' title='bbox 3710 5335 3907 5402; x_wconf 91' lang='lat' dir='ltr'><strong>conti-</strong></span> 
     </span>
    </p>
   </div>
   <div class='ocr_carea' id='block_1_10' title="bbox 2778 1680 3947 1770">
    <p class='ocr_par' dir='ltr' id='par_1_24' title="bbox 2778 1680 3947 1770">
     <span class='ocr_line' id='line_1_112' title="bbox 2778 1680 3947 1770; baseline 0 -24"><span class='ocrx_word' id='word_1_611' title='bbox 2778 1682 3041 1749; x_wconf 79' lang='lat' dir='ltr'><strong>NOVAE</strong></span> <span class='ocrx_word' id='word_1_612' title='bbox 3090 1682 3494 1749; x_wconf 72' lang='lat' dir='ltr'><strong>SEGOBIAE.</strong></span> <span class='ocrx_word' id='word_1_613' title='bbox 3696 1680 3947 1770; x_wconf 75' lang='lat'>(5391)</span> 
     </span>
    </p>
   </div>
  </div>
 </body>
</html>
