4042 5950
1511 232 1981 313 —319-

130 406 343 464 cuntur
400 396 631 463 novem
702 393 1066 480 Lectiones3
1125 392 1208 460 ita
1254 404 1324 460 ut
1372 393 1433 459 in
1482 391 1689 481 primo

130 504 282 569 casu,
317 494 459 571 post
502 501 763 550 versum
818 485 1069 568 Quique
1116 485 1513 567 terrigenae,
1563 479 1691 547 dici

129 574 338 640 debeat
406 574 494 638 Ite
541 571 786 638 obviam
832 575 924 654 οἱ,
974 580 1035 637 et
1093 572 1293 638 dicite
1330 569 1373 607 ⁴*
1431 573 1688 637 Nuntia

128 662 312 743 nobis,
359 663 420 727 si
468 671 542 726 tu
588 679 649 724 es
695 664 871 746 ipse:
919 659 962 697 ⁰
1015 660 1140 737 Qui
1188 666 1584 743 requaturus
1627 679 1689 726 es

129 754 192 816 in
226 747 453 834 populo
484 749 711 814 Israel.
760 752 843 815 Et
874 759 1018 835 post
1048 764 1307 813 versum
1352 748 1480 823 Qui
1523 748 1691 831 repis

129 836 334 918 lsrael,
381 836 583 923 prima
629 847 813 923 parte
862 834 1263 922 repetitionis
1296 833 1562 918 -omissa,
1595 834 1690 900 di-

129 936 328 992 catur:
385 927 644 993 Nuntia
691 925 867 991 nobis
924 927 983 991 si
1030 935 1105 991 tu
1149 943 1210 989 es
1258 926 1418 1010 ipse,
1471 923 1508 959 ⁴*
1562 924 1691 999 Qui

126 1023 501 1098 sequatur-us
545 1032 607 1078 es
650 1017 724 1080 in
748 1013 983 1099 populo
1028 1011 1260 1078 lsrael:
1310 1011 1376 1078 in
1406 1010 1691 1078 secundo

125 1111 324 1168 autem
368 1121 514 1168 casu
560 1115 703 1190 post
756 1119 1051 1168 versum:
1122 1102 1411 1166 Tremens
1467 1101 1689 1185 factus

122 1207 253 1255 sum
295 1207 399 1274 eqo
444 1198 595 1271 etc„
644 1200 958 1276 ponatur:
1026 1189 1292 1266 Quando
1348 1188 1505 1254 coeli
1560 1205 1690 1251 mo-

124 1278 297 1343 vendi
338 1288 520 1359 sunt,
569 1288 631 1344 et
665 1290 841 1344 terra
856 1288 885 1341 .·‘
927 1277 969 1319 ὓ
1016 1279 1184 1344 Dum
1221 1280 1470 1345 veneris
1517 1275 1690 1342 iudi-

126 1385 261 1431 care
302 1365 634 1433 saeculum
676 1384 792 1450 per
837 1369 1089 1452 ionem.-
1140 1367 1222 1432 ita
1273 1378 1342 1432 ut
1387 1383 1516 1431 non
1561 1362 1691 1429 suf·

126 1452 279 1520 liciat
309 1453 763 1541 repetitionem
808 1453 1216 1557 Responsorii
1250 1453 1458 1520 facere
1490 1469 1693 1537 usque

123 1541 190 1607 ad
244 1543 601 1610 secundum
654 1543 757 1608 vel
824 1554 1084 1610 tertium
1136 1542 1507 1609 asteriscum
1558 1549 1693 1605 tan-

125 1640 278 1714 tum,
329 1629 687 1783 omittendo
733 1632 927 1699 verba
984 1630 1315 1717 sequentia
1368 1646 1570 1715 usque
1616 1626 1691 1693 ad

123 1736 365 1784 versum

240 1806 516 1873 Dubium
542 1809 640 1873 Ν.
693 1809 949 1874 Constat
995 1806 1371 1874 servandam
1407 1824 1547 1872 esse
1576 1823 1691 1893 pe·

122 1894 408 1961 culiarem
477 1893 815 1962 Rubricam
860 1895 1160 1963 Breviarii
1215 1894 1423 1982 quoad
1468 1911 1693 1962 secun·

123 1985 219 2048 das
266 1985 577 2069 Vesperas
631 1983 695 2049 in
742 1988 925 2051 Festo
991 1987 1366 2052 Sanctorum
1428 1984 1694 2069 Aposto-

125 2075 318 2137 lorum
364 2070 535 2138 Petri
584 2081 651 2137 et
697 2074 894 2155 Pauli,
945 2072 1198 2160 quando
1243 2071 1541 2157 sequenti
1586 2069 1693 2137 die

124 2158 187 2225 fit
248 2159 538 2226 Officium
596 2158 681 2226 de
749 2164 978 2228 Sancto
1047 2161 1235 2227 Paulo
1303 2159 1368 2225 in
1410 2157 1691 2226 Ecclesia

125 2250 387 2334 propria.
453 2250 583 2314 Hoc
635 2259 843 2316 tamen
904 2249 1067 2338 parit
1125 2247 1570 2315 difficultatem
1629 2245 1694 2310 in

124 2335 390 2402 Dioecesi
454 2334 922 2421 mechliniensi,
985 2336 1364 2426 praesertim
1420 2355 1535 2424 pro
1595 2353 1695 2401 se-

123 2423 330 2490 cundis
385 2425 689 2513 vesperis
756 2436 1028 2514 propter
1092 2441 1369 2510 sequens
1437 2428 1693 2491 Festum

123 2511 315 2579 Sancti
362 2513 667 2581 Rumoldi
715 2513 1037 2580 Dioecesis
1078 2512 1364 2590 Patroni;

244 2600 397 2667 Hinc
460 2601 832 2685 quaeritur:
900 2609 997 2669 An
1053 2600 1117 2668 in
1176 2601 1302 2668 illis
1368 2599 1693 2683 Ecclesiis,

124 2688 219 2755 ubi
265 2689 614 2756 Conversio
648 2690 856 2758 Sancti
905 2691 1076 2757 Pauli
1111 2690 1346 2757 colitur
1377 2699 1693 2774 tamquam

123 2777 351 2843 Titulus
401 2777 533 2844 ritu
580 2777 822 2867 duplici
871 2779 1111 2865 primae
1173 2777 1384 2844 classis
1431 2797 1577 2844 cum
1630 2794 1697 2841 o·

125 2876 308 2948 ctava,
355 2865 633 2932 alterum
663 2868 922 2933 Festum
958 2866 1242 2934 eiusdem
1286 2864 1495 2934 Sancti
1527 2868 1696 2953 Apo·

124 2952 282 3038 stoli,
335 2953 583 3021 scilicet
651 2955 1187 3023 commemoratio
1249 2956 1386 3022 eius
1443 2952 1551 3022 die
1613 2956 1695 3021 30

126 3041 265 3109 lunii
312 3043 546 3110 habeat
592 3042 788 3111 ritum
835 3043 1106 3130 duplicis
1154 3044 1401 3132 primae
1447 3042 1695 3122 classis;

126 3129 217 3195 vel
261 3129 541 3219 duplicis
588 3131 842 3199 maioris
893 3142 1163 3218 tantum,
1214 3141 1532 3218 tamquam
1583 3134 1696 3198 Fe-

126 3229 278 3284 stum
321 3218 779 3287 secundarium
824 3217 1122 3286 Patroni?
1228 3283 1233 3294 ,

243 3306 519 3374 Dubium
576 3311 650 3375 V.
709 3312 904 3376 Datur
958 3312 1301 3375 Decretum
1361 3311 1695 3375 Sacrorum

128 3395 363 3462 Rituum
413 3396 945 3484 congregationis
992 3396 1059 3462 in
1120 3396 1514 3465 Einsiedeln.
1565 3396 1697 3464 diei

130 3486 164 3547 ὅ
184 3484 313 3549 Maii
345 3487 516 3550 1736
544 3483 705 3571 (Alia
732 3483 922 3551 dubia
942 3485 1004 3550 in
1016 3484 1445 3572 responsione
1466 3486 1545 3553 ad
1568 3485 1694 3572 2.),

128 3571 286 3638 iuxta
313 3570 492 3657 quod
529 3574 705 3638 Festa
738 3592 770 3638 a
802 3571 908 3638 die
942 3569 1151 3639 obitus
1187 3574 1504 3656 translata,
1534 3593 1696 3660 quae

125 3658 332 3724 sortita
374 3670 525 3726 sunt
571 3661 754 3727 aliam
803 3661 973 3728 diem
1010 3661 1227 3744 fixam,
1262 3661 1697 3728 annuncianda

126 3745 240 3813 sint
301 3745 530 3814 iisdem
597 3748 824 3816 diebus
888 3762 953 3815 et
1011 3750 1226 3817 verbis
1286 3747 1352 3814 in
1402 3752 1701 3837 Martyro-

128 3833 285 3922 logio
342 3839 627 3905 Romano
689 3836 1049 3924 descriptis.
1112 3838 1293 3915 Quod
1350 3836 1404 3904 si
1475 3855 1698 3904 eorum

128 3923 578 3991 transferantur
606 3925 842 4010 Officia,
877 3925 1083 4014 pridie
1128 3945 1321 4012 quam
1367 3924 1699 3993 celebren-

129 4019 259 4094 tur,
308 4022 523 4099 potest
583 4013 857 4080 nuntiari
912 4018 1175 4081 Festum
1223 4012 1398 4080 illius
1459 4014 1696 4097 Sancti,

126 4097 201 4163 de
244 4119 371 4186 quo
416 4101 725 4168 solemnis
770 4101 1074 4170 memoria
1130 4101 1339 4189 agitur
1398 4103 1695 4189 sequenti

126 4185 249 4251 die.
295 4189 673 4267 Quaeriturt

250 4280 312 4343 l.
358 4278 691 4356 Quomodo
741 4278 871 4366 legi
912 4279 1110 4364 possit
1154 4278 1699 4368 Martyrologium,

125 4361 168 4426 si
222 4365 587 4434 huiusmodi
648 4370 829 4433 Festa
884 4367 1177 4434 translata
1236 4387 1270 4432 a
1325 4367 1431 4435 die
1492 4368 1700 4436 obitus

126 4451 494 4520 celebranda
555 4452 681 4522 sint
746 4467 1066 4545 perpetuo
1129 4455 1192 4522 in
1251 4455 1459 4542 aliqua
1516 4457 1706 4524 Dioe-

126 4540 243 4604 cesi
287 4542 392 4608 vel
444 4543 754 4627 Ecclesia,
818 4562 946 4610 non
1009 4543 1115 4609 illa
1176 4542 1285 4609 die
1348 4565 1471 4631 qua
1528 4546 1698 4612 cele·

127 4625 378 4696 brantur
429 4630 492 4696 in
535 4632 818 4699 Ecclesia
851 4631 1196 4699 universali
1228 4643 1294 4697 et
1325 4633 1699 4700 annuntian-

129 4724 223 4780 tur
264 4719 327 4783 in
374 4720 853 4807 martyrologio,
900 4719 1013 4786 sed
1062 4720 1177 4785 alia
1225 4717 1385 4787 die'?

245 4809 375 4873 Hoc
419 4808 630 4873 locum
676 4807 866 4875 hahet
916 4807 980 4874 in
1025 4812 1213 4875 Festo
1260 4809 1325 4875 S.
1363 4808 1639 4875 Thomae
1670 4829 1702 4874 a

132 4890 468 4981 Villanova,
486 4893 666 4962 cuius
691 4896 989 4982 Elogium
1018 4895 1297 4963 occurrit
1321 4896 1387 4962 in
1410 4900 1705 4985 Martyro-

130 4979 289 5068 logio
315 4994 500 5048 sexto
531 4984 679 5051 Idus
710 4984 1134 5072 Septembris,
1169 4982 1399 5051 additis
1431 4984 1528 5053 his
1557 5005 1702 5051 ver-

129 5066 250 5134 bis:
299 5075 495 5137 cuius
541 5075 801 5140 Festum
856 5072 1097 5139 decimo
1148 5074 1462 5142 calendas
1525 5076 1706 5140 Octo-

126 5152 247 5223 bris
278 5157 636 5227 celebratur
655 5183 683 5242 ‚-
715 5160 868 5229 dein
900 5161 1154 5228 decimo
1186 5161 1491 5229 Calendas
1519 5164 1702 5229 Octo-

129 5241 246 5311 bris
294 5265 548 5315 rursum
599 5249 668 5315 lit
714 5250 957 5315 mentio
989 5249 1278 5316 eiusdem
1318 5250 1514 5335 Festi,
1551 5260 1703 5317 tam·

126 5349 305 5416 quam
337 5354 367 5398 a
403 5336 508 5403 die
531 5337 719 5404 natali
755 5338 1062 5404 translati.
1096 5340 1287 5404 Porro
1322 5338 1385 5405 in
1416 5339 1698 5417 Dioecesi

1790 391 2228 460 Mechliniensi
2271 395 2530 460 Festum
2578 393 2788 462 Sancti
2834 390 3114 461 'rhomae
3157 415 3188 461 a
3243 391 3375 463 vil·

1796 481 2012 548 lanova
2106 491 2377 569 erpetuo
2427 491 2523 548 est
2569 483 2939 548 translatum
2972 481 3049 548 ad
3085 482 3259 550 diem
3291 487 3376 550 225

1792 499 2190 656 Septemgris
2237 588 2399 655 qnae
2446 580 2543 635 est
2588 570 2791 657 prima
2839 569 2978 638 dies
3011 588 3137 637 non
3172 570 3258 638 im
3307 592 3372 638 e-

1792 658 1963 724 dita.⁴
1999 659 2176 723 Anne
2228 657 2387 724 illud
2450 661 2707 724 Festum
2767 657 3134 725 annunciari
3179 660 3262 727 de
3309 668 3376 725 et

1790 744 2041 813 decimo
2088 744 2395 812 Calendas
2437 744 2748 831 Octobris,
2784 758 2855 812 ut
2895 746 2961 813 in
3007 746 3375 835 Martyrolo-

1791 834 1937 920 gi03
1988 835 2120 916 rel,
2156 834 2380 900 omissa
2411 833 2921 903 eiusmentione
2968 833 3074 902 illa
3103 834 3235 920 die,
3270 855 3375 903 an-

1791 921 2066 988 nuntiari
2129 922 2324 989 debet
2380 922 2653 1009 septimo
2708 921 3016 990 calendas
3061 923 3372 1005 Octobris,

1791 1029 1954 1098 quae
2014 1018 2107 1075 est
2165 1008 2302 1078 dies
2360 1010 2482 1076 fixa
2532 1029 2645 1097 pro
2694 1009 2840 1087 eius,
2889 1009 3378 1079 celebratione?

1923 1102 1989 1163 2.
2039 1099 2301 1165 Sanctus
2335 1101 2562 1164 Petrus
2592 1099 2922 1166 Damianus
2969 1099 3266 1188 migravit
3296 1100 3374 1167 ad

1790 1185 2115 1254 Christum
2165 1196 2384 1252 octavo
2432 1186 2734 1253 calendas
2765 1186 2992 1271 Martii,
3026 1200 3098 1255 ut
3138 1188 3377 1275 legitur

1796 1276 1860 1340 in
1908 1274 2044 1341 eius
2099 1273 2317 1341 Officio
2376 1274 2678 1341 Lectione
2725 1279 2857 1343 Ἦ..
2907 1293 3108 1360 quum
3161 1288 3376 1344 autem

1796 1386 1868 1429 ea
1899 1363 2005 1430 die
2039 1360 2142 1429 flat
2172 1361 2459 1430 Officium
2493 1364 2574 1430 de
2607 1362 2920 1430 cathedra
2954 1365 3162 1431 Sancti
3211 1364 3378 1432 Petri

1794 1450 2188 1536 Antiochiae,
2223 1450 2717 1518 Festum-Sancti
2749 1451 2913 1518 Petri
2963 1452 3240 1520 Damiani
3271 1472 3376 1520 ce·

1797 1540 2084 1609 lebratur
2127 1541 2234 1608 die
2279 1540 2601 1626 sequenti,
2637 1539 2802 1608 idest
2846 1541 3124 1628 septimo
3156 1540 3377 1609 Calen-

1796 1631 1905 1698 das
1947 1627 2147 1694 Martii
2211 1646 2293 1694 ex
2351 1632 2620 1695 Decreto
2675 1626 2859 1695 Urbis
2921 1640 2986 1695 et
3043 1628 3222 1697 Orbis
3266 1633 3378 1696 Ga-

1798 1716 2005 1785 lendis
2050 1715 2337 1785 Octobris
2389 1719 2584 1785 1828.
2631 1715 2969 1794 Quaeritur
3015 1716 3213 1807 igitur
3257 1738 3376 1805 qua

1796 1805 1902 1872 die
1934 1804 2071 1870 eius
2102 1804 2402 1892 Elegium
2435 1804 2627 1871 inseri
2659 1804 2894 1871 debeat
2932 1806 3378 1894 martyrologio

1796 1895 1904 1961 die
1937 1896 2019 1960 22
2066 1905 2173 1960 aut
2219 1896 2302 1961 23
2350 1890 2727 1961 Februarii?
2769 1894 2876 1961 vel
2910 1894 3005 1963 bis
3036 1895 3120 1963 de
3152 1896 3378 1964 Sancto

1796 1988 1982 2050 Petro
2030 1982 2324 2059 Damiano
2373 1980 2654 2048 facienda
2700 1979 2780 2046 sit
2825 1979 3112 2050 mentio?

1928 2067 2203 2137 Dubium
2236 2073 2338 2138 Vl.
2391 2070 2655 2158 Legitur
2702 2070 2767 2136 in
2813 2070 2987 2137 Missa
3042 2073 3209 2139 Festi
3268 2077 3380 2139 As-

1797 2158 2175 2246 sumptionis
2205 2164 2430 2226 Beatae
2455 2158 2679 2225 Mariae
2705 2158 3018 2247 Virginis:
3060 2157 3380 2246 Optimam

1793 2260 2052 2339 partem
2097 2247 2282 2333 elegit
2328 2247 2453 2314 sibi
2498 2248 2743 2329 Maria,
2794 2266 2960 2332 quae
3003 2268 3131 2316 non
3198 2252 3382 2335 ause-

1795 2347 1984 2406 ναίω·
2044 2337 2118 2403 ab
2182 2356 2256 2403 ca
2324 2340 2397 2402 in
2466 2346 2828 2403 aeternum.
2884 2337 3219 2415 Quaeritur
3287 2340 3381 2404 An

1795 2427 1951 2494 haec
1995 2425 2191 2492 verba
2236 2422 2443 2491 intelli
2491 2436 2681 2490 antur
2727 2425 2810 2492 de
2856 2424 3218 2492 Beatissima
3249 2427 3382 2494 Vir-

1799 2514 1974 2603 gine,
2008 2533 2085 2579 an
2118 2512 2203 2579 de
2233 2514 2416 2579 Maria
2497 2532 2534 2578 e
2566 2532 2688 2598 qua
2719 2514 2786 2581 in
2809 2512 3164 2602 Evangelio
3195 2514 3384 2582 huius

1800 2603 1970 2671 diei:
2031 2612 2097 2668 et
2140 2611 2651 2687 consequenter:
2701 2605 2796 2668 An
2844 2613 3032 2690 caput
3076 2603 3156 2669 sit
3203 2603 3382 2669 incli-

1798 2691 2106 2845 nandum?
2137 2691 2212 2758 ad
2285 2689 2711 2776 prolationem
2779 2689 3062 2757 Nominis
3129 2693 3379 2776 Mariae,

1800 2798 1921 2848 nec
1968 2797 2051 2846 ne

1931 2866 2205 2934 Dubium
2240 2869 2372 2933 vn.
2421 2869 2626 2947 Quum
2659 2865 2725 2933 in
2754 2868 2975 2956 Belgio
3009 2874 3185 2936 Festa
3217 2868 3383 2936 Nati-

1804 2954 2009 3024 vitatis
2044 2954 2252 3023 Sancti
2284 2956 2529 3023 Ioannis
2558 2954 2901 3043 Baptistae,
2939 2967 3003 3024 et
3050 2956 3256 3026 Sancti
3292 2962 3386 3026 lo·

1800 3044 2013 3133 sephi,
2063 3056 2377 3130 quatenus
2420 3055 2569 3111 sunt
2614 3044 2867 3112 Patroni
2912 3046 3179 3131 Patriae,
3229 3046 3380 3113 olim

1802 3134 2042 3200 fuerint
2087 3136 2265 3199 Festa
2313 3132 2377 3199 in
2424 3132 2703 3221 populo;
2754 3134 3118 3219 quaeritur:

1939 3225 2000 3288 l.
2050 3222 2147 3287 An
2185 3220 2428 3287 sublata
2457 3218 2578 3286 iam
2611 3219 2996 3308 obligatione
3026 3221 3383 3290 abstinendi

1801 3309 1878 3376 ab
1925 3308 2228 3396 operibus
2266 3307 2629 3392 servilibus,
2667 3319 2733 3375 et
2762 3309 3067 3379 audiendi
3098 3314 3383 3396 Sacrum,

1804 3398 2051 3466 licitum
2097 3397 2177 3465 sit
2222 3397 2287 3464 in
2334 3396 2677 3484 praedictis
2720 3398 2921 3465 Festis
2964 3412 3216 3466 cantare
3248 3400 3387 3465 Mis-

1801 3504 1933 3553 sam
1980 3484 2065 3551 de
2128 3485 2441 3572 Requiem
2496 3495 2829 3574 praesente
2888 3503 3199 3574 corpore;
3249 3497 3386 3555 tum

1802 3575 1853 3642 si
1885 3572 2300 3641 celebrentur
2328 3573 2485 3641 haec
2515 3577 2696 3641 Festa
2726 3573 3129 3661 solemniter,
3166 3589 3300 3644 tum
3333 3575 3385 3642 si

1803 3681 1932 3730 non
1975 3659 2403 3729 solemniter?

1932 3754 2000 3816 2.
2036 3753 2132 3817 An
2165 3750 2336 3819 idem
2375 3752 2559 3819 liceat
2591 3751 2653 3818 in
2686 3754 2871 3818 Festo
2897 3755 3143 3821 Patroni
3176 3754 3388 3824 minus

1800 3837 2168 3927 principalis
2235 3839 2499 3906 alicuius
2564 3840 2726 3924 loci,
2788 3839 2841 3906 si
2902 3861 2979 3907 ex
3045 3843 3386 3930 privilegio

1803 3926 1907 3995 vel
1957 3946 2040 3992 ex
2087 3929 2550 3997 consuetudine
2581 3929 2950 3997 celebretur
2983 3930 3112 3998 ritu
3145 3932 3388 4020 duplici

1802 4015 2046 4103 primae
2109 4016 2353 4101 classis,
2417 4030 2524 4084 aut
2589 4016 2776 4084 etiam
2827 4017 2889 4085 in
2943 4018 3387 4087 Anniversario

1802 4103 2228 4172 Dedicationis
2274 4106 2557 4174 omnium
2589 4105 3017 4173 Ecclesiamm
3065 4108 3388 4175 Dominica

1802 4193 2005 4281 prima
2070 4203 2211 4282 post
2279 4205 2560 4260 octavam
2629 4191 2914 4260 omnium
2983 4198 3384 4283 Sanctorum,

1803 4301 2003 4368 quum
2073 4280 2150 4348 sit
2213 4284 2470 4348 Festum
2530 4281 2778 4369 duplex
2837 4282 3081 4369 primae
3145 4284 3385 4368 classis„

1805 4369 1994 4437 etiam
2041 4370 2092 4436 si
2141 4388 2287 4436 cum
2332 4370 2559 4437 minori
2619 4371 3019 4437 solemnitate
3080 4371 3387 4439 celebrari

1802 4460 2028 4543 soleat,
2063 4475 2253 4545 quam
2301 4458 2614 4544 quaedam
2659 4459 2815 4526 aliae
2861 4458 3305 4527 Festivitates?

1932 4550 2013 4613 Et
2060 4548 2242 4614 Sacra
2289 4547 2550 4615 Rituum
2598 4545 3046 4635 congregatio,
3096 4550 3174 4617 ad
3222 4549 3390 4617 Vati-

1805 4653 1986 4701 canas
2035 4633 2243 4701 Aedes
2294 4634 2407 4701 bac
2453 4635 2560 4702 die
2605 4636 2947 4703 ordinariis
2995 4635 3060 4703 in
3104 4637 3425 4708 comitiis?

1806 4723 2179 4806 coadunata,
2227 4722 2437 4791 audita
2484 4725 2792 4791 relatione
2824 4744 2858 4790 a
2886 4723 3247 4814 subscripto
3280 4729 3390 4792 Se-

1804 4808 2074 4876 cretario
2122 4810 2278 4877 facta
2325 4822 2389 4877 et
2436 4809 2728 4879 omnibus
2788 4822 3033 4878 attente
3096 4813 3387 4881 conside·

1806 4898 1954 4964 ratis
2009 4898 2263 4983 riteque
2325 4898 2602 4983 libratis,
2654 4900 3176 4988 respondendum
3238 4920 3388 4970 cen-

1802 4986 1978 5052 suite

1936 5075 2032 5141 Ad
2081 5074 2264 5142 Dubii
2297 5073 2347 5142 1'.
2382 5077 2822 5162 quaestionem
2860 5082 2919 5145 l.
2956 5097 2994 5142 α
3029 5084 3203 5146 luxta
3236 5079 3389 5146 alias

1806 5162 2093 5247 decreta,
2144 5165 2496 5251 Negativ03
2544 5184 2672 5232 non
2733 5166 2903 5232 enim
2953 5168 3228 5254 censeri,
3276 5171 3390 5239 sed

1805 5270 2032 5317 revera
2081 5270 2216 5318 esse
2263 5252 2504 5320 debent
2548 5252 2849 5339 adscripti
2876 5256 3098 5323 stricte
3127 5259 3390 5326 servitio

1808 5339 2157 5428 Ecclesiae,
2190 5339 2280 5407 uti
2328 5340 2641 5408 Parochus
2690 5351 2755 5407 et
2795 5343 3289 5413 vice-Parochus
3322 5369 3386 5415 ι.
