4042 5950
1473 192 1943 331 ,341-

994 348 1018 389 1
1486 388 1491 393 .

69 420 369 477 ueterum
418 410 922 497 observantiam3
992 423 1185 497 atque
1230 430 1452 478 omnes
1500 430 1634 478 mo-

69 499 209 565 aitos
268 498 479 565 voluit
542 512 612 565 ut
676 520 795 589 pro
848 518 1120 567 munere
1184 500 1636 567 incumberent

1737 411 1985 479 studuit
2030 431 2223 480 manu
2271 423 2516 479 tantum
2562 412 2836 481 dextera
2869 412 3090 480 Missae
3123 433 3339 481 caere-

1744 502 1985 567 monias
2033 502 2153 568 rite
2201 518 2537 588 peragere,
2587 501 2785 588 idque
2845 502 3128 570 feliciter
3172 500 3336 568 ohti-

69 597 234 673 1tque
280 598 617 685 urgerent,
659 608 739 654 ne
786 588 1137 674 quidquam
1187 587 1372 657 fieret
1417 600 1639 655 contra
1742 587 1927 667 nuit;
1977 590 2332 677 Episcopus
2366 590 2539 656 enim
2571 600 2842 657 testatur
2873 600 3191 656 oratorem
3228 610 3338 656 ex-

69 696 122 741 aa
186 694 346 760 quae
428 695 491 742 m
566 675 851 743 Decretis
929 677 1080 764 ipsis
1153 675 1476 763 sapienter
1543 677 1637 743 in·

69 774 252 829 uncta
296 772 477 830 sunt.
526 766 748 850 Neque
794 763 1282 850 insequentibus
1329 764 1637 850 tempori-

69 852 160 917 bus
189 851 428 937 aliquid
459 852 840 938 supradictis
868 853 1152 919 Decretis
1184 873 1313 920 non
1344 854 1635 940 apprime

69 939 371 1006 :onforme
405 940 755 1008 declaravit
784 944 970 1008 Sacra
1010 941 1029 1007 i
1079 961 1143 1007 sa
1176 942 1435 1009 Rituum
1470 944 1635 1009 Con-

69 1028 327 1116 gregatio
391 1028 501 1095 vel
563 1028 807 1096 Summi
853 1030 1034 1097 Ponti
1087 1050 1194 1096 ces
1255 1029 1632 1105 indulsere;

78 1134 233 1182 mmo
266 1115 663 1193 ,immortalis
707 1119 1055 1185 memoriae
1105 1118 1245 1185 Pius
1290 1122 1450 1205 Papa
1496 1121 1628 1199 Vll,

69 1205 513 1273 :onstimtione
587 1224 697 1271 sua
773 1209 958 1273 Decet
1026 1209 1345 1272 Romanos
1415 1209 1635 1272 Ponti·

69 1295 212 1371 toas,
266 1295 411 1361 data
467 1304 694 1380 quarto
746 1296 951 1361 Nonas
1009 1296 1151 1362 Iulii
1212 1314 1376 1361 anno
1440 1298 1630 1379 1823,

69 1399 171 1446 aon
214 1383 407 1449 modo
457 1384 537 1451 ad
583 1381 1101 1450 observationem
1156 1384 1516 1467 revocavit,
1568 1392 1633 1447 et

69 1481 355 1555 {uatenus
398 1490 565 1558 opus
610 1480 805 1555 esset,
854 1472 1089 1539 iterum
1140 1470 1515 1561 approbavit
1561 1488 1630 1536 ac

69 1557 301 1624 uncivit
331 1578 499 1643 quae
531 1579 652 1647 per
680 1561 1211 1628 Praedecessores
1243 1580 1415 1643 suos,
1450 1577 1633 1645 prae·

69 1647 265 1713 sertim
312 1649 753 1716 Alexandrum
785 1652 891 1717 Vll
922 1661 990 1716 et
1020 1648 1439 1717 Benedictum
1470 1649 1634 1730 XIV,

69 1734 297 1801 lecreta
342 1736 559 1821 fuere,
593 1737 699 1803 vel
731 1736 880 1802 alias
922 1756 957 1802 a
987 1737 1630 1815 SacrorumRituum

69 1825 549 1912 Congregatlone
600 1823 987 1912 praescripta
1016 1817 1047 1905 ;'
1083 1843 1314 1892 verum
1368 1824 1455 1891 ibi
1514 1823 1630 1891 D'e-

69 1920 286 1978 aretum
346 1912 781 1996 confirmavit,
831 1913 1001 1998 quod
1070 1925 1416 1980 memorata
1469 1915 1631 1979 Con·

69 2000 325 2086 gregatio
395 2001 660 2070 Rituum
731 2000 1024 2069 ediderat
1081 2010 1265 2067 sexto
1324 2000 1631 2069 calendas

69 2088 440 2185 Septembris
484 2110 648 2158 anno
713 2093 880 2157 1822
936 2109 1139 2177 super
1199 2088 1630 2157 declaratione

69 2175 529 2264 privilegiorum
577 2179 738 2246 circa
777 2196 967 2245 usum
998 2177 1346 2263 insignium
1380 2175 1632 2265 pontifi·

69 2263 296 2348 zalium,
343 2265 582 2353 quibus
612 2286 693 2333 ex
725 2267 910 2334 Sedis
942 2266 1342 2354 Apostolicae
1378 2265 1628 2334 indulto

69 2354 382 2421 nonnullae
432 2355 713 2440 gaudent
760 2355 1111 2443 Dignitates
1156 2367 1286 2421 etc.

172 2444 333 2510 Haec
362 2444 617 2529 singula
650 2464 804 2532 prae
836 2444 1036 2511 oculis
1071 2442 1309 2510 babens
1355 2442 1624 2511 Sanctis-

69 2526 236 2595 simus
300 2533 606 2599 Dominus
657 2535 908 2599 ·Noster
969 2532 1111 2598 Pius
1173 2535 1334 2618 Papa
1393 2535 1502 2614 tx,
1555 2551 1625 2597 ac
1676 2592 1681 2598 .

69 2615 208 2681 serio
250 2621 665 2707 perpendens
725 2641 887 2708 quae
933 2621 999 2687 in
1042 2620 1318 2708 supplici
1381 2618 1627 2685 Libello

69 2706 396 2791 exponebat
444 2708 1041 2778 Reverendissimus
1073 2713 1140 2776 P.
1176 2708 1475 2777 visitator
1506 2709 1626 2773 Ge·

69 2794 271 2860 natalis
298 2797 754 2865 Monacborum
787 2797 998 2867 Sancti
1030 2797 1261 2881 Basilii,
1290 2796 1627 2883 requirens

69 2899 196 2948 num
224 2885 315 2951 sui
346 2885 603 2953 Ordinis
633 2886 908 2954 Abbates
950 2905 1254 2953 revocare
1286 2886 1521 2953 debeat
1551 2883 1629 2951 ad

69 2969 503 3042 observantiam
525 2980 947 3044 Decretorum
968 2976 1312 3043 Alexandri
1334 2978 1438 3042 Vll
1464 2971 1629 3041 circa

69 3077 229 3125 usum
270 3062 758 3149 Pontificalium,
792 3083 992 3152 quum
1026 3084 1109 3131 ex
1139 3064 1368 3131 iisdem
1399 3062 1625 3149 aliquis

70 3146 383 3217 arbitretur
410 3156 679 3220 Decreta
703 3154 835 3254 ipsa
862 3154 1069 3220 forsan
1099 3151 1486 3235 modificata,
1519 3149 1625 3216 vel

69 3234 315 3304 decursu
359 3241 670 3328 temporis
702 3243 777 3308 its
808 3242 1188 3327 derogatum
1221 3240 1325 3308 vel
1369 3240 1628 3327 dispen—

69 3333 244 3390 satum
307 3330 534 3396 saltem
603 3329 667 3400 in
736 3342 915 3417 parte
985 3329 1228 3408 fuisse;
1301 3329 1626 3395 referente

69 3411 392 3504 subscripto
470 3421 693 3485 Sacrae
769 3418 1031 3486 Rituum
1101 3415 1627 3505 Congregationis

69 3500 431 3598 secretario,
495 3507 710 3573 eidem
771 3506 1093 3574 Visitatori
1156 3503 1454 3574 Generali
1514 3506 1626 3571 Or·

69 3585 205 3655 dinis
261 3595 469 3662 Sancti
530 3596 764 3680 Basilii,
814 3596 1072 3661 attentis
1128 3595 1461 3683 expositis,
1511 3612 1623 3681 po-

69 3685 333 3748 testatem
379 3683 532 3750 fecit
578 3683 921 3751 revocandi
966 3682 1241 3750 Abbates
1284 3683 1360 3749 ad
1408 3683 1623 3750 obser-

69 3766 311 3836 vantiam
340 3771 627 3839 omnium
652 3776 1098 3857 Decretorum,
1124 3790 1290 3858 quae
1319 3789 1518 3857 super
1552 3788 1622 3835 re

69 3852 214 3920 edita
255 3859 490 3941 fuere;
551 3860 934 3946 praesertim
993 3871 1064 3928 ut
1110 3879 1236 3927 non
1285 3860 1472 3927 liceat
1536 3858 1627 3924 eis

69 3943 421 4039 Rontiticalia
475 3968 785 4015 exercere
830 3948 951 4015 nisi
1000 3950 1061 4015 in
1108 3948 1367 4036 propria
1400 3948 1623 4014 Eccle-

69 4047 173 4110 sia3
206 4047 265 4101 et
308 4039 362 4103 si
414 4056 492 4103 ex
540 4037 802 4123 speciali
854 4038 1105 4106 indulto
1141 4036 1326 4104 huius
1360 4040 1626 4105 Sanctae

70 4118 437 4205 Apostolicae
497 4125 679 4193 Sedis
742 4145 820 4192 ex
880 4127 971 4193 eis
1036 4125 1368 4213 quisquam
1428 4143 1622 4211 agere

70 4209 240 4290 possit
280 4215 662 4282 Pontificalia
708 4215 901 4281 etiam
936 4225 1113 4281 extra
1146 4214 1467 4304 propriam
1501 4218 1621 4280 Ec-

72 4294 335 4395 clesiam,
407 4304 774 4371 nullatenus
837 4304 1025 4371 liceat
1093 4303 1213 4370 boc
1281 4302 1624 4390 privilegio

73 4392 181 4484 uti,
216 4390 328 4456 nisi
373 4392 459 4459 de
506 4410 812 4479 expresso
859 4391 1400 4460 Reverendissimi
1446 4391 1627 4458 Ordi-

72 4474 205 4571 uarii
247 4498 581 4546 consensu.
648 4481 989 4548 Contrariis
1045 4499 1176 4547 non
1235 4479 1625 4546 obstantibus

73 4563 575 4655 quibuscumque.
627 4570 739 4636 Die
790 4573 870 4636 18
914 4567 1284 4636 Decembris
1320 4572 1513 4636 1846.
1630 4643 1635 4652 ‚

74 4716 301 4798 2924.
644 4732 1010 4798 ARETINA.
1393 4727 1622 4815 (5059)

264 4871 627 4939 Beatissimo
673 4873 884 4937 Pater.

185 5009 398 5099 loseph
444 5013 642 5079 Teoni
689 5013 999 5079 Sacerdos
1050 5010 1371 5078 Dioecesis
1419 5010 1625 5077 Areti-

74 5105 173 5156 nae
212 5099 525 5169 Sanctitati
573 5104 743 5168 Tuae
789 5098 1124 5169 humiliter
1154 5099 1417 5189 exponit
1448 5100 1620 5185 quod

75 5192 267 5252 manus
286 5191 533 5257 sinistra
566 5189 784 5257 eidem
818 5189 938 5257 fuit
968 5199 1290 5276 amputata
1317 5190 1396 5256 ob
1431 5188 1625 5255 ustio·

75 5280 188 5370 ¹18⁸·
216 5292 285 5340 ex
343 5279 599 5346 fortuita
667 5278 1041 5366 explosione
1102 5278 1277 5365 globi
1339 5276 1625 5366 pulveris

76 5362 269 5438 Pyrtci.
325 5372 374 5434 Α
432 5366 541 5438 die
604 5366 1050 5456 amputationis
1096 5375 1308 5433 orator
1367 5365 1619 5433 assidue

1745 676 2104 763 parimento
2136 676 2439 764 probasse
2473 678 2578 763 ita,
2610 676 2849 764 absque
2881 679 3148 745 alterius
3182 698 3332 766 ope,

1742 776 2109 852 paramenta
2154 784 2478 832 assumere
2525 776 2589 831 et
2636 765 2969 854 deponere
3020 786 3206 854 posse
3244 777 3335 831 at-

1742 871 1869 939 que
1929 854 2080 920 alias
2135 872 2358 919 omnes
2426 855 2645 921 Missae
2705 855 3138 922 caeremonias
3183 872 3336 942 per-

1742 958 1960 1026 agere,
2010 951 2083 1008 ut
2127 942 2370 1008 nullam
2417 941 2640 1029 populi
2689 942 3176 1013 admirationem
3223 960 3335 1009 ex-

1742 1030 1927 1096 citet.
1977 1031 2267 1118 Supplex
2315 1029 2514 1117 igitur
2557 1052 2591 1097 a
2638 1032 2984 1098 Sanctitate
3027 1034 3162 1097 Tua
3225 1048 3334 1097 ex-

1741 1118 2022 1204 postulat
2055 1127 2125 1184 ut
2155 1118 2413 1185 attentis
2444 1118 2747 1207 expositis
2790 1116 3071 1206 benigne
3119 1119 3335 1186 eidem

1746 1206 2068 1273 indultum
2114 1206 2503 1274 concedatur
2549 1207 2793 1273 Missam
2844 1206 3243 1275 celebrandi.

1873 1293 2316 1375 Sanctissimus
2335 1294 2639 1362 Dominus
2663 1296 2889 1361 Noster
2913 1294 3056 1362 Pius
3074 1299 3158 1363 lX
3183 1299 3335 1363 Pon-

1742 1383 1897 1450 tifex
1932 1385 2264 1466 MaximuS,
2302 1382 2628 1449 referente
2659 1381 3020 1470 subscripto
3053 1386 3118 1450 S.
3145 1388 3220 1451 R.
3249 1387 3320 1451 C.

1738 1471 2125 1555 Secretario,
2175 1472 2432 1538 attentis
2480 1469 2785 1557 expositis
2830 1490 2902 1537 ac
2951 1472 3330 1558 praesertim

1741 1558 2281 1628 Reverendissimi
2297 1558 2593 1648 Episcopi
2612 1558 3143 1626 testimonialibus
3163 1578 3330 1625 com·

1740 1647 2129 1714 mendatitiis
2160 1647 2457 1714 Litteris:
2505 1670 2543 1713 c
2570 1651 2660 1714 De
2693 1647 2954 1734 speciali
2991 1647 3188 1735 gratia
3220 1646 3333 1714 be-

1740 1736 1934 1822 nigne
1968 1735 2190 1805 annuit
2234 1736 2406 1802 iuxta
2504 1750 2731 1814 reces;
2781 1734 3139 1803 dummodo
3172 1755 3328 1802 vero

1740 1834 1951 1890 orator
1993 1824 2292 1909 privatim
2326 1824 2467 1890 cele
2517 1833 2613 1891 ret
2647 1834 2714 1890 et
2744 1842 2891 1890 cum
2922 1823 3186 1891 alterius
3226 1826 3334 1892 Sa-

1740 1912 2020 1980 cerdotis
2066 1911 2415 1979 assistentia
2447 1935 2514 1978 ›.
2565 1911 2910 1983 Contrariis
2957 1922 3086 1979 etc.

1870 2000 1983 2067 Die
2038 2004 2117 2067 18
2162 2000 2534 2068 Decembris
2588 2002 2784 2067 1818.

1739 2159 2001 2229 2925.
2338 2134 2717 2237 sturmus.

1955 2296 2319 2365 Beatissimo
2366 2300 2572 2363 Pater.

3101 2154 3330 2243 (soso)

1866 2441 2141 2509 Aloisius
2164 2440 2538 2529 Reggianini
2569 2440 2920 2530 Episcopus
2953 2439 3329 2507 Mutinensis

1735 2529 1817 2595 ob
1860 2540 2140 2597 aetatem
2185 2531 2332 2596 satis
2380 2541 2752 2616 provectam
2810 2538 2876 2595 et
2929 2528 3163 2595 virium
3210 2529 3323 2596 de-

1733 2617 2048 2684 bilitatem
2105 2617 2510 2685 Pontificales
2569 2617 2934 2684 functiones
3002 2617 3194 2683 etiam
3258 2616 3322 2682 in

1732 2706 2095 2793 praecipuis
2141 2708 2287 2773 anni
2336 2706 2513 2773 festis
2559 2721 2873 2792 peragere
2919 2704 3147 2791 nequit
3185 2706 3324 2772 abs·

1732 2813 1858 2881 que
1907 2794 2116 2880 gravis
2162 2794 2377 2862 damni
2422 2793 2762 2880 periculo;
2815 2793 3092 2867 demisse
3124 2792 3326 2881 igitur

1733 2885 2146 2950 Sanctitatem
2180 2887 2374 2950 Tuam
2415 2892 2638 2949 exorat
2682 2892 2755 2948 ut
2795 2880 3325 2949 Benedictionem

1730 2973 2028 3058 Papalem
2076 2970 2412 3058 impertire
2461 2970 2598 3057 ipse
2629 2968 3051 3054 valeat,.licet
3083 2970 3326 3038 Missam

1733 3079 1862 3127 non
1907 3058 2226 3144 celebret,
2275 3061 2390 3127 sed
2442 3060 2656 3126 eidem
2706 3068 2951 3125 tantum
2997 3058 3267 3125 assistat.

1849 3147 2292 3217 Sanctissimus
2317 3147 2622 3215 Dominus
2646 3148 2878 3213 Noster
2896 3146 3044 3213 Pius
3064 3150 3145 3214 lx
3171 3150 3326 3213 Pon-

1730 3236 1891 3303 tifex
1921 3235 2254 3319 Maximus,
2291 3236 2617 3303 referente
2648 3234 3011 3323 subscripto
3044 3236 3109 3300 S.
3141 3238 3214 3301 R.
3245 3238 3315 3302 G.

1732 3325 2118 3408 Secretario,
2167 3323 2427 3391 attentis
2474 3320 2817 3412 expositis:
2868 3343 2906 3386 c
2940 3325 3030 3388 De
3060 3320 3319 3410 speciali

1729 3414 1929 3499 gratia
1977 3413 2259 3499 benigne
2292 3412 2511 3479 annuit
2543 3412 2718 3478 iuxta
2749 3425 3015 3497 preces3
3065 3410 3319 3495 quando

1733 3519 1956 3568 revera
2000 3501 2356 3589 Episcopus
2401 3511 2613 3566 orator
2656 3508 2936 3588 nequeat
2975 3496 3059 3565 oh
3099 3499 3320 3565 salutis

1728 3589 2129 3657 incommoda
2174 3587 2560 3656 Pontificalia
2605 3605 2919 3655 exercere
2943 3608 3005 3653 ι».
3058 3589 3319 3655 Contra-

1727 3677 1837 3745 riis
1881 3697 2011 3744 non
2057 3676 2452 3745 obstantibus
2497 3676 3035 3764 quibuscumque.

1862 3766 1974 3833 Die
2026 3770 2104 3834 15
2151 3765 2418 3832 Ianuarii
2472 3768 2665 3832 1847.

1732 3926 1990 3996 2926.
2351 3926 2697 3994 ROMANA.

1952 4067 2320 4136 Beatissimo
2365 4071 2572 4135 Pater.

3098 3922 3325 4012 (soei)

1859 4212 2089 4297 loseph
2119 4208 2470 4298 Gasparetti
2502 4209 2813 4277 Sacerdos
2842 4207 3160 4275 Dioecesis
3191 4208 3319 4273 An-

1729 4298 2082 4382 conitanae,
2131 4303 2364 4366 Romae
2408 4297 2721 4381 residens,
2771 4296 3049 4365 demisse
3082 4294 3323 4363 Sancti·

1730 4387 1838 4455 tati
1888 4392 2057 4453 Tuae
2107 4387 2371 4474 exponit
2417 4385 2589 4473 quod
2639 4385 2722 4452 ob
2768 4402 2994 4472 graves
3037 4384 3318 4470 aegritu-

1729 4477 1914 4544 dines
1961 4493 2116 4561 quas
2160 4493 2380 4574 passus
2425 4486 2548 4556 est,
2598 4492 2756 4560 aqua
2801 4489 3065 4558 semper
3093 4471 3189 4538 uti
3221 4489 3322 4537 co-

1730 4564 1905 4651 gitur
1948 4574 2017 4629 et
2062 4584 2096 4629 a
2142 4581 2290 4628 vino
2338 4563 2420 4628 ita
2466 4563 2769 4630 abhorret
2828 4570 2900 4629 ut
2957 4579 3078 4628 nec
3125 4560 3320 4647 ipsius

1730 4653 1892 4720 odor
1948 4651 2270 4718 sustinere
2327 4651 2573 4738 possit;
2633 4650 2712 4718 ad
2779 4648 3063 4717 vitandas
3122 4648 3321 4735 igitur

1728 4740 2244 4827 perturbationes
2281 4740 2588 4807 stomachi
2635 4757 2799 4824 quae
2847 4737 2910 4804 in
2958 4737 3177 4803 Missae
3216 4753 3320 4822 ce-

1728 4828 2081 4898 lebratione
2130 4828 2189 4894 ei
2235 4827 2525 4895 accidere
2564 4835 2853 4915 possent,
2886 4823 3316 4928 Apostolicam

1727 4916 2271 5004 dispensationem
2320 4915 2652 4982 humiliter
2699 4924 2987 5002 exposcit
3034 4924 3132 4997 ut,
3167 4929 3322 4999 per-

1727 5018 1864 5073 acta
1910 5003 2281 5094 sumptione
2327 5006 2436 5071 SS.
2477 5002 2836 5089 SanguiniS,
2878 5021 3034 5089 aqua
3067 5010 3318 5067 tantum

1727 5095 1819 5163 uti
1866 5094 2075 5160 valeat
2119 5110 2236 5179 pro
2283 5092 2506 5159 Calicis
2552 5090 3019 5177 purificatione.

1848 5182 2286 5252 Sanctissimus
2311 5181 2614 5249 Dominus
2637 5181 2865 5245 Noster
2889 5180 3031 5246 Pius
3054 5181 3138 5246 IX
3160 5179 3320 5245 Pon-

1728 5272 1888 5340 tifex
1930 5270 2233 5339 Maximus
2279 5270 2608 5338 referente
2639 5268 2998 5356 subscripto
3029 5269 3096 5334 S.
3133 5270 3211 5335 R.
3238 5270 3312 5334 C.

1727 5358 2107 5443 Secretario,
2142 5358 2529 5445 attentisque
2561 5356 2867 5446 expositis
2898 5379 2914 5423 ε
2963 5379 3002 5424 ιι
3035 5359 3126 5426 De
3171 5373 3316 5443 spe-
