4042 5950
1522 284 1994 369 —333—

122 464 181 518 et
239 446 542 518 omnibus
591 458 837 517 attente
893 446 1340 533 consideratis,
1392 466 1464 514 ac
1523 465 1707 533 prae-

1940 446 2039 516 Ad
2086 450 2150 514 3.
2199 468 2238 510 α
2273 446 2578 534 Negative
2615 448 2677 514 in
2712 446 3043 527 omnibus;
3075 444 3214 514 sine
3245 467 3391 536 spe-

118 540 333 605 sertim
375 542 650 605 Decreto
683 537 746 604 in
782 556 905 604 una
934 534 1456 623 congregationis
1484 535 1712 602 Montis
1813 535 1955 602 ciali
2003 536 2367 623 Apostolico
2415 535 2659 603 indulte
2693 559 2756 603 ».

118 616 622 694 Coronae“edito
669 626 778 694 die
824 629 907 692 22
941 625 1200 692 Ianuarii
1258 627 1420 692 1701
1467 624 1543 691 ad
1592 623 1708 690 du·

120 714 286 781 bium
343 717 453 796 10,
504 733 631 801 quo
680 713 1059 802 prohibetur
1104 712 1423 779 collocare
1455 723 1522 778 et
1552 713 1705 778 reti-

119 822 271 870 nere
317 804 427 870 vel
480 822 585 867 vas
632 802 865 869 ssorum
910 800 1013 867 vel
1076 799 1232 887 quid
1292 800 1500 867 simile
1561 810 1707 865 ante

117 891 520 979 praedictum
551 890 850 957 ostiolum
881 888 1320 975 Tabernaculi,
1354 887 1708 954 rescriben-

119 982 267 1046 dum
329 978 635 1045 censuit:
695 1000 733 1042 ι
765 980 905 1044 Non
966 978 1211 1065 licere;
1281 989 1346 1044 et
1407 986 1709 1043 assertam

120 1066 659 1134 consuetudinem
707 1077 1028 1152 tamquam
1074 1065 1339 1132 abusum
1374 1063 1708 1132 eliminan-

119 1156 258 1222 dam
291 1178 357 1222 ».
409 1158 622 1241 Atque
669 1155 749 1221 ita
797 1154 1123 1242 rescripsit
1153 1172 1224 1220 ac
1255 1152 1490 1223 servari
1537 1172 1730 1220 man-·

120 1243 309 1310 davit.
370 1243 489 1311 Die
536 1247 575 1310 6
622 1243 1023 1331 Septembris
1076 1243 1261 1310 1845.

124 1421 374 1491 2902.
476 1423 790 1489 BABlEN.
842 1423 920 1487 IN
973 1422 1352 1489 BRASlLlA.
1478 1418 1705 1507 (5035)

246 1604 314 1667 ln
351 1599 525 1667 votis
553 1619 753 1687 quum
800 1600 1076 1667 maxime
1115 1601 1340 1670 babeat
1386 1604 1710 1669 Reveren-

124 1687 414 1755 dissimus
472 1688 732 1756 Babien.
784 1689 1136 1776 Episcopus
1197 1690 1261 1757 in
1309 1690 1588 1774 Brasilia,
1637 1699 1710 1757 ut

126 1774 327 1842 omnia
374 1787 673 1844 accurate
735 1776 885 1844 flant
946 1777 1010 1844 in
1066 1777 1508 1845 ecclesiasticis
1567 1778 1711 1845 fun·

125 1862 462 1949 ctionibus,
512 1883 657 1931 cum
704 1876 885 1932 recto
933 1866 1162 1936 ordine
1196 1876 1499 1953 rectaque
1532 1865 1711 1934 disci·

125 1952 325 2038 plina,
364 1955 592 2020 Sacrae
625 1952 887 2021 Rituum
917 1955 1407 2045 congregationi
1439 1974 1710 2042 sequen-

129 2040 205 2106 tia
244 2039 441 2109 dubia
490 2041 819 2109 enodanda
866 2043 1224 2130 proposuit,
1273 2042 1616 2112 nimirum:

255 2134 311 2194 1.
364 2132 534 2195 Num
585 2130 894 2197 Parecbus
924 2130 1199 2217 quisque
1233 2134 1477 2219 populo
1511 2152 1710 2199 enun-

128 2217 399 2284 ciaturus
442 2216 733 2285 Verbum
778 2219 889 2284 Dei
942 2229 1237 2305 tempore
1283 2219 1502 2287 nissae
1544 2221 1709 2288 sole-

127 2305 305 2389 mnis,
341 2306 448 2371 vel
504 2306 569 2372 in
614 2326 724 2373 sua
759 2306 1041 2372 Ecclesia
1072 2309 1177 2373 vel
1211 2306 1275 2374 in
1309 2309 1504 2375 altera
1529 2308 1712 2375 >intra

130 2392 355 2460 limites
394 2414 553 2461 suae
600 2396 954 2479 Paroeciae,
998 2394 1248 2461 veniam
1289 2407 1398 2463 aut
1448 2396 1711 2464 benedi·

128 2481 395 2547 ctionem
420 2503 457 2548 a
479 2482 863 2549 celebrante
895 2493 1204 2570 expetere
1235 2483 1492 2567 debeat,
1520 2486 1708 2551 etiam

131 2568 174 2633 si
204 2570 303 2636 hic
334 2589 469 2637 non
503 2582 671 2638 esset
701 2571 1056 2659 Episcopus
1077 2568 1135 2636 ἲ.

252 2663 316 2726 2.
366 2662 537 2726 Num
570 2659 833 2727 Praelati
866 2662 1240 2747 Regulares,
1274 2660 1381 2749 qui
1413 2682 1532 2728 usu
1563 2664 1712 2728 Pen-

137 2745 452 2813 tiiicalium
525 2747 806 2848 insigniti
869 2759 1056 2833 sunt,
1120 2749 1186 2816 in
1253 2749 1553 2817 Ecclesiis
1612 2750 1711 2816 sui

136 2835 395 2901 instituti
446 2836 836 2924 praedictam
886 2837 1164 2922 veniam,
1215 2850 1286 2904 ut
1340 2838 1401 2905 in
1451 2857 1711 2926 praece-

136 2920 328 3007 denti,
374 2935 609 3011 petere
655 2922 935 2992 debeant
981 2923 1454 3013 praedicaturi?

258 3016 319 3079 3.
369 3017 603 3080 Utrum
651 3012 925 3081 Abbates
967 3015 1219 3083 Ordinis
1264 3016 1471 3083 Sancti
1518 3020 1714 3082 Bene-

139 3098 279 3165 dicti
324 3103 431 3167 vel
479 3101 757 3169 aliarum
794 3103 1558 3190 congregationum,.qui
1606 3124 1713 3192 pa·

141 3186 282 3253 riter
329 3210 447 3256 usu
493 3189 954 3257 Pontificatium
1017 3199 1166 3259 sunt
1211 3191 1519 3279 insigniti,
1569 3211 1714 3280 pos·

140 3273 276 3360 sint,
309 3289 633 3345 annuente
682 3289 892 3345 tamen
927 3280 1046 3345 loci
1077 3279 1433 3366 ordinario,
1468 3279 1709 3348 Missam

142 3363 478 3432 solemnem
531 3366 594 3432 in
641 3366 1111 3434 Pontificalibus
1143 3369 1497 3452 celebrare,
1532 3379 1712 3435 extra

145 3454 449 3540 propriam
499 3455 853 3522 Ecclesiam
886 3457 985 3522 vel
1021 3468 1265 3523 ceteras
1300 3457 1589 3525 eiusdem
1618 3462 1712 3524 ln·

142 3539 324 3607 stituti
357 3543 709 3623 Ecclesias;
772 3545 1146 3632 praesertim
1205 3545 1462 3630 quando
1513 3544 1712 3613 iidem

144 3624 400 3697 Abbates
461 3632 528 3698 in
589 3631 954 3720 Apostolico
1014 3632 1264 3700 indulto
1325 3632 1714 3700 benedictio·

145 3730 293 3817 nem·
311 3720 694 3896 ⁴{efqperint
739 3720 815 3787 ad
865 3720 1135 3787 formam
1175 3721 1552 3789 pontificalis
1596 3724 1714 3789 Ro·

146 3817 295 3871 mam
417 3812 449 3874 1

266 3895 325 3959 4.
389 3900 560 3964 Num
620 3898 968 3985 Regulares
1036 3898 1190 3983 qui,
1253 3899 1329 3966 ad
1394 3898 1713 3965 tramitem

150 3979 615 4052 Constitutionis
644 3985 897 4060 Ordinis
925 3987 1194 4073 proprii,
1222 3987 1539 4074 assequuti
1565 3997 1715 4053 sunt

148 4068 400 4167 gradum
426 4074 713 4140 Doctoris
748 4073 809 4141 in
834 4077 1016 4141 Sacra
1041 4075 1409 4178 Theologia,
1437 4077 1712 4158 valeant,

152 4152 419 4239 legitime
466 4161 730 4229 dimisso
774 4162 1124 4249 Religionis
1170 4162 1413 4247 babitu,
1463 4163 1716 4231 bonori-

153 4241 256 4308 bus
298 4247 483 4316 titulo
528 4250 814 4317 Doctoris
857 4251 1123 4318 adnexis
1166 4249 1500 4338 gaudere?

271 4337 335 4402 Β.
378 4340 547 4405 Num
594 4338 968 4406 Sacerdotes
1014 4340 1121 4427 qui
1168 4339 1401 4428 gradus
1446 4350 1594 4406 sunt
1625 4360 1716 4406 as-

152 4428 386 4505 sequuti
443 4428 511 4494 in
568 4427 774 4512 aliqua
836 4428 1172 4496 Academia
1229 4428 1335 4495 vel
1393 4429 1715 4495 Universi·

155 4513 270 4574 tate
297 4509 659 4583 facultatem
694 4515 1015 4584 tribuente
1046 4516 1333 4602 gestandi
1381 4517 1713 4601 annulum,

155 4590 264 4661 hoc
307 4615 553 4758 gesitare
599 4615 837 4690 queant
883 4606 945 4673 in
991 4604 1220 4692 digito,
1259 4606 1422 4672 sicut
1452 4606 1714 4673 Praelati

158 4695 386 4764 gestant

274 4777 348 4841 Et
391 4782 573 4848 Sacra
619 4779 879 4849 Rituum
925 4782 1375 4870 congregatio,
1424 4783 1500 4849 ad
1551 4781 1717 4850 Vati·

159 4873 321 4927 canas
363 4868 570 4937 Aedes
617 4869 732 4937 bac
777 4870 883 4937 die
929 4870 1271 4939 ordinariis
1325 4871 1389 4937 in
1433 4870 1719 4939 Comitiis

162 4948 509 5049 coqdnnata,
551 4959 629 5027 ad
676 4958 1052 5025 relationem
1106 4958 1447 5048 subscripti
1495 4962 1717 5026 Secre-

161 5040 304 5130 t3¹21,
329 5045 618 5113 omnibns
647 5057 895 5113 mature
925 5048 1262 5136 perpensis
1293 5048 1543 5135 riteque
1568 5067 1715 5114 con·

159 5123 447 5219 aderatis,
495 5134 975 5203 rescribendum
1024 5137 1318 5204 censuit:

280 5221 369 5288 Ad
423 5229 452 5289 1
503 5237 569 5290 et
615 5228 678 5290 2.
730 5251 768 5294 c
800 5224 1108 5311 Negative
1141 5245 1202 5290 ι».

288 5412 364 5488 (¹)
398 5423 455 5480 E.
494 5424 634 5483 Dub.
668 5426 718 5483 t.

1942 623 2036 690 Ad
2088 627 2154 690 4.
2201 645 2240 687 ι
2273 628 2448 691 luter
2489 625 2837 713 Regulares
2881 635 3122 692 tantum
3160 646 3221 690 ».

1943 712 2038 778 Ad
2087 717 2149 779 ὅ.
2208 734 2246 777 c
2298 711 2731 797 Permittitur,
2799 724 3247 801 praeterquam
3327 713 3390 781 in

1812 799 2253 868 ecclesiasticis
2315 798 2782 886 functionibus,
2838 802 3009 868 iuxta
3077 801 3224 866 alias
3283 803 3392 870 de-

1811 900 1979 957 creta
2011 913 2078 955 ».
2175 910 2178 913 “

1946 981 2025 1045 Et
2072 979 2154 1043 ita
2202 977 2525 1066 rescripsit
2572 1000 2640 1046 ac
2685 979 2921 1045 servari
2968 978 3313 1046 mandavit.

1945 1066 2057 1134 Die
2107 1070 2189 1135 23
2237 1066 2374 1133 Maii
2430 1070 2622 1134 1846.

1812 1208 2080 1278 2908.
2367 1212 2832 1278 mammen.
3164 1212 3390 1299 (sose)

1940 1333 2147 1411 Quum
2182 1352 2254 1398 ea
2284 1332 2364 1399 sit
2396 1334 2624 1421 positio
2662 1334 3033 1422 Parecbialis
3071 1335 3391 1403 Ecclesiae

1813 1424 1932 1490 loci
1996 1421 2195 1509 vulgo
2240 1423 2398 1488 Acri
2445 1422 2509 1489 in
2555 1423 2838 1490 Dioecesi
2883 1424 3289 1506 Bisinianen.,
3325 1434 3393 1492 ut

1800 1511 1890 1578 ‘ad
1939 1510 2169 1578 fideles
2227 1530 2349 1598 per
2402 1527 2585 1597 agros
2644 1511 2894 1580 dissitos
2956 1534 3027 1581 ac
3085 1513 3161 1580 ad
3210 1513 3395 1599 plura

1811 1598 2105 1667 milliaria
2159 1597 2471 1665 distentos
2526 1602 2785 1667 Sacrum
2834 1602 3179 1686 Viaticum,
3237 1602 3389 1669 dum

1815 1688 1932 1778 ipsi
1968 1687 2390 1773 infirmantur,
2425 1687 2663 1755 deferri
2697 1700 2974 1774 nequeat
3003 1689 3122 1757 nisi
3151 1709 3394 1757 summa

1813 1795 1957 1846 cum
2006 1775 2383 1844 difficultate
2438 1778 2520 1843 ob
2579 1775 2817 1843 viarum
2876 1779 3278 1865 asperitatem
3326 1797 3394 1844 ac

1813 1875 2196 1947 ventorum,
2276 1862 2520 1932 nivium
2597 1865 3080 1967 glacierumque
3159 1867 3396 1934 incom-

1815 1953 2042 2032 moda3
2091 1952 2244 2021 inde
2289 1951 2362 2019 fit
2408 1963 2479 2019 ut
2525 1954 2877 2021 animarum
2925 1955 3252 2041 dispendia
3284 1974 3394 2023 ne·

1816 2043 2086 2109 cessario
2134 2042 2431 2107 eveniant
2478 2052 2542 2108 et
2588 2060 2850 2130 semper
2906 2046 3135 2111 maiora
3183 2043 3393 2111 timeri

1813 2130 2116 2198 debeant.
2144 2129 2331 2208 Queis
2354 2129 2774 2197 incommodis
2797 2150 3163 2217 occurrere,
3189 2134 3394 2220 quoad

1817 2219 1955 2286 fieri
1989 2228 2227 2308 potest,
2264 2228 2641 2304 exoptantes
2674 2218 2967 2287 hodierni
2993 2222 3300 2289 Parecbus
3332 2233 3396 2288 ot

1815 2307 2158 2375 oeconomi
2204 2306 2431 2394 Oppidi
2493 2307 2712 2393 ipsius,
2762 2320 2954 2395 atque
3002 2310 3286 2377 invectae
3331 2309 3395 2375 in

1817 2397 2149 2463 enunciata
2201 2394 2493 2462 Paroecia
2536 2395 2983 2463 consuetudini
3034 2397 3394 2465 huiusmodi

1816 2485 1882 2551 in
1941 2484 2188 2551 casibus
2256 2483 2594 2551 deferendi
2661 2485 3129 2553 Sanctissimum
3186 2490 3396 2553 Sacra-

1815 2584 2105 2639 mentum
2155 2573 2361 2661 capite
2408 2572 2580 2661 pileo
2622 2584 2926 2661 cooperto
2959 2587 3024 2642 et
3054 2574 3396 2662 equitando

1815 2681 1886 2728 se
1932 2661 2330 2727 conformare
2377 2661 2626 2728 vellent
2681 2662 2972 2747 quidem,
3021 2664 3133 2730 sed
3182 2663 3396 2731 formi-

1815 2750 1993 2833 dant,
2029 2748 2174 2835 quia
2207 2749 2378 2816 nulla
2411 2767 2613 2835 usque
2647 2769 2815 2816 nunc
2851 2752 3203 2818 intercessit
3235 2754 3397 2839 Apo·

1814 2838 2034 2905 stolica
2082 2838 2287 2905 venia.
2340 2840 2588 2905 Sacram
2636 2838 2909 2925 proinde
2949 2841 3207 2910 Rituum
3239 2844 3397 2908 Con-

1816 2927 2280 3016 gregationem,
2309 2925 2513 2994 enixis
2544 2926 2843 3015 precibus
2887 2929 3222 3014 adeuntes,
3251 2949 3398 2997 con·

1815 3015 2174 3083 suetudinis
2239 3016 2436 3105 ipsius
2494 3015 3040 3085 confirmationem
3098 3018 3400 3086 instanter

1814 3117 2162 3189 rogarunt,
2232 3105 2406 3190 quod
2475 3114 2539 3169 et
2609 3106 2744 3192 ipse
2812 3106 3397 3174 Reverendissimus

1817 3195 2170 3281 Episcopus
2216 3192 2426 3260 Sancti
2474 3193 2654 3260 Marci
2704 3202 2770 3259 et
2822 3194 3233 3280 Bisinianen.,
3279 3212 3397 3283 pro

1819 3281 2263 3354 informatione
2324 3291 2388 3346 et
2449 3291 2598 3347 voto
2653 3281 3018 3367 requisitus,
3072 3280 3395 3370 efflagitat,

1819 3380 2043 3456 utpote
2093 3389 2172 3436 ex
2219 3369 2473 3459 propria
2519 3371 2778 3437 notione
2825 3370 2888 3435 in
2933 3373 3115 3438 Sacra
3178 3372 3398 3439 visita-

1819 3459 2036 3542 tione,
2107 3478 2268 3546 quae
2337 3459 2758 3526 enuncientur
2825 3459 3222 3527 incommoda
3290 3478 3398 3526 ex·

1863 3558 2063 3614 ertus.

1814 3566 1859 3637 p
1950 3640 2029 3702 Et
2076 3638 2257 3703 Sacra
2302 3634 2561 3704 Rituum
2608 3636 3056 3726 congregatio,
3105 3638 3169 3704 in
3221 3636 3400 3705 Ordi-

1819 3726 1992 3792 nario
2026 3727 2229 3791 Coetu
2275 3725 2348 3791 ad
2401 3725 2772 3794 Vaticanum
2822 3727 3130 3794 hodierna
3162 3725 3268 3794 die
3298 3747 3399 3792 co·

1817 3814 2112 3896 adunata,
2157 3814 2368 3881 audita
2414 3815 2726 3882 relatione
2757 3814 2835 3881 ab
2863 3814 3262 3903 infrascripto
3291 3817 3400 3883 Se·

1819 3902 2090 3968 cretario
2158 3900 2316 3969 facta
2384 3903 2807 3991 omnibusque
2883 3904 3199 3972 rationum
3269 3922 3403 3970 mo·

1782 3991 2053 4058 'mentis
2077 3998 2324 4057 mature
2357 3992 2715 4081 perpensis,
2744 3992 3229 4060 rescribendum
3254 4012 3402 4060 cen·

1819 4080 1994 4146 suit:
2044 4099 2083 4142 ι
2117 4079 2390 4145 Attentis
2456 4079 2944 4147 circumstantiis
3003 4081 3067 4147 in
3126 4081 3399 4169 supplici

1822 4166 2044 4234 libello
2095 4168 2433 4252 expressis,
2484 4167 2801 4235 commisit
2846 4168 3401 4237 Reverendissimo

1822 4255 2037 4323 eidem
2060 4254 2401 4342 Episcopo,
2437 4266 2531 4341 ut,
2566 4275 2684 4343 pro
2714 4275 2829 4323 suo
2862 4255 3119 4322 arbitrio
3156 4271 3220 4322 et
3254 4276 3402 4343 pru-

1820 4343 2065 4428 dentia,
2093 4344 2422 4431 indulgeat
2451 4346 2617 4432 quod
2656 4344 2961 4431 deinceps
2990 4344 3304 4412 Parochus
3335 4355 3400 4412 et

1820 4432 2164 4500 oeconomi
2197 4434 2353 4500 Acri
2396 4433 2765 4500 huiusmodi
2814 4434 2875 4499 in
2916 4431 3403 4500 circumstantiis

1822 4520 2177 4607 equitantes
2223 4541 2291 4587 ac
2338 4522 2543 4612 capite
2589 4522 2761 4608 pileo
2807 4533 3111 4608 cooperto
3143 4524 3402 4589 Sacrum

1822 4609 2136 4678 viaticum
2180 4609 2438 4678 deferre
2488 4611 2770 4678 valeant:
2803 4611 3145 4677 comitante
3178 4611 3401 4677 saltem

1821 4716 1949 4764 uno
1993 4697 2282 4782 homine,
2314 4699 2367 4765 si
2411 4698 2549 4766 fieri
2591 4710 2825 4788 potest,
2858 4715 3183 4765 accensam
3217 4699 3402 4764 later-

1820 4805 1963 4852 nam
2010 4785 2345 4854 deferente
2371 4810 2434 4854 ».
2484 4787 2823 4854 Contrariis
2853 4805 2981 4854 non
3012 4785 3404 4853 obstantibus

1820 4873 2359 4960 quibuscumque.
2409 4877 2522 4943 Die
2569 4879 2651 4944 23
2700 4875 2837 4943 Maii
2888 4878 3079 4942 1846.

1823 5014 2090 5083 2909.
2405 5015 2821 5081 LtNGONEN.
3171 5014 3400 5104 (soto)

1951 5140 2160 5218 Quum
2205 5138 2795 5206 Reverendissimus
2851 5140 3202 5226 Lingonen.
3259 5142 3400 5228 Epi·

1822 5247 2054 5315 scopus
2098 5226 2445 5317 Liturgiam
2491 5230 2832 5296 Romanam
2866 5230 2930 5295 in
2961 5248 3069 5295 sua
3117 5230 3402 5298 Dioecesi
