4042 5950
1525 291 1995 367 —139-

273 449 356 516 Ad
402 453 464 515 4.
511 469 548 513 α
578 445 910 513 Provisum
957 446 1021 510 in
1069 446 1348 512 tertio».

271 540 355 605 ,td
399 542 460 602 5.
510 559 547 600 ‹
580 539 886 602 Servetur
932 533 1296 601 distributio
1347 539 1701 617 Festorum,

162 631 309 692 iuxta
348 633 566 691 statuta
613 622 980 711 Ecclesiae3
1049 622 1111 687 in
1172 622 1439 707 reliquis
1493 623 1703 709 provi-

157 735 275 780 sum
316 715 375 779 in
423 712 609 778 tertio
644 735 708 776 ν.

271 805 341 866 Et
371 803 446 865 ita
482 799 616 865 Emi
654 802 865 865 Patres
899 797 1178 865 unanimi
1224 798 1524 885 suffragio
1558 819 1705 864 cen·

156 900 415 973 suerunt,
461 888 865 954 declararunt
912 898 978 952 et
1023 886 1263 952 servari
1297 887 1700 953 mandarunt.

157 978 249 1043 Die
298 981 369 1043 12
414 976 550 1042 tulii
604 979 796 1043 1777.
1435 984 1449 995 '

163 1155 385 1222 250⁷.
708 1153 1123 1219 usiones.
1476 1103 1700 1236 (sset)

490 1257 1325 1324 russsmnssmnun.

263 1419 457 1503 Super
514 1415 954 1500 exequutione
1015 1414 1482 1480 resolutionum
1528 1413 1701 1479 data·

155 1522 272 1569 rum
311 1502 424 1568 sub
467 1501 578 1570 die
630 1506 709 1568 12
742 1502 880 1568 lulii
918 1505 1110 1585 1777,
1148 1502 1314 1568 inter
1354 1500 1704 1586 Dignitates

155 1612 248 1656 seu
294 1595 659 1657 personatus
710 1600 774 1656 et
830 1589 1176 1657 Canonicos
1227 1589 1550 1655 Ecclesiae
1594 1594 1704 1656 Ca-

156 1678 425 1745 tbedralis
470 1677 844 1761 vasionen„
894 1682 1180 1744 Ponente
1228 1681 1385 1743 Eme
1435 1686 1499 1742 et
1546 1681 1703 1744 nmo

157 1771 307 1831 Dom.
341 1767 525 1834 Card.
561 1766 909 1832 naretusco
942 1770 1006 1834 S.
1036 1770 1109 1832 R.
1138 1770 1209 1832 C.
1247 1763 1571 1831 Praefecto
1603 1785 1704 1831 re-

154 1872 419 1940 sponsum
454 1853 606 1921 fuit:
642 1874 681 1917 ι
707 1854 804 1919 Ad
838 1865 1120 1920 mentem
1151 1876 1222 1939 »ς
1259 1863 1324 1919 et
1358 1870 1539 1918 mens
1574 1864 1701 1918 est:

155 1962 185 2002 ι
213 1955 276 2005 ιιι
311 1952 707 2028 exequantur
755 1940 1204 2025 resolutiones,
1249 1942 1424 2007 iuxta
1469 1940 1704 2006 instru-

155 2027 397 2094 ctionem
439 2028 719 2095 dandam
766 2029 842 2094 ab
889 2034 1049 2096 Esuo
1093 2029 1450 2111 PraefectO,
1490 2028 1708 2095 audito

154 2116 334 2201 aliquo
363 2137 440 2183 ex
466 2115 775 2203 magistris
799 2117 1382 2199 caeremoniarum,
1411 2127 1478 2180 et
1511 2130 1705 2182 trans-

157 2205 492 2272 mittendam
554 2206 635 2272 ad
698 2206 1087 2292 Episcopum
1156 2224 1273 2291 pro
1338 2203 1705 2272 omnimoda

155 2295 524 2377 executione,
561 2293 758 2358 etiam
791 2293 1002 2379 quoad
1034 2304 1437 2381 praetensam
1486 2292 1705 2359 exclu-

153 2377 361 2445 sionem
404 2380 868 2448 canonicorum
923 2380 1000 2446 ab
1046 2381 1392 2447 assistentia
1450 2380 1705 2481 propria

155 2465 548 2534 llinistrorum
604 2486 751 2534 cum
807 2470 1191 2555 paramentis
1235 2489 1349 2535 seu
1407 2467 1702 2559 pluviali·

157 2552 281 2632 bus;
327 2567 388 2621 et
430 2555 798 2644 amplius».
847 2559 961 2623 Die
1007 2561 1045 2624 3
1093 2558 1231 2624 Iulii
1288 2561 1478 2625 1779.

258 2647 364 2708 Pro
409 2647 844 2731 exequutione
891 2645 1151 2732 quidem
1192 2644 1379 2711 buius
1412 2643 1704 2730 rescripti

156 2741 372 2815 rogatus
405 2731 522 2798 fuit
545 2733 711 2798 alter
733 2752 818 2798 ex
841 2734 1351 2820 Apostolicarum
1375 2737 1706 2800 Caeremo-

156 2815 365 2883 uiarum
407 2821 746 2906 Magistris,
781 2822 889 2907 qui
931 2840 1115 2887 suum
1149 2831 1370 2887 votum
1403 2820 1702 2889 confecit.

156 2906 332 2970 Partes
376 2918 587 2975 tamen
636 2927 766 2975 non
810 2910 1298 2997 acquieverunt,
1330 2910 1443 2976 sed
1477 2926 1738 2975 novam·

155 2993 501 3090 audientiam
535 2998 943 3085 postularunt
974 3001 1037 3068 in
1068 3000 1580 3087 congregatione
1611 3016 1707 3062 or-

155 3079 380 3168 dinaria,
407 3085 469 3152 in
502 3106 629 3172 qua
661 3088 997 3155 remissum
1034 3090 1155 3155 fuit
1186 3087 1513 3175 negotium
1549 3091 1705 3151 Effio

158 3186 208 3242 et
246 3181 387 3246 Rffio
419 3185 605 3247 Dom.
640 3181 831 3246 Card.
863 3178 1188 3245 Praefecto
1235 3177 1341 3262 qui
1391 3195 1513 3242 una
1559 3192 1706 3241 cum

157 3269 214 3331 fl.
249 3269 309 3330 P.
343 3273 409 3335 D.
448 3272 820 3339 Promotore
870 3265 1071 3353 Fidei,
1121 3265 1350 3332 auditis
1395 3266 1702 3355 partibuS,

155 3373 264 3419 rem
310 3367 765 3444 componeret;
822 3356 1022 3421 veluti
1071 3365 1246 3457 patet
1307 3376 1388 3421 ex
1432 3374 1706 3441 sequen·

157 3441 293 3597 tibias
333 3443 830 3512 resolutionibus
860 3446 934 3511 ad
968 3448 1354 3533 Episcopum
1393 3442 1707 3510 transmit-

157 3538 243 3595 ten
284 3530 352 3596 is.

258 3619 555 3705 Primum,
608 3622 780 3707 quod
840 3620 1236 3710 propositum
1309 3622 1512 3689 tuerat
1582 3623 1701 3688 du-

155 3704 329 3790 bium,
376 3708 745 3776 versabatur
813 3711 974 3775 circa
1042 3710 1444 3775 Festivitates
1511 3718 1700 3794 atque

153 3794 490 3862 Functiones
539 3800 606 3863 in
652 3797 882 3883 quibus
929 3798 1156 3864 assumi
1223 3799 1463 3865 debent
1521 3798 1701 3863 nobi-

153 3880 279 3945 liora
316 3904 478 3950 sacra
527 3885 1003 3953 celebrantium
1051 3886 1451 3967 indumenta,
1489 3894 1552 3949 et
1599 3888 1700 3951 ΑΙ-

152 3970 271 4035 taris
308 3974 667 4062 respective
713 3971 1087 4062 pretiosiora
1155 3983 1559 4041 ornamenta:
1636 3974 1698 4041 id

151 4057 262 4123 fieri
303 4074 604 4149 oportere
651 4062 938 4129 edixerat
983 4064 1049 4126 S.
1087 4066 1159 4129 C.
1199 4062 1273 4128 in·
1324 4060 1695 4128 Festivitati·

151 4144 243 4211 hus
283 4152 512 4234 primae
540 4151 753 4216 classis
777 4159 842 4214 et
875 4150 1325 4217 Functiouibus
1358 4150 1698 4215 solemnio-

154 4232 321 4321 ribus,
380 4242 454 4307 ad
507 4257 792 4313 normam
843 4239 1334 4305 Caeremonialis
1383 4249 1509 4304 etc.
1570 4240 1695 4306 Sed

153 4339 214 4385 ne
256 4323 311 4390 iu
357 4337 685 4415 posterum
733 4328 862 4391 ulla
909 4327 1186 4412 supersit
1233 4326 1475 4393 dissidii
1526 4345 1703 4391 occa-

151 4412 245 4492 sio,
289 4413 451 4480 iuxta
499 4415 790 4480 eiusdem
840 4416 906 4480 S.
941 4417 1011 4480 C.
1066 4427 1351 4480 mentem
1399 4413 1701 4481 duximus

152 4495 614 4585 declarandum,
665 4514 936 4587 utraque
986 4503 1427 4579 consentiente
1478 4517 1697 4589 parte:

153 4584 612 4658 Solemnioribus
661 4593 1156 4658 Festivitatibus
1204 4592 1285 4656 ad
1341 4590 1513 4655 hunc
1570 4592 1704 4676 effe-

153 4681 294 4739 ctum
338 4680 766 4747 adnumerari
824 4681 1259 4746 Nativitatem
1320 4682 1384 4742 S.
1437 4681 1701 4745 Ioannis

153 4761 466 4848 Baptistae,
499 4771 712 4832 Festos
743 4769 876 4833 dies
909 4771 1025 4851 qui
1049 4769 1426 4834 Paschatem
1460 4778 1517 4832 et
1550 4769 1704 4832 Pen-

153 4848 957 4938 tecostenfsubsequuntum·
1015 4854 1500 4921 solemnioribus
1556 4875 1700 4919 vero

151 4934 564 5014 [iniectionibus
633 4944 896 5009 Missam
966 4946 1194 5011 Feriae
1267 4948 1310 5005 Γ
1362 4948 1434 5008 iu-
1497 4944 1700 5008 Coena

153 5023 402 5111 Domini5
447 5035 599 5098 item
643 5032 904 5098 Missam
939 5043 997 5098 et
1050 5035 1357 5117 Vesperas‚
1393 5042 1525 5098 tam
1563 5033 1697 5097 Sab-

151 5110 259 5178 tati
303 5121 523 5187 Sancti
569 5140 766 5206 quam
813 5120 1088 5185 alterius
1135 5122 1249 5202 qui
1293 5124 1694 5185 Pentecosten

148 5208 447 5293 praecedit.
477 5212 604 5275 Hoc
633 5223 839 5276 tamen
871 5207 1083 5273 habito
1108 5208 1499 5292 discrimine,
1529 5210 1698 5292 quod

153 5305 201 5351 m
220 5293 689 5363 solemnioribus
719 5294 1209 5379 Festivitatibus,
1235 5296 1602 5362 indumenta
1639 5307 1702 5361 et

154 5392 479 5451 ornamenta
540 5405 738 5473 aeque
801 5382 1075 5473 pretiosa
1137 5394 1578 5463 assumantur;
1635 5383 1698 5448 in

1812 446 2108 534 praetatis
2137 465 2294 513 vero
2324 445 2754 514 functionibus
2789 445 2973 512 etiam
3011 444 3219 511 minus
3297 463 3397 510 re-

1811 535 1973 600 tiosa·
2008 534 2238 600 assumi
2287 535 2556 621 possint,
2605 534 2859 618 quoties
2923 534 2984 600 in
3030 534 3227 599 Cathe
3284 533 3395 596 rali

1812 621 2180 689 Vasionensi
2202 642 2371 688 sacra
2419 620 2889 711 suppellectilia
2926 621 3124 706 magis
3152 622 3251 686 vel
3283 619 3395 684 mi-

1809 730 1925 776 nus
1974 710 2247 797 pretiosa
2295 730 2419 777 non
2470 711 2704 778 desint.
2758 713 2931 775 lnter
2976 709 3396 776 solemniores

1809 818 1964 863 vero
2011 797 2408 863 Festivitates
2455 817 2581 863 non
2640 810 2736 865 est
2798 798 3186 863 recensenda
3258 796 3390 878 illa,

1809 905 1933 971 qua
1978 886 2288 951 memoria
2333 884 2639 952 recolitur
2688 887 2751 951 S.
2789 886 3063 951 Ceciliae
3119 882 3398 971 Virginis

1809 984 1874 1039 et
1919 972 2228 1058 Martyris
2654 1051 2663 1060 ἡ

1941 1060 2105 1127 Nihil
2158 1061 2437 1130 occurrit
2482 1063 2852 1131 addendum
2911 1062 3016 1128 vel
3066 1062 3394 1130 declaran-

1809 1151 1966 1216 dum
2027 1151 2232 1234 quoad
2299 1152 2570 1217 alterum
2643 1151 2910 1218 dubium
2982 1152 3067 1218 de
3125 1169 3395 1217 numero

1808 1237 2363 1320 candelabrorum,
2399 1238 2500 1303 cui
2547 1239 2694 1304 satis
2725 1240 2995 1325 provide
3030 1239 3395 1305 consultum

1810 1324 1954 1391 fuit.
2004 1322 2246 1391 Idcirco
2294 1329 2360 1394 S.
2409 1329 2477 1391 G.
2533 1328 2897 1413 respondit:
2950 1330 3121 1392 [uxta
3175 1337 3393 1391 votum

1809 1413 1947 1478 Ruti
1974 1411 2299 1501 Episcopi,
2331 1415 2518 1499 quod.
2542 1414 2988 1482 inviolabiliter
3010 1413 3395 1480 servandum

1811 1512 1931 1579 est;
1963 1511 2176 1589 partes
2209 1514 2425 1569 autem
2451 1512 2641 1568 erunt
2671 1502 3088 1570 solicitudinis
3137 1513 3200 1567 et
3237 1502 3395 1588 vigi-

1809 1588 2035 1654 lantiae
2072 1599 2215 1656 tuae
2258 1590 2487 1657 sedulo
2522 1591 2915 1678 prospicere,
2953 1611 3035 1656 ne
3065 1590 3223 1674 quid
3260 1591 3391 1674 liat,

1809 1678 1981 1775 quod
2032 1697 2066 1742 a
2135 1687 2314 1758 recto
2383 1678 2609 1745 ordine
2678 1676 2835 1744 absit
2905 1689 2973 1744 et
3030 1677 3397 1747 scandalum

1810 1775 2033 1850 pariat.

1940 1854 2372 1942 Rescripserat
2397 1859 2462 1920 S.
2493 1858 2562 1921 C'.
2589 1855 2810 1938 dubio,
2838 1857 3008 1941 quod
3042 1855 3229 1920 tertio
3258 1853 3397 1919 loco

1810 1940 2211 2026 propositum
2257 1943 2484 2025 tuerat,
2540 1943 2760 2026 licere,
2811 1943 3069 2009 attentis
3117 1942 3395 2028 peculia-

1808 2028 1983 2094 ribus
2028 2029 2351 2095 Ecclesiae
2416 2031 2940 2113 circumstantiis,
2989 2044 3261 2117 quatuor
3303 2051 3397 2095 as-

1809 2134 2067 2182 sumere
2138 2118 2436 2205 pluvialia
2495 2119 2557 2185 in
2630 2118 3092 2184 Festivitatibus
3154 2118 3398 2204 primae

1809 2204 2048 2288 classiS,
2096 2207 2226 2272 duo
2276 2206 2336 2271 iu
2384 2205 2519 2271 aliis
2565 2207 2881 2272 secundae
2909 2206 3143 2289 classiS,
3180 2204 3395 2271 obser·

1807 2303 1945 2357 vata
1990 2292 2403 2381 proportione
2446 2295 2522 2360 ad
2556 2312 2844 2361 normam
2876 2293 3392 2360 Caeremonialis.

1807 2380 2014 2458 Quum
2064 2391 2277 2447 autem
2338 2383 2666 2470 proportio
2735 2383 2890 2449 haec
2954 2383 3214 2448 omuino
3263 2402 3397 2447 ser-

1808 2468 2011 2534 vanda
2057 2468 2161 2552 sit,
2211 2471 2621 2537 decernimus
2668 2481 2733 2536 et
2778 2471 3176 2538 declaramus
3224 2470 3399 2536 iuxta

1809 2555 2290 2644 dispositionem
2346 2557 2836 2624 caeremonialis
2896 2557 3235 2645 (quatenus
3281 2562 3392 2625 Ca-

1813 2643 2117 2710 tbedralis
2163 2647 2562 2714 vasionensis
2607 2644 2945 2712 sufficienti
2981 2665 3253 2712 numero
3288 2646 3394 2710 m-

1808 2730 2155 2801 nistrorum
2204 2734 2506 2800 instructa
2554 2735 2634 2799 sit
2682 2744 2745 2799 et
2790 2753 2960 2799 sacra
3019 2735 3392 2801 indumenta

1809 2818 2033 2886 habeat
2082 2822 2267 2889 unius
2315 2822 2734 2908 eiusdemque
2759 2821 3018 2905 coloris,
3046 2833 3239 2909 prout
3271 2825 3399 2887 Ru-

1809 2907 2018 2977 bricae
2054 2912 2345 2998 exigunt,
2377 2911 2439 2976 in
2463 2911 2834 2977 diversitate
2859 2909 3220 2995 Fastorum)
3255 2928 3401 2995 qua-

1809 3006 1956 3061 tuor
2001 3018 2032 3061 a
2081 3000 2371 3067 Ministris
2417 3000 2788 3065 assumenda
2828 3019 2969 3064 esse
3003 2998 3303 3099 pluvialia
3340 2996 3402 3062 in

1809 3085 2010 3151 'Festis
2033 3085 2545 3172 solemnioribus,
2565 3088 2805 3154 scilicet
2823 3088 3020 3152 Natali
3046 3090 3210 3153 D.N.
3226 3091 3244 3152 Ι
3259 3089 3359 3152 .C.
3375 3132 3392 3167 ,

1811 3174 2189 3262 Epiphania,
2237 3178 2533 3243 Pascbate
2577 3176 3114 3259 Resurrectionis,
3163 3178 3398 3240 Ascen-

1809 3265 2011 3349 sione,
2040 3268 2437 3348 Pentecoste,
2466 3284 2584 3332 nec
2617 3284 2745 3330 non
2780 3265 2839 3330 in
2874 3262 3069 3328 Festis
3097 3261 3395 3349 Corporis

1810 3352 2068 3434 Christi,
2095 3355 2159 3418 S.
2192 3355 2418 3441 loseph
2443 3354 2665 3440 Sponsi
2694 3358 2762 3419 B.
2784 3356 2864 3417 M.
2884 3354 2994 3433 V„
3021 3353 3391 3418 Sanctorum

1809 3443 2262 3528 Apostolorum
2308 3443 2475 3513 Petri
2538 3453 2605 3507 et
2675 3440 2885 3526 Pauli,
2951 3440 3395 3505 Immaculatae

1808 3529 2279 3618 conceptioniS,
2331 3531 2835 3599 Annuntiationis
2882 3540 2945 3593 et
3007 3525 3395 3614 Assumptio-

1810 3617 1905 3683 nis
1929 3622 1995 3682 B.
2019 3622 2103 3684 Μ.
2125 3619 2228 3701 V.,
2252 3618 2544 3684 Omnium
2578 3623 2981 3696 Sanctorum,
3012 3619 3075 3683 S.
3104 3614 3397 3682 Titularis

1808 3705 2153 3789 Ecclesiae,
2205 3708 2276 3772 S.
2329 3707 2574 3770 Patroni
2633 3706 2913 3773 Civitatis
2962 3714 3028 3768 et
3074 3702 3395 3770 Ecclesiae

1806 3792 2262 3861 Dedicationis:
2315 3795 2442 3859 duo
2492 3812 2646 3859 vero
2696 3794 2995 3882 pluvialia
3041 3791 3395 3860 adhibenda

1808 3900 1944 3947 esse
1996 3882 2057 3949 in
2105 3883 2239 3947 aliis
2297 3883 2498 3947 Festis
2559 3882 2927 3949 immediate
2981 3878 3397 3968 sequentibus

1807 3969 1980 4037 diem
2028 3969 2379 4037 Nativitatis
2432 3972 2706 4054 Domini,
2755 3969 3050 4055 Paschae,
3091 3973 3397 4035 Penteco-

1803 4069 1965 4136 stes;
2016 4060 2172 4124 item
2220 4059 2280 4124 in
2327 4058 2527 4123 Festis
2558 4057 3071 4125 Circumcisionis
3121 4054 3393 4137 Domini,

1807 4145 2258 4213 Purificationis
2285 4157 2348 4212 et
2374 4147 2727 4213 Nativitatis
2754 4153 2823 4214 B.
2861 4150 2944 4212 Μ.
2983 4149 3087 4226 V.,
3123 4149 3231 4210 SS.
3263 4142 3396 4211 Tri-

1805 4234 2014 4301 nitatis
2085 4244 2147 4300 et
2209 4237 2274 4300 S.
2313 4234 2553 4301 loannis
2608 4238 2960 4320 Baptistae:
3024 4235 3280 4299 tandem
3333 4233 3395 4297 in

1807 4322 2148 4391 Dominicis
2193 4325 2459 4408 aliisque
2508 4322 2702 4389 Festis
2735 4342 2934 4389 unum
2971 4331 3212 4387 tantum
3248 4318 3389 4408 plu·

1805 4412 1970 4479 viale
2019 4409 2140 4477 erit
2186 4410 2617 4479 adhibendum
2644 4433 2675 4475 a
2715 4409 3122 4493 celebrante,
3157 4420 3263 4476 aut
3301 4407 3396 4474 Di-

1805 4499 2007 4587 gnitas
2056 4499 2137 4565 sit
2168 4514 2274 4566 aut
2307 4499 2655 4566 Canonicus
2688 4512 2795 4564 aut
2829 4496 3387 4565 Hebdomadarius.

1807 4594 1893 4655 lta
1941 4588 2346 4655 decernimus
2393 4599 2459 4651 et
2505 4588 2927 4668 declaramus,
2965 4597 3032 4650 ut
3076 4605 3146 4650 ea
3178 4602 3393 4649 serve·

1809 4690 1910 4742 tur
1959 4677 2315 4763 proportio,
2362 4694 2550 4761 quam
2601 4674 2867 4760 requirit
2915 4671 3393 4740 caeremoniale

1807 4763 2311 4849 Episcoporum;
2362 4782 2522 4848 quae
2556 4783 2703 4828 sane
2754 4760 3083 4851 proportio
3118 4761 3395 4825 tenenda

1808 4863 1927 4935 est,
1979 4853 2158 4918 nullo
2209 4851 2418 4916 habito
2465 4850 2835 4917 discrimine
2868 4849 3037 4915 iuter
3071 4847 3393 4914 celebran-

1809 4939 1961 5005 tium
1991 4958 2314 5025 personas,
2345 4958 2488 5003 cum
2518 4940 2742 5004 eadem
2770 4956 3038 5004 numero
3064 4934 3390 5023 pluvialia,

1808 5028 2032 5093 eadem
2096 5026 2368 5112 pretiosa
2427 5038 2533 5091 aut
2590 5026 2960 5114 pretiosiora
3022 5027 3395 5092 indumenta

1806 5117 2181 5182 assumenda
2238 5114 2402 5196 sint,
2467 5126 2658 5199 prout
2716 5115 2985 5199 exigunt
3046 5112 3209 5180 Festi
3259 5112 3395 5178 dies

1807 5204 1916 5288 qui
1967 5212 2333 5283 recurrunt,
2369 5202 2505 5267 sive
2552 5220 2695 5266 cum
2746 5202 3023 5289 Dignitas
3068 5204 3201 5268 sive
3250 5220 3397 5267 cum

1806 5293 2184 5373 Canonicus,
2224 5290 2392 5356 iuxta
2442 5290 2762 5358 Ecclesiae
2799 5291 3197 5357 vasionensis
3228 5291 3397 5356 ordi-

1807 5398 1998 5466 nem,
2065 5380 2598 5447 consuetudinem
2659 5390 2848 5466 atque
2894 5388 3164 5462 statuta,
3226 5398 3397 5443 sacra
