4042 5950
1478 292 1950 370 —149—

140 449 184 511 in
228 450 384 513 Festo
435 448 673 536 duplici
739 446 1024 515 minori?
1082 449 1259 515 Ratio
1319 462 1415 516 est
1476 448 1660 516 dubi-

140 536 289 616 tandi,
319 536 451 620 quia
497 536 742 624 duplex
792 536 1003 605 minus
1048 556 1177 603 non
1227 552 1324 606 est·
1368 539 1447 605 de
1492 538 1660 605 sole-

140 622 423 690 mnioribus
456 624 821 691 memoratis
868 628 934 692 in
979 629 1253 692 Decreto
1285 631 1355 694 S.
1380 631 1455 692 R.
1485 631 1553 694 C..
1594 628 1657 692 in

138 712 340 797 Lycien.
381 713 455 781 ad
503 719 570 797 2,
620 715 740 781 sub
788 714 890 781 die
940 719 978 782 4
1025 714 1260 799 Aprilis
1299 719 1490 799 1705,
1538 721 1704 781 nec·

138 801 197 953 {lg
221 799 429 866 feriatis
474 802 651 869 iuxta
681 801 1158 870 caeremoniale
1190 805 1657 892 Episcoporum

155 909 165 950 t
202 938 215 952 .
245 892 299 970 2,
330 909 457 976 cap.
495 895 611 957 35.

228 980 280 1040 t.
324 978 414 1043 An
459 980 889 1067 incongruum
933 980 1013 1047 sit
1059 982 1260 1069 quod,
1293 982 1369 1049 ad
1420 999 1661 1068 augen-

136 1064 238 1128 dam
290 1064 565 1164 tidelium
629 1068 1085 1156 devotionem,
1136 1071 1401 1171 publice
1464 1088 1661 1154 expo-

138 1163 269 1216 natur
295 1174 351 1221 111
382 1157 576 1223 Nocte
600 1157 956 1224 Nativitatis
986 1159 1233 1227 Domini
1267 1161 1533 1226 SSmum
1561 1159 1664 1223 Sa·

138 1253 488 1327 framentum,
518 1264 599 1310 eo
624 1246 798 1331 quod
833 1247 1230 1333 prohibitum
1265 1258 1362 1312 est
1395 1247 1525 1333 ipsa
1555 1267 1661 1313 no-

137 1341 207 1393 cte
230 1330 429 1398 fideles
461 1335 944 1413 communicari,
975 1355 1055 1403 ex
1087 1342 1360 1404 Decreto
1394 1337 1457 1401 S.
1483 1338 1557 1401 R.
1582 1339 1652 1401 C.

136 1417 177 1480 in
200 1437 295 1484 uua
322 1419 636 1488 Pisauren.
675 1424 794 1489 sub
824 1424 931 1491 die
965 1429 1049 1493 20
1080 1422 1317 1513 Aprilis
1352 1427 1544 1490 1641.

228 1511 278 1571 5.
302 1509 448 1575 Cum
475 1513 539 1578 S.
563 1514 638 1578 R.
656 1515 726 1578 C.
750 1514 869 1580 sub
895 1512 1001 1580 die
1027 1517 1066 1579 6
1091 1511 1464 1581 Decembris
1493 1515 1658 1579 1653

136 1592 177 1657 in
212 1614 309 1660 una
351 1600 582 1664 Fauen.
618 1600 940 1692 decrevit,
991 1603 1160 1688 quod
1212 1600 1390 1666 Missa
1423 1600 1507 1665 de
1540 1605 1658 1665 Do·

136 1683 303 1748 minica
346 1685 689 1755 cuiuslibet
721 1690 983 1773 mensis,
1017 1711 1132 1758 seu
1165 1696 1352 1757 Festo
1385 1689 1658 1776 duplici,
1763 1725 1766 1730 ·

135 1790 237 1836 cum
265 1770 325 1838 fit
354 1774 751 1859 particularis
781 1780 1105 1846 Processio
1153 1796 1299 1845 cum
1332 1779 1528 1844 SSmo
1560 1782 1661 1846 Sa-

135 1872 427 1954 crameuto,
490 1864 616 1932 dici
681 1866 916 1933 debeat
986 1886 1135 1935 cum
1195 1884 1660 1933 commemora-

136 1957 255 2042 tione
293 1949 615 2032 eiusdem;
667 1956 1042 2041 quaeritur:
1076 1959 1286 2038 Anne,
1321 1955 1372 2019 si
1407 1959 1660 2020 Proces-

132 2054 196 2099 so
226 2035 481 2106 absoluta
523 2042 721 2110 luerit
752 2056 817 2110 et
850 2044 1331 2111 Sanctissimum
1362 2042 1658 2109 recondi·

134 2135 248 2205 tum,
274 2138 600 2214 antequam
650 2142 946 2200 cantetur
975 2133 1151 2199 Missa
1182 2131 1658 2210 conventualis,

131 2212 305 2278 debeat
334 2215 465 2283 fieri
487 2217 554 2284 in
582 2220 751 2286 dicta
776 2221 1198 2288 conventuali
1232 2222 1460 2287 eadem
1486 2238 1659 2285 com-

80 2339 81 2370 2
134 2304 494 2371 memoratio?

161 2477 169 2488 θ
223 2395 277 2456 6.
328 2395 551 2462 Utrum
616 2397 877 2464 tolerari
937 2399 1137 2485 possit
1198 2410 1268 2464 ut
1328 2397 1390 2464 in
1448 2396 1661 2470 Colle,-

130 2487 267 2562 gnata,
309 2501 445 2547 cum
491 2483 560 2550 in
609 2484 819 2553 Choro
866 2487 1096 2554 adsunt
1142 2486 1503 2554 Beneficiati
1553 2489 1656 2553 Sa-

129 2566 378 2654 cerdotes,
429 2591 594 2639 unus
630 2573 693 2639 in
724 2574 1071 2641 Minoribus
1118 2576 1503 2642 constitutus
1542 2574 1658 2639 im-

131 2657 253 2736 pleat
278 2676 422 2724 onus
453 2681 609 2744 suae
646 2662 1089 2730 hebdomadae
1135 2663 1200 2730 in
1249 2662 1660 2730 decantandis

132 2748 507 2814 tantummodo
554 2750 738 2816 Horis
786 2751 1129 2834 canonicis,
1167 2752 1482 2820 vertendo
1513 2770 1658 2816 ver·

129 2847 224 2896 sum
260 2835 560 2903 Dominus
610 2842 932 2907 vobiscum
978 2841 1042 2906 in
1088 2843 1364 2908 alterum
1396 2841 1661 2906 Domine

129 2923 307 2990 eraudi
350 2928 711 2993 orationem
758 2928 1013 2996 meam?

160 3096 168 3105 ¹
218 3013 428 3080 Eadem
455 3017 619 3083 S.R.
646 3018 1099 3104 Congregatio,
1121 3020 1240 3086 sub
1264 3016 1658 3103 infrascripta

128 3095 201 3195 dte
236 3100 443 3186 habita,
495 3104 717 3172 audito
765 3106 945 3194 prius
991 3118 1141 3173 voto
1189 3107 1378 3174 unius
1426 3125 1505 3173 ex
1538 3109 1660 3171 Ma-

80 3262 83 3287 }
130 3188 284 3267 gistris
324 3194 885 3261 caeremoniarum
932 3196 1469 3281 Apostolicarum.
1496 3192 1662 3280 typis

80 3290 81 3297 ¹
131 3292 253 3368 tuso,
292 3297 484 3365 reque
534 3292 787 3349 mature
819 3302 1163 3370 perpensa,
1202 3284 1551 3371 rescripsit,
1587 3291 1658 3347 ut

80 3428 81 3431 ,
132 3362 265 3447 unfra,
308 3368 659 3436 videlicet:

220 3454 296 3520 Ad
347 3460 401 3523 1.
453 3481 491 3523 α
525 3459 887 3545 Negative;
938 3472 1003 3526 et
1050 3461 1128 3528 ad
1162 3474 1449 3528 mentem
1485 3460 1657 3526 iuxta

130 3550 295 3610 votum
325 3547 596 3634 Magistri
634 3547 1228 3616 caeremoniarumt
1280 3568 1518 3636 nempe
1552 3547 1655 3612 vel

129 3624 242 3692 duos
279 3633 640 3702 assistentes
683 3655 941 3704 sumere
974 3638 1218 3704 debere
1252 3636 1658 3705 Dalmaticam

129 3724 172 3778 et
202 3716 598 3809 Tunicellam,
649 3725 755 3789 vel
803 3725 999 3792 alium
1049 3727 1465 3794 Sacerdotem
1505 3743 1651 3790 cum

130 3814 244 3869 cotta
283 3820 341 3873 et
388 3812 563 3879 Stola
612 3833 854 3901 ponere
902 3824 968 3881 et
1025 3815 1358 3901 deponere
1415 3814 1657 3880 debere

80 3952 83 4001 f
130 3892 495 3965 mensorium
528 3909 679 3967 cum
711 3902 1119 3970 sanctissimo
1152 3906 1560 3971 Sacramento
1588 3924 1650 3967 ».

80 4046 81 4059 ἶ
220 3984 299 4050 Ad
344 3991 404 4054 2.
458 4013 495 4054 ι
530 3989 923 4058 Affirmative
959 4015 1026 4059 ιν.

80 4082 83 4129 l
161 4156 167 4165 ι
218 4073 296 4139 Ad
341 4079 404 4143 3.
455 4101 493 4143 ι
532 4084 709 4145 {uxta
754 4091 978 4146 votum
1012 4080 1290 4168 Magistri
1323 4086 1658 4148 caeremo-

80 4136 83 4229 1³
134 4176 341 4259 marum,
374 4186 661 4254 nempe:
710 4175 780 4235 ln
826 4169 937 4234 die
968 4170 1475 4237 consecrationis
1506 4168 1656 4256 Epi·

80 4278 81 4321 l
131 4266 280 4346 stopi,
324 4268 703 4323 occurrente
749 4256 964 4324 Officio
1026 4259 1306 4345 duplici,
1368 4258 1656 4325 Officium

80 4350 81 4409 ζ
132 4340 465 4430 recitandum
517 4365 659 4411 esse
692 4346 775 4412 de
805 4346 977 4413 dicto
1012 4340 1303 4434 duplici,
1357 4349 1418 4413 in
1463 4345 1695 4415 Missis*

80 4434 83 4497 ’ς
132 4428 333 4504 privatis
376 4431 732 4500 faciendam
779 4446 926 4521 post
971 4436 1145 4520 alias,
1195 4436 1243 4501 si
1297 4445 1661 4515 occurrant,

80 4562 81 4597 5
133 4520 736 4589 commemorationem
792 4523 1284 4602 consecrationis
1330 4543 1476 4592 cum
1518 4524 1661 4591 Col-

80 4608 81 4667 l
135 4600 285 4669 lecta:
328 4608 492 4674 Deus
540 4615 832 4678 omnium
861 4612 1147 4698 fidelium
1178 4625 1335 4695 θεας
1368 4625 1510 4700 post
1541 4614 1662 4679 No-

80 4698 83 4761 ἱ
134 4694 688 4787 nqmeuehrandam
716 4703 960 4768 Missam
993 4703 1347 4768 solemnem
1378 4722 1497 4789 pro
1531 4704 1663 4768 ele-

80 4786 81 4843 ?
133 4790 291 4878 ctione
330 4786 428 4851 vel
476 4791 957 4856 consecratione
1007 4790 1303 4878 Episcopi
1336 4810 1485 4857 cum
1523 4792 1662 4857 Glo-

80 4872 83 4949 l
136 4884 225 4945 ΝΠ,
270 4874 451 4940 Credo
498 4886 566 4941 et
612 4879 1013 4944 Praefatione
1056 4876 1401 4951 Communi
1429 4902 1492 4945 ».

80 4964 83 5019 ζ
226 4960 306 5028 Ad
350 4963 412 5028 4.
459 4985 497 5027 <t
532 4967 671 5031 Non
704 4966 985 5055 probari,
1021 4979 1249 5053 utpote
1282 4980 1462 5034 extra
1496 4988 1665 5035 com·

80 5048 83 5119 l
138 5058 339 5116 munem
386 5054 806 5121 Ecclesiarum
852 5057 1392 5125 consuetudinem
1428 5080 1489 5123 ».

230 5137 309 5203 Ad
356 5144 417 5204 ὅ.
465 5162 503 5204 <t
535 5143 844 5227 Negative
879 5164 944 5209 ›.

230 5225 311 5292 Ad
356 5232 421 5293 6.
468 5250 506 5292 α
541 5232 847 5317 Negative
880 5256 949 5298 ».

232 5313 415 5402 Atque
460 5316 543 5383 ita
586 5322 825 5387 servari
875 5321 1222 5390 mandavit.
1274 5326 1388 5393 Die
1443 5329 1518 5392 17
1554 5326 1665 5391 Se·

138 5400 385 5475 membris
435 5409 622 5489 1785,

1763 450 2020 520 2529.
2409 455 2715 520 ouutms
3091 435 3356 543 ‘(4427)

2035 561 2392 626 MINORUM
2448 562 3085 650 REFORMATORUM

2310 667 2374 732 S.
2405 668 2812 734 FRANClSCl
2897 727 2906 734 .

2263 775 2307 837 P
2322 775 2370 839 R
2389 773 2436 837 Ο
2455 773 2507 839 V
2525 775 2546 836 1
2562 773 2614 836 N
2628 774 2673 838 C
2690 776 2712 836 1
2731 773 2778 837 A
2803 777 2851 838 E

2056 879 2123 943 S.
2161 877 2456 943 MARIAE
2512 880 2611 942 DE
2660 878 3055 946 ARRABIDA

2272 983 2346 1047 IN
2403 984 2841 1050 LUSlTANlA.

1890 1159 2205 1226 Porrectis
2241 1180 2273 1225 a
2306 1165 2374 1226 P.
2410 1161 2695 1228 Ministro
2744 1161 3118 1228 Provinciali
3155 1174 3218 1228 et
3251 1167 3358 1229 Pa·

1762 1248 1961 1315 tribus
1986 1249 2440 1316 Definitoribus
2461 1249 2711 1317 Ordinis
2735 1249 3048 1316 Minorum
3076 1253 3145 1318 S.
3174 1255 3359 1317 Fran-

1760 1335 1931 1403 cisci.
1966 1336 2487 1404 Reformatorum
2533 1341 2597 1406 S.
2635 1339 2864 1403 Mariae
2911 1337 2996 1404 de
3053 1338 3359 1407 Arrabida

1759 1425 1821 1490 in
1866 1425 2185 1520 Lusitania
2230 1425 2400 1512 apud
2451 1429 2516 1493 S.
2554 1430 2627 1494 R.
2665 1429 2735 1492 C.
2788 1425 3169 1493 humillimis
3218 1446 3361 1514 pre-

1761 1512 1939 1579 cibus
1999 1532 2120 1600 pro
2181 1515 2596 1581 concessione
2653 1514 3205 1602 infrascriptorum
3266 1516 3358 1581 in-

1762 1602 2122 1685 dultorum,
2173 1622 2463 1692 nempe:
2838 1643 2850 1658 f

1899 1695 1964 1757 1.
2020 1691 2347 1758 Provincia
2413 1690 2858 1759 Arrabidensis
2924 1691 3223 1759 ducentis
3281 1694 3358 1761 ab

1761 1779 1907 1846 hinc
1941 1780 2120 1846 annis
2165 1779 2412 1847 initium
2449 1779 2668 1847 habuit
2698 1799 2890 1870 supra
2924 1783 3213 1847 Montana
3245 1785 3357 1846 Ar-

1761 1866 2042 1950 rabidae,
2069 1867 2176 1935 ubi
2201 1869 2380 1936 adest
2400 1872 2773 1936 Conventus
2794 1868 2914 1935 sub
2939 1868 3128 1935 titulo
3153 1872 3223 1934 B.
3243 1873 3362 1935 Ma-

1759 1956 1891 2020 riae
1917 1955 2195 2041 Virginis
2221 1957 2301 2024 de
2330 1955 2663 2040 Arrabida,
2693 1956 2875 2023 cuius
2902 1956 3091 2023 titulo
3115 1975 3360 2024 memo·

1758 2054 1887 2109 rata
1935 2044 2262 2110 Provincia
2308 2065 2337 2109 a
2385 2062 2504 2111 suo
2551 2046 2818 2111 exordio
2865 2044 3359 2113 condecoratur.

1759 2132 2068 2219 Populus,
2101 2144 2238 2199 tum
2289 2132 2621 2200 Lusitanus
2671 2143 2806 2199 tum
2853 2141 3191 2216 externus,
3233 2153 3358 2200 ma·

1760 2237 1951 2306 gnam
1999 2220 2413 2289 devotionem
2471 2220 2813 2310 profitetur
2859 2237 3010 2308 erga
3059 2222 3355 2290 eamdem

1761 2313 1832 2374 B.
1905 2311 1989 2375 M.
2061 2313 2142 2376 V.
2212 2313 2504 2398 Attamen
2582 2327 2786 2394 usque
2854 2328 3025 2376 nunc
3100 2313 3358 2377 Festum

1761 2403 1831 2464 B.
1882 2401 1968 2465 M.
2017 2400 2093 2466 V.
2144 2417 2274 2464 non
2322 2398 2686 2466 celebratur
2744 2407 2816 2465 ut
2861 2398 3122 2464 titulare
3174 2417 3357 2485 prae·

1760 2486 1930 2552 fatae·
1982 2486 2388 2572 Provinciae,
2452 2487 2622 2573 quod
2674 2497 2770 2552 est
2827 2497 3044 2553 contra
3090 2490 3355 2554 Decreta

1761 2584 1825 2639 et
1844 2575 2225 2642 ‘Rubricam.
2261 2577 2665 2664 Quapropter
2693 2583 2764 2641 ut
2797 2574 3142 2661 impleatur
3170 2592 3357 2661 prae-

1761 2674 2025 2761 ceptum
2091 2664 2172 2730 de
2222 2663 2551 2730 recitando
2609 2663 2824 2730 Officio
2884 2663 3157 2730 titularis
3213 2667 3359 2729 Pro-

1760 2751 2043 2834 vinciae,
2109 2752 2282 2818 iuxta
2330 2751 2632 2818 Rubricas
2680 2750 2983 2818 Breviarii
3029 2751 3358 2840 Seraphici
3455 2776 3472 2795 ·

1764 2835 1861 2904 tit.
1901 2843 2005 2906 Vll
2053 2840 2136 2907 de
2181 2843 2317 2907 Oct.
2357 2858 2536 2906 num.
2577 2844 2684 2921 76,
2724 2844 2832 2923 77,
2880 2844 2999 2925 78;
3055 2849 3119 2906 et
3167 2840 3358 2907 etiam

1762 2939 1833 2995 ut
1878 2927 2136 2995 satisfiat
2183 2929 2508 2995 devotioni
2556 2930 2971 3017 populorum,
3009 2928 3260 3016 petitur
3289 2938 3359 2994 ut

1759 3018 1825 3084 in
1872 3026 2007 3083 tota
2057 3018 2383 3084 Provincia
2433 3018 2743 3083 recitetur
2803 3019 3226 3104 imposterum
3274 3017 3357 3084 de

1760 3111 1945 3172 Beata
1993 3105 2177 3171 Maria
2238 3106 2502 3192 Virgine
2563 3105 2798 3172 titulari
2861 3105 3150 3172 eiusdem
3209 3108 3359 3170 Pro-

1761 3194 2005 3261 vinciae
2052 3194 2367 3277 Officium,
2416 3204 2610 3279 prout
2655 3192 2721 3260 in
2759 3197 2946 3261 Festo
2979 3193 3056 3259 ad
3091 3193 3281 3259 Nives
3315 3197 3354 3258 ὅ

1761 3283 2031 3369 Augusti
2093 3283 2581 3370 assigneturque
2629 3282 2910 3367 praefata
2956 3282 3095 3347 dies
3141 3285 3181 3346 ὅ
3228 3282 3355 3346 Διι-

1760 3370 1933 3457 gusti
1991 3390 2110 3459 pro
2159 3375 2341 3436 Festo
2388 3376 2457 3437 B.
2509 3374 2588 3437 M.
2643 3372 2718 3438 V.
2778 3370 2861 3437 de
2906 3367 3355 3436 Arrabida.'l¹i-

1762 3459 1982 3526 tularis
2029 3459 2434 3538 Provinciae;
2496 3458 2833 3525 Lectiones
2879 3477 3034 3523 vero
3087 3455 3355 3524 secundi

1761 3547 2070 3613 Nocturni
2136 3547 2553 3614 desumantur
2610 3567 2691 3613 ex
2753 3551 2939 3613 Festo
3005 3544 3358 3613 Nativitatis

1763 3635 2052 3702 eiusdem
2098 3641 2166 3702 B.
2203 3639 2284 3700 M.
2324 3639 2398 3702 V.
2436 3635 2543 3703 die
2577 3640 2620 3704 8
2652 3635 3075 3722 SeptembriS,
3110 3644 3357 3701 mutato

1759 3727 2193 3803 Nativitatem
2234 3724 2797 3804 in·Festivitatem,
2850 3723 3015 3790 sicut
3060 3723 3129 3790 in
3169 3727 3358 3792 Festo

1762 3817 1824 3881 S.
1863 3813 2092 3879 Mariae
2125 3813 2522 3900 Angelorum
2565 3832 2646 3878 ex
2679 3818 2945 3879 Decreto
2978 3814 3043 3879 S.
3078 3817 3157 3879 R.
3193 3815 3263 3878 C.

1896 3905 1960 3967 2.
2013 3906 2081 3967 ln
2127 3900 2563 3985 conventibus
2609 3901 2909 3968 Dominae
2971 3910 3226 3967 nostrae
3270 3902 3357 3969 da

1770 3993 2104 4076 Βοαυίαρο,
2145 3991 2448 4057 Dominae
2486 4002 2741 4055 nostrae
2772 4011 2804 4055 a
2838 3989 3073 4056 Pietate
3105 4008 3202 4056 em
3240 3994 3358 4058 Ca-

1757 4083 2069 4167 prm-ica,
2122 4092 2186 4147 et
2232 4098 2329 4147 em
2375 4079 2837 4159 Salumias-ra,-
2892 4078 3192 4145 Dominae
3245 4098 3360 4144 no-

1764 4182 1930 4236 strae
1976 4168 2059 4234 de
2107 4173 2245 4235 lesu
2292 4188 2386 4233 em
2431 4169 2538 4234 val
2584 4168 2656 4233 de
2701 4169 3005 4253 fiyueira,
3050 4165 3224 4252 quasi
3276 4185 3355 4231 ex

1766 4258 1997 4324 eodem
2051 4268 2343 4344 tempore
2389 4276 2518 4324 non
2565 4255 2872 4322 recitatur
2920 4272 3124 4339 usque
3187 4272 3357 4321 nunc

1763 4345 2053 4412 Officium
2084 4346 2168 4413 de
2200 4345 2327 4411 suis
2377 4343 2763 4411 titularibus:
2818 4343 2964 4411 ideo
2997 4341 3359 4410 humillime

1765 4433 2007 4521 petitur
2034 4443 2101 4498 ut
2128 4434 2547 4520 imposterum
2574 4432 2883 4499 recitetur
2905 4430 2969 4498 in
2992 4430 3361 4497 memoratis

1765 4521 2197 4589 Conventibus
2245 4522 2328 4588 de
2393 4519 2749 4588 titularibus
2800 4539 3060 4602 eorum,
3124 4536 3362 4604 nempe

1769 4613 1851 4689 in,
1879 4611 2092 4698 primo
2141 4614 2474 4678 Conventu
2522 4609 2894 4675 celebretur
2938 4614 3009 4675 B.
3043 4612 3125 4675 M.
3165 4610 3238 4673 V.
3276 4608 3360 4673 da

1774 4703 2088 4785 Boaviaye
2145 4698 2263 4767 sub
2324 4700 2431 4765 die
2483 4697 2764 4766 secunda
2822 4695 3147 4764 Februarii
3208 4715 3358 4763 cum

1762 4788 1977 4856 Officio
2023 4788 2285 4874 proprio
2335 4785 2624 4853 eiusdem
2674 4783 2804 4852 diei
2861 4785 3226 4853 secundae:
3295 4786 3361 4851 in

1768 4878 1881 4943 hac
1937 4875 2179 4962 quippe
2239 4873 2347 4941 die
2409 4874 2485 4940 ad
2550 4876 2901 4963 praelatum
2961 4872 3352 4940 Coen‘obium

1766 4963 2089 5032 concurrit
2159 4981 2380 5050 magna
2451 4963 2672 5049 populi
2745 4960 3094 5030 multitudo
3155 4960 3356 5027 devo-

1772 5053 1957 5119 tionis
2007 5070 2189 5116 causa
2235 5070 2386 5137 erga
2435 5055 2504 5118 B.
2541 5054 2620 5116 Μ.
2662 5054 2736 5117 V.
2772 5052 2856 5117 da
2891 5053 3206 5135 Boaviaye
3237 5048 3359 5116 iam

1774 5161 1851 5206 ex
1883 5138 2257 5207 fundatione
2289 5138 2444 5207 dicti
2478 5139 2780 5206 Coenobii
2813 5162 2830 5205 z
2875 5136 2946 5205 in
2995 5138 3194 5205 tribus
3226 5137 3364 5203 aliis

1771 5226 2205 5297 conventibus
2262 5227 2575 5296 recitetur
2618 5227 2908 5296 Officium
2956 5227 3039 5294 de
3085 5227 3216 5294 suis
3261 5245 3365 5293 re·

1771 5317 2074 5407 spectivis
2134 5315 2494 5384 titularibus
2551 5318 2613 5384 in
2659 5317 2838 5384 Feria
2894 5317 3170 5383 secunda
3220 5326 3360 5404 post

1776 5406 2162 5476 Dominicam
2209 5407 2272 5473 in
2304 5404 2477 5474 Albis
2509 5425 2657 5473 cum
2692 5407 2921 5473 eodem
2953 5404 3168 5473 Officio
3201 5408 3360 5472 Gau·
