4042 5950
2003 216 2480 295 -266-

725 374 937 457 Atque
973 369 1059 437 ita
1100 370 1466 458 respoudit,
1499 372 1790 473 decrerit
1834 392 1904 439 ac
1931 372 2177 441 servari

595 458 942 527 mandavit.
1127 510 1130 517 f

618 580 624 587 ·
726 547 839 614 Die
885 551 967 616 27
1015 548 1282 635 Augusti
1340 551 1529 617 1836.

594 723 850 795 2746.
1185 728 1577 795 cAPUANA.
1943 729 2172 817 (4784)

723 898 1276 969 [eminentissimus
1308 914 1373 970 et
1405 902 2003 972 Revereudissimus
2035 909 2180 974 car-

590 986 816 1056 dinalis
884 990 1071 1057 Serra
1139 994 1406 1059 cassano
1470 991 2009 1080 Arcbiepiscopus
2067 997 2180 1062 ca-

589 1095 836 1165 puanus
901 1080 1129 1145 Sacrae
1195 1079 1461 1148 Rituum
1527 1083 2017 1169 congregationi
2079 1102 2178 1150 se-

587 1175 895 1250 quentem
942 1166 1230 1254 porrexit
1274 1169 1636 1257 supplicem
1691 1169 2012 1253 libellum,
2061 1191 2178 1258 pro

586 1253 1020 1407 distclaratioue
1094 1256 1552 1325 nonnullorum
1630 1257 2025 1337 dubiorum;
2103 1268 2177 1326 ut

587 1360 652 1407 in
682 1361 748 1407 ra
779 1363 795 1407 ε

714 1430 921 1508 Quum
945 1451 975 1498 a
1003 1433 1186 1499 Sacra
1209 1431 1472 1500 Rituum
1492 1435 2004 1522 congregatione
2032 1455 2178 1502 con-

587 1537 759 1584 cessa
807 1519 1047 1587 fuerint
1079 1536 1197 1604 pro
1231 1519 1347 1587 bac
1378 1521 1853 1590 Archidioecesi
1882 1527 2174 1612 capuana

581 1604 794 1673 Officia
817 1610 1195 1675 Sanctorum
1221 1611 1632 1677 Summorum
1656 1611 2037 1679 Pontificum
2061 1617 2175 1680 Ro-

585 1708 934 1763 manorum·
968 1692 1088 1763 sub
1149 1695 1277 1763 ritu
1338 1697 1616 1786 duplici,
1684 1709 1749 1766 et
1800 1719 2003 1786 quum
2064 1721 2173 1768 ne-

583 1790 821 1867 queant
880 1783 1184 1851 nonnulla
1246 1785 1559 1854 celebrari
1612 1787 1843 1856 diebus
1895 1789 2176 1878 propriis

585 1870 686 1937 ob:
728 1869 1194 1957 occurrentiam
1260 1872 1532 1942 aliorum
1601 1880 1976 1944 Sanctorum
2046 1887 2173 1946 tam

584 1957 903 2027 Dioecesis
995 1977 1138 2026 uam
1186 1965 1277 2029 Re
1321 1962 1416 2046 ni,
1454 1974 1519 2029 et
1564 1965 1733 2033 haud
1778 1965 2033 2032 valeant
2071 1986 2173 2033 ea-

582 2044 734 2113 dem
779 2055 949 2115 trans
980 2049 1105 2115 erri
1154 2050 1235 2117 ob
1326 2050 1534 2118 ierum
1582 2051 2037 2139 deficientiam,
2070 2074 2169 2121 se-

581 2134 838 2292 qtherztia
901 2135 1093 2206 dubia
1152 2138 1529 2208 declaranda
1590 2142 1916 2230 proposita
1971 2152 2168 2223 sunt;

582 2242 645 2290 vi
695 2242 732 2290 e
762 2228 928 2295 icetz'
1267 2288 1274 2297 .

716 2315 924 2381 1.·.Αιι
968 2314 1157 2382 liceat
1202 2315 1552 2404 anticipare
1593 2328 1911 2405 perpetuo
1958 2317 2170 2386 Officia

579 2399 905 2555 praedicta
949 2403 1204 2471 noviter
1249 2423 1573 2489 concessa,
1613 2407 1985 2493 assignando
2018 2407 2170 2495 ipsis

625 2488 715 2555 ies
761 2488 927 2556 circa
973 2490 1228 2559 initium
1274 2489 1470 2558 anni-‘2³

709 2580 773 2642 2.
817 2580 913 2644 An
960 2588 1342 2653 occurrente
1374 2583 1561 2647 Festo
1592 2581 1838 2685 duplici
1871 2602 1952 2650 ex
1982 2601 2168 2673 prae-

575 2661 762 2731 dictis
795 2664 859 2732 in
888 2666 1450 2759 semiduplicibus,
1481 2668 1669 2738 liceat
1699 2680 1813 2737 1sta
1844 2682 2168 2760 perpetuo

577 2750 770 2818 instar
791 2751 1185 2906 sgmplicium
1210 2756 1567 2844 celebrare,
1588 2777 1670 2826 ne
1694 2776 1956 2846 prorsus
1976 2761 2168 2827 omit-

579 2849 796 2908 tantur
1385 2870 1392 2897 ³
1994 2882 1998 2889 ·

708 2931 775 2997 3.
820 2930 920 2999 An
965 2950 1228 3021 semper
1270 2932 1461 3004 liceat
1500 2935 1807 3005 nonnulla
1840 2940 2022 3006 Festa
2067 2956 2166 3005 se-

575 3016 945 3107 miduplicia
992 3021 1186 3090 instar
1230 3022 1620 3112 simplicium
1668 3024 2054 3094 celebrare?

670 3110 890 3209 ,Sacra
920 3109 1666 3201 Rituumcougregatio,
1703 3115 2054 3183 coadunata
2086 3114 2165 3181 ad

570 3197 891 3275 Quirinale
950 3198 1015 3266 in
1076 3200 1420 3269 ordinariis
1483 3202 1792 3288 comitiis,
1841 3201 2169 3276 referente

574 3283 976 3384 infrascripto
1021 3289 1406 3376 Secretauio,
1457 3291 1842 3378 respouditz
1891 3312 1931 3359 α
1962 3294 2167 3378 Nega-

576 3383 707 3444 trve
754 3373 819 3442 iu
867 3374 1163 3446 omnibus
1193 3401 1258 3445 ».
1551 3391 1558 3398 ·

589 3509 596 3516 -
703 3462 819 3530 Die
866 3466 947 3531 27
996 3466 1267 3553 Augusti
1323 3470 1530 3535 1836.Δ

573 3638 818 3716 2747.

1059 3613 1066 3620 ’
1150 3646 1566 3713 LucioNEN.
1929 3645 2159 3734 (asse)

700 3817 887 3884 Sacra
930 3814 1194 3883 Bituum
1242 3816 1667 3906 congregatio
1713 3820 1789 3886 ad
1838 3820 2162 3899 Quirinale

569 3902 878 3971 hodierna
926 3903 1032 3972 die
1079 3903 1142 3970 in
1188 3904 1518 3973 ordinario
1551 3909 2161 3993 coetucoadunata,

570 4008 769 4078 quum
829 3991 907 4058 ab
953 3992 1358 4082 infrascripto
1425 3994 1780 4072 secretario
1842 3997 2166 4084 acceperit

566 4098 686 4167 pro
718 4091 899 4168 parte
931 4081 1207 4168 Magistri
1240 4083 1799 4154 caeremoniarum
1835 4087 2163 4154 Reveren-

567 4168 809 4236 dissimi
840 4169 1138 4271 Episcopi
1167 4170 1519 4238 Lucioneu.
1554 4172 1840 4258 requiri:
1892 4175 1988 4242 An
2037 4177 2163 4242 Re-.

567 4256 760 4342 liquia
791 4259 1231 4326 Sanctissimae
1249 4258 1474 4327 crucis
1499 4261 1747 4327 Domini
1781 4261 1993 4329 Nostri
2016 4267 2160 4329 lesu

567 4344 821 4430 Christi,
847 4346 1135 4414 fidelium
1160 4347 1552 4414 venerationi
1582 4351 1898 4437 exposita,
1927 4348 2156 4422 iisdem

567 4434 985 4502 caeremoniis
1034 4436 1327 4502 honorari
1376 4435 1918 4523 debeat,·quibus
1961 4437 2159 4505 bono-

564 4532 739 4588 ratur
785 4522 1184 4590 Sanctissima
1229 4523 1662 4610 Eucharistia,
1713 4527 1953 4613 pariter
1996 4526 2163 4593 sole-

566 4609 804 4680 mniter
836 4612 1156 4698 exposita;
1194 4630 1525 4699 quumque
1555 4614 1948 4703 compererit
1980 4613 2158 4701 alias,

566 4709 631 4768 et
674 4700 1054 4787 praesertim
1100 4699 1163 4767 in
1210 4721 1331 4768 una
1366 4700 1728 4770 Varsavieu.
1779 4701 1843 4770 in
1889 4720 2156 4788 respou-

560 4787 738 4856 sione
787 4787 864 4858 ad
913 4787 1183 4856 dubium
1231 4791 1579 4877 septimum
1624 4789 1745 4858 sub
1793 4791 1898 4859 die
1938 4794 1974 4858 7
2014 4791 2157 4858 Maii

571 4879 760 4963 1746,
817 4876 1128 4945 sancitum
1179 4876 1403 4963 fuisse,
1459 4889 1531 4946 ut
1583 4891 1728 4947 ante
1785 4881 1999 4969 ipsum
2060 4881 2160 4948 Li-

561 4981 762 5051 gnum
810 4966 1030 5034 crucis
1073 4966 1548 5054 genuflectatur
1591 4967 1782 5035 unico
1829 4987 2030 5059 genu,
2090 4980 2157 5036 et

562 5059 635 5117 ut
681 5053 744 5119 in
797 5052 1264 5122 thurificatione
1318 5055 1627 5124 Sacerdos
1680 5076 1809 5124 non
1864 5057 2156 5145 genufle-

564 5150 734 5222 ctet;
774 5142 1258 5211 rescribendum
1299 5144 1588 5212 censuit:
1625 5167 1662 5211 α
1695 5149 1894 5212 Detur
1924 5148 2155 5212 Decre-

699 5336 779 5411 (ι)
814 5337 878 5394 E.
914 5337 1059 5395 nun.
1093 5337 1147 5394 s.

2280 384 2419 442 tum
2451 373 2514 440 iu
2548 371 2914 447 Varsavieu,
2952 373 3016 439 in
3046 374 3464 463 responsione
3495 374 3573 444 ad
3606 374 3869 447 dubium
3994 410 3995 423 κ

2278 463 2653 552 septimum,
2703 462 2810 531 die
2859 467 2895 529 7
2944 461 3084 529 Maii
3140 465 3304 530 1746
3337 483 3404 527 ι.

2410 551 2619 638 Atque
2668 550 2752 617 ita
2798 549 3151 637 rescripsit,
3195 552 3569 639 servarique
3614 551 3863 618 manda·

2278 639 2396 707 vit.
2431 640 2545 706 Die
2579 643 2663 706 27
2693 640 2968 728 Augusti
3008 642 3209 709 1836.

2279 779 2386 848 27
2392 780 2532 848 48.
2845 781 3297 849 MINORIGEN.

2406 904 2489 969 Ut
2522 900 2584 968 iu
2617 900 3063 969 ecclesiasticis
3086 901 3517 979 caeremoniis
3544 904 3861 991 sacrisque

2275 988 2522 1058 Ritibus
2566 989 2818 1077 singula
2865 1009 2948 1056 ex
2994 990 3225 1059 ordine
3258 993 3640 1078 procedent,
3677 995 3866 1060 Bmus

2276 1077 2631 1166 Episcopus
2654 1077 3026 1147 Minoriceu.
3063 1079 3158 1146 sui
3194 1081 3477 1146 muneris
3516 1100 3661 1148 esse
3687 1081 3865 1149 duxit

2273 1171 2529 1235 Sacram
2560 1169 2717 1235 hanc
2750 1167 3010 1236 Rituum
3043 1168 3625 1254 congregationem
3665 1169 3858 1254 adire,

2270 1276 2342 1321 ac
2407 1255 2882 1343 insequentium
2951 1254 3298 1329 dubiorum
3365 1256 3863 1326 declarationem

2277 1342 2665 1431 efflagitare;
2715 1342 3023 1412 nimirum
3058 1366 3076 1410 z

2408 1437 2466 1498 1.
2520 1436 2615 1499 An
2660 1432 2724 1499 in
2771 1432 2950 1499 Missa
2995 1432 3208 1503 Sancti
3256 1430 3577 1501 Vincentii
3606 1433 3861 1501 Levitae

2271 1520 2582 1608 Martyris,
2617 1521 2702 1589 de
2742 1540 2875 1607 quo
2924 1521 2987 1588 iu
3034 1525 3259 1608 Regno
3303 1521 3747 1608 Hispaniarum
3775 1522 3861 1590 Ol·

2272 1608 2488 1676 ficium
2535 1609 2874 1694 quotannis
2919 1609 3340 1696 persolvitur,
3376 1629 3452 1675 ex
3494 1608 3860 1697 Apostolico

2270 1696 2521 1764 indulto
2568 1696 2700 1764 diei
2749 1702 2788 1764 5
2836 1697 2975 1767 lulii
3015 1700 3207 1783 1819,
3254 1696 3375 1763 sub
3423 1698 3552 1764 ritu
3584 1697 3858 1784 duplicis

2265 1785 2588 1853 secundae
2633 1786 2844 1854 classis
2888 1802 3037 1855 cum
3082 1795 3331 1871 octava,
3386 1786 3743 1854 dicendum
3786 1787 3857 1852 sit

2268 1873 2647 1961 Symbolum
2694 1872 3101 1945 Nicaenum?

2399 1965 2470 2029 2.
2516 1963 2725 2041 Quum
2757 1962 2840 2029 ob
2869 1963 3302 2030 elevationem
3336 1963 3497 2030 ritus
3526 1962 3857 2029 memorati

2266 2048 2464 2117 Officii
2522 2051 2733 2119 Sancti
2781 2051 3133 2136 vincentii,
3180 2049 3300 2117 alia
3361 2049 3470 2118 die
3526 2050 3856 2118 instituen-

2270 2140 2424 2206 dum
2470 2137 2553 2204 sit
2609 2142 2871 2208 Festum
2932 2140 3144 2209 Sancti
3188 2138 3493 2206 Anastasii
3550 2139 3855 2226 Martyris,

2266 2226 2638 2312 quaeritur:
2684 2229 2785 2295 An
2830 2246 2951 2317 pro
2996 2227 3213 2296 Officio
3270 2226 3483 2296 Sancti
3526 2226 3853 2308 Anastasii,

2265 2313 2564 2402 assignari
2610 2316 2857 2404 possint
2902 2318 2980 2385 ad
3030 2315 3286 2383 libitum
3316 2316 3659 2385 Lectiones
3692 2313 3857 2381 tertii

2266 2402 2577 2472 Nocturni
2625 2416 2691 2471 et
2734 2406 2915 2473 Missa
2962 2405 3046 2472 de
3093 2401 3489 2472 communi?

2398 2495 2465 2559 3.
2516 2493 2612 2558 Au
2660 2493 2815 2560 item
2863 2492 3053 2562 liceat
3086 2493 3149 2560 in
3185 2490 3479 2578 quolibet
3523 2490 3746 2560 Officio
3776 2511 3858 2557 as-

2263 2579 2516 2669 signare
2576 2581 2655 2649 ad
2712 2579 2966 2652 libitum
3034 2582 3283 2649 nissam
3343 2581 3427 2648 de
3488 2578 3853 2662 communi,

2264 2688 2428 2756 quae
2476 2681 2575 2735 est
2620 2668 2832 2755 primo
2889 2673 3029 2737 loco
3077 2680 3143 2737 et
3187 2667 3522 2738 Homiliam
3586 2682 3752 2755 quae
3793 2667 3855 2735 iu

2266 2757 2499 2824 eodem
2544 2757 2885 2829 communi
2929 2757 3228 2843 habetur,
3261 2759 3368 2827 vel
3400 2757 3720 2840 secundo,
3754 2756 3854 2823 vel

2267 2846 2459 2918 tertio
2506 2845 2675 2932 loco,
2725 2847 2832 2915 vel
2883 2866 2918 2913 e
2967 2844 3338 2915 converso?

2396 2938 2460 3002 t.
2512 2936 2608 3002 Au
2657 2933 3050 3004 observanda
3110 2935 3192 3004 sit
3240 2934 3534 3020 Rubrica,
3582 2952 3748 3022 quae
3793 2933 3853 2999 in

3642 780 3863 867 (4787)

2174 3063 2177 3070 ν
2260 3022 2576 3109 aliquibus
2636 3024 2975 3094 Breviariis
3039 3024 3373 3111 praecedit
3433 3023 3853 3112 Evangelium

2260 3112 2474 3179 Nolite
2520 3113 2848 3181 arbitrari
2895 3122 2963 3180 et
3005 3113 3384 3197 Homiliam,
3431 3112 3682 3179 scilicet
3740 3128 3853 3213 pro

2261 3201 2533 3287 martyre
2581 3219 2709 3271 non
2754 3201 3086 3286 Pontifice,
3121 3202 3378 3288 quando
3408 3200 3652 3267 dicitur
3680 3203 3852 3267 Missa

2262 3290 2339 3354 In
2386 3291 2639 3356 virtute
2685 3299 2854 3370 ταας
2913 3291 3018 3356 vel
3076 3309 3147 3357 ea
3240 3309 3358 3357 uae
3418 3287 3695 3355 habetur
3739 3304 3848 3375 pro

2264 3379 2535 3463 Martyre
2582 3396 2710 3445 nou
2758 3375 3118 3446 Pontifice‘?
3156 3308 3254 3465 (B

2396 3469 2460 3531 5.
2509 3467 2716 3544 Quum
2765 3486 2882 3555 pro
2928 3466 3257 3535 nonnullis
3286 3466 3531 3534 Sanctis
3575 3463 3848 3554 propriis

2258 3552 2461 3640 Regni
2493 3555 2958 3643 Hispaniarum,
3005 3555 3087 3623 de
3135 3554 3368 3641 quibus
3415 3554 3728 3622 recitatur
3753 3550 3847 3620 of-

2262 3641 2480 3708 ficium
2539 3643 2670 3710 ritu
2731 3643 2973 3730 duplici
3032 3643 3289 3726 minori,
3326 3641 3847 3710 ·habeantur.1.e-

2259 3730 2506 3797 ctiones
2564 3730 2754 3818 primi
2814 3731 3120 3799 Nocturni
3184 3731 3268 3799 de
3326 3732 3687 3814 communi,
3737 3747 3851 3817 pro,

2258 3817 2394 3886 aliis
2456 3837 2611 3886 vero
2666 3821 2750 3891 de
2812 3820 3138 3906 Scriptura
3197 3830 3607 3903 occurrente,
3665 3837 3848 3905 quae·

2264 3906 2464 3975 ritur:
2497 3909 2667 3986 Quae
2700 3918 2872 3974 certa
2905 3909 3129 3996 regula
3165 3908 3348 3994 sequi
3380 3908 3618 3975 debeat
3647 3904 3847 3993 quoad

2262 4006 2640 4062 memoratas
2687 3997 2877 4098 primi
2923 3995 3229 4064 Nocturni
3275 3995 3612 4066 Lectiones
3657 3995 3724 4063 in
3754 3993 3846 4061 Oi-

2260 4083 2416 4152 ficiis
2460 4082 2829 4172 duplicibus
2876 4081 3286 4152 minoribus?

2392 4176 2461 4240 6.
2507 4177 2603 4241 An
2673 4174 2881 4261 quoad
2954 4174 3213 4244 easdem
3263 4173 3600 4242 Lectiones
3664 4169 3847 4262 primi

2259 4260 2565 4329 Nocturni
2611 4260 2675 4329 in
2724 4261 3090 4349 duplicibus
3147 4260 3503 4330 minoribus
3552 4263 3848 4333 standum

2257 4350 2337 4416 sit
2383 4348 2901 4437 dispositionibus
2962 4348 3290 4417 Directorii
3345 4350 3447 4417 vel
3497 4345 3848 4418 Breviarii?

2391 4442 2453 4505 7.
2499 4441 2594 4506 An
2640 4437 2887 4507 licitum
2932 4437 3013 4504 sit
3060 4438 3126 4504 iu
3171 4437 3539 4524 duplicibus
3587 4436 3847 4506 minori·

2260 4524 2376 4594 bus
2411 4536 2477 4593 et
2514 4527 2705 4596 etiam
2737 4524 3269 4615 semiduplicibus
3292 4525 3630 4594 Lectiones
3663 4525 3847 4615 primi

2256 4615 2562 4682 Nocturni
2607 4636 2727 4705 pro
2774 4616 2983 4684 lubitu
3032 4616 3373 4683 desumere
3405 4616 3510 4682 vel
3544 4615 3633 4682 de
3665 4618 3845 4683 com-

2258 4704 2437 4770 muni
2496 4705 2601 4770 vel
2660 4705 2743 4773 de
2801 4703 3160 4792 Scriptura;
3210 4704 3465 4789 quaudo
3512 4702 3843 4770 diversitas

2257 4802 2433 4893 ⁰3²³}
2464 4790 2647 4945 {nter
2692 4792 3182 4878 dispositionem
3226 4791 3560 4858 Directorii
3602 4802 3671 4859 et
3701 4795 3841 4860 Bre-

2260 4899 2437 4946 viarii

2386 4971 2450 5035 8.
2502 4970 2599 5035 An
2660 4967 2766 5035 illa
2820 4973 3037 5053 Festa,
3099 4987 3264 5056 quae
3324 4966 3504 5056 prius
3555 4985 3839 5036 concessa

2255 5057 2435 5124 luere
2504 5056 2820 5145 aliquibus
2890 5057 3192 5125 Ecclesiis
3260 5058 3363 5125 vel
3435 5054 3837 5124 Dioecesibus

2260 5163 2406 5212 cum
2473 5146 2880 5215 Lectionibus
2949 5146 3137 5234 primi
3206 5147 3510 5213 Nocturni
3572 5141 3833 5232 propriis
