4042 5950
1534 252 2002 331 —209-

152 415 384 486 2633.
748 414 1078 480 COLLEN.

1396 451 1399 454 ·
1483 411 1707 499 (4605)

263 599 340 662 Ut
369 594 654 683 primum
680 597 873 659 Terra
904 612 937 658 a
970 596 1036 660 S.
1064 589 1434 657 Geminiano
1466 610 1709 660 nuncu-

150 697 272 773 pata
295 684 357 750 in
378 683 656 766 Etruria,
680 702 713 747 a
734 681 1134 758 Volaterrana
1158 677 1470 766 Dioecesi,
1494 679 1712 746 distra-

152 785 268 855 cta,
325 782 667 856 aggregata
714 769 834 836 fuit
883 767 1133 835 Collen.
1196 766 1481 833 Dioecesi
1527 769 1709 836 nullo

149 879 387 948 prorsus
447 859 594 926 iure
651 857 957 942 nullaque
1003 854 1273 937 ratione,
1324 857 1714 923 conveniens

150 966 328 1033 usque
378 959 533 1013 tunc
564 946 905 1031 praestitus
934 946 1004 1011 S.
1037 942 1407 1010 Geminiano
1438 942 1733 1038 principi·

150 1041 360 1103 Terrae
407 1039 674 1101 Patrono
721 1033 934 1100 cultus
988 1031 1271 1098 sublatus
1331 1041 1452 1114 est,
1504 1042 1570 1098 et
1623 1031 1715 1097 in-

151 1123 288 1190 colis
332 1126 570 1188 Terrae
618 1122 791 1188 illius
836 1123 903 1188 S.
952 1117 1246 1186 Martialis
1291 1123 1549 1187 Festum
1597 1119 1716 1187 suh

153 1224 407 1296 utroque
457 1218 804 1297 praecepto
862 1207 1287 1290 servandum,
1354 1206 1713 1275 nuntiatum

151 1311 267 1366 estz
313 1296 557 1364 multae
604 1308 842 1365 extunc
891 1296 1151 1362 obortae
1198 1296 1602 1380 quaestiones
1648 1316 1717 1362 ac

151 1387 371 1454 multae
418 1385 676 1452 auditae
721 1383 1198 1471 querimoniae:
1249 1393 1314 1448 et
1359 1384 1619 1451 Parochi
1653 1394 1719 1450 et

150 1476 358 1542 clerus
402 1472 467 1540 in
499 1473 780 1540 diversas
808 1472 1022 1539 abiere
1084 1469 1416 1557 opiniones
1456 1491 1538 1538 ex
1579 1471 1718 1558 qui-

152 1565 254 1630 bus
292 1560 583 1629 incertus
645 1560 923 1649 populus
985 1558 1193 1626 dictae
1240 1562 1474 1626 Terrae
1522 1580 1597 1626 an
1657 1570 1721 1626 et

152 1653 223 1719 de
259 1667 390 1734 quo
435 1653 707 1717 Patrono
752 1647 1073 1736 agendum
1106 1647 1275 1713 foret
1309 1647 1593 1715 nonnihil
1628 1647 1720 1714 of-

154 1738 439 1805 tensionis
540 1757 680 1804 ssus
712 1747 834 1804 est.
868 1736 1025 1801 Hinc
1057 1735 1134 1801 ad
1168 1754 1390 1802 omnes
1415 1735 1720 1823 deinceps

155 1826 436 1892 eliminan
484 1845 548 1889 as
624 1823 1055 1892 dubitationes
1133 1834 1198 1888 et
1273 1823 1719 1909 quaestionum

155 1932 372 1995 causas,
420 1912 652 1998 loseph
698 1911 934 1980 Rocchi
983 1923 1049 1976 et
1094 1910 1428 1978 Caietanus
1471 1910 1721 1994 Contri,

154 2015 411 2085 uterque
457 2001 830 2068 enunciatae
877 2003 1108 2065 Terrae
1139 2000 1489 2066 canonicus
1521 2009 1586 2065 et
1618 2004 1724 2065 Pa-

154 2091 392 2172 rochus,
440 2088 713 2176 supplici
766 2086 1048 2155 exhibito
1097 2086 1315 2154 libello
1365 2090 1587 2154 Sacrae
1619 2087 1723 2154 Ri-

158 2191 319 2244 tuum
342 2175 862 2263 Congregationi,
888 2174 1220 2259 sequentia
1243 2176 1553 2242 solvenda
1578 2194 1724 2263 pro·

154 2275 489 2351 posuerunt
537 2263 753 2348 dubia,
784 2262 1132 2329 videlicet:

272 2359 332 2420 1.
359 2358 457 2421 An
487 2355 746 2417 Festum
778 2355 843 2417 S.
872 2348 1230 2418 Geminiani
1258 2349 1505 2416 Patroni
1551 2350 1726 2437 prin·

157 2440 354 2529 cipalis
398 2444 631 2506 Terrae
679 2439 867 2506 huius
911 2437 1183 2504 nominis
1228 2438 1309 2504 sit
1356 2438 1438 2505 de
1469 2439 1725 2525 integro

158 2537 484 2682 praeceptg
527 2527 912 2593 servandum
944 2526 1010 2592 in
1034 2525 1200 2593 dicta
1234 2531 1423 2612 Terra
1460 2526 1726 2612 eiusque

159 2617 437 2683 districtu

276 2709 341 2770 2.
384 2705 483 2771 An
529 2703 786 2770 Parochi
844 2700 1091 2772 rurales
1155 2700 1222 2770 in
1281 2702 1605 2768 suburbiis
1664 2712 1732 2768 et

159 2792 311 2878 agris
353 2792 562 2859 dictae
609 2796 843 2858 Terrae
903 2793 972 2856 S.
1007 2790 1352 2856 Geminiani
1412 2791 1729 2890 degentes

160 2881 217 2946 in
261 2881 419 2947 dicta
468 2879 578 2945 die
624 2887 962 2945 teneantur
1008 2879 1083 2946 ad
1118 2877 1334 2944 Missae
1364 2897 1444 2964 ap
1493 2877 1730 2945 1103110-

160 2988 299 3035 nem
344 2980 408 3035 et
453 2966 529 3034 ad
578 2966 1079 3035 annuntiandum
1124 2966 1367 3053 populo
1415 2900 1734 3033 abstinen-

163 3057 298 3122 tiam
340 3059 416 3125 ah
463 3055 792 3208 operibus,
844 3074 961 3144 pro
1007 3054 1254 3139 integra
1284 3054 1731 3121 observatione

204 3163 380 3212 raece
431 3144 474 3209 ti

165 3165 201 3231 p
282 3238 343 3300 3.
378 3163 475 3298 Ru
504 3231 857 3317 Regulares
887 3231 1095 3298 dictae
1127 3234 1361 3297 Terrae
1393 3239 1734 3297 teneantur

160 3321 231 3389 ad
276 3332 556 3387 octavam
604 3323 672 3386 S.
706 3318 1087 3402 Geminiani,
1122 3318 1581 3404 quinquaginta
1626 3328 1733 3384 aut

64 3468 65 3473 ,
161 3409 471 3497 sexaginta
518 3406 746 3475 abhinc
793 3407 973 3473 annis
1019 3403 1363 3473 omissam?

283 3500 343 3563 4.
392 3503 489 3563 An
534 3500 793 3562 Festum
843 3497 906 3563 S.
945 3494 1241 3561 Martialis
1287 3493 1534 3560 Patroni
1569 3493 1735 3563 Civi-

168 3584 298 3650 tatis
339 3584 536 3651 Collis
582 3582 953 3652 habendum
996 3582 1079 3648 sit
1124 3592 1196 3648 ut
1229 3582 1631 3649 moderatum
1668 3581 1731 3647 in

165 3675 341 3738 Terra
384 3675 451 3739 S.
486 3669 839 3737 Geminiani
885 3691 1033 3739 cum
1067 3670 1458 3758 obligatione
1491 3678 1736 3737 tantum

168 3759 451 3826 audiendi
501 3752 814 3827 S'acrum‘?

287 3852 347 3914 δ.
410 3851 509 3915 An
568 3851 796 3915 Clerus
858 3846 1138 3913 urbanus
1206 3855 1272 3910 et
1336 3846 1735 3913 suburbanus

172 3937 230 4000 S.
273 3935 621 4003 Geminiani
668 3946 965 4002 teneatur
1008 3934 1087 4001 ad
1134 3945 1417 4000 octavam
1467 3936 1538 4001 S.
1583 3938 1739 4000 Mar·

176 4023 342 4108 tialis,
414 4044 563 4091 cum
608 4026 684 4089 ab
755 4021 1246 4090 immemorabili
1308 4032 1606 4088 teneatur
1665 4021 1741 4088 ad

177 4121 439 4180 octavam
489 4115 555 4180 S.
588 4108 985 4179 Geminiani?

290 4201 463 4268 Licet
508 4208 722 4267 autem
768 4199 941 4265 Eritis
990 4198 1271 4265 Patribus
1318 4198 1521 4264 Sacris
1584 4197 1737 4264 Riti-

177 4286 277 4353 bus
320 4287 699 4376 praepositis
744 4288 928 4354 allata
960 4286 1176 4370 dubia,
1210 4286 1315 4352 vel
1355 4306 1437 4352 ex
1475 4285 1743 4373 positiva

176 4377 396 4463 Legum
444 4376 890 4464 dispositione,
940 4374 1044 4443 vel
1095 4394 1173 4441 ex
1238 4384 1525 4440 accurata
1582 4377 1744 4441 Con·

174 4463 561 4532 stitutionum
610 4475 676 4530 et
722 4469 1138 4531 Decretorum
1197 4467 1421 4529 Sacrae
1482 4462 1742 4529 Rituum

176 4552 682 4641 Congregationis
731 4551 1287 4640 interpretatione,
1337 4551 1460 4616 iam
1492 4549 1743 4618 abunde

176 4640 357 4707 soluta
393 4661 535 4708 esse
561 4640 966 4719 viderentur;
997 4639 1307 4726 exquisita
1331 4637 1746 4704 nihilominus

180 4728 337 4811 prius
362 4731 426 4798 in
456 4728 717 4818 scriptis
745 4727 1059 4796 sententia
1085 4727 1351 4794 alterius
1378 4746 1459 4791 ex
1482 4728 1753 4813 Aposto-

180 4815 423 4884 licarum
441 4816 1003 4885 caeremoniarum
1020 4815 1295 4901 Magistri
1320 4814 1539 4902 praelo
1561 4814 1747 4880 etiam

180 4924 334 4988 cusa,
361 4908 434 4973 ad
462 4907 840 4973 relationem
867 4904 1006 4971 Emi
1034 4916 1099 4970 et
1123 4904 1263 4970 Rffii
1289 4907 1365 4969 D.
1386 4903 1576 4969 Card.
1604 4903 1749 4970 Ser-

181 4990 301 5079 lupi
346 4994 687 5078 Ponontis,
737 5002 1131 5060 censuerunt
1180 4990 1746 5078 respondendum:

181 5100 211 5141 ς
244 5086 307 5146 111
351 5082 645 5150 omnibus
693 5082 867 5148 iuxta
911 5091 1133 5148 votum
1170 5095 1250 5159 »3
1298 5078 1644 5145 nimirumz

296 5171 387 5238 Ad
436 5170 721 5259 primum
767 5191 805 5235 α
834 5169 1229 5238 Affirmative
1265 5190 1329 5232 ».

298 5259 388 5325 Ad
435 5259 799 5339 secundum
849 5281 885 5323 ι
917 5258 1311 5327 Affirmative
1366 5256 1441 5322 ad
1500 5265 1753 5321 utrum·

185 5361 297 5428 que
329 5368 392 5413 ν.

373 5484 587 5530 Dareta
614 5482 928 5530 Anthentica
957 5486 1006 5527 8.
1034 5484 1095 5527 R.
1123 5486 1175 5528 c.
1204 5505 1253 5515 -
1281 5481 1390 5529 vol.
1418 5483 1481 5527 11.

1945 414 2042 481 Ad
2092 414 2355 482 tertium
2402 437 2440 481 α
2472 415 2781 504 Negative
2833 439 2896 484 ι.

1944 503 2041 570 Ad
2091 509 2387 588 quartum
2435 524 2473 568 α
2508 505 2822 592 Negative
2862 528 2926 573 ».

1945 592 2042 659 Ad
2088 591 2386 677 quintum
2437 615 2475 657 α
2507 591 2817 681 Negative
2850 616 2911 660 ιι.

1947 679 2059 746 Die
2110 683 2192 747 27
2241 682 2444 748 Martii
2502 685 2695 750 1824.

1818 819 2081 891 2634.
2446 825 2764 889 0111111111.
3169 825 3399 912 (asos)

1947 946 2421 1011 Caeremoniale
2483 946 2985 1035 Episcoporum,
3057 967 3251 1034 agens
3318 950 3402 1017 de

1818 1029 2198 1099 Subdiaconi
2249 1033 2455 1100 officio
2503 1034 2566 1100 in
2613 1034 2790 1101 Missa
2839 1037 3112 1105 solemni
3149 1039 3402 1108 Pontifi-

1822 1119 1936 1185 cali
1985 1119 2101 1186 lib.
2144 1125 2205 1205 1,
2242 1141 2308 1187 ca
2364 1166 2380 1184 .
2441 1123 2629 1205 ¹⁰2ss
2673 1127 2712 1190 2
2771 1124 3171 1213 apertissime
3225 1146 3405 1215 prae-

1819 1206 2040 1274 scrihit
2085 1209 2160 1276 ad
2223 1211 2309 1276 Su
2357 1208 2695 1277 diaconum
2804 1213 3089 1280 ertinere
3147 1216 3406 1301 Episco-

1822 1314 1975 1383 pum
2021 1296 2317 1364 sandaliis
2363 1295 2660 1382 induere,
2710 1319 2743 1364 a
2791 1300 3048 1369 iuvante
3089 1302 3292 1368 altero
3325 1321 3404 1368 ex

1822 1381 2118 1451 eiusdem
2191 1381 2648 1464 familiaribus3
2723 1387 2998 1476 idipsum
3077 1390 3408 1467 confirmat

1825 1469 1936 1537 lib.
1975 1476 2053 1554 11,
2089 1492 2227 1559 cap.
2281 1476 2443 1559 v111,
2480 1476 2517 1558 ᾗ
2555 1477 2619 1540 7.
2655 1473 2773 1541 Ubi
2808 1495 2963 1543 vero
2996 1478 3079 1545 de
3113 1478 3407 1545 exuendo

1824 1559 2140 1648 Episcopo
2190 1560 2477 1646 loquitur
2508 1561 2742 1629 eodem
2770 1563 2881 1631 lib.
2918 1570 2969 1649 1,
3004 1585 3143 1651 cap.
3179 1568 3259 1651 X,
3296 1569 3334 1651 ὅ
3367 1569 3407 1631 6

1825 1657 1888 1712 et
1938 1646 2052 1713 lib.
2087 1651 2164 1734 11,
2214 1668 2358 1735 cap.
2392 1652 2552 1733 Vlll,
2603 1651 2742 1734 58,
2791 1653 2959 1718 forte
3007 1673 3134 1720 non
3183 1656 3408 1721 eadem

1823 1731 2105 1801 claritate
2137 1735 2482 1802 verborum
2514 1737 2829 1823 significat
2859 1742 3237 1810 Subdiaconi
3273 1761 3412 1816 esse

1824 1821 1929 1888 illa
1978 1822 2296 1911 Episcopo
2342 1823 2712 1892 detrahere.
2760 1829 2920 1893 Cum
2967 1829 3162 1915 igitur
3219 1831 3412 1897 desu-

1825 1928 1945 2004 per
1989 1910 2236 1995 pluries
2279 1911 2573 1997 requisiti
2622 1915 3179 1982 caeremoniarum
3225 1919 3412 2005 Magi-

1824 1996 1964 2081 stri,
2016 1998 2169 2064 licet
2214 1999 2367 2086 quid
2414 1999 2823 2068 sentiendum
2876 2023 2954 2069 ex
3005 2003 3215 2070 littera
3261 2011 3413 2072 Cae-

1826 2085 2194 2152 remonialis
2240 2099 2742 2180 cognoscerent,
2769 2101 2946 2157 certo
2975 2100 3190 2159 tamen
3223 2112 3415 2178 quae·

1826 2173 2101 2239 stionem
2147 2171 2422 2242 definire
2470 2186 2537 2241 et
2582 2176 2734 2261 quid
2770 2179 3092 2263 agendum
3133 2191 3414 2247 statuere

1829 2260 2299 2330 abstinuerunt.
2352 2262 2595 2342 Idcirco
2643 2264 2719 2329 ad
2767 2264 3140 2334 firmandam
3187 2267 3254 2336 in
3307 2287 3416 2356 po-

1827 2359 2076 2415 sterum
2134 2350 2351 2436 legem
2414 2354 2751 2418 Sacrorum
2809 2353 3069 2420 Rituum
3130 2359 3413 2440 Congre-

1828 2436 2153 2522 gationem
2199 2438 2401 2522 adire,
2454 2438 2829 2525 eidemque,
2876 2441 3045 2527 quod
3080 2441 3417 2510 adnotatur

1827 2523 2124 2612 dubium,
2177 2545 2257 2592 ex
2305 2527 2512 2594 officio
2561 2529 3016 2596 resolvendum
3048 2548 3415 2617 proponere

1830 2612 2023 2679 adiud
2036 2612 2283 2682 icarunt
2302 2637 2321 2681 ι

1963 2705 2062 2768 An
2107 2713 2253 2789 post
2299 2703 2656 2770 solemnem
2704 2703 2952 2771 Missam
2985 2706 3413 2776 Pontificalem

1833 2800 2129 2860 teneatur
2188 2790 2535 2859 Canonicus
2596 2790 3032 2860 Subdiaconus
3099 2793 3417 2882 Episcopo

1832 2876 2180 2943 detrahere
2226 2878 2537 2954 sandalia;
2587 2880 2690 2944 vel
2726 2881 2941 2966 potius
2971 2882 3048 2947 ad
3081 2882 3420 2948 scutiferos

1832 2964 1989 3032 haec
2037 2965 2201 3032 actio
2247 2963 2614 3052 pertineat?

1963 3058 2044 3118 Et
2090 3057 2155 3122 S.
2206 3058 2281 3122 P..
2333 3057 2436 3138 C.,
2486 3054 2713 3120 sedulo
2762 3055 3240 3145 diligenterque
3270 3075 3419 3144 per-

1831 3141 2260 3227 pensis-quae
2307 3141 2373 3208 in
2420 3141 2881 3209 Caeremoniali
2942 3142 3129 3210 Libro
3190 3145 3417 3211 decer-

1835 3240 2111 3313 nuntur,
2160 3248 2453 3316 quaeque
2521 3233 2852 3296 Sacrarum
2911 3231 3416 3321 Apostolicarum

1835 3318 2392 3384 Caeremoniarum
2455 3318 2749 3402 Magister
2803 3317 2867 3384 in
2931 3338 3041 3385 sua
3104 3319 3419 3386 sententia

1833 3404 2001 3493 typis
2046 3405 2301 3493 vulgata
2348 3403 2671 3491 congessit
2712 3405 3027 3473 rationum
3067 3418 3416 3489 momenta,

1838 3512 1958 3558 nec
2008 3512 2136 3560 non
2195 3492 2409 3559 audita
2464 3491 2774 3563 relatione
2833 3492 2974 3560 Emi
3034 3504 3099 3561 et
3154 3494 3293 3561 Rmi
3340 3498 3415 3560 D.

1836 3581 2019 3735 gards
2057 3579 2456 3669 Cacciapiatti
2503 3578 2825 3665 Ponentis,
2868 3582 3115 3648 censuit
3160 3601 3420 3671 respon·

1889 3687 1970 3734 en
2022 3688 2170 3736 umz

1972 3779 2008 3821 ι
2043 3755 2458 3842 Affirmative,
2505 3757 2582 3824 ad
2638 3758 2908 3845 primam
2958 3769 3243 3847 partem;
3301 3761 3421 3826 Ne-

1838 3844 2081 3929 gative,
2128 3846 2205 3911 ad
2252 3846 2598 3913 secundam
2627 3867 2690 3910 ».
2727 3844 2841 3913 Die
2873 3851 2956 3914 27
2989 3847 3188 3913 Martii
3228 3850 3417 3914 1824.

1843 3989 2106 4058 2635.
2401 3990 2874 4057 vnnrrnnNA.
3194 3989 3421 4077 (4607)

1974 4117 2042 4179 In
2089 4112 2372 4180 Ecclesia
2419 4117 2486 4179 S.
2521 4114 2744 4181 Mariae
2787 4113 2865 4179 ad
2929 4114 3120 4180 Nives
3181 4135 3424 4183 nuncu-

1843 4212 1985 4290 pata
2032 4199 2311 4269 Civitatis
2358 4202 2677 4269 Velitern.
2727 4200 2804 4267 ah
2834 4220 2994 4268 anno
3034 4202 3199 4269 1600
3240 4223 3426 4270 cano-

1844 4289 1985 4355 nice
2033 4299 2246 4356 erecta
2293 4299 2390 4354 est
2435 4289 2743 4358 Sodalitas
2789 4307 3112 4355 sacrorum
3157 4291 3424 4378 Stigma-

1846 4386 1983 4443 tum
2033 4381 2098 4444 S.
2137 4375 2471 4460 Francisci,
2517 4395 2709 4461 quam
2743 4397 2795 4441 S.
2834 4396 2923 4442 m.
2958 4377 3257 4449 Clemens
3292 4381 3420 4446 vlu

1852 4484 1969 4555 per
2011 4464 2404 4551 Apostolicas
2450 4462 2687 4531 Literas
2731 4463 2795 4529 in
2841 4465 3044 4531 forma
3071 4465 3287 4533 Brevis
3319 4486 3424 4532 an-

1848 4571 1931 4619 no
1985 4555 2153 4619 1604
2198 4551 2462 4637 singulis
2510 4551 2734 4619 ditavit
2765 4551 3118 4639 privilegiis
3149 4567 3213 4620 et
3243 4572 3427 4640 prae-

1852 4639 2173 4728 rogativiS,
2193 4641 2375 4726 queis
2391 4639 3065 4707 Archiconfraternitas
3088 4641 3206 4707 sub
3227 4659 3425 4707 enun-

1850 4724 2011 4794 ciato
2046 4726 2234 4793 titulo
2268 4727 2333 4794 in
2365 4727 2535 4794 Urbe
2565 4728 2826 4814 gaudet.
2876 4728 3143 4814 Semper
3182 4740 3423 4812 autem,

1849 4813 2109 4882 nemine
2165 4817 2671 4899 contradicente,
2721 4814 3109 4902 cappellano
3169 4835 3278 4883 usa
3331 4826 3428 4882 est

1848 4904 1913 4969 in
1936 4901 2213 4989 publicis
2240 4915 2364 4967 tam
2398 4896 2789 4968 solemnibus
2833 4922 3020 4989 quam
3057 4902 3428 4971 funebribus

1850 4989 2390 5072 processionibus,
2439 4990 2919 5076 superpelliceo
2977 5000 3042 5058 et
3101 4992 3273 5059 Stola
3337 4989 3431 5058 in·

1854 5079 2010 5145 duto
2061 5089 2185 5143 tam
2231 5077 2392 5143 intra
2440 5096 2628 5163 quam
2696 5088 2873 5144 extra
2932 5078 3254 5167 propriam
3313 5082 3430 5145 Ec-

1857 5165 2140 5233 clesiam.
2190 5165 2546 5231 Novissime
2592 5165 2801 5232 visum
2849 5176 2944 5233 est
3002 5166 3290 5233 Parochis
3332 5168 3432 5233 Ci-

1853 5254 2065 5323 vitatis
2112 5254 2284 5320 illam
2315 5252 2394 5318 ab
2424 5253 2789 5321 huiusmodi
2823 5255 3283 5323 consuetudine
3317 5255 3431 5322 de·

1860 5342 2159 5427 turbare,
2214 5342 2332 5409 sub
2392 5352 2730 5431 praetextu
2789 5342 2960 5431 quod
3023 5343 3194 5411 Stola
3252 5362 3433 5431 paro·

3063 5482 3114 5526 u
