4042 5950
1550 330 2022 408 —113'—

285 483 370 547 Ad
419 486 485 548 3.
541 506 578 546 «
609 483 821 560 Quoad
856 483 1294 569 receptionem
1338 484 1723 571 palmarum,

175 570 446 635 candelae
511 583 574 637 et
641 572 968 653 cinerum,
1018 571 1431 655 Affirmat‘ive,
1490 593 1729 659 nempe

172 657 234 726 ad
279 657 705 724 Primicerium
739 675 756 733 3
809 660 871 724 in
919 657 1206 745 reliquis,
1239 672 1533 725 servetur
1570 662 1728 728 ordo

172 745 431 810 ctiori».

281 833 368 898 Ad
423 838 481 900 4.
538 857 574 896 ‹
609 834 998 902 Affirmative
1031 858 1093 902 ιι.

283 921 368 986 Ad
417 927 479 988 5.
536 944 573 984 ‹
609 923 916 1008 Negative
958 946 1018 989 v.
1165 913 1228 962 ⁴*

278 1011 353 1073 Et
398 1010 477 1072 ita
513 1009 804 1075 decrevit
835 1031 904 1076 ac
937 1014 1172 1076 servari
1224 1014 1564 1081 mandavit.
1616 1018 1729 1084 Die

179 1100 238 1161 12
279 1097 505 1181 Aprilis
562 1101 755 1163 1755.

281 1186 538 1267 Verum,
592 1205 732 1250 cum
784 1186 1152 1274 praedictus
1205 1187 1494 1256 Nicolaus
1541 1195 1728 1259 Scan·

171 1272 299 1336 ditio
342 1272 532 1338 editis
583 1273 1078 1341 resolutionibus
1135 1296 1320 1362 supra
1388 1281 1726 1366 propositis

170 1359 344 1424 dubiis
393 1361 655 1426 minime
710 1363 1127 1447 acquieverit,
1180 1367 1456 1450 expetita
1508 1378 1574 1432 et
1619 1367 1729 1433 ob·

171 1459 310 1597 ilem
355 1469 568 1515 coram
619 1450 848 1515 eodem
897 1455 1056 1516 Emo
1104 1455 1384 1518 Ponente
1431 1476 1590 1520 nova
1621 1476 1725 1521 au·

209 1548 400 1617 tentia,

277 1627 332 1689 S.
366 1625 594 1691 eadem
628 1631 702 1692 R.
733 1628 834 1709 C.‚
869 1632 1278 1696 Procuratore
1315 1640 1556 1698 tantum
1589 1636 1727 1701 Ste-

173 1709 324 1794 phani
370 1713 678 1779 Rutiliani
725 1707 1073 1801 scripto'et
1120 1738 1277 1784 voce
1337 1717 1570 1788 iterum
1635 1724 1726 1789 in·

172 1797 446 1864 toi-manta
494 1802 744 1879 audit0‚
780 1803 1059 1889 visisque
1109 1805 1349 1871 iuribus
1387 1807 1463 1873 ab
1497 1809 1725 1876 eodem

174 1888 371 1969 pariter
429 1889 760 1973 detluctiS,
811 1911 955 1956 cum
1015 1896 1208 1958 altera
1274 1913 1430 1980 pars·
1460 1896 1726 1962 minime

169 1977 604 2060 comparuerit,
668 1979 743 2043 ad
808 1979 1178 2047 relationem
1244 1981 1534 2051 eiusdem
1587 1985 1723 2049 Emi

171 2071 218 2122 et
253 2061 379 2127 Risi
430 2067 504 2128 D.
561 2065 748 2130 Card.
801 2069 863 2131 S.
915 2070 1197 2134 Caesarei
1249 2071 1574 2154 PonentiS,
1627 2091 1727 2142 re-

168 2148 550 2217 scribendum
601 2154 894 2218 censuit:
962 2180 997 2219 ι
1035 2161 1097 2222 ln
1147 2156 1422 2234 decisis;
1482 2170 1546 2224 et
1595 2180 1725 2225 am-

171 2236 304 2320 plius
333 2261 391 2302 ».
438 2245 521 2306 Et
568 2240 652 2305 ita
685 2239 974 2309 decrevit
1007 2265 1075 2311 ac
1107 2244 1339 2310 servari
1377 2248 1721 2314 mandavit.

170 2324 255 2386 Die
303 2328 378 2391 14
424 2329 587 2394 lunii
645 2331 833 2393 1755.

168 2470 392 2536 24:³8.
570 2474 1280 2540 ANcsLorocrrANA.
1494 2474 1723 2561 (4256)

270 2600 420 2667 Cum
495 2597 866 2686 Capitulum
923 2611 987 2662 et
1040 2598 1336 2665 Canonici
1405 2600 1723 2665 Ecclesiae

164 2685 527 2752 cathedralis
579 2682 1148 2771 Angelopolitanae
1204 2686 1267 2752 in
1316 2686 1508 2752 indiis
1551 2688 1722 2753 Occi-

166 2771 497 2839 dentalibus
559 2771 728 2861 apud
789 2774 852 2836 S.
900 2776 972 2838 R.
1016 2773 1085 2836 C.
1136 2772 1466 2862 humiliter
1531 2795 1725 2861 expo-

163 2861 406 2944 suerint,
459 2873 590 2926 tam
642 2863 705 2926 in
754 2860 974 2925 eadem
1023 2861 1379 2928 cathedrali
1428 2879 1617 2947 quam
1663 2861 1726 2930 in

165 2959 268 3013 tota
325 2948 647 3033 Dioecesi,
705 2947 1078 3014 adamussim
1151 2947 1478 3016 observata
1529 2948 1724 3016 {uisse

163 3039 393 3102 Decreta
443 3039 741 3102 eiusdem
791 3038 857 3101 S.
892 3037 992 3117 C.‚
1029 3054 1262 3125 nempe
1307 3041 1476 3121 quod
1513 3036 1722 3104 Officia

161 3124 546 3206 Sanctorum,
597 3145 757 3211 quae
807 3122 867 3188 in
918 3122 1039 3188 line
1099 3125 1244 3190 anni
1305 3137 1720 3212 supererunt,

160 3229 266 3274 nou
315 3225 463 3278 sunt
536 3210 966 3278 transferenda
1025 3212 1101 3277 ad
1158 3231 1389 3279 annum
1452 3232 1725 3297 sequen-

161 3309 294 3377 tem,
339 3302 450 3365 sed
509 3301 766 3384 quoties
818 3308 946 3362 toto
978 3300 1118 3363 anni
1170 3300 1445 3366 decursu
1481 3301 1564 3367 de
1600 3300 1722 3366 illis

160 3386 442 3467 celebrari
496 3408 630 3453 non
675 3389 904 3467 valeat,
943 3396 1089 3450 tunc
1115 3386 1201 3452 dn
1252 3387 1360 3453 illo
1392 3407 1554 3454 anno
1586 3389 1720 3454 die-

163 3470 254 3537 bus
298 3495 529 3540 eorum
579 3474 853 3562 propriis
900 3474 1346 3555 consideranda
1394 3486 1541 3542 sunt
1574 3487 1726 3541 tam-

159 3580 317 3643 quam
353 3561 698 3646 simplicia,
733 3560 1017 3627 faciendo
1060 3581 1279 3627 eorum
1330 3583 1719 3629 commemo-

160 3649 463 3734 rationem,
513 3648 661 3715 c‘um
709 3669 867 3715 nona
913 3650 1214 3716 Lectione
1260 3652 1603 3737 composita
1640 3672 1718 3716 ex

158 3736 424 3802 omnibus
484 3737 892 3803 Lectionibus
948 3734 1219 3824 propriis
1277 3738 1539 3803 secundi
1601 3740 1721 3804 No·

160 3825 335 3889 cturni
397 3827 468 3912 (ii
540 3826 826 3913 proprias
890 3824 1252 3910 habuerint)
1314 3826 1389 3891 ad
1456 3827 1719 3892 modum

163 3909 351 3981 tutius:
401 3933 578 3980 nunc
613 3933 767 3978 vero
804 3912 1142 3996 quemdam
1174 3913 1566 3999 Religiosum
1600 3917 1719 3979 Ha-

162 3998 461 4066 tritensem
521 4002 580 4066 in
627 4000 992 4081 calendario
1045 3999 1206 4086 typis
1239 4003 1387 4067 dato
1422 4001 1588 4067 inter
1618 4022 1720 4067 ce-

163 4098 270 4151 tera
313 4088 633 4155 nutavisse
681 4090 851 4173 quod
901 4088 1286 4175 principium
1329 4087 1472 4155 anni
1504 4090 1563 4153 in
1601 4089 1719 4155 hoc

162 4194 275 4239 casu
320 4198 352 4241 a
389 4177 500 4241 die
536 4177 706 4241 illius
739 4179 929 4258 Festi,
963 4195 1092 4243 non
1125 4198 1152 4238 a
1190 4197 1406 4243 mense
1440 4177 1718 4242 ianuario

161 4265 635 4350 computandum
670 4265 786 4341 sit;
832 4266 974 4331 ideo
1007 4267 1082 4330 ad
1122 4266 1480 4331 tollendum
1515 4265 1716 4348 quod-

162 4368 405 4437 cumque
454 4352 723 4417 dubium
779 4372 976 4439 penes
1024 4357 1088 4419 S.
1127 4357 1198 4418 R.
1236 4356 1306 4419 C.
1343 4352 1529 4418 enixe
1569 4371 1717 4437 sup-

163 4434 475 4523 plicarunt,
528 4450 841 4525 quatenus
915 4440 1190 4525 benigne
1252 4440 1574 4505 declarare
1624 4439 1717 4506 di-

164 4540 461 4611 gnaretur,
512 4527 683 4613 quod
752 4526 1245 4613 intelligendum
1293 4528 1372 4591 sit
1420 4528 1502 4592 de
1552 4546 1713 4592 anno

163 4616 454 4761 cpmmuni
502 4614 609 4700 qui
651 4614 870 4700 incipit
901 4634 1121 4681 mense
1154 4615 1458 4698 lanuari0,
1494 4626 1555 4679 et
1591 4632 1715 4681 non

163 4711 340 4766 atter.
1615 4757 1622 4761 .

271 4792 340 4853 Et
395 4794 461 4856 S.
513 4795 587 4856 R.
638 4794 741 4871 C.‚
791 4791 865 4854 ad
929 4791 1300 4856 relationem
1349 4790 1713 4874 Secretarii,

163 4872 416 4941 damnata
455 4878 760 4964 Religiosi
807 4878 1181 4955 Matritensis
1214 4898 1366 4943 vana
1402 4877 1714 4964 interpre-

167 4962 396 5047 tatione,
429 4966 722 5050 Capitulo
772 4980 834 5031 ct
882 4965 1206 5033 Canonicis
1247 4964 1564 5051 praelatae
1599 4969 1714 5031 Ec-

165 5046 360 5113 rlesiae
410 5053 928 5139 Metropolitanae
987 5054 1502 5146 respondendum
1569 5073 1715 5118 cen-

163 5138 303 5202 suit:
359 5161 396 5201 ‹
431 5144 694 5205 Decreta
757 5160 895 5206 esse
959 5141 1372 5228 intelligenda
1421 5139 1502 5204 de
1551 5159 1712 5205 anno

163 5224 375 5312 vulgari
427 5238 492 5293 et
541 5230 892 5311 communi,
934 5222 1040 5312 q'ui
1091 5250 1122 5292 a
1167 5228 1460 5297 Calendis
1495 5227 1713 5312 incipit

165 5312 392 5407 launarii
430 5338 496 5379 ».
546 5319 624 5380 Et
675 5316 752 5381 ita
800 5316 1170 5382 declaravit.
1219 5317 1331 5381 Die
1381 5319 1464 5382 30
1496 5318 1711 5399 Augu·

164 5407 226 5460 ςῑι
270 5405 459 5468 1755.
871 5412 878 5419 ’

355 5542 567 5586 Decreta
593 5540 904 5586 Anthentiea
932 5546 980 5583 s.
1011 5543 1068 5584 R.
1100 5545 1148 5583 C.
1183 5564 1228 5571 —
1261 5540 1368 5584 Vol.
1399 5543 1454 5583 ll.

1835 488 2090 556 2439.
2440 491 2817 557 VARMIEN.

3190 494 3417 580 (4259)

1967 667 2126 730 Cum
2175 667 2331 729 Rmo
2379 665 2696 752 Episcopo
2730 668 3079 736 Varmiensi
3117 673 3419 738 nonnulla

1835 749 2231 817 occurrerint
2254 752 2444 817 dubia
2467 753 2630 818 circa
2651 753 3167 843 Rubricassapud
3190 761 3416 826 S.R.C.

1834 839 2021 905 enixe
2048 838 2428 925 supplicavit
2456 850 2525 904 ut
2560 859 2631 905 ea
2660 843 2939 927 benigne
2971 848 3299 912 resolvere
3325 847 3420 912 di·

1834 937 2159 1012 gnaretur.
2199 928 2392 993 Dubia
2426 939 2571 993 sunt
2604 931 2930 1014 sequentia
2959 955 2976 999 ε
3511 937 3521 949 ’

1970 1017 2034 1079 1.
2074 1018 2233 1079 Cum
2280 1014 2486 1082 adsint
2527 1019 2818 1099 Decreta,
2854 1018 3188 1106 aliquoties
3237 1042 3421 1109 repe·

1838 1101 1970 1184 tita,
2019 1104 2191 1188 quod
2245 1101 2307 1166 in
2354 1102 2525 1168 Missa
2597 1104 2680 1170 de
2726 1105 2952 1190 Beatis,
2996 1108 3063 1176 ,id
3119 1121 3214 1176 est
3259 1130 3416 1178 non-

1834 1188 1988 1255 dum
2054 1188 2479 1270 canonizatiS,
2547 1192 2740 1256 Credo
2802 1192 2927 1261 dici
2988 1214 3113 1262 non
3162 1198 3418 1281 debeat,

1833 1276 2207 1344 dubitatur:
2273 1297 2351 1344 an
2399 1278 2461 1342 in
2520 1279 2720 1344 Festis
2780 1285 2852 1347 B.
2904 1284 3143 1351 loannis
3190 1286 3417 1369 Cantii,

1834 1369 1902 1429 B.
1934 1366 2182 1432 loannis
2226 1386 2257 1429 a
2308 1366 2526 1449 Ducla,
2564 1370 2630 1432 B.
2669 1367 2935 1435 Ladislai
2982 1371 3012 1435 a
3061 1374 3320 1440 Genlow
3358 1387 3422 1440 et

1833 1457 1902 1522 B.
1940 1453 2356 1539 cunegundis
2423 1452 2732 1542 Virginis,
2797 1474 3068 1540 quorum
3132 1462 3416 1528 Officium

1833 1541 2210 1619 auctoritate
2259 1542 2442 1608 Sedis
2487 1544 2916 1629 Apostolicae‚
2969 1557 3287 1632 tamquam
3335 1550 3420 1616 de

1834 1632 2111 1699 Patronis
2171 1630 2369 1713 Regni
2433 1630 2922 1719 principalibus,
2988 1634 3114 1700 ritu
3179 1637 3416 1723 duplici

1836 1722 2077 1822 primae
2138 1719 2349 1783 classis
2411 1717 2472 1782 in
2522 1719 2775 1784 Polonia
2843 1722 3174 1807 recitatur,
3227 1726 3419 1792 Credo

1836 1830 1899 1877 in
1946 1810 2118 1876 Missa
2165 1805 2513 1872 dicendum
2561 1803 2695 1871 sit?

1816 1966 1832 1982 ,
1962 1902 2026 1962 2.
2070 1897 2164 1960 An
2195 1903 2575 1958 occurrente
2599 1897 2782 1960 Festo
2808 1899 2875 1962 S.
2905 1899 3236 1985 Hyacinthi
3263 1905 3420 1970 Con·

1832 1984 2088 2052 sessoris
2134 1980 2381 2049 Ordinis
2427 1981 2961 2068 Praedicatorum‚
2997 1988 3201 2073 Regni
3242 1991 3419 2056 Polo-

1833 2075 1970 2140 niae
2005 2067 2249 2137 Patroni
2277 2067 2667 2155 principalis,
2694 2073 2865 2155 quod
2896 2093 2975 2138 ex
3010 2078 3416 2142 concessione

1832 2165 1897 2230 S.
1918 2165 1993 2227 R.
2011 2164 2086 2225 G.
2104 2156 2222 2223 sub
2247 2156 2352 2221 die
2380 2160 2463 2223 25
2488 2157 2880 2241 Septembris
2914 2164 3079 2227 1723
3106 2175 3415 2246 emanata,

1834 2250 1961 2315 ritu
2008 2244 2251 2332 duplici
2301 2244 2541 2329 primae
2589 2245 2794 2310 classis
2843 2267 2986 2314 cnm
3020 2259 3264 2333 octava,
3301 2256 3415 2317 Do-

1833 2337 2060 2404 minica
2109 2332 2268 2400 infra
2315 2343 2595 2396 octavam
2625 2336 3087 2422 Assumptionis
3125 2341 3198 2403 B.
3225 2342 3305 2404 Μ.
3337 2343 3411 2406 V.

1834 2426 1896 2491 in
1926 2423 2178 2489 Polonia
2215 2418 2607 2502 celebratur;
2646 2420 2710 2487 in
2742 2422 3029 2490 eiusdem
3064 2426 3132 2491 S.
3160 2427 3415 2492 Conl'es·

1829 2511 1986 2579 soris
2032 2508 2247 2578 Officio
2295 2507 2521 2589 Hymni
2568 2508 2645 2575 ad
2696 2514 2887 2576 Horas
2933 2512 3256 2582 terminari
3308 2515 3416 2579 de-

1836 2601 2058 2666 beant:
2094 2600 2257 2674 Iesu,
2293 2595 2412 2660 tibi
2439 2599 2529 2661 sit
2560 2597 2770 2681 ylort'a
2800 2609 2919 2665 otc.
2951 2610 3017 2664 et
3048 2619 3125 2665 an
3151 2599 3213 2666 in
3237 2601 3414 2666 Missa

1833 2687 2064 2752 debeat
2098 2683 2221 2751 dici
2254 2685 2592 2768 Praefatio
2638 2687 2711 2750 de
2740 2689 2814 2752 B.
2845 2689 2929 2753 M.
2972 2689 3064 2766 V„
3102 2687 3412 2772 quamvis,

1831 2775 1999 2839 iuxta
2049 2758 2383 2838 Rubricadt
2432 2774 2805 2857 generalem
2844 2774 3144 2842 Breviarii
3179 2788 3243 2841 et
3277 2777 3415 2841 Mis-

1831 2862 1974 2925 salis
2019 2858 2311 2938 Romani,
2346 2857 2411 2923 in
2444 2862 2628 2924 Festo
2662 2860 2817 2926 ritus
2850 2861 3127 2947 duplicis
3175 2862 3414 2951 primae

1831 2947 2040 3016 classis
2087 2945 2261 3012 nutta
2310 2944 2393 3011 de
2444 2945 2548 3011 die
2598 2946 2756 3014 infra
2792 2960 3073 3015 octavam
3105 2949 3210 3019 fiat
3243 2971 3414 3018 com-

1831 3030 2261 3101 memoratio?

1963 3129 2023 3190 3.
2076 3121 2336 3199 Quando
2380 3121 2665 3188 Officium
2715 3123 2868 3189 infra
2920 3134 3198 3191 octavam
3246 3126 3416 3194 Festi

1830 3215 1894 3278 S.
1935 3210 2204 3277 loacliim
2250 3208 2446 3275 Patris
2493 3214 2562 3274 B.
2600 3213 2680 3275 Μ.
2710 3214 2817 3291 V„
2852 3212 3024 3296 qnod
3069 3213 3132 3278 in
3162 3215 3413 3279 Polonia

1830 3318 1910 3363 ex
1942 3296 2195 3364 indulto
2229 3299 2299 3363 S.
2324 3299 2402 3363 R.
2429 3299 2503 3362 C.
2537 3297 2656 3369 sub
2689 3297 2795 3362 die
2828 3302 2913 3365 28
2946 3301 3205 3366 Ianuarii
3246 3305 3405 3369 1751

1827 3388 2001 3470 dato,
2038 3386 2116 3451 ad
2163 3382 2682 3470 ritum'duplicis
2730 3386 2970 3470 primae
3020 3386 3233 3451 classis
3266 3406 3411 3453 cum

1830 3486 2045 3541 octava
2114 3474 2455 3539 elevatum'
2490 3481 2582 3536 est
2646 3484 2835 3557 atque
2889 3473 2966 3539 ad
3026 3476 3410 3541 Dominicam

1826 3561 2171 3628 secundam
2219 3570 2359 3645 post
2406 3574 2686 3624 octavam
2735 3561 2911 3627 Festi
2948 3563 3414 3650 Assumptionis

1829 3650 2117 3715 eiusdem
2152 3652 2221 3713 B.
2251 3650 2331 3711 Μ.
2362 3647 2759 3731 translatum,
2789 3662 3080 3715 occurrat
3106 3670 3252 3716 cum
3279 3652 3411 3716 die·

1832 3736 1945 3802 bus
1979 3736 2133 3803 infra
2168 3745 2448 3800 octavam
2482 3733 2644 3799 Festi
2679 3737 3031 3813 Nativitatis
3078 3743 3148 3803 B.
3183 3741 3263 3804 Μ.
3302 3742 3408 3821 V.,

1783 3836 1788 3837 ’
1829 3835 1898 3889 ut
1927 3822 2291 3908 saepissime
2331 3822 2666 3908 contingit,
2703 3823 3150 3892 faciendumne
3186 3837 3280 3891 est
3310 3828 3409 3894 Ol-

1827 3911 2042 3978 ficium
2091 3910 2171 3977 de
2222 3911 2326 3977 die
2378 3910 2531 3975 inira
2583 3924 2863 3979 octavam
2897 3916 2963 3978 S.
3001 3913 3299 3997 loachim,
3334 3934 3409 3978 an

1826 4018 1977 4064 vero
2027 4001 2108 4062 de
2156 3998 2258 4065 die
2290 3998 2451 4065 infra
2486 4008 2765 4064 octavam
2800 3998 3189 4066 Nativitatis‘?
3234 4003 3409 4067 Ratio

1826 4086 2156 4171 dubitandi
2191 4098 2309 4167 est,
2341 4085 2510 4170 quod
2546 4086 2661 4151 etsi
2699 4091 2955 4155 Festum
2987 4088 3230 4175 primae
3264 4090 3409 4154 clas·

1822 4176 1905 4241 sis
1952 4174 2296 4261 praecedat
2343 4173 2510 4238 aliud
2558 4175 2877 4241 secundae
2918 4176 3157 4257 classiS,
3192 4190 3406 4241 octava

1829 4274 2034 4327 tamen
2094 4267 2160 4327 B.
2214 4264 2291 4327 Μ.
2345 4264 2420 4327 V.
2473 4260 2708 4328 indicta
2757 4275 2853 4337 est
2899 4282 3016 4348 pro
3062 4264 3407 4329 universali

1823 4349 2131 4434 Ecclesia,
2158 4360 2348 4433 atque
2385 4348 2448 4414 in
2478 4350 2727 4415 Polonia
2764 4367 2985 4435 magna
3018 4362 3116 4415 est
3148 4351 3408 4431 devotio

1825 4437 2115 4504 fidelium
2163 4456 2312 4524 erga
2361 4436 2688 4523 Deiparam
2736 4439 3091 4523 Virginem.

1956 4530 2020 4591 4.
2076 4525 2355 4591 Ecclesia
2417 4525 2759 4610 Collegiata
2822 4526 2946 4591 loci
3003 4527 3408 4593 Guttenstadt

1817 4613 2136 4680 Dioecesis
2182 4612 2567 4679 Varmiensis
2606 4613 2722 4679 sub
2772 4613 2956 4679 titulo
2988 4615 3166 4680 Sani
3200 4613 3407 4681 Salva·

1825 4701 1974 4765 toris
2027 4713 2090 4765 et
2139 4701 2424 4766 omnium
2489 4704 2858 4767 Sanctorum
2925 4700 3209 4769 dedicata
3258 4701 3404 4785 tuit,

1823 4789 1975 4873 quin
2021 4787 2234 4873 potior
2280 4787 2502 4852 titulus
2541 4788 2775 4874 nempe
2818 4791 2927 4854 SS.
2964 4789 3300 4854 Salvatoris
3334 4790 3405 4854 il·

1824 4876 1903 4942 lic
1951 4876 2186 4940 nullam
2220 4874 2645 4939 Festivitatem
2684 4873 3010 4961 ltabuerit3
3058 4877 3408 4962 Episcopus

1824 4962 2174 5044 ordinavit,
2221 4971 2292 5027 ut
2346 4965 2599 5027 Festum
2655 4961 3244 5048 Transfigurationis
3290 4967 3405 5029 Do-

1824 5050 2004 5132 mini,
2040 5050 2211 5134 quod
2250 5049 2311 5114 in
2342 5049 2662 5117 Octavario
2687 5053 2964 5117 Romano
3002 5070 3118 5137 per
3150 5052 3406 5117 Bartho-

1827 5141 2142 5203 lomaeum
2169 5140 2514 5203 Gavantum
2546 5139 2943 5221 concinnato,
2974 5148 3040 5205 et
3063 5159 3095 5203 a
3120 5141 3184 5206 S.
3207 5143 3279 5206 R.
3302 5142 3404 5221 C.‚

1822 5225 1925 5291 die
1966 5224 2045 5291 19
2079 5224 2396 5291 Februarii
2432 5228 2595 5291 1622
2622 5228 2994 5311 approbatO,
3032 5236 3096 5292 et
3128 5228 3409 5293 venetiis

1824 5313 1990 5400 typis
2039 5311 2455 5379 Balleonianis
2504 5332 2663 5381 anno
2704 5316 2869 5381 1733
2911 5314 3241 5399 impressu,
3274 5315 3405 5380 Sal-

1819 5399 2056 5466 vatoris
2104 5401 2533 5487 appellatione
2578 5400 2776 5486 venit,
2826 5400 3200 5486 dignitatem
3241 5402 3402 5467 tituli

3069 5546 3094 5581 8
