4042 5950
2030 303 2505 382 -462-

757 462 1030 532 Dubium
1073 466 1151 530 11.
1197 468 1267 531 ln
1297 462 1406 530 die
1437 463 1871 533 Solemnitatis
1916 464 2219 552 Corporis

627 551 859 621 Christi
906 551 1095 620 babet
1141 551 1358 619 locum
1405 550 1468 619 in
1521 552 1800 619 Ecclesia
1849 552 2218 639 Metropoli-

629 652 769 707 tana
814 640 1142 727 Expositio
1190 639 1365 708 SSmi
1413 638 1827 723 sacramenti,
1876 659 2066 742 quam
2115 644 2214 708 lu·

626 727 902 795 bilaeum
946 728 1257 795 circulare
1291 740 1546 812 vocant,
1578 727 1725 797 huic
1771 727 2020 797 Civitati
2065 747 2214 795 con·

624 834 875 883 cessum
904 837 937 882 a
966 838 1019 882 s.
1061 835 1146 884 m.
1183 815 1289 883 Pio
1327 819 1488 902 Papa
1534 821 1666 886 Vn.
1715 820 1788 883 ln
1830 815 1962 885 flue
1994 814 2216 882 uisne

626 904 700 972 fit
745 904 1066 972 Procomo
1109 904 1470 971 mundum
1505 905 1702 972 ritum
1732 924 1880 971 cnm
1911 901 2120 970 Hostia
2152 903 2217 970 in

626 993 802 1059 nim
848 1003 1235 1075 consecrata,
1271 990 1551 1059 obducto
1598 992 1745 1060 velo
1778 994 2213 1070 Sacramento,

623 1080 796 1182 quod
842 1099 1038 1166 super
1082 1081 1300 1148 Altare
1368 1082 1567 1149 maius
1615 1081 1678 1147 in
1727 1080 1866 1148 loco
1921 1081 2214 1147 eminen-

627 1169 769 1235 tiori
817 1168 1161 1253 exponitur
1197 1167 1261 1235 in
1289 1168 1649 1237 Ostensorio
1679 1168 1809 1236 fixo
1857 1168 2034 1235 iuxta
2081 1186 2214 1234 mo·

627 1275 763 1323 rem
797 1255 1223 1324 Ecclesiamm
1257 1255 1695 1341 Hispanamm.
1747 1257 1988 1324 Volunt
2018 1254 2214 1342 aliqui

627 1353 700 1412 ut
732 1345 795 1410 in
827 1343 955 1411 fine
988 1344 1405 1412 Processionis
1436 1364 1563 1411 non
1600 1345 1796 1412 detur
1836 1342 2214 1411 Benedictio

627 1450 774 1501 cum
819 1435 1014 1501 SSmo
1045 1433 1218 1520 quod
1251 1453 1282 1498 a
1313 1432 1698 1500 celebrante
1735 1431 1943 1499 fertur
1976 1432 2040 1498 in
2071 1435 2217 1499 Pro·

628 1521 910 1589 cessione
927 1534 952 1608 3'
996 1521 1175 1607 quia,
1225 1530 1296 1587 ut
1342 1520 1604 1606 dicunt,
1654 1539 1782 1588 non
1835 1520 2217 1588 terminatur

630 1608 943 1696 expositio
1012 1610 1185 1676 ssmi
1250 1608 1672 1693 sacramenti,
1729 1608 1904 1694 quod
1971 1607 2212 1690 statim,

625 1707 878 1783 peracta
946 1695 1350 1765 Processione
1380 1745 1398 1780 ,
1463 1697 1697 1763 iterum
1770 1695 2005 1763 educto
2066 1695 2213 1761 velo

627 1803 832 1869 usque
907 1785 990 1851 ad
1065 1797 1324 1852 noctem
1489 1795 1735 1852 rmanet
1816 1783 2209 1870 expositum.

625 1872 959 1951 Quaeritur
1003 1892 1201 1961 ergo:
1251 1873 1349 1939 An
1438 1873 1525 1938 ari
1574 1873 1807 1942 debeat
1845 1869 2213 1939 benedictio

628 1960 691 2026 in
760 1959 886 2135 ἰξυῖ
916 1960 1371 2134 )Ρι·οοοιιεὶοιιίε
1427 1961 1787 2029 secundum
1835 1958 2058 2043 ritum,
2106 1959 2211 2026 vel

630 2067 759 2115 non
880 2052 911 2114 1

760 2136 1032 2205 Dubium
1079 2140 1179 2204 ΙΙΙ.
1228 2141 1296 2203 Ιιι
1345 2136 1626 2205 Ecclesia
1671 2133 2155 2223 Metropolitana
2182 2154 2216 2199 a

628 2224 733 2292 die
780 2228 864 2293 20
893 2224 1178 2294 Octobris
1222 2244 1429 2312 usque
1459 2224 1537 2292 ad
1570 2224 1746 2292 diem
1785 2228 1871 2292 28
1903 2222 2215 2291 inclusive

630 2312 875 2381 canitur
904 2312 1190 2398 quotidie
1223 2313 1399 2380 Missa
1424 2333 1545 2399 pro
1575 2331 1980 2397 quacumque
2012 2312 2217 2378 tribu·

628 2402 872 2469 latione
902 2412 1047 2467 ante
1101 2404 1368 2469 SSmum
1428 2403 1906 2469 Sacramentum
1964 2397 2214 2486 exposi-

629 2500 791 2575 tum,
843 2489 907 2555 in
956 2490 1325 2556 memoriam
1385 2488 1688 2556 horrendi
1752 2497 2213 2569 terraemotus,

628 2577 739 2664 qui
769 2576 907 2643 iere
931 2575 1249 2643 destruxit
1273 2576 1432 2643 banc
1455 2575 1791 2644 Civitatem
1825 2594 1991 2642 anno
2017 2576 2210 2642 1746.

629 2664 936 2734 Sacerdos
984 2674 1049 2729 et
1094 2664 1355 2731 Ministri
1412 2663 1769 2731 induuntur
1812 2663 1878 2729 in
1925 2661 2217 2730 Sacristia

631 2751 1018 2839 paramentis
1051 2751 1375 2836 violaceis,
1412 2763 1477 2818 et
1505 2751 1595 2818 sic
1627 2752 1986 2838 procedunt
2010 2750 2089 2817 ad
2116 2750 2219 2815 Al-

633 2851 766 2907 tare
813 2837 1011 2906 maius
1057 2838 1133 2905 ad
1180 2843 1446 2909 ssmum
1492 2842 1968 2907 Sacramentum
2019 2856 2217 2925 expo-

631 2926 941 2996 nendum.
969 2926 1147 3008 Quod
1175 2946 1322 2995 cum
1353 2927 1615 2996 vidisset
1647 2927 2214 3013 caeremoniarius,

633 3036 762 3084 non
809 3015 978 3084 bene
1005 3015 1212 3083 visum
1260 3028 1354 3084 est
1387 3017 1475 3101 ei,
1511 3026 1581 3083 ut
1611 3015 1796 3083 fieret
1829 3018 1986 3086 baec
2017 3036 2216 3103 expo-

632 3104 775 3172 sitio
822 3122 969 3172 cum
1030 3103 1420 3172 indumentis
1463 3104 1797 3183 violaceis;
1846 3106 1959 3173 sed
2014 3103 2220 3173 voluit

635 3202 706 3261 ut
751 3192 815 3260 in
862 3192 1271 3280 Expositione
1320 3203 1385 3260 et
1427 3192 1837 3280 Repositione
1890 3193 2064 3262 Ssmi
2110 3192 2218 3260 ad·

635 3281 967 3349 biberetur
1036 3280 1315 3369 pluviale
1381 3282 1636 3366 album,
1702 3295 1767 3347 et
1819 3281 1897 3348 ad
1947 3281 2218 3349 Litanias

633 3379 877 3437 tantum
930 3380 993 3435 et
1038 3387 1267 3455 preces
1311 3369 1645 3437 cantandas
1692 3383 2057 3459 paramenta
2087 3369 2218 3435 vio·

636 3458 829 3525 lacea.
881 3457 1006 3524 Sed
1041 3474 1189 3524 cum
1234 3468 1503 3548 propter
1534 3458 1651 3525 hoc
1684 3459 1924 3525 multae
1970 3466 2217 3524 contra-

635 3545 945 3613 dictiones
991 3556 1250 3612 exortae
1294 3545 1450 3629 sint,
1496 3545 1573 3612 ad
1623 3565 1725 3613 eas
1771 3545 1837 3612 in
1883 3556 2217 3635 posterum

639 3631 992 3710 evitandas3
1042 3630 1402 3718 quaeritur:
1458 3645 1671 3701 utrum
1723 3632 1908 3700 liceat
1955 3633 2017 3700 in
2071 3652 2219 3699 casu

636 3719 956 3807 praesenti
1015 3721 1105 3786 uti
1166 3721 1572 3788 solummodo
1619 3722 1834 3790 colore
1899 3716 2223 3788 violaceo?

635 3826 713 3874 an
756 3826 913 3874 vero
960 3804 1023 3875 i'n
1073 3809 1468 3894 expositione
1513 3821 1576 3877 et
1627 3808 2009 3898 repositione
2043 3807 2219 3879 Ssmi

636 3894 921 3965 adbiberi
968 3895 1201 3963 debeat
1246 3896 1424 3964 albus
1475 3894 1698 3964 color?

769 3982 1040 4050 Dubium
1096 3986 1198 4052 W.
1262 3988 1357 4051 An
1403 3986 1743 4070 canonici,
1792 3985 2023 4072 quibus
2048 4004 2220 4053 ‚con-

636 4071 890 4139 ceditur
936 4092 1084 4139 usus
1128 4073 1564 4174 palmatoriae,
1607 4075 1850 4162 possint
1897 4092 1967 4139 ea
2013 4074 2108 4140 uti
2155 4073 2221 4140 in

638 4160 833 4228 Missis
878 4161 1271 4228 solemnibus
1317 4158 1817 4229 Defunctorum‘?

769 4252 951 4317 Sacra
995 4267 1152 4315 vero
1208 4249 1434 4316 eadem
1498 4250 1958 4338 congregatio,
2006 4247 2222 4315 audita

637 4336 947 4403 sententia
995 4338 1059 4404 in
1104 4336 1356 4426 scriptis
1401 4337 1663 4405 alterins
1711 4357 1793 4405 ex
1837 4341 1887 4404 A
1939 4337 2223 4403 ostolica·

637 4443 782 4494 rum
825 4424 1391 4493 caeremoniarum·
1452 4426 1793 4513 magistris,
1841 4446 1873 4491 a
1968 4424 2221 4490 relatio·

638 4531 789 4579 nem
833 4512 1173 4600 subscripti
1218 4514 1584 4599 Secretarii,
1633 4515 1974 4603 propositis
2013 4511 2222 4580 dubiis

641 4611 885 4699 mature
915 4612 1338 4687 accurateque
1371 4603 1701 4689 perpensis
1737 4600 2223 4671 rescribendum

583 4744 590 4757 .
640 4698 931 4756 censuit:

772 4777 867 4844 Ad
913 4781 959 4844 1.
1009 4798 1048 4842 ι
1080 4777 1416 4865 Negative,
1464 4778 1540 4845 ad
1589 4789 1936 4865 utrumque
1970 4798 2038 4845 ν.

774 4865 868 4932 Ad
902 4868 978 4933 11.
1027 4886 1066 4930 ι
1099 4869 1241 4932 Post
1285 4867 1756 4933 Processionem
1806 4864 1979 4935 88ιῑιί
2010 4867 2223 4933 Sacra·

641 4954 839 5019 menti
888 4971 1031 5020 cum
1104 4954 1333 5022 eodem
1403 4954 1603 5021 danda
1650 4967 1747 5020 est
1811 4953 2221 5022 benedictio:

643 5041 799 5106 banc
846 5041 1017 5107 enim
1079 5042 1239 5108 ritus
1308 5041 1620 5130 exposcit.
1695 5046 1760 5110 ln
1807 5041 2041 5109 ceteris
2092 5062 2224 5110 ser-

643 5139 875 5195 ventur
920 5129 1368 5216 dispositiones
1406 5149 1458 5195 s.
1497 5146 1585 5196 m.
1621 5128 1707 5195 Pii
1741 5134 1940 5220 Papae
1970 5134 2074 5200 vu
2106 5149 2224 5216 pro

644 5217 1054 5284 concessione
1100 5216 1359 5285 lubilaei
1391 5239 1457 5284 ν.

778 5414 860 5487 (ι)
895 5416 957 5472 ιι.
995 5415 1137 5472 nus.
1175 5414 1270 5469 111.

2446 463 2543 531 Ad
2574 466 2678 531 111.
2727 483 2766 527 ι
2800 460 3106 549 Exposito
3145 462 3339 529 SSmo
3382 463 3823 545 sacramento,
3858 463 3907 528 si

2317 552 2561 620 canitur
2627 550 2802 617 Missa
2850 568 2967 637 pro
3021 567 3427 635 quacumque
3496 547 3911 616 tribulatione

2316 649 2382 707 et
2423 640 2637 708 statim
2681 646 3042 723 sequuntur
3076 636 3383 722 Litaniae,
3416 635 3795 704 Benedictio
3844 650 3911 701 et

2314 727 2640 818 Repositio
2687 727 2863 794 88ῶί
2911 724 3328 808 Sacramenti,
3365 724 3569 791 omnia
3620 724 3683 791 in
3731 744 3909 811 para·

2318 815 2550 883 mentis
2595 814 2894 882 violaceis
2953 824 3103 879 sunt
3169 813 3581 901 peragenda:
3644 811 3697 878 si
3754 832 3912 878 vero

2316 904 2491 970 nim
2550 922 2681 971 non
2746 901 3103 985 habeatur,
3148 900 3265 967 aed
3336 913 3583 969 tantum
3650 920 3911 988 preces,

2317 1002 2468 1060 tunc
2524 991 2587 1058 in
2655 988 3069 1077 Expositione
3130 997 3196 1054 et
3253 989 3667 1077 Repositioue
3729 991 3917 1057 88ῆί

2316 1078 2702 1148 Sacramenti
2750 1078 2928 1146 color
2973 1077 3153 1144 albus
3188 1086 3284 1144 est
3315 1076 3718 1145 adhibendus
3752 1100 3823 1143 a.

2450 1167 2543 1234 Ad
2578 1169 2686 1234 lv.
2723 1188 2762 1232 ι
2795 1165 3226 1252 Affirmativ03
3274 1164 3394 1232 nisi
3427 1164 3615 1232 aliter
3647 1173 3915 1233 notetur

2316 1255 2380 1323 in
2426 1255 2647 1322 Brevis
2692 1254 3102 1322 concessione
3134 1275 3203 1320 ν.

2446 1349 2655 1430 Atque
2717 1343 2798 1407 ita
2847 1340 3198 1429 rescripsit,
3263 1340 3613 1408 declaravit
3660 1363 3731 1408 ac
3782 1361 3915 1407 ser·

2316 1431 2450 1498 vari
2499 1429 2844 1498 mandavit.

2446 1520 2561 1586 Die
2607 1522 2691 1586 27
2742 1517 2902 1586 lunii
2954 1519 3148 1586 1868.

2317 1661 2562 1733 3ι76.
2888 1659 3320 1727 censensu.
3679 1657 3915 1745 (μοι)

2446 1789 2642 1853 limus
2673 1782 2976 1851 Dominus
3004 1779 3287 1849 vicarius
3314 1780 3693 1870 Capitularis
3726 1783 3916 1847 Dioe·

2318 1893 2538 1942 ceseos
2577 1873 2917 1939 Celsonen.
2969 1871 3306 1937 Sacrorum
3335 1868 3594 1937 Rituum
3626 1872 3915 1956 Congre-

2318 1960 2552 2049 gationi
2601 1960 2757 2027 baec
2801 1976 2967 2045 quae
3013 1967 3371 2043 sequuntur
3416 1956 3762 2044 exposuit;
3822 1955 3917 2022 ni·

2319 2067 2592 2117 mirum:

2450 2140 2520 2203 ln
2564 2134 2811 2223 Oppido
2878 2136 3144 2202 Sanctae
3188 2132 3461 2217 Hariae,
3511 2132 3617 2200 cui
3670 2151 3919 2200 nomeu

2320 2226 2555 2292 Sborra
2603 2222 2871 2291 huiusce
2915 2222 3330 2305 Dioeceseos,
3376 2219 3741 2306 Reliquiam
3791 2221 3917 2289 coli

2316 2309 2759 2381 Pretiosissimi
2806 2309 3141 2397 Sanguinis
3210 2308 3461 2376 Domini
3507 2309 3723 2376 Nostri
3774 2311 3919 2376 lesu

2316 2401 2545 2472 Christi
2590 2399 2884 2486 sequenti
2941 2398 3024 2466 de
3074 2416 3285 2465 causa:
3356 2415 3559 2484 quum
3619 2398 3919 2500 praelau-

2318 2489 2448 2559 dati
2491 2486 2722 2574 Oppidi
2771 2487 3112 2570 Parochus,
3161 2486 3522 2553 Bernardus
3550 2486 3779 2554 Oliver
3809 2504 3920 2552 no·

2320 2578 2517 2660 mine,
2576 2576 2745 2645 inter
2796 2574 3014 2642 Missae
3062 2572 3562 2641 celebrationem
3629 2574 3922 2642 dubitas-

2316 2677 2417 2732 set
2459 2683 2615 2731 num
2660 2665 2780 2731 sub
2826 2661 3003 2748 panis
3066 2673 3132 2730 et
3174 2659 3305 2729 vini
3350 2661 3693 2763 speciebus
3747 2672 3921 2727 esset

2322 2753 2578 2820 realiter
2622 2751 2908 2820 Christus
2954 2751 3019 2818 in
3069 2748 3495 2833 Eucharistia,
3538 2749 3762 2819 subito
3809 2750 3919 2835 qui

2321 2851 2454 2909 erat
2503 2841 2565 2907 in
2612 2838 2823 2907 Calice
2877 2838 3263 2907 celebrantis
3306 2836 3571 2924 Sanguis
3634 2837 3922 2904 Domini·

2319 2949 2432 2997 cus
2464 2927 2867 3013 exuberavit,
2904 2926 3170 3018 irrigans
3201 2946 3312 2996 cor
3358 2925 3551 2994 oralia
3582 2937 3652 2993 et
3682 2926 3923 2994 Altaria

2321 3036 2616 3119 mappas,
2665 3035 2793 3084 non
2841 3015 2964 3083 iam
3009 3016 3178 3101 vini,
3393 3013 3525 3081 veri
3588 3014 3925 3101 sanguinis

2320 3128 2350 3172 s
2401 3123 2567 3173 ecte.

2352 3127 2395 3194 p
2451 3195 2647 3261 Huius
2708 3191 2983 3281 prodigii
3032 3212 3238 3276 causa,
3299 3194 3364 3259 S.
3430 3191 3670 3260 Sedem
3720 3190 3923 3258 fuisse

2322 3291 2671 3365 exoratam,
2706 3292 2778 3349 ut
2809 3279 2877 3349 id
2925 3279 3158 3348 sactum
3191 3280 3610 3363 examinaret,
3644 3279 3922 3347 authen-

2322 3370 2519 3438 ticum
2572 3390 2677 3454 ue,
2702 3370 2752 3436 si
2787 3368 2846 3435 ei
2879 3368 3243 3458 placuisset,
3278 3369 3702 3445 decerneret;
3740 3367 3917 3453 quod

2322 3459 2454 3548 ipsa
2485 3478 2520 3525 e
2571 3458 2722 3542 ecit,
2756 3455 3020 3524 servatis
3052 3456 3408 3540 servandis,
3442 3455 3617 3523 iuxta
3663 3456 3919 3522 Bullam

2320 3567 2352 3612 a
2400 3547 2625 3636 Sergio
2673 3547 2752 3613 IV
2797 3561 2962 3611 anno
3019 3543 3304 3611 secundo
3367 3542 3463 3611 sui
3508 3542 3921 3611 Pontificatus

2323 3635 2728 3721 expeditam:
2800 3614 3275 3718 declafflvitque
3321 3632 3556 3699 iactum
3606 3630 3777 3698 illud
3824 3632 3917 3699 in-

2323 3734 2421 3790 ter
2465 3743 2615 3789 vera
2665 3719 2963 3788 miracula
3006 3722 3476 3787 recensendum
3530 3729 3597 3786 et
3645 3731 3919 3809 propter

2323 3811 2482 3878 illud
2520 3809 2842 3893 fidelibus,
2878 3806 3395 3876 confraternitati
3442 3808 3505 3874 in
3536 3807 3777 3874 eadem
3810 3811 3917 3874 Pa-

2322 3899 2534 3966 rocbia
2605 3907 2857 3964 erectae
2912 3893 3269 3985 inscriptis,
3331 3894 3666 3985 privilegia
3731 3895 3916 3962 innu-

2322 4005 2496 4054 mera
2528 3983 2877 4054 concessit:
2927 3985 3109 4052 cuius
3152 3984 3374 4053 Bullae
3405 3983 3777 4050 Pontificiae
3807 4003 3916 4049 au·

2325 4075 2681 4143 tbenticum
2747 4072 3185 4141 testimonium
3253 4074 3317 4140 in
3384 4071 3660 4139 Archivo
3730 4075 3915 4138 Paro-

2322 4162 2507 4230 cbiali
2555 4161 2864 4251 praedicti
2909 4160 3139 4248 Oppidi
3186 4170 3569 4229 asservatur.

2452 4248 2812 4338 corporalia
2861 4247 2971 4315 illa
3003 4248 3396 4316 exuberante
3440 4245 3753 4335 sanguine
3799 4247 3917 4313 im·

2325 4338 2514 4407 bibita
2584 4336 2772 4404 etiam
2817 4355 2986 4404 nunc
3056 4336 3119 4403 in
3174 4336 3341 4405 dicta
3398 4334 3694 4403 Parocbia
3744 4333 3919 4402 inter

2324 4428 2664 4496 decentem
2696 4426 2947 4492 tbecam
2995 4423 3296 4513 religiose
3343 4422 3730 4506 conservari,
3764 4443 3917 4511 per-

2326 4515 2496 4583 fecte
2544 4514 2737 4581 tincta
2788 4514 3042 4580 rubenti
3087 4512 3397 4599 sanguine
3445 4512 3910 4598 permanentia.

2456 4602 2638 4669 Hisce
2687 4601 3120 4691 corporalibus
3166 4603 3244 4669 ab
3281 4597 3919 4685 immemorabilisst

2324 4692 2560 4779 absque
2605 4689 2799 4758 dubio
2844 4688 2920 4754 ab
2968 4689 3211 4776 epocha
3265 4687 3407 4756 iacti
3474 4685 3777 4773 mirandi)
3832 4691 3917 4754 la-

2328 4780 2484 4847 triae
2529 4778 2778 4845 cultum
2823 4777 3139 4845 tributum
3185 4794 3348 4843 esse.

2454 4872 2775 4936 Recenter
2818 4884 2973 4932 vero
3005 4885 3038 4931 a
3067 4865 3392 4932 nonnullis
3420 4862 3785 4931 dubitatum
3817 4874 3917 4930 est

2325 4957 2410 5024 de
2458 4952 2864 5043 legitimitate
2909 4952 3218 5042 praedicti
3248 4952 3484 5036 cultus,
3517 4963 3773 5038 sumpta
3812 4971 3916 5019 oc-

2326 5044 2577 5111 casione
2647 5060 2728 5107 ex
2795 5045 3067 5108 Decreto
3114 5061 3147 5107 a
3194 5043 3378 5109 Sacra
3444 5041 3706 5108 Rituum
3753 5043 3913 5108 Con·

2328 5131 2701 5220 gregatione
2736 5131 2859 5197 lato
2892 5129 3000 5199 die
3029 5134 3114 5196 22
3144 5128 3540 5219 Septembris
3567 5126 3717 5194 anni
3747 5131 3909 5195 1827

2332 5239 2449 5308 pro
2495 5239 2642 5287 casu
2671 5266 2689 5303 ,
2739 5218 2847 5305 qui
2904 5217 3133 5285 accidit
3193 5217 3258 5284 in
3312 5214 3595 5284 Ecclesia
3650 5219 3719 5283 S.
3769 5218 3912 5281 Am·
