4042 5950
1994 268 2412 343 -14-

690 430 760 493 5.
812 430 905 493 An
952 424 1138 492 liceat
1170 425 1448 491 Parocho
1480 443 1598 511 pro
1632 425 1973 509 explendis
2004 425 2145 491 dic·

559 514 640 579 tis
690 512 1125 581 functionibus
1171 512 1441 595 ducere,
1477 525 1794 597 quatenus
1836 531 1997 599 opus
2035 513 2142 595 sit,

560 603 941 671 Sacerdotes
973 600 1090 667 sibi
1138 601 1304 666 bene
1334 600 1528 683 visos,
1564 611 1628 665 et
1674 601 1855 666 cuius
1902 620 2145 687 expen-

560 688 699 756 sis?
740 689 875 754 sivo
907 688 1123 775 potius
1167 688 1251 753 si't
1298 687 1362 754 in
1407 687 1708 753 libertate
1739 687 2144 755 confratrum

562 779 830 844 invitare
877 796 1038 862 quos
1086 773 1485 841 maluerint?

692 870 758 932 6.
809 867 905 930 An
954 865 1143 930 liceat
1190 863 1435 929 eisdem
1492 862 1957 947 confratribus,
2007 883 2143 930 me·

557 954 775 1020 diante
822 971 1050 1019 eorum
1096 952 1514 1037 Cappellano,
1550 952 1802 1017 statutis
1834 952 2032 1018 Feriis
2065 955 2144 1018 vt

558 1042 693 1107 sive
728 1041 1012 1127 qualibet
1043 1039 1187 1105 anni
1222 1039 1330 1104 die
1364 1041 1555 1104 etiam
1587 1039 1915 1105 occasione
1948 1059 2144 1127 expo-

557 1129 803 1195 sitionis
832 1128 1247 1214 quadraginta
1280 1127 1607 1209 horarum,
1638 1145 1966 1214 exponere
1992 1130 2144 1194 San·

560 1218 914 1282 ctissimum
943 1215 1367 1281 Eucharistiae
1394 1216 1870 1281 Sacramentum
1900 1224 1966 1279 et
1989 1216 2144 1283 dare

560 1303 1116 1457 benedicgonem,
1166 1304 1305 1368 sine
1364 1302 1618 1369 licentia
1676 1313 1740 1367 et
1789 1304 2144 1389 praesentia

558 1391 818 1459 Parochi
1024 1412 1031 1421 ·

692 1486 759 1548 7.
805 1483 901 1545 An
950 1480 1138 1545 liceat
1169 1478 1609 1544 confratribus
1659 1480 1941 1546 retinere
1988 1484 2148 1548 con-

558 1568 895 1652 fessionale
925 1566 991 1633 in
1025 1568 1196 1633 dicto
1227 1567 1553 1650 Oratorio;
1596 1585 1953 1652 eorumque
1986 1573 2142 1656 cap·

558 1659 811 1744 pellano
844 1655 1191 1740 approbato
1226 1654 1412 1719 liceat
1442 1655 1664 1721 audire
1694 1654 2142 1725 confessiones

555 1747 693 1811 sine
741 1744 995 1812 licentia
1042 1740 1346 1808 Par-ochi?
1375 1752 1441 1808 et
1471 1752 1785 1827 quatenus
1815 1745 2140 1831 negative,

691 1839 760 1901 8.
810 1835 904 1897 An
967 1830 1182 1896 eidem
1242 1832 1517 1897 Parocho
1575 1831 1969 1897 intervenire
2035 1851 2145 1897 vo·

560 1921 718 1988 lenti
750 1939 865 1988 seu
898 1938 1026 1985 non
1059 1917 1304 1983 volenti
1355 1918 1417 1984 in
1446 1916 1829 2005 supradictis
1868 1919 2139 1985 functio-

558 2010 770 2094 nibus,
809 2020 875 2074 et
905 2005 1350 2073 confessiones
1396 2025 1516 2092 per
1545 2025 1617 2070 se
1664 2006 1879 2090 ipsum
1917 2008 2144 2073 andire

557 2097 921 2179 recusanti,
972 2096 1161 2161 liceat
1210 2094 1638 2180 subdelegare
1703 2093 1986 2179 aliquem
2036 2099 2142 2164 Sa-

455 2252 463 2261 ,
557 2186 892 2251 cerdotem
958 2184 1073 2249 sibi
1144 2182 1557 2265 benevisum3
1620 2184 1720 2247 vel
1781 2183 1994 2270 potius
2052 2194 2144 2247 te-

556 2282 783 2339 neatur
848 2271 1279 2354 subdelegate
1348 2268 1814 2356 cappellanum
1882 2270 2142 2338 confra-

564 2358 927 2427 ternitatis?

683 2452 751 2516 9.
802 2450 898 2516 An
948 2457 1073 2514 tam
1106 2464 1225 2531 pro
1259 2445 1436 2511 Missa
1470 2446 1745 2511 solemni
1776 2465 1892 2512 seu
1927 2446 2140 2512 minus

550 2537 819 2603 solemni
879 2537 1294 2614 celebranda,
1342 2534 1675 2599 occasione
1727 2534 2140 2619 expositionis

552 2625 753 2708 SSmi,
813 2644 999 2709 quam
1062 2644 1176 2712 pro
1239 2620 1589 2686 assistentia
1650 2622 2136 2705 confessionali,

551 2711 864 2778 debeatur
909 2713 1187 2778 Parocho
1234 2725 1349 2775 sen
1399 2707 1534 2775 eius
1592 2709 1940 2775 substituto
1987 2729 2139 2777 con-

555 2811 735 2866 sueta
786 2796 1249 2886 eleemosyna?

691 2890 794 2954 10.
847 2893 938 2954 An
990 2898 1054 2954 et
1101 2889 1178 2954 ad
1227 2905 1416 2971 quam
1464 2885 1772 2951 rationem
1822 2886 2139 2953 debeatur

508 2967 963 3077 'eleemosyna
1011 2976 1397 3062 cappellano
1430 2974 1688 3040 Parochi
1739 2994 1855 3060 pro
1902 2986 2134 3040 asserta

550 3064 985 3130 celebratione
1052 3066 1413 3145 missarum,
1478 3072 1543 3127 et
1616 3082 1731 3147 pro
1800 3075 2135 3147 praetensa

551 3150 903 3219 assistentia
952 3152 1258 3239 praestita
1305 3148 1576 3236 singulis
1622 3149 1820 3215 Feriis
1867 3154 1979 3234 Vl,
2033 3169 2136 3215 oc-

552 3241 802 3307 casione
874 3239 1295 3326 expositionis
1365 3239 1541 3307 SSmi
1610 3239 1998 3306 sacramenti
2074 3237 2137 3305 in

550 3329 726 3395 dicto
773 3326 1114 3395 Oratorio?

688 3420 795 3482 11.
843 3420 938 3481 An
991 3416 1175 3482 liceat
1209 3414 1646 3481 Confi-atribus
1693 3425 1758 3479 et
1798 3414 2134 3481 Sororibus

552 3504 613 3569 in
647 3504 820 3569 dicto
853 3505 1137 3568 Oratorio
1173 3504 1417 3589 eligere
1450 3502 1878 3588 sepulturam,
1928 3503 2132 3568 soluta

550 3592 883 3656 dumtaxat
944 3592 1217 3657 Parocho
1275 3601 1511 3676 quarta.
1552 3589 1864 3675 funerali3
1931 3600 1996 3657 et
2052 3609 2133 3655 ex

551 3678 783 3764 quibus
832 3679 997 3744 dicta
1046 3692 1265 3763 quarta
1318 3677 1620 3743 funeralis
1667 3673 2040 3743 debeatur?

686 3770 792 3831 12.
845 3768 936 3831 An
1017 3768 1203 3832 liceat
1292 3765 1730 3831 confratribus
1818 3765 2132 3834 associare

551 3855 869 3921 cadavera
923 3854 1326 3921 confratrum
1388 3863 1454 3919 et
1519 3855 1825 3918 Sororum
1880 3853 1958 3918 ad
2022 3857 2134 3918 Ec·

551 3943 807 4008 clesiam
861 3954 925 4010 et
954 3943 1346 4027 Oratorium3
1384 3953 1576 4026 atque
1627 3942 1834 4006 facere
1873 3944 2131 4007 Proces-

549 4031 761 4096 siones
809 4031 1083 4116 privatas
1131 4043 1194 4095 et
1240 4032 1566 4095 solemnes
1614 4028 1772 4095 infra
1820 4028 2129 4094 ambitum

550 4118 702 4184 dicti
750 4118 1041 4200 Oratorii,
1090 4119 1329 4203 absque
1379 4117 1628 4182 licentia
1679 4116 1965 4200 Parochi,
2014 4119 2127 4183 sed

510 4211 695 4271 'cum
748 4208 1112 4271 interventu
1163 4224 1386 4271 eorum
1442 4204 1868 4291 cappellani?

688 4298 795 4361 13.
844 4296 937 4359 An
995 4292 1238 4359 eisdem
1302 4291 1739 4359 confratribus
1798 4292 1985 4359 liceat
2047 4293 2132 4358 fa·

550 4403 701 4450 cere
777 4384 973 4448 dictas
1050 4381 1489 4447 Processiones
1566 4392 1745 4452 extra
1822 4381 2129 4446 ambitum

551 4468 873 4537 Ecclesiae
920 4469 1059 4536 sine
1106 4468 1259 4535 dicti
1308 4469 1567 4535 Parochi
1617 4465 1926 4533 licentia?

687 4564 790 4626 14.
842 4564 938 4625 An
983 4558 1345 4625 confratres
1395 4557 1456 4623 in
1507 4554 1851 4623 recitandis
1908 4566 1973 4619 et
2021 4574 2132 4621 ex·

551 4647 807 4733 plendis
854 4646 1082 4714 Officiis
1131 4659 1576 4727 mortuorum,
1629 4654 1693 4707 et
1753 4641 2131 4710 Anniversa-

555 4735 661 4799 riis
705 4735 819 4800 sibi
868 4754 986 4820 per
1036 4745 1366 4800 testatores
1415 4735 1475 4799 in
1510 4751 1751 4819 genere
1802 4730 2126 4813 iniunctis,

550 4834 890 4888 teneantur
938 4823 1263 4888 celebrare
1298 4822 1541 4887 Missam
1575 4830 1879 4886 cantatam
1915 4817 2130 4883 minus

549 4907 964 4976 solemnem?

686 5001 790 5063 15.
839 5003 935 5063 An
981 5010 1230 5064 constet
1259 5000 1339 5065 de
1373 4996 1695 5065 attentatis
1729 5007 1794 5062 et
1824 5014 1986 5082 quae
2020 5015 2127 5059 ve·

552 5087 725 5151 niant
772 5087 1154 5171 purganda?

682 5177 758 5238 Et
806 5176 868 5241 S.
922 5177 995 5240 R.
1046 5176 1154 5258 c.,
1223 5185 1344 5239 tam
1410 5193 1565 5239 voce
1626 5191 1815 5257 quam
1876 5170 2129 5256 scriptis

550 5261 833 5347 partibus
890 5261 1371 5327 informantibus
1416 5261 1683 5344 auditis,
1736 5259 2127 5344 responden·

550 5350 705 5416 dum
755 5350 1039 5417 censuit:

2381 425 2472 491 Ad
2527 430 2590 492 1.
2624 447 2661 490 ‹
2695 424 3116 509 Affirmative,
3144 427 3354 512 quoad
3392 427 3658 513 primam
3698 448 3834 515 par-

2252 524 2423 591 tem3
2472 514 2808 599 Negative‚
2843 514 3069 598 ‚quoad
3117 516 3465 581 secundam
3497 537 3559 581 ».

2378 601 2474 669 Ad
2526 606 2593 668 2.
2645 625 2682 668 α
2716 604 2799 668 Ut
2844 602 2921 667 ad
2971 601 3340 689 proximum
3374 626 3438 668 ι».

2380 692 2475 755 Ad
2527 693 2594 756 3.
2645 712 2682 755 ‹
2718 691 3030 777 Spectare
3075 690 3153 757 ad
3208 691 3554 757 Pan-ochum
3591 714 3655 760 ».

2382 776 2477 843 Ad
2530 782 2599 844 4.
2647 800 2684 843 α
2719 777 3030 863 Negative
3065 800 3125 843 ».

2382 865 2476 931 Ad
2528 870 2595 932 ὅ.
2644 888 2681 931 ‹
2727 868 3042 933 Servetur
3108 869 3454 933 Decretum
3519 868 3828 935 ordinarii

2249 955 2471 1020 datum
2518 974 2682 1020 anno
2735 957 2900 1021 1697
2937 976 3001 1017 ».

2382 1041 2477 1109 Ad
2529 1045 2597 1107 6.
2647 1064 2684 1107 ‹
2718 1039 2996 1107 Arbitrio
3042 1042 3354 1109 ordinarii
3391 1066 3457 1109 ».

2381 1129 2476 1196 Ad
2529 1133 2594 1195 7.
2644 1151 2681 1194 ‹
2716 1132 2798 1195 Ut
2844 1128 2919 1194 ad
2967 1129 3360 1216 proximum,
3417 1130 3677 1197 arbitrio
3723 1138 3832 1200 Or·

2246 1217 2471 1284 dinarii
2508 1234 2575 1283 »·.

2378 1304 2474 1372 Ad
2510 1310 2578 1371 8.
2614 1326 2651 1369 ‹
2676 1305 2886 1383 Quoad
2921 1305 3395 1386 confessiones,
3429 1307 3692 1373 arbitrio
3722 1312 3833 1375 Or·

2246 1392 2508 1470 dinarii3
2558 1393 2766 1478 quoad
2803 1394 3080 1478 reliquas
3112 1394 3505 1461 functiones:
3548 1395 3835 1461 Affirma-

2251 1481 2404 1565 tive,
2424 1481 2633 1566 quoad
2652 1480 2922 1567 primam
2951 1492 3193 1568 partem
3220 1497 3237 1558 ;
3266 1483 3599 1568 Negative,
3622 1483 3830 1568 quoad

2247 1570 2588 1636 secundam
2627 1591 2692 1634 ι».

2378 1658 2474 1724 Ad
2520 1662 2584 1724 9.
2639 1677 2676 1720 ‹
2708 1655 3100 1723 Affirmative
3150 1678 3266 1745 pro
3299 1657 3495 1725 Missis
3545 1668 3830 1743 tantum3

2246 1744 2615 1811 nullatenus
2685 1764 2838 1813 vero
2909 1765 3025 1833 pro
3093 1745 3414 1813 audientia
3475 1744 3834 1813 confessio-

2249 1851 2402 1898 num
2438 1855 2502 1900 ι».

2378 1920 2473 1985 Ad
2527 1923 2629 1987 10.
2681 1942 2718 1985 ‹
2753 1921 2981 1987 Deberi
3015 1940 3135 2008 pro
3183 1921 3379 1988 Missis
3429 1932 3702 2004 tantum,
3741 1922 3834 1987 in-

2250 2018 2352 2072 xta
2399 2018 2606 2073 tamn
2648 2009 3130 2096 synodalem».
3561 2080 3568 2087 ‚

2375 2094 2472 2161 Ad
2528 2100 2629 2163 11.
2667 2116 2704 2159 ‹
2732 2096 3148 2181 Affirmative,
3185 2097 3528 2164 reservatis
3553 2096 3838 2165 runcho

2244 2182 2696 2251 emolumentis
2726 2184 2802 2249 ad
2839 2184 3107 2251 formam
3156 2183 3700 2253 constitutionum
3731 2204 3833 2271 sy·

2243 2271 2611 2357 nodalium3
2664 2281 2730 2336 et
2778 2272 2948 2337 iuxta
2996 2273 3257 2338 solitum
3283 2294 3358 2338 ν.

2374 2359 2467 2424 Ad
2524 2364 2628 2425 12.
2681 2380 2718 2423 α
2752 2360 2966 2437 Quoad
2997 2360 3269 2448 primam
3317 2369 3590 2448 partem,
3638 2361 3828 2428 Affir-

2242 2446 2502 2530 mative,
2576 2464 2722 2513 cum
2792 2446 3162 2513 interventu
3238 2447 3538 2524 Parochi;
3611 2450 3826 2534 quoad

2240 2535 2612 2615 secundam,
2649 2535 2889 2620 pariter
2924 2532 3339 2622 Affirmatiffe,
3383 2535 3553 2601 iuxta
3601 2555 3829 2603 eorum

2242 2621 2607 2687 institutum
2641 2644 2704 2688 ι».

2373 2710 2467 2774 Ad
2522 2714 2623 2776 13.
2676 2730 2713 2773 ‹
2747 2711 3091 2796 Negative,
3162 2710 3283 2778 nisi
3343 2712 3506 2778 adsit
3568 2712 3829 2779 licentia

2242 2796 2555 2863 Ordinarii
2590 2820 2654 2861 ι».

2370 2885 2466 2950 Ad
2520 2890 2626 2952 14.
2675 2906 2712 2949 α
2746 2887 3116 2954 ordinarius
3188 2888 3552 2976 provideat,
3631 2901 3829 2975 prout

2239 2974 2324 3040 de
2374 2971 2539 3059 iure,
2589 2987 2833 3041 servata
2879 2989 3098 3042 mente
3150 2985 3520 3044 testatorum
3556 2999 3621 3042 ι».

2371 3060 2464 3126 Ad
2521 3066 2622 3128 15.
2676 3083 2713 3126 ‹
2748 3066 2961 3130 Partes
3006 3064 3507 3149 acquiescant».

2368 3151 2448 3214 Et
2494 3149 2576 3216 ita
2638 3151 2986 3218 declaravit
3055 3164 3124 3217 et
3173 3152 3414 3218 servari
3475 3151 3824 3222 mandavit.

2238 3239 2350 3304 Die
2398 3242 2482 3304 22
2530 3238 2907 3305 Novembris
2959 3242 3149 3306 1710.

2242 3379 2505 3446 2209.
2834 3379 3255 3446 CATANlEN.

2367 3505 2526 3568 cum
2577 3501 2638 3567 in
2689 3501 2969 3570 Ecclesia
3023 3501 3372 3589 collegiata
3416 3501 3647 3590 Oppidi
3709 3506 3825 3566 Ar-

2237 3591 2325 3655 cis
2365 3588 2618 3675 Regalis
2649 3585 2768 3654 sub
2802 3587 2989 3655 titulo
3023 3594 3250 3657 SSmae
3282 3588 3823 3673 Annuntiationis,

2231 3678 2565 3743 catanien.
2614 3677 2959 3763 Dioecesis,
3009 3679 3382 3745 celebretur
3427 3677 3823 3744 Novendiale

2235 3770 2303 3832 B.
2335 3768 2418 3831 M.
2455 3767 2560 3846 V.,
2601 3765 2660 3830 in
2695 3784 2818 3849 qua
2849 3766 3201 3831 canonicus
3234 3767 3402 3833 canit
3433 3766 3677 3833 Missam
3711 3784 3825 3830 vo·

2240 3854 2429 3918 tivam
2478 3851 2763 3917 eiusdem
2814 3857 3042 3919 Beatae
3090 3857 3166 3919 M.
3207 3857 3323 3932 V.;
3357 3850 3654 3919 canonici
3703 3855 3823 3918 Ec·

2237 3939 2467 4006 clesiae
2498 3938 2885 4025 collegiatae
2917 3941 3281 4027 praedictae
3316 3961 3514 4029 penes
3545 3943 3610 4007 S.
3641 3944 3712 4005 tt.
3742 3942 3819 4006 c.

2236 4048 2352 4115 pro
2401 4028 2830 4094 declaratione
2881 4028 3433 4115 infrascriptorum
3467 4027 3818 4106 dubiorum

2236 4114 2515 4182 demisse
2561 4115 3116 4204 supplicaverunt,
3167 4116 3510 4182 videlicet:

2373 4207 2431 4268 1.
2486 4205 2580 4269 An
2627 4205 2824 4290 possit
2870 4203 2995 4269 dici
3042 4206 3418 4289 Symbolum
3483 4203 3819 4290 Apostolo-

2236 4311 2403 4375 rum,
2464 4310 2611 4356 cum
2670 4293 2745 4357 ab
2809 4291 3297 4358 immemorabili
3360 4309 3686 4377 nunquam
3751 4289 3817 4356 in

2233 4379 2597 4447 huiusmodi
2649 4379 2824 4444 Missa
2872 4378 3118 4444 dictum
3165 4376 3299 4445 sit?

2367 4472 2432 4534 2.
2495 4469 2590 4532 An
2649 4465 2964 4534 canonico
3027 4466 3093 4533 in
3153 4466 3438 4552 qualibet
3496 4464 3819 4532 Dominica

2232 4563 2615 4652 aspergente
2662 4555 2878 4620 Altare
2928 4564 2992 4618 et
3040 4553 3348 4636 chorum,
3384 4552 3662 4619 debeant
3708 4555 3820 4618 ca—

2233 4641 2439 4708 nonici
2539 4641 2902 4708 huiusmodi
3000 4661 3066 4706 as
3115 4643 3432 4707 ersionem
3521 4640 3820 4726 recipere

2232 4741 2499 4810 stantes,
2547 4749 2626 4795 an
2675 4748 2826 4795 vero
2873 4745 3047 4814 genu
3099 4726 3256 4794 exi?

2363 4823 2429 4884 3.
2480 4824 2571 4884 An
2620 4816 2961 4899 canonico,
2995 4828 3137 4902 post
3182 4817 3619 4904 sumptionem
3664 4818 3816 4882 cor-

2235 4905 2405 4993 poris
2439 4917 2502 4972 et
2528 4903 2888 4990 Sanguinis,
2917 4906 3322 4991 dispensante
3355 4907 3601 4990 corpus
3634 4901 3814 4969 chri·

2230 4993 2310 5058 sti
2355 4993 2619 5061 clericis
2653 4992 2937 5078 qualibet
2965 4992 3170 5080 prima
3209 4991 3532 5057 Dominica
3578 4990 3813 5055 mensis

2234 5085 2329 5168 (ut
2394 5082 2587 5147 moris
2634 5083 2797 5165 est),
2849 5081 3126 5146 debeant
3181 5077 3474 5147 canonici
3523 5078 3812 5164 genufle-

2236 5166 2467 5235 ctere?

2366 5260 2432 5324 S.
2467 5262 2542 5324 R.
2580 5261 2652 5322 c.
2693 5256 3062 5342 respondit:

2363 5345 2458 5412 Ad
2515 5349 2577 5410 1.
2626 5365 2663 5408 ‹
2698 5344 3004 5431 Negative
3035 5367 3106 5409 2.

3593 3377 3826 3464 (3834)
