4042 5950
1600 241 1904 320 —231
1968 284 2071 300 -

164 393 403 463 relatis
446 398 524 465 ab
568 399 723 464 Rmo
769 396 1084 464 cardinali
1123 397 1282 464 lulio
1314 396 1499 464 Maria
1529 401 1618 463 De
1656 399 1766 464 So-

159 485 389 552 malea
455 484 581 554 iam
653 489 877 554 Sacrae
953 486 1214 553 Rituum
1279 485 1767 572 congregationi

158 572 549 659 Pmefecto,
598 574 798 641 ceteri
858 574 1226 642 cardinales
1281 577 1481 642 Sacris
1525 572 1769 641 Ritibus

160 662 442 728 tuendis
486 660 831 751 praepositi
881 664 1074 729 simul
1136 681 1354 729 omnes
1415 660 1765 748 proclivem

157 748 467 817 animum
521 751 965 818 ostenderunt.
1026 752 1322 816 Attamen
1375 753 1602 819 Ssmus
1647 753 1767 815 Do-

158 839 430 923 minus,
479 842 701 907 Sacrae
753 839 1016 907 Rituum
1068 837 1587 926 congregationis
1631 855 1765 901 mo-

156 945 315 992 rem
369 928 756 995 servandum
800 925 866 993 in
914 927 1205 994 omnibus
1266 936 1463 1008 ratus,
1512 925 1562 990 si
1609 924 1763 1010 quid

156 1013 366 1081 obiici
416 1025 657 1102 posset,
708 1015 772 1082 id
817 1033 936 1103 per
982 1019 1244 1084 Sanctae
1287 1014 1462 1080 Fidei
1508 1016 1765 1080 Promo-

160 1113 393 1169 tou-em
435 1103 739 1192 appositis
783 1100 1449 1170 Animadversionibus
1510 1101 1572 1167 in
1629 1119 1764 1166 me-

158 1190 357 1258 dium
405 1193 680 1279 proferri
719 1192 945 1259 voluit.
982 1189 1217 1269 Quibus
1248 1208 1450 1274 quum
1480 1194 1763 1277 Respon-

155 1280 389 1347 siones
433 1278 853 1347 subiecissent
891 1279 1312 1345 postulatores
1345 1277 1407 1343 in
1437 1276 1761 1345 Ordinatio

154 1371 513 1435 conventu
560 1368 687 1435 diei
725 1374 802 1435 17
835 1367 973 1434 Iulii
1024 1370 1214 1449 1830,
1252 1366 1314 1432 in
1345 1365 1763 1443 Quirinalibus

158 1455 491 1540 Aedibus,
555 1457 883 1524 referente
928 1459 1086 1522 Eme
1132 1463 1198 1520 et
1244 1457 1402 1520 Rmo
1449 1451 1762 1522 cardinali

158 1549 239 1610 D.
277 1544 538 1611 Placido
584 1546 770 1611 Zurla
831 1543 1014 1611 Urbis
1059 1542 1333 1625 Vicario,
1390 1561 1457 1609 re
1520 1541 1761 1611 diutius

156 1650 492 1719 perpensa
523 1631 878 1719 solutisque
911 1630 1172 1698 obiectis
1197 1629 1518 1712 omnibus,
1548 1650 1619 1696 ea
1644 1628 1761 1696 fuit

158 1720 489 1787 unanimis
554 1724 858 1788 Rffiorum
919 1718 1343 1787 cardinalium
1404 1717 1754 1818 sententia}

156 1808 513 1875 nimirum:
565 1813 744 1875 «Pro
792 1808 989 1896 gratia
1024 1806 1517 1874 confirmationis
1563 1807 1756 1872 Tituh

156 1897 458 1963 Doctoris
502 1914 651 1963 cum
694 1895 909 1963 Officio
958 1906 1025 1966 et
1071 1895 1243 1960 Missa
1292 1895 1374 1962 de
1420 1894 1757 1964 communi

155 1988 516 2051 Doctorum
566 1995 632 2050 et
662 1984 944 2085 Epistola
988 1984 1276 2051 secundo
1309 1983 1448 2050 loco
1480 2002 1597 2070 pro
1640 1987 1756 2049 Ec-

155 2072 362 2138 clesia
407 2071 779 2155 universali,
822 2074 899 2141 ad
944 2077 1177 2140 Emum
1221 2075 1569 2138 Ponentem
1610 2089 1757 2138 cum

153 2164 543 2227 Promotore
589 2161 766 2228 Fidei
798 2173 864 2227 et
892 2162 969 2228 ad
1018 2164 1091 2226 D.
1129 2159 1563 2228 secretarium
1606 2177 1756 2226 cum

157 2250 361 2316 Ssmo
396 2270 466 2314 ν.
515 2249 629 2314 Die
681 2253 759 2316 17
806 2249 946 2317 Iulii
996 2251 1193 2316 1830.

289 2340 541 2403 Horum
617 2337 902 2404 omnium
974 2349 1040 2404 et
1110 2336 1514 2423 singulorum
1593 2338 1755 2403 facta

154 2428 359 2494 Sano
405 2424 672 2492 Domino
732 2429 958 2494 Nostro
1020 2426 1125 2491 Pio
1174 2428 1305 2492 Vll!
1352 2428 1535 2494 Pont.
1587 2429 1749 2491 Max.

154 2533 275 2604 per
300 2512 779 2600 infrascriptum
803 2514 1228 2581 secretarium
1256 2507 1593 2598 relatione,
1610 2517 1755 2581 San·

153 2603 341 2672 ctitas
373 2605 499 2670 Sua
530 2603 755 2668 Sacrae
785 2601 1314 2700 congregationis
1346 2603 1749 2691 Rescriptum

150 2692 214 2759 in
248 2688 557 2757 omnibus
602 2692 974 2777 approbavit
1016 2700 1078 2755 et
1113 2688 1535 2776 confirmavit,
1562 2701 1752 2776 atque

150 2781 269 2848 bac
316 2779 609 2866 desuper
654 2797 724 2844 re
772 2797 892 2865 per
936 2778 1329 2865 Apostolicas
1377 2778 1641 2844 Litteras
1688 2778 1753 2844 in

152 2868 361 2934 forma
423 2864 640 2932 Brevis
705 2865 1012 2954 expedire
1075 2865 1278 2932 iussit.
1344 2866 1457 2934 Die
1514 2871 1597 2934 23
1652 2872 1751 2933 Iu·-

153 2955 217 3023 lii
280 2957 482 3024 1830.

676 3133 843 3197 PIUS
889 3134 1081 3198 PAPA
1129 3134 1257 3199 vm

407 3308 495 3355 An
540 3308 918 3357 rmn‘ruan
972 3311 1076 3357 nm
1121 3308 1480 3359 unemun-

283 3482 468 3563 Qnod
516 3501 718 3550 unum
762 3484 841 3552 ad
886 3485 1023 3552 Divi
1082 3484 1389 3555 Bernardi
1434 3485 1742 3552 Claraval-

148 3572 344 3641 lensis
406 3570 663 3638 Abbatis
723 3569 1034 3640 honorem
1095 3585 1160 3641 et
1226 3575 1484 3642 laudem
1545 3574 1740 3661 plene

147 3659 608 3746 cumulateque
654 3660 1160 3748 amplificandam
1208 3661 1484 3729 maxime
1544 3661 1740 3751 perti-

148 3768 311 3817 nere
341 3748 723 3827 videbatur;
772 3750 947 3835 quod
997 3761 1129 3818 erat
1178 3750 1243 3818 in
1289 3751 1455 3816 votis
1498 3750 1627 3818 incl
1680 3761 1740 3816 ιο

148 3837 604 3905 nonachorum
650 3837 1166 3906 cisterciensium
1212 3838 1458 3922 Ordini,
1498 3839 1579 3905 de
1673 3859 1742 3905 ac

148 3930 208 3995 S.
250 3923 428 3992 Sede
474 3942 735 4011 semper
781 3925 1022 4013 optime
1071 3926 1326 4009 merito,
1376 3925 1557 3993 cuius
1593 3946 1742 4014 pro·

149 4022 418 4101 pagator
448 4033 519 4079 ac
552 4012 747 4080 decus
797 4014 1215 4102 praecipuum
1263 4016 1326 4081 S.
1365 4013 1569 4081 Abbas
1608 4032 1742 4080 me-

151 4112 432 4169 moratus
478 4101 776 4180 refulsit3
840 4103 1015 4187 quod
1080 4113 1215 4168 erat
1263 4103 1617 4191 optandum
1661 4102 1739 4167 ab

150 4190 442 4256 universa
481 4189 799 4258 catholica
820 4190 1132 4274 Ecclesia,
1168 4189 1268 4258 cui
1302 4190 1534 4257 mentis
1563 4190 1738 4256 illius

150 4277 470 4363 acumine,
515 4278 825 4346 suavitate
873 4298 1125 4346 morum
1156 4298 1226 4345 ac
1257 4297 1571 4344 sacrarum
1609 4278 1737 4344 Lit-

153 4378 435 4433 terarum
503 4366 731 4454 peritia
797 4368 1072 4434 maxime
1148 4367 1268 4441 fuit
1334 4365 1731 4450 adiumento,

153 4472 355 4543 quum
404 4464 498 4521 tot
546 4455 683 4544 ipse
730 4455 1051 4522 volumina
1117 4456 1420 4538 ediderit,
1470 4457 1737 4542 Aposto-

155 4545 340 4612 licam
387 4543 626 4610 Sedem
673 4546 1098 4629 Summosque
1141 4543 1474 4612 Pontifices
1522 4543 1736 4610 studio

155 4645 217 4700 et
246 4630 482 4698 ardore
515 4632 792 4698 maximo
832 4643 1052 4699 contra
1097 4631 1535 4700 schismaticos
1564 4632 1742 4698 adiu-

150 4720 335 4803 verit,
388 4731 453 4787 et
497 4720 1025 4788 debacchantium
1075 4739 1145 4787 ea
1198 4730 1403 4787 aetate
1462 4723 1730 4788 Novato-

152 4828 292 4877 rum
352 4826 602 4876 errores
648 4828 807 4877 voce
855 4822 920 4876 et
966 4809 1203 4876 calamo
1266 4806 1734 4895 oppugnaverit

150 4909 336 4984 atque
385 4896 756 4983 extinxerit,
804 4918 874 4965 ac
921 4916 1361 4985 quoscumque
1413 4899 1731 4963 Romanae

150 4985 473 5054 Ecclesiae
495 5005 711 5052 osores
738 5005 851 5053 sua
876 4987 1160 5054 doctrina
1186 4984 1526 5071 retuderit;
1556 4986 1727 5071 quod

150 5078 280 5143 Π.
314 5076 437 5142 Fr.
470 5075 603 5141 NN.
637 5077 703 5142 S.
739 5078 812 5141 R.
852 5079 927 5141 E.
966 5073 1389 5143 cardinalium
1428 5072 1729 5141 sollicita-

153 5162 295 5231 bant
343 5181 594 5250 preces,
628 5161 720 5247 id,
762 5163 978 5231 divino
1026 5165 1407 5253 disponente
1438 5161 1723 5250 consilio,

152 5252 493 5322 Humilitati
517 5253 776 5319 Nostrae
808 5252 1125 5341 perficere
1149 5252 1367 5318 datum
1401 5261 1518 5317 est.
1550 5250 1725 5319 Licet

156 5342 321 5410 enim
342 5340 638 5433 pluribus
672 5339 748 5408 ab
771 5339 918 5409 hinc
952 5340 1212 5424 seculis,
1240 5350 1304 5406 et
1328 5337 1554 5428 viginti
1590 5348 1721 5405 tan-

1874 409 2011 467 tum
2055 399 2231 465 annis
2280 398 2510 486 elapsis
2540 419 2574 465 a
2618 400 2895 488 pretiosa
2945 400 3118 468 illius
3167 410 3399 487 morte,
3434 423 3467 468 a

1872 484 1988 553 fel.
2047 505 2181 552 rec.
2242 487 2603 556 Alexandro
2665 492 2776 555 PP.
2833 492 2909 554 111
2962 490 3462 557 praedecessore

1869 577 2125 657 Nostro,
2144 576 2477 644 sanctitate
2501 577 2666 642 vitae
2694 576 3140 662 miraculisque
3165 577 3464 665 cognitis,

1871 662 2013 729 albo
2048 664 2428 730 Sanctorum
2473 663 2668 732 fuerit
2716 665 2853 751 ipse
2883 664 3270 753 adscriptus,
3307 666 3466 732 eius·

1871 769 2000 835 que
2049 752 2260 817 cultus
2308 752 2372 817 in
2419 751 2699 818 Ecclesia
2761 752 3199 839 amplificatus,
3257 753 3465 821 adbuc

1872 849 2084 905 tamen
2123 839 2257 906 eius
2288 839 2600 905 virtutum
2632 840 3143 926 meritorumque
3193 859 3462 908 coronae

1869 926 2107 1012 aliquid
2154 926 2424 1015 fulgoris
2454 938 2587 993 erat
2619 927 3017 1012 addendum,
3055 928 3311 997 titulum
3341 933 3460 995 Do-

1870 1014 2090 1097 ctoris,
2126 1033 2253 1099 quo
2284 1015 2477 1083 Divus
2521 1016 2883 1083 Bernardus
2930 1016 3053 1081 iam
3098 1016 3459 1106 appellaba-

1870 1111 2001 1185 tur,
2050 1121 2353 1189 supremo
2404 1103 2589 1171 buius
2639 1106 2902 1170 Sanctae
2958 1104 3140 1172 Sedis
3185 1110 3458 1172 Decreto

1866 1190 1932 1256 in
1988 1189 2280 1257 universa
2331 1191 2609 1257 Ecclesia
2653 1190 3117 1259 confirmando.
3165 1192 3458 1272 Quamvis

1865 1287 2081 1344 autem
2130 1280 2262 1345 VV.
2300 1284 2419 1346 FF.
2453 1282 2584 1345 NN.
2623 1283 2690 1346 S.
2724 1285 2801 1347 R.
2838 1284 2912 1346 Ε.
2948 1280 3312 1348 cardinales
3352 1281 3458 1347 Sa-

1868 1364 1989 1432 cris
2020 1366 2267 1434 Ritibus
2316 1367 2572 1434 tuendis
2618 1367 2961 1453 Praepositi
3018 1367 3082 1434 in
3128 1366 3455 1436 Ordinario

1865 1457 2202 1521 Conventu
2269 1455 2335 1522 in
2402 1454 2702 1534 Quirinali
2774 1456 3002 1522 Palatio
3070 1455 3283 1523 habito
3345 1455 3455 1522 die

1869 1546 1950 1609 18
1995 1541 2138 1608 Iulii
2193 1564 2356 1611 anno
2409 1547 2601 1627 1829,
2659 1544 2986 1610 referente
3044 1544 3201 1611 clar.
3249 1563 3448 1610 mem.

1861 1629 2178 1698 Cardinali
2227 1633 2385 1699 Iulio
2434 1633 2614 1697 Maria
2649 1633 2733 1698 de
2767 1631 3037 1698 Somalia
3079 1632 3198 1698 iam
3232 1635 3454 1700 Sacrae

1861 1717 2122 1785 Rituum
2146 1720 2636 1820 congregationi
2661 1720 3012 1804 Praefecto,
3039 1721 3281 1807 petitae
3306 1740 3452 1786 con·

1861 1806 2201 1873 firmationi
2248 1808 2419 1875 tituli
2465 1807 2753 1876 Doctoris
2797 1808 2988 1874 simul
3038 1826 3260 1875 omnes
3305 1826 3452 1894 pro-

1859 1894 2094 1961 clivem
2164 1895 2444 1964 animum
2512 1893 2938 1964 ostendissent
2964 1911 2984 1977 ;
3033 1898 3157 1963 Nos
3218 1895 3448 1964 nihilo-

1860 1982 2095 2067 minus,
2129 2004 2438 2072 suspenso
2471 1984 2839 2051 huiusmodi
2888 1984 3149 2069 iudicio,
3185 1988 3449 2053 Sanctae

1859 2071 2048 2138 huius
2080 2072 2261 2139 Sedis
2312 2091 2556 2140 morem
2591 2082 2946 2157 servantes,
2983 2073 3034 2139 si
3067 2072 3222 2158 quid
3261 2070 3449 2140 obiici

1859 2169 2096 2248 posset,
2148 2161 2212 2228 id
2309 2180 2381 2227 er
2426 2165 2491 2228 S.
2544 2160 2721 2227 Fidei
2771 2160 3208 2227 Promotorem
3253 2181 3286 2225 a
3336 2178 3448 2246 po-

1858 2249 1993 2313 sitis
2025 2248 2247 2315 Anima
2298 2249 2692 2315 versionibus
2736 2248 2800 2316 in
2847 2249 3141 2315 medium
3171 2268 3287 2335 pro
3317 2246 3450 2313 erri

1855 2336 2318 2405 mandavimus.
2345 2336 2581 2416 Quibus
2606 2355 2809 2423 quum
2832 2336 3277 2423 responsiones
3302 2336 3447 2403 sub-

1858 2424 2157 2491 iecissent
2192 2425 2620 2492 Postulatores
2649 2426 2714 2492 in
2746 2424 3075 2492 Ordinario
3108 2428 3444 2492 conventu

1856 2513 1982 2580 diei
2038 2516 2116 2579 17
2164 2513 2301 2581 Iulii
2356 2513 2670 2580 currentis
2725 2512 2866 2580 anni
2912 2511 2979 2580 in
3023 2512 3445 2592 Quirinalibus

1854 2599 2162 2686 Aedibus,
2196 2601 2522 2668 referente
2556 2602 2795 2669 dilecto
2841 2600 2998 2667 Filio
3043 2604 3269 2669 Nostro
3310 2600 3444 2668 Pla·

1854 2689 1997 2757 cido
2061 2692 2126 2756 S.
2175 2694 2250 2757 R.
2302 2694 2375 2757 E.
2429 2689 2744 2757 cardinali
2803 2691 2987 2756 Zurla
3046 2699 3438 2777 nuncupato,

1852 2779 2082 2843 Nostro
2130 2777 2193 2845 in
2241 2780 2356 2845 hac
2403 2780 2582 2845 Alma
2639 2777 2806 2845 Urbe
2855 2778 3101 2844 Vicario
3147 2778 3213 2845 in
3258 2777 3441 2867 spiri-

1851 2865 2129 2932 tualibus
2175 2866 2492 2950 Generali,
2543 2886 2616 2932 re
2662 2864 2904 2932 diutius
2949 2884 3290 2955 perpensa,
3339 2886 3443 2933 so-

1850 2953 2129 3040 lutisque
2178 2953 2440 3021 obiectis
2493 2954 2811 3039 omnibus,
2859 2974 2930 3021 ac
2978 2954 3273 3022 eiusdem
3333 2958 3441 3025 Sa·

1853 3062 2109 3110 crorum
2157 3042 2415 3110 Rituum
2449 3041 2974 3130 congregationis
3006 3043 3436 3111 cardinalium

1845 3130 2178 3198 sententiis
2234 3129 2813 3214 consentientibus,
2864 3129 3267 3217 Rescriptum
3315 3150 3433 3218 pro

1850 3219 2048 3305 gratia
2095 3219 2589 3286 confirmationis
2628 3218 2797 3287 tituli
2838 3218 3125 3284 Doctoris
3156 3236 3303 3285 cum
3335 3218 3436 3286 Of-

1852 3307 1994 3375 ficio
2051 3317 2117 3373 et
2177 3306 2354 3373 Missa
2411 3308 2497 3373 de
2555 3304 2891 3373 communi
2961 3309 3308 3373 Doctorum
3372 3316 3436 3372 et

1849 3400 1898 3462 E
1953 3395 2133 3462 istola
2177 3397 2463 3462 secundo
2511 3397 2651 3461 loco
2697 3413 2815 3482 pro
2863 3393 3143 3460 Ecclesia
3175 3395 3435 3461 univer-

1844 3484 1956 3550 sai
2019 3483 2126 3551 die
2185 3483 2353 3551 dicta
2411 3484 2669 3566 datum,
2732 3481 3238 3549 confirmandum
3294 3500 3436 3549 esse

1804 3624 1809 3629 1
1844 3572 2208 3639 censuimus
2252 3591 2320 3637 ac
2366 3571 2633 3638 Litteras
2663 3570 3057 3656 Apostolicas
3094 3571 3209 3637 hac
3241 3569 3433 3637 desu-

1843 3678 1961 3747 per
2013 3679 2087 3727 re
2149 3659 2441 3747 expediri
2511 3657 2964 3725 mandavimus.
3028 3662 3429 3747 Quapropter

1842 3747 2147 3837 precibus
2192 3747 2386 3814 totius
2421 3747 2671 3815 Ordinis
2713 3748 3166 3815 nonachorum
3195 3747 3432 3816 cister-

1843 3836 2177 3921 ciensium,
2207 3835 2436 3923 quibus
2482 3838 2698 3923 plures
2746 3835 3059 3923 dignitate
3086 3856 3155 3903 ac
3188 3835 3431 3924 pietate

1842 3935 2234 4014 praestantes
2267 3924 2397 3992 Viri
2430 3945 2539 3992 sua
2569 3923 2777 3990 studia
2821 3944 2891 3990 ac
2939 3924 3251 4012 postulata
3291 3923 3430 3990 iun-

1841 4022 2102 4097 xerunt,
2139 4012 2415 4100 benigne
2447 4022 2825 4096 annuentes,
2854 4012 2937 4079 de
2963 4011 3250 4079 eiusdem
3284 4015 3428 4080 car-

1839 4101 2149 4169 dinalium
2171 4101 2692 4190 congregationis
2719 4099 3004 4183 consilio,
3031 4099 3423 4167 Auctoritate
3508 4151 3521 4163 .

1838 4192 2061 4257 Nostra
2106 4189 2500 4278 Apostolica,
2554 4200 2777 4256 tenore
2831 4187 3264 4275 praesentium
3347 4185 3425 4253 ti-

1838 4279 2049 4345 tulum
2095 4279 2401 4362 Doctoris,
2438 4296 2567 4364 quo
2606 4276 2799 4344 Divus
2828 4275 3188 4342 Bernardus
3219 4237 3426 4342 Abbas

1839 4376 1934 4433 est
1966 4366 2271 4433 hactenus
2303 4364 2367 4433 in
2401 4366 2569 4434 dicto
2601 4364 2833 4432 Ordine
2884 4372 2949 4428 et
2994 4363 3060 4428 in
3105 4363 3422 4451 aliquibus

1844 4453 2141 4522 Ecclesiis
2187 4454 2582 4542 appellatus,
2633 4451 3116 4538 confirmamus,
3162 4462 3227 4518 et
3271 4471 3421 4537 qua-

1842 4554 2028 4611 tenus
2074 4563 2233 4631 opus
2294 4542 2400 4626 sit,
2450 4540 2666 4609 denuo
2716 4540 2774 4607 ei
2821 4539 3224 4606 attribuimus
3252 4555 3272 4621 ;
3335 4537 3421 4603 ita

1837 4632 2124 4719 quidem,
2173 4641 2245 4697 ut
2291 4630 2358 4696 iu
2405 4628 2741 4697 universali
2788 4627 3107 4696 catholica
3138 4624 3421 4694 Ecclesia

1836 4737 2095 4805 semper
2140 4723 2195 4784 Is
2240 4723 2472 4785 Doctor
2523 4719 2853 4800 habeatur,
2907 4725 2971 4781 et
3018 4715 3083 4782 in
3129 4716 3421 4781 anniver-

1832 4808 1992 4875 sario
2040 4805 2145 4873 die
2192 4809 2400 4888 Festo,
2450 4814 2587 4873 tum
2633 4825 2667 4871 a
2711 4804 3010 4891 Regulari
3058 4812 3194 4869 tum
3239 4823 3272 4868 a
3304 4803 3415 4869 Se-

1832 4895 2031 4964 culari
2076 4895 2265 4962 cIero
2313 4891 2734 4975 celebrando,
2786 4890 3074 4958 Officium
3121 4911 3192 4957 ac
3237 4891 3418 4957 Missa

1833 4986 1939 5051 fiat
1998 4984 2079 5051 de
2140 4982 2473 5049 communi
2532 4986 2875 5049 Doctorum
2931 4990 2997 5046 et
3060 4998 3206 5045 cum
3269 4976 3419 5065 Epi·
3531 4978 3537 4987 ’

1830 5073 1986 5140 stola
2032 5071 2315 5138 secundo
2348 5070 2517 5154 loco,
2551 5089 2712 5155 quae
2745 5067 3005 5157 incipit:
3039 5070 3259 5135 Iustus
3290 5076 3415 5134 etc.

1830 5179 1974 5229 cum
2020 5159 2345 5227 additione
2391 5160 2471 5226 Vl
2515 5158 2796 5225 Lectioni
2849 5169 2913 5224 et
2963 5155 3415 5243 martyrologio

1830 5250 2000 5317 iuxta
2048 5253 2391 5315 Decretum
2439 5248 2727 5315 eiusdem
2775 5250 3110 5315 Sacrorum
3148 5245 3408 5312 Rituum

1827 5335 2369 5428 congregationis.
2409 5340 2496 5406 Ac
2527 5344 2870 5426 propterea
2902 5333 3090 5402 huius
3122 5330 3407 5403 Doctoris
