4042 5950
2051 348 2155 364 ...
2210 305 2522 383 3221...

645 465 1041 535 necessitatis
1087 464 1225 533 lieri
1272 474 1485 553 potest
1532 462 1809 549 additio,
1857 464 1949 532 uti
2001 462 2064 530 in
2125 464 2228 530 Ri-

639 555 795 623 tuali
842 553 1297 642 praescribitur
1327 574 1390 618 ».

775 645 870 711 Ad
920 647 982 710 4.
1034 664 1071 707 ‹
1102 640 1351 710 Sufficit
1395 652 1466 707 ut
1499 660 1660 707 unus
1696 640 1759 707 in
1796 640 2087 727 quolibet
2119 642 2230 707 Or-

640 731 791 798 dine
836 748 1172 798 accensum
1217 728 1441 796 offerat
1486 746 1747 796 cereum
1773 778 1791 814 ,
1844 729 2015 796 iuxta
2080 747 2229 795 con-

639 817 1050 886 suetudinem
1088 840 1154 885 ι.

771 905 864 972 Ad
915 912 980 973 ts.
1030 928 1070 970 s
1103 911 1284 974 quta
1331 904 1861 973 consuetudinem
1895 926 1959 970 ι.

772 995 866 1061 Ad
916 999 981 1061 6.
1032 1014 1070 1059 ‹
1106 998 1171 1061 ln
1220 1013 1370 1060 casu
1418 993 1891 1079 omittendum;
1941 992 2062 1060 nisi
2115 992 2229 1059 im-

638 1093 935 1169 petretur
979 1081 1304 1150 indultum
1352 1081 1870 1149 transferendi».

771 1176 980 1256 Atque
1028 1171 1109 1236 ita
1170 1170 1652 1236 rescribendum
1715 1180 1780 1235 et
1838 1168 2227 1236 servandum

641 1259 1043 1327 mandarunt.
1091 1258 1206 1324 Die
1251 1262 1288 1324 '7
1337 1257 1707 1325 Decembris
1760 1260 1951 1326 1844.

642 1419 900 1488 2884.
1256 1417 1625 1483 REATINA.

964 1565 1123 1628 Rffie
1171 1558 1461 1643 Domine,
1512 1557 1605 1623 uti
1626 1594 1633 1601 ·
1651 1561 1890 1624 Frater.

1993 1416 2224 1504 (soor)

768 1704 974 1782 Quum
1006 1701 1311 1767 Sacerdos
1334 1697 1700 1775 Dominicus
1723 1697 1958 1765 Maroni
1991 1703 2226 1767 Rector

638 1800 706 1857 et
769 1789 1262 1867 Administrator
1335 1786 1881 1853 Confi-aternitatis
1959 1790 2222 1855 Sanctae

637 1878 947 1946 Caeciliae
995 1887 1061 1942 et
1106 1879 1331 1942 Beatae
1378 1874 1604 1939 Mariae
1637 1874 1912 1960 Virginis
1957 1875 2042 1942 de
2077 1879 2220 1943 Suc-

637 1986 853 2052 cursn,
888 1965 952 2032 in
983 1961 1315 2033 suburbiis
1360 1962 1541 2028 istius
1584 1965 1881 2029 Reatinae
1911 1963 2220 2050 Civitatis,

636 2056 860 2121 Sacrae
929 2053 1190 2120 Rituum
1252 2051 1741 2136 congregationi
1810 2054 2217 2140 exposuerit,

635 2142 807 2228 quod
879 2139 1195 2209 Parecbus
1262 2139 1581 2206 Ecclesiae
1643 2140 1847 2206 Sancti
1903 2139 2223 2208 Michaelis

634 2228 1047 2318 Archangeli,
1098 2229 1260 2294 intra
1306 2227 1487 2293 cuius
1532 2227 1864 2294 Paroeciae
1906 2226 2067 2294 fines
2108 2233 2220 2297 So-

634 2318 910 2388 dalitatis
959 2315 1236 2397 Ecclesia
1282 2325 1493 2381 erecta
1540 2315 1887 2401 reperitur,
1925 2327 2219 2402 praeten-

634 2407 742 2474 dat
787 2425 990 2472 sacras
1022 2402 1381 2471 functiones
1413 2420 1721 2467 exercere
1755 2402 1818 2468 iu
1850 2404 2074 2470 eadem
2108 2407 2218 2471 So·

632 2494 905 2562 dalitatis
948 2492 1259 2574 Ecclesia,
1293 2490 1464 2556 illam
1514 2500 1584 2554 ut
1630 2490 1886 2556 filialem
1935 2491 2216 2558 reddere

632 2599 1072 2670 praesumens,
1143 2588 1360 2644 contra
1406 2579 1638 2643 sancita
1696 2575 1775 2644 ab
1834 2577 1949 2644 bac
1994 2581 2215 2647 Sancta

632 2667 993 2757 Apostolica
1039 2667 1245 2745 Sede;

763 2753 1256 2823 Eminentissimi
1305 2765 1370 2819 et
1414 2752 1954 2821 Reverendissimi
2003 2761 2217 2823 Patres

631 2845 837 2915 Sacris
880 2844 1136 2911 tuendis
1181 2840 1428 2909 Ritibus
1481 2842 1869 2927 praepositi,
1921 2842 1986 2910 in
2041 2845 2215 2912 Ordi-

631 2933 808 3002 nario
875 2934 1076 3001 Coetu
1136 2932 1215 3000 ad
1262 2928 1629 2999 Vaticanum
1694 2929 2045 3021 subscripta
2106 2933 2211 3001 die

631 3021 997 3105 coadunati,
1046 3020 1256 3087 audita
1320 3019 1628 3085 relatione
1673 3020 1749 3085 ab
1810 3018 2210 3108 infrascripto

630 3110 986 3180 Secretario
1024 3107 1306 3176 fideliter
1337 3107 1520 3190 lacta,
1554 3126 1671 3194 per
1720 3107 2031 3175 endentes
2062 3111 2209 3178 alias

627 3220 695 3266 ac
745 3196 1121 3288 praesertim
1166 3196 1232 3263 in
1276 3200 1547 3262 Decreto
1593 3197 1683 3261 Ur
1727 3195 1780 3261 is
1811 3206 1875 3260 et
1904 3197 2084 3264 Orbis
2112 3219 2212 3265 us-

626 3307 754 3375 que
800 3287 877 3354 ab
934 3304 1096 3352 anno
1150 3287 1317 3352 1703
1384 3283 1502 3350 sub
1559 3282 1664 3351 die
1716 3286 1794 3350 10
1841 3286 2209 3354 Decembris

626 3377 937 3442 sancitum
982 3372 1177 3440 fuisse
1236 3371 1526 3439 Parochis
1584 3370 1837 3439 nullum
1887 3374 1985 3440 ius
2037 3393 2207 3440 com·

623 3476 850 3551 petere
881 3463 949 3529 in'
976 3460 1252 3548 publicis
1282 3460 1696 3527 Sodalitatum
1743 3462 2042 3528 Ecclesiis
2070 3482 2209 3530 ere-

625 3551 743 3617 ctis
786 3550 949 3616 intra
995 3549 1154 3615 fines
1198 3547 1651 3615 Parocbialium
1697 3567 1954 3617 suarum
1986 3551 2206 3617 Eccle-

622 3638 882 3722 siarum,
929 3636 1139 3722 quoad
1189 3634 1640 3702 ecclesiasticas
1684 3634 2047 3705 functiones
2077 3658 2204 3705 non

623 3725 1064 3803 Parocbiales;
1122 3724 1276 3810 quin
1320 3723 1491 3791 aliud
1553 3722 1851 3812 precibus
1913 3727 2064 3813 ipsis
2112 3728 2205 3794 di·

622 3823 805 3880 recte
849 3812 1341 3899 responderent,
1389 3811 1582 3879 satius
1626 3810 1953 3880 duxerunt
1999 3815 2203 3882 consi-

514 3971 520 3976 ,
624 3903 782 3970 lium
841 3900 1346 3987 Amplitudinem
1407 3903 1601 3965 Tuam
1645 3917 1845 3986 super
1898 3903 2203 3988 expositis

621 3991 968 4059 certiorem
1013 3988 1333 4071 reddere,
1382 3998 1453 4055 ut
1514 3987 1686 4054 iuxta
1733 3988 1882 4056 alias
1938 3991 2201 4057 decreta

667 4080 990 4157 revideat;
1041 4096 1118 4143 eo
1162 4077 1270 4142 vel
1316 4075 1515 4161 magis
1558 4075 1704 4161 quia
1771 4090 2198 4144 memoratum

619 4101 927 4236 generale
995 4170 1337 4232 Decretum
1397 4181 1516 4249 per
1567 4182 1743 4231 suam
1793 4166 2199 4234 Constitutio-

619 4274 793 4342 nem,
827 4275 989 4342 quae
1021 4252 1245 4342 incipit
1291 4253 1386 4319 Aa
1428 4251 1747 4318 debitume
1796 4254 2196 4321 confirmavit

616 4367 672 4414 s.
722 4362 812 4412 m.
861 4345 1161 4413 Clemens
1202 4343 1362 4428 Papa
1408 4344 1489 4407 xl
1517 4389 1535 4425 ,
1583 4351 1655 4406 ut
1699 4337 2199 4411 dissensionibus

618 4445 685 4501 et
730 4433 952 4521 iurgiis
997 4430 1296 4498 radicitus
1358 4429 1551 4497 finem
1600 4427 1984 4518 imponeret.
2049 4434 2195 4498 Am-

614 4523 947 4612 plitudinis
1000 4520 1217 4605 itaque
1271 4521 1442 4586 Tuae
1509 4527 1721 4603 partes
1779 4529 1973 4585 erunt
2016 4522 2196 4585 Paro·

616 4612 809 4680 chum
854 4608 1065 4679 Sancti
1110 4606 1428 4674 Michaelis
1471 4606 1548 4674 ad
1600 4606 1918 4674 tramitem
1972 4627 2193 4695 supra·

613 4701 766 4769 dicti
811 4698 1067 4768 Decreti
1114 4696 1369 4763 omnino
1416 4692 1719 4779 adigere,
1769 4707 1841 4763 ut
1884 4717 1919 4762 a
1973 4696 2196 4781 quavis

614 4790 678 4856 in
724 4808 796 4856 re
839 4784 1363 4876 praesumptione
1416 4782 1750 4851 abstineat.
1799 4787 1881 4850 Et
1944 4785 2191 4872 Ampli-

610 4876 768 4945 tudo
799 4880 929 4943 Tua
972 4875 1089 4945 diu
1132 4871 1290 4942 felix
1337 4883 1401 4952 et
1445 4871 1785 4938 incolumis
1814 4872 2007 4940 vivat.

738 4970 973 5033 Romae
1023 4968 1060 5031 7
1106 4962 1475 5031 Decembris
1527 4963 1718 5027 1844.

609 5106 868 5177 2885.
1248 5106 1572 5174 muneri.
1960 5105 2187 5192 (5002)

736 5227 942 5304 Quum
975 5226 1281 5295 Sacerdos
1309 5226 1625 5294 Antonius
1653 5228 2055 5295 Sanmicbele
2086 5227 2186 5294 Ci-

604 5315 814 5382 vitatis
858 5316 1056 5404 vulgo
1107 5315 1423 5382 Gltt‘avuri
1469 5315 1537 5381 in
1584 5314 2056 5382 Archidioecesi
2100 5319 2186 5380 la-

606 5403 831 5474 nuensi
850 5407 1102 5472 Sacram
1118 5405 1377 5470 Rituum
1400 5404 1973 5489 congregationem
1996 5403 2187 5468 enixe

2334 463 2595 550 rogarit,
2643 473 2712 531 ut
2758 483 2956 552 snper
3006 462 3403 550 propositum
3450 462 3716 532 dubium
3769 483 3908 530 sen-

2333 552 2596 620 tentiam
2628 570 2805 618 suam
2841 553 3093 640 aperire
3129 550 3539 638 dignaretur;
3572 551 3905 618 nimirum:

2464 641 2561 705 An
2594 640 2780 706 liceat
2810 640 3135 707 Sacerdoti
3167 639 3515 706 celebranti
3550 640 3612 706 in
3631 640 3908 707 oratorio

2332 728 2601 816 privato,
2648 727 2784 794 sive
2829 728 3059 796 domus
3090 727 3231 814 piae
3264 726 3541 794 familiae
3569 727 3706 794 sive
3746 747 3906 794 com·

2331 815 2657 883 munitatis
2707 817 3081 902 religiosae,
3132 817 3349 882 nissae
3413 816 3904 885 celebrationem

2330 905 2832 992 interrumpere,
2890 916 2963 971 ut
3014 903 3223 971 statim
3285 915 3430 991 post
3475 903 3684 972 calicis
3745 922 3903 971 sum·

2329 992 2654 1079 ptionem,
2705 992 3171 1060 sanctissimam
3233 991 3723 1078 Eucharistiam,
3787 1012 3904 1060 nou

2328 1081 2406 1147 ad
2452 1080 2717 1147 modum
2765 1080 3011 1164 Viatici,
3053 1080 3167 1147 sed
3201 1099 3317 1166 pro
3350 1082 3802 1148 communione
3829 1100 3902 1145 ex

2329 1167 2700 1254 devotione,
2749 1169 2967 1236 afferat
3024 1178 3288 1255 aegroto
3334 1169 3399 1234 in
3447 1170 3676 1236 eadem
3720 1169 3900 1234 domo

2329 1257 2620 1344 degenti,
2655 1256 2952 1324 cubiculo
3000 1267 3211 1324 tamen
3257 1257 3335 1323 ab
3379 1257 3666 1323 Oratorio
3715 1258 3796 1323 ita
3823 1256 3902 1323 di·

2327 1345 2541 1427 stanti,
2597 1355 2668 1411 ut
2713 1344 2792 1412 ad
2837 1345 3023 1412 aliam
3079 1345 3622 1432 contignationem
3687 1346 3899 1411 domus

2328 1434 2435 1500 vel
2481 1432 3000 1502 deambulacrum
3045 1433 3373 1501 diversum
3424 1432 3502 1500 ab
3547 1452 3627 1500 eo
3676 1434 3742 1500 iu
3784 1452 3900 1519 quo

2326 1522 2681 1589 oratorium
2728 1523 2923 1589 situm
2967 1532 3092 1604 est,
3140 1523 3408 1588 transire
3454 1518 3800 1609 oporteat?

2459 1613 2642 1677 Sacra
2685 1609 2945 1677 Rituum
3009 1609 3437 1695 congregatio
3466 1657 3484 1693 ,
3545 1612 3623 1677 ad
3675 1610 3900 1677 Vatica-

2326 1716 2480 1764 num
2526 1697 2885 1784 subsignata
2929 1698 3037 1765 die
3083 1698 3148 1764 in
3192 1698 3520 1765 Ordinario
3566 1701 3768 1766 Coetu
3814 1717 3902 1764 co-

2324 1785 2593 1852 adunata
2621 1834 2639 1871 ,
2702 1786 3031 1853 referente
3097 1785 3454 1875 subscripto
3525 1785 3894 1877 Secretario,

2326 1873 2696 1960 respoudit:
2761 1896 2798 1939 ‹
2832 1877 2970 1941 Non
3031 1875 3265 1959 licere;
3331 1877 3504 1941 iuxta
3563 1879 3895 1941 Decretum

2327 1964 2390 2028 in
2452 1962 2813 2031 Florentina
2867 1962 2994 2030 diei
3064 1966 3142 2030 to
3188 1961 3558 2030 Decembris
3614 1965 3783 2031 1829
3829 1963 3896 2028 ad

2324 2050 2602 2150 primum
2651 2048 2956 2118 dubium:
3006 2052 3117 2117 sed
3168 2050 3217 2115 si
3264 2050 3608 2118 necessitas
3658 2061 3894 2136 urgeat,

2326 2138 2388 2204 td
2434 2139 2540 2205 fiat
2586 2139 2869 2206 absoluta
2922 2141 3099 2206 Missa
3130 2160 3192 2204 ».

2455 2226 2566 2292 Die
2614 2230 2650 2293 7
2698 2228 3067 2295 Decembris
3120 2230 3310 2294 1844.

2323 2369 2585 2439 2886.
2871 2369 3374 2437 CENOMANEN.

2452 2491 2583 2558 Etsi
2632 2494 2905 2558 Decreto
2949 2492 3140 2563 buius
3185 2495 3407 2558 Sacrae
3452 2490 3718 2560 Rituum
3751 2496 3895 2560 Con·

2320 2578 2709 2667 gregationis
2755 2582 3130 2669 nuperrime
3197 2578 3324 2646 lato
3377 2581 3498 2647 sub
3543 2579 3656 2647 die
3707 2585 3743 2648 7
3790 2585 3894 2648 De-

2320 2667 2596 2736 cembris
2640 2668 2784 2734 anni
2839 2672 3004 2736 1844
3052 2670 3365 2739 declarata
3408 2668 3656 2736 fuerint
3717 2669 3892 2736 dubia

2317 2778 2348 2822 a
2372 2756 2931 2824 Reverendissimo
2955 2761 3387 2826 cenomanen.
3416 2758 3739 2846 Episcopo
3766 2776 3894 2847 pro-

2316 2844 2518 2932 posita
2562 2844 2771 2928 quoad
2817 2847 3373 2914 consecrationem
3432 2847 3890 2921 Ecclesiarmn3

2316 2951 2516 3020 quum
2540 2941 2752 3000 tamen
2785 2933 2960 3000 idem
2992 2934 3344 3022 Episcopus
3364 2935 3761 3022 compererit
3777 2952 3890 3001 am-

2315 3021 2657 3107 biguitates
2702 3021 2909 3088 adbuc
2957 3025 3107 3091 oriri
3157 3023 3368 3112 quoad
3400 3022 3773 3109 qualitatem
3801 3023 3888 3089 Of-

2316 3110 2442 3177 ficii
2489 3119 2605 3176 seu
2651 3110 3119 3178 Nocturnorum
3169 3130 3315 3180 cum
3349 3111 3672 3179 Laudibus
3704 3115 3768 3179 in
3799 3111 3886 3177 w-

2314 3197 2480 3284 giliis
2525 3209 2673 3264 ante
2718 3218 2921 3265 sacras
2966 3200 3288 3287 Reliquias
3335 3200 3397 3267 'tn
3455 3200 3654 3266 Altari
3717 3219 3886 3287 repo·

2313 3286 2553 3353 nendas
2583 3285 3061 3374 persolvendis3
3096 3289 3438 3355 nimirum:
3473 3295 3572 3355 An
3612 3289 3884 3357 Officium

2313 3376 2523 3462 ipsum
2568 3375 2939 3442 nominatim
2989 3377 3377 3444 sumendum
3442 3378 3524 3443 sit
3572 3397 3652 3444 ex
3714 3381 3882 3445 Com-

2313 3464 2488 3530 muni
2533 3465 2900 3549 nai-tyrum,
2936 3463 3042 3531 vel
3076 3463 3289 3551 potius
3319 3464 3744 3534 celebrandae
3771 3464 3882 3530 sint

2310 3550 2581 3637 vigiliae
2637 3570 2756 3637 per
2813 3562 3011 3618 totam
3074 3565 3368 3635 noctem,
3417 3553 3732 3621 cantando
3789 3550 3877 3616 vel

2311 3639 2638 3706 recitando
2668 3642 2973 3727 Hymnos,
3007 3641 3283 3707 Psalmos
3313 3640 3593 3728 aliasque
3626 3659 3874 3729 preces3

2308 3749 2378 3795 ac
2423 3727 2695 3814 proinde
2742 3726 2985 3794 iteratis
3030 3727 3328 3816 precibus
3374 3730 3628 3796 Sacram
3697 3731 3876 3818 ipsam

2307 3816 2884 3904 Congregationem
2916 3817 3159 3903 rogarit
3187 3828 3259 3882 ut
3303 3815 3656 3884 dilucidam
3708 3835 3876 3904 regu·

2308 3905 2431 3971 lam
2481 3904 2541 3970 in
2591 3902 2771 3992 praxi
2816 3904 3190 3971 servandam
3221 3905 3340 3973 sibi
3373 3906 3629 3972 tradere
3676 3907 3873 3992 digna-

2302 4002 2483 4059 retur
2525 3993 2603 4059 ad
2651 4010 2905 4059 omnem
2953 3992 3455 4077 disputationem
3513 3994 3868 4079 praecideu·
3957 4017 3958 4026 ¹

2300 4079 2485 4163 dam,
2536 4101 2605 4147 ac
2666 4081 2789 4146 rite
2852 4081 3344 4168 intelligendum
3403 4082 3560 4168 qnid
3619 4081 3868 4149 strictim

2300 4168 2690 4255 praecipiant
2736 4168 3113 4235 Pontificatis
3157 4169 3417 4236 Romani
3449 4169 3609 4236 baec
3657 4171 3863 4237 verba:

2305 4256 2721 4323 celebrandae
2775 4266 2934 4322 sunt
3001 4257 3273 4342 Viqiliae
3337 4269 3489 4325 anta
3553 4260 3866 4344 Reliquias

2300 4349 2495 4430 ipsas,
2547 4356 2608 4412 et
2655 4345 2931 4412 canendi
2990 4347 3319 4412 Nocturni
3377 4366 3456 4413 ac
3515 4350 3865 4416 matutinae

2298 4433 2545 4500 Laudes
2577 4437 2650 4500 in
2679 4434 2977 4499 bonorem
3007 4434 3418 4516 Sanctorum,
3456 4454 3740 4519 quoram
3769 4436 3862 4500 Be·

2295 4522 2548 4606 liquiae
2592 4522 3017 4589 recondendae
3058 4533 3252 4603 sunt,-

2430 4610 2928 4678 Emiuentissimi
2974 4622 3042 4677 et
3086 4611 3622 4679 Reverendissimi
3673 4617 3859 4679 Patres

2298 4700 2501 4766 Sacris
2550 4698 2801 4780 tuendis
2847 4698 3096 4767 Ritibus
3140 4699 3530 4788 praepositi,
3577 4699 3657 4767 ad
3713 4695 3856 4767 Vati·

2295 4805 2524 4854 canum
2566 4785 2926 4875 subsignata
2973 4786 3082 4854 die
3127 4787 3460 4854 coadunati
3509 4790 3570 4855 in
3615 4788 3855 4856 Ordina·

2293 4874 2401 4941 riis
2447 4875 2759 4960 comitiis,
2793 4874 3121 4942 referente
3169 4877 3522 4944 Secretario
3569 4886 3634 4944 et
3678 4870 3855 4943 omni·

2294 4962 2412 5029 bus
2457 4975 2705 5031 maturo
2750 4963 3049 5030 examine
3105 4963 3478 5051 perpensis,
3526 4964 3853 5032 rescriben-

2293 5050 2448 5117 dum
2475 5062 2863 5120 censuerunt
2887 5072 2905 5119 ε
2941 5072 2979 5117 α
3004 5051 3382 5118 Pontificalis
3411 5052 3603 5120 verba
3634 5053 3696 5120 in
3727 5065 3850 5119 casu

2293 5139 2711 5227 intelligenda
2745 5159 2911 5223 esse,
2944 5139 3116 5226 quod
3150 5139 3565 5209 celebrentur
3609 5139 3848 5228 vigiliae

2291 5246 2436 5294 cum
2503 5230 2833 5312 Matutino,
2881 5228 3222 5314 Laudibus,
3271 5229 3557 5317 Hymnis,
3604 5225 3847 5296 canticis

2290 5315 2375 5381 de
2421 5317 2785 5401 Communi,
2821 5334 2967 5383 cum
3012 5317 3200 5383 simili
3246 5318 3543 5385 Oratione
3574 5318 3657 5386 de
3688 5319 3843 5384 Gom·

2295 5404 2500 5489 muni,
2530 5406 2669 5471 sine
2703 5405 2957 5471 nomine
2989 5423 3320 5490 expresso,
3356 5425 3558 5492 quum
3589 5424 3712 5474 non
3738 5402 3840 5467 sint

3681 2374 3892 2459 (scos)
