4042 5950
1524 273 1994 350 —295—

113 427 607 516 assequendam,
658 428 1033 496 humillimis
1077 427 1377 518 precibus
1436 450 1466 495 a
1522 432 1706 496 Sacra

115 518 380 585 Rituum
429 517 939 603 congregatione
996 517 1328 604 sequentis
1358 516 1558 584 *dubii
1609 536 1707 582 so·

115 604 438 672 lutiouem
485 605 926 693 postularunt;
978 606 1330 672 nimirum:

245 697 316 759 ln
364 692 789 781 Respousorio
823 695 1050 760 Libera
1083 713 1176 759 mo
1209 696 1498 777 Domine,
1535 693 1709 779 quod

115 792 412 849 cantatur
434 782 499 848 in
523 780 922 848 absolutione
947 783 1429 865 Defunctorum,
1453 792 1597 868 post
1621 780 1711 848 di-

115 878 289 935 ctum
343 869 624 957 primum
674 887 928 935 versum
969 874 1259 937 Tremens
1289 872 1510 955 factus
1538 888 1705 950 aum,

115 976 314 1043 quum
376 955 728 1024 resumitur
785 976 931 1045 pars
982 960 1388 1045 Responsorii
1443 958 1710 1035 Quando

117 1046 273 1112 coeti
317 1045 612 1111 movendi
656 1055 837 1125 sunt,
888 1045 1246 1113 sistendum
1301 1066 1383 1113 ne
1428 1056 1523 1113 est
1568 1056 1710 1133 post

120 1134 273 1199 baec
305 1131 506 1200 verba
528 1145 586 1209 et
613 1142 817 1208 terra,
846 1143 917 1200 ut
945 1132 1013 1199 in
1041 1135 1469 1221 Respousorio
1501 1135 1714 1220 primo

115 1218 484 1287 Dominicae
529 1225 551 1288 1
599 1222 970 1304 Adventus,
1020 1232 1086 1289 et
1133 1221 1306 1288 iuxta
1362 1241 1551 1289 usum
1608 1241 1709 1289 re·

119 1322 380 1396 ceptum
413 1307 484 1375 in
515 1308 610 1375 bis
633 1307 1039 1394 regionibus;
1076 1310 1179 1376 vel
1211 1328 1392 1377 more
1424 1309 1706 1376 omnium

118 1396 723 1482 Responsoriorum,
740 1398 1262 1483 prosequendum
1287 1416 1371 1465 ne
1393 1408 1709 1483 estusque

119 1484 193 1550 ad
240 1484 444 1551 finem
490 1483 985 1575 Responsorium
1034 1486 1111 1552 ad
1160 1485 1317 1553 haec
1362 1487 1557 1553 verba
1595 1505 1713 1569 per

118 1575 352 1655 ignom,
392 1583 739 1725 an1tequam
785 1582 1081 1640 cantetur
1123 1573 1448 1641 secundus
1489 1593 1710 1640 versus

120 1661 263 1727 Dios
313 1661 441 1728 illa

241 1751 323 1813 Et
347 1752 538 1816 Sacra
567 1750 829 1818 Rituum
863 1749 1312 1838 congregatio,
1346 1748 1702 1836 subscripta

117 1835 218 1902 die
264 1838 345 1905 ad
395 1837 746 1915 Quirinales
792 1838 1000 1907 Aedes
1031 1838 1094 1904 in
1125 1838 1468 1904 Ordinariis
1495 1838 1705 1905 comi·

120 1924 214 1991 tiis
260 1925 636 2010 coadunata,
679 1928 1004 1996 referente
1054 1925 1450 2017 infrascripto
1481 1928 1704 1993 Secre-

121 2011 300 2096 tario,
355 2015 880 2102 respondendum
926 2014 1221 2084 censuit:

246 2122 284 2164 ι
318 2100 745 2187 Affirmative,
795 2106 870 2171 ad
921 2102 1190 2193 primam
1236 2112 1532 2189 partem3
1580 2102 1703 2167 Ne-

123 2188 353 2275 gative,
403 2190 483 2258 ad
526 2193 873 2259 secundam
904 2214 969 2259 ν.
1019 2193 1228 2277 Atque
1268 2190 1350 2256 ita
1383 2189 1704 2276 rescripsit

122 2278 491 2364 servarique
539 2280 885 2348 mandavit.

247 2364 361 2432 Die
417 2370 498 2432 12
543 2367 939 2456 Septembris
983 2368 1171 2436 tato.

127 2506 366 2577 2821.
676 2510 1153 2577 caueamus.
1475 2507 1699 2593 (4999)

246 2631 460 2708 Quum
505 2629 571 2697 in
619 2630 900 2698 Dioecesi
951 2630 1359 2699 camberieu.
1414 2630 1702 2698 diversae

127 2717 696 2787 circumferrentur
768 2718 1096 2806 opiniones
1171 2719 1337 2786 circa
1402 2736 1704 2809 personas

128 2804 362 2872 adactas
409 2825 671 2873 servare
703 2804 940 2873 ieiunio
972 2807 1037 2874 in
1069 2806 1410 2909 pervigilio
1442 2807 1700 2875 Dedica-

133 2891 306 2959 tiouis
341 2894 695 2979 Ecclesiae,
728 2894 1323 2962 Reverendtssimus
1355 2894 1703 2983 Episcopus

134 2980 525 3051 Camborien.
558 2987 808 3052 Sacram
840 2983 1100 3051 Rituum
1135 2988 1263 3052 con
1313 2984 1706 3070 regationem

133 3069 488 3139 humillime
533 3072 777 3161 rogavit
805 3082 878 3138 ut
909 3072 1237 3139 declarare
1317 3073 1643 3158 ignaretur
1669 3093 1703 3138 a

135 3157 352 3243 quibus
395 3162 479 3228 sit
524 3161 698 3228 idem
746 3158 1052 3226 ieiunium
1097 3158 1534 3228 servandum?

255 3250 333 3314 Et
378 3249 520 3316 Emi
557 3260 622 3316 et
652 3247 792 3316 limi
822 3250 1036 3315 Patres
1082 3249 1284 3316 Sacris
1312 3248 1567 3316 tuendis
1596 3249 1702 3316 Ri-

137 3331 293 3401 tibus
352 3336 725 3438 praepositi,
773 3337 850 3403 ad
907 3335 1295 3414 Quirinalem
1345 3337 1705 3422 subsignata

136 3422 231 3491 die
278 3424 342 3491 in
387 3424 733 3494 ordinariis
780 3424 1062 3491 comitiis
1110 3426 1467 3509 coadunati,
1497 3424 1576 3491 ad
1608 3443 1705 3491 re-

138 3510 427 3580 lationem
458 3517 532 3581 R.
569 3518 638 3581 P.
673 3516 748 3579 Ι).
782 3509 1145 3596 Secretarii,
1180 3509 1702 3601 respondendum

140 3613 565 3669 censuerunt:
616 3622 655 3667 ‹
689 3599 884 3667 Missis
930 3599 1361 3688 opinionibus,
1410 3612 1705 3668 servetur

137 3689 466 3774 Decretum
511 3688 575 3756 in
621 3687 1027 3756 mechlinien.
1080 3688 1206 3755 diei
1243 3688 1497 3757 29191ὶί
1537 3692 1701 3757 1780

141 3775 209 3840 ad
253 3777 552 3863 primum,
601 3778 666 3844 in
726 3795 853 3862 quo
914 3775 1071 3843 haec
1126 3775 1484 3844 habentur:
1543 3778 1706 3845 leiu-

142 3863 304 3930 nium
333 3884 365 3930 a
400 3866 744 3933 Pontificali
765 3867 1047 3932 Romano
1076 3864 1537 3955 praescriptum
1565 3885 1706 3932 esse

144 3951 382 4020 strictae
452 3953 857 4042 obligationis
921 3972 1041 4039 pro
1102 3953 1415 4040 Episcopo
1486 3971 1706 4021 conse·

145 4051 346 4107 crante
402 4049 467 4106 et
525 4060 645 4127 pro
706 4041 782 4108 iis
837 4052 1079 4107 tautum
1137 4040 1244 4126 qui
1298 4051 1530 4128 petunt
1590 4041 1705 4108 sibi

149 4128 476 4194 Ecclesiam
522 4129 874 4196 consecrari
907 4150 969 4195 ».

263 4216 375 4285 Die
423 4221 504 4284 12
553 4217 944 4304 Septembris
986 4218 1181 4284 1840.

149 4370 386 4444 2822.
591 4376 1253 4442 CONGREGATIONIS

299 4485 308 4494 ”
513 4481 927 4548 SAGRORUM
988 4481 1331 4548 CORDIUM

571 4587 748 4652 lESU
794 4586 894 4653 ET
940 4587 1265 4653 MAmAE.

269 4744 855 4813 Reverendissimus
937 4743 1285 4833 Episcopus
1360 4744 1710 4812 chalcedo-

153 4833 372 4918 nensis,
421 4834 513 4899 uti
584 4832 907 4900 Generalis
951 4832 1308 4899 Moderator
1352 4836 1714 4920 congrega-

158 4918 326 4986 tionis
370 4924 706 4990 Sacrorum
752 4919 1055 4988 cordium
1088 4924 1227 4988 Iesu
1259 4931 1322 4986 et
1353 4920 1600 5004 Mariae,
1636 4920 1713 4987 ad

155 5005 629 5078 uniformitatem
679 5009 744 5074 in
788 5007 1021 5075 divinis
1076 5008 1515 5096 persolvendis
1560 5011 1716 5075 Lau—

158 5091 325 5161 dibus
347 5096 798 5182 assequendam
832 5117 866 5162 a
896 5096 1024 5163 suis
1047 5096 1334 5164 Alumuis
1356 5096 1464 5183 qui
1487 5096 1564 5163 ad
1595 5099 1718 5163 Ho-

159 5198 243 5247 ras
270 5186 602 5252 canonicas
652 5195 981 5268 tenentur,
1015 5187 1236 5252 Sacrae
1267 5184 1528 5251 ltituum
1559 5188 1720 5252 con·

160 5274 491 5357 gregationi
522 5273 860 5359 sequeutia
884 5271 1076 5340 dubia
1109 5273 1437 5340 enodanda
1482 5291 1716 5361 propo·

162 5355 314 5441 suit3
361 5361 711 5430 nimirum:

1480 4375 1704 4462 (aeos)

1940 434 1991 498 l.
2060 432 2265 510 Quum
2334 433 2400 501 iu
2468 438 2978 526 congregatione
3054 442 3389 514 Sacrorum

1806 519 2110 617 cordium
2159 525 2296 589 lesu
2346 532 2410 589 et
2457 524 2682 592 Mariae
2730 546 2849 593 nec
2896 547 3025 597 non
3059 542 3121 596 et
3152 533 3392 600 Adora-

1809 616 1994 672 tnoms
2042 619 2395 697 perpetuae
2444 613 2827 680 Sanctissimi
2863 618 3250 686 Sacrameuti
3284 622 3389 688 Al-

1810 693 1981 778 taris,
2012 696 2470 767 transferantur
2500 701 2683 785 plura
2709 707 2887 769 Festa
2910 716 3181 794 propter
3202 727 3390 775 usum

1807 781 2157 881 calendarii
2205 786 2444 873 proprii
2494 810 2525 854 a
2573 792 2789 856 Sancta
2848 793 3017 859 Sede
3078 798 3387 880 concessi,

1807 870 2146 954 aliquoties
2193 875 2469 941 occurrit
2516 886 2585 942 ut
2630 882 2888 946 Festum
2932 880 3211 966 Virginis
3255 894 3388 950 tan-

1807 967 1970 1059 tum,
2007 957 2165 1024 ritus
2210 959 2485 1048 duplicis
2514 964 2617 1030 vel
2657 967 3120 1055 semiduplicis,
3155 969 3389 1038 incidat

1807 1063 1871 1110 iu
1933 1049 2189 1112 Festum
2248 1049 2510 1116 alterius
2571 1053 2844 1138 Virginis
2912 1067 3177 1142 tantum,
3227 1059 3387 1126 ritus

1804 1132 2137 1219 simplicis,
2172 1136 2350 1202 velut
2383 1142 2639 1206 Festum
2672 1144 2934 1208 Sanctae
2965 1144 3191 1212 Mariae
3221 1149 3387 1235 Mag·

1809 1221 2072 1288 dalenae
2120 1220 2204 1287 de
2252 1225 2460 1291 Pazzis
2507 1228 2609 1294 die
2657 1232 2739 1296 27
2785 1230 2921 1296 Maii
2967 1232 3137 1317 quod
3191 1243 3383 1301 trans·

1809 1307 2005 1375 latum
2068 1323 2280 1376 manet
2343 1313 2683 1397 aliquoties
2743 1316 2807 1383 in
2868 1317 3041 1385 diem
3102 1326 3183 1389 21
3245 1320 3384 1388 Iulii

1804 1399 2069 1463 Sanctae
2129 1400 2391 1465 Praxedi
2453 1401 2696 1490 Virgini
2758 1423 3034 1474 sacrum.
3094 1414 3163 1476 ln
3221 1410 3384 1477 dicta

1804 1483 2203 1551 occurrentia
2227 1490 2481 1554 Secreta
2518 1502 2581 1557 et
2611 1494 3119 1561 Postcommuuio
3149 1497 3383 1565 utrius-

1806 1590 1933 1657 que
1978 1573 2198 1639 Missae
2230 1577 2512 1662 praecise
2545 1578 2784 1646 similes
2813 1593 2984 1648 sunt.
3036 1583 3162 1651 Sed
3196 1594 3261 1651 et
3294 1585 3386 1651 in-

1805 1679 2000 1748 super
2042 1660 2260 1727 ambae
2293 1663 2510 1730 Missae
2557 1667 2641 1733 de
2685 1669 3021 1736 communi
3051 1671 3386 1758 Virginum

1803 1757 2084 1832 tantum,
2135 1750 2209 1816 ad
2272 1753 2444 1837 quod
2507 1756 2974 1823 recurrendum
3030 1769 3160 1842 est,
3211 1761 3385 1827 Missa

1804 1836 2113 1935 meavi-sti
2159 1848 2222 1903 et
2272 1840 2447 1905 Missa
2485 1841 2745 1909 Vultum
2781 1854 2971 1910 tuum
3017 1846 3250 1914 habeut
3281 1866 3386 1934 pa-

1805 1932 1962 1989 r1ter
1986 1925 2276 1992 eamdem
2303 1930 2627 1996 Secretam
2652 1943 2716 1996 et
2746 1933 3037 1999 eamdem
3068 1937 3384 2001 Postcom—

1803 2011 2200 2079 munionem.
2227 2018 2679 2084 Verumtamen
2702 2018 2875 2086 iuxta
2898 2021 3231 2091 Rubi-icam
3257 2042 3385 2090 non

1808 2098 1899 2164 bis
1947 2100 2007 2165 in
2058 2100 2228 2167 idem
2275 2121 2394 2168 nec
2442 2105 2667 2172 eadem
2700 2107 2908 2174 Oratio
2940 2109 3138 2176 debet
3168 2110 3231 2176 in
3261 2128 3384 2177 uua

1804 2187 1982 2253 Missa
2031 2188 2125 2255 bis
2157 2190 2507 2258 inservire:
2550 2194 2701 2279 quid
2740 2195 2938 2281 igitur
2967 2197 3290 2297 agendum
3323 2199 3384 2264 in

1807 2294 1884 2341 eo
1931 2273 2125 2342 casu?
2151 2277 2483 2354 Quaeritur
2513 2280 2818 2365 proinde:
2862 2286 2920 2350 1.
2956 2288 3131 2352 Ltcet
3161 2303 3244 2354 ne
3275 2287 3385 2353 Se-

1803 2374 2043 2430 cretam
2092 2374 2157 2431 et
2202 2368 2864 2436 Postcommunionem
2912 2388 2991 2437 ex
3046 2372 3225 2440 Missa
3266 2377 3386 2439 Lo-

1800 2452 2041 2536 quebar
2096 2452 2177 2519 de
2245 2455 2578 2521 communi
2640 2456 2915 2543 Virginis
2976 2468 3042 2523 et
3101 2460 3386 2549 Martyris

1804 2542 2184 2625 desumere,
2243 2543 2600 2610 omittendo
2661 2545 2849 2612 verba
2906 2548 3224 2632 Martyris
3279 2549 3383 2616 vel

1802 2638 1862 2695 ct
1935 2627 2273 2713 Martyria!
2336 2634 2401 2698 2.
2464 2630 2641 2698 Idem
2710 2652 2793 2699 ne
2849 2632 3068 2700 licebit
3133 2637 3386 2722 quando

1806 2726 2101 2782 occurret
2145 2721 2403 2785 Festum
2449 2736 2571 2784 nec
2611 2719 2893 2808 'Virginis
2936 2740 3058 2788 nec
3103 2724 3387 2812 Hartyris

1804 2822 1950 2871 cum
1997 2806 2182 2870 Festo
2231 2804 2505 2890 Virginis
2544 2816 2814 2891 tantum,
2850 2828 2926 2875 eo
2959 2809 3132 2896 quod
3181 2811 3246 2877 in
3276 2810 3385 2879 tali

1803 2892 2199 2959 occurrentia
2247 2894 2450 2960 oritur
2494 2893 2833 2962 difficultas
2871 2896 3274 2983 supradicta?

1933 2984 2009 3047 ΙΙ.
2040 2985 2137 3047 Ex
2158 2982 2348 3048 variis
2375 2984 2658 3051 Decretis
2681 2987 2906 3052 Sacrae
2934 2986 3197 3053 Rituum
3228 2989 3389 3055 con-

1803 3069 2220 3156 gregationis,
2267 3071 2619 3155 Regulares,
2662 3083 2966 3139 tenentur
3001 3074 3078 3142 ad
3126 3078 3387 3142 Festum

1803 3157 2055 3224 Patroni
2103 3155 2469 3245 principalis
2515 3159 2657 3225 Loci
2704 3171 2774 3225 et
2820 3160 3114 3227 Titularis
3165 3163 3389 3231 Eccle-

1802 3245 1931 3311 siae
1977 3245 2367 3313 Cathedralis
2425 3257 2617 3333 atque
2676 3248 3071 3314 Protectoris
3104 3249 3387 3316 Civitatis

1802 3334 1940 3400 sine
1974 3345 2191 3400 octava
2219 3347 2237 3410 ;
2284 3334 2397 3402 sed
2429 3334 2495 3401 iu
2526 3335 2846 3425 praedicta
2878 3336 3386 3424 congregatione

1805 3433 2102 3489 movetur
2147 3420 2417 3489 dubium
2462 3423 2623 3489 circa
2678 3442 2937 3491 sensum
2984 3423 3172 3492 huius
3216 3423 3389 3490 vocis

1805 3512 1984 3575 Loci.
2048 3512 2201 3576 Nam
2263 3510 2432 3576 iuxta
2497 3512 2804 3596 quosdam
2862 3510 3033 3578 idem
3094 3519 3273 3580 sonat
3317 3531 3387 3580 ac

1804 3596 2147 3683 Dioecesis,
2196 3598 2371 3663 iuxta
2416 3598 2569 3665 alios
2608 3618 2765 3666 vero
2795 3600 2966 3668 idem
3004 3620 3076 3667 ac
3105 3599 3387 3668 civitatis

1805 3687 1909 3752 vel
1957 3685 2213 3773 Oppidi,
2264 3686 2433 3752 iuxta
2492 3688 2836 3755 nonnullos
2896 3686 3149 3754 tandem
3196 3687 3386 3754 etiam

1805 3774 1977 3862 Pagi.
2000 3773 2337 3850 Quaeritur
2366 3778 2421 3841 1.
2450 3776 2765 3853 Quaenam
2796 3793 2880 3841 ex
2908 3773 3035 3840 illis
3058 3776 3389 3842 sententiis

1807 3858 2291 3948 amplectenda?
2313 3866 2375 3928 2.
2403 3862 2561 3941 Quid
2591 3862 3085 3950 intelligendum
3110 3881 3232 3951 per
3252 3867 3391 3930 Pro·

1807 3960 2122 4017 tectorem
2147 3949 2475 4017 civitatis?
2501 3954 2566 4017 3.
2594 3955 2896 4018 Patronus
2928 3970 3008 4016 ne
3041 3950 3185 4037 Pagi
3215 3949 3391 4019 idem

1811 4049 1907 4103 est
1952 4057 2023 4104 ac
2068 4040 2372 4104 Patronus
2430 4039 2790 4124 Parochiae,
2839 4057 3037 4125 quum
3086 4038 3149 4105 in
3195 4039 3390 4105 Gallia

1809 4128 2009 4212 Pagus
2040 4134 2106 4193 et
2137 4124 2429 4194 Parocbia
2476 4126 3024 4193 indiscriminatim
3055 4138 3391 4195 sumantur
3436 4125 3445 4140 ’

1809 4212 1886 4281 ad
1935 4211 2392 4301 designandam
2439 4213 2680 4301 aliquot
2725 4215 3062 4281 domorum
3110 4213 3393 4281 vicinita-

1808 4312 1969 4385 tem,
2017 4301 2179 4368 intra
2225 4320 2380 4386 quas
2412 4302 2735 4390 reperitur
2765 4301 3047 4369 Ecclesia
3077 4300 3179 4367 cui
3208 4304 3390 4369 Paro·

1812 4389 1969 4456 cbus
1992 4388 2308 4457 deservit:
2342 4398 2656 4474 quatenus
2678 4399 2749 4456 ut
2772 4389 3119 4476 Regulares
3138 4387 3205 4455 in
3229 4393 3391 4475 Pago

1811 4478 2128 4564 degentes
2173 4495 2301 4543 non
2350 4487 2686 4546 teneantur
2730 4477 2806 4544 ad
2854 4481 3112 4544 Festum
3144 4475 3392 4544 Patroni

1811 4564 1982 4651 Pagi,
2030 4566 2194 4631 sicut
2238 4583 2366 4631 uon
2414 4575 2719 4632 tenentur
2749 4566 2826 4632 ad
2857 4567 3115 4633 Festum
3145 4564 3392 4631 Patroni

1813 4649 2212 4720 Parochiae?
2926 4683 2933 4692 ·

1945 4745 2049 4808 111.
2088 4745 2154 4807 ln
2185 4741 2906 4810 commemorationibus
2954 4737 3394 4809 communibus

1815 4847 1929 4897 seu
1975 4827 2299 4915 Suffragiis
2352 4832 2753 4914 Sanctorum,
2804 4828 2867 4897 in
2912 4826 3229 4896 Breviario
3273 4831 3396 4895 Ro-

1819 4935 2002 4983 mano
2066 4916 2305 5017 legitur
2360 4935 2635 5002 sequeus
2684 4917 2955 4985 Rubrica
3013 4927 3156 5002 post
3212 4920 3394 4985 com·

1822 5016 2344 5072 memorationem
2366 5007 2734 5072 Sanctorum
2761 5006 3210 5094 Apostolorum
3231 5003 3396 5069 Petri

1823 5104 1887 5161 et
1919 5093 2127 5180 Pauli;
2178 5096 2264 5159 Do
2308 5094 2593 5158 Patrono
2630 5093 2722 5158 vel
2764 5093 3046 5162 Titulari
3079 5093 3400 5159 Ecclesiae

1819 5184 1983 5270 fiant
2034 5182 2665 5247 commemorationes
2716 5182 3085 5267 praedictae
3133 5200 3253 5267 pro
3301 5179 3400 5246 di·

1821 5274 2074 5357 unitate
2140 5269 2357 5337 illius.
2426 5267 2555 5336 Sed
2620 5287 2820 5354 quum
2887 5273 3135 5336 Fratres
3194 5268 3401 5338 dictae

1825 5357 2339 5445 congregationis
2383 5355 2588 5425 Sacris
2630 5355 2966 5426 Ordinibus
3022 5355 3244 5425 initiati
3286 5356 3399 5426 ad·
