4042 5950
1587 201 2002 284 -61-

389 361 467 451 is,
518 385 646 434 non
693 385 848 434 vero
891 361 1389 465 Responsorinm
1433 362 1740 432 Nocturni

381 454 848 540 correspondet
891 458 1109 522 Feriae
1144 475 1210 518 ι.

291 545 352 606 4.
406 544 507 607 An
566 552 782 608 octava
843 545 910 610 8-
959 540 1381 612 scholasticae
1433 537 1738 625 impediat

172 632 388 696 Preces
442 639 601 713 etc.,
657 629 1021 716 specialiter
1076 637 1292 696 autem
1352 628 1404 696 si
1449 627 1586 704 dies
1638 625 1737 693 Ci-

169 734 392 786 nerum
434 716 617 784 cadat
663 715 820 784 infra
866 716 1102 784 dictam
1146 725 1469 801 octavam3
1518 734 1598 782 an
1624 714 1739 781 sci-

171 804 306 871 licet
377 803 484 869 illa
551 803 656 872 die
703 803 1014 872 dicendae
1079 803 1204 870 sint
1257 807 1483 874 Preces
1509 851 1526 885 ‚
1576 820 1738 888 quae

172 892 543 958 omittuntur
587 891 653 959 in
697 891 989 964 omnibus
1035 889 1314 960 octavis?

285 982 378 1064 Β).
419 1000 457 1042 ‹
487 981 711 1046 Octava
741 982 805 1045 S.
842 977 1260 1046 scholasticae
1293 976 1563 1064 impedit
1592 981 1736 1043 Pre-

175 1085 302 1150 ces,
353 1066 612 1152 quando
676 1066 762 1136 de
809 1067 916 1136 illa
961 1068 1032 1133 fit
1075 1065 1388 1133 Officium.
1459 1066 1640 1141 Quod
1683 1063 1738 1128 si

174 1164 377 1220 octava
423 1166 713 1222 occurrat
759 1154 824 1221 in
883 1153 1061 1224 Feria
1107 1157 1187 1220 IV
1244 1153 1549 1224 Cinerum
1574 1201 1593 1236 ,
1644 1151 1738 1218 di·

175 1251 385 1308 cantur
422 1244 677 1324 Preces,
709 1242 823 1309 sed
853 1241 1009 1312 nihil
1043 1240 1151 1308 fiat
1181 1240 1267 1310 de
1298 1250 1541 1323 octava,
1575 1258 1741 1325 quae

174 1328 542 1396 terminatur
599 1329 677 1396 ad
738 1330 969 1429 primas
1027 1332 1342 1415 vesperas
1394 1329 1612 1395 Feriae
1659 1331 1738 1394 tv

175 1416 468 1484 Cinerum
514 1416 840 1485 exclusive
873 1441 936 1484 s.
1391 1457 1400 1464 <

289 1508 351 1569 5.
403 1509 503 1570 An
548 1504 960 1572 conformiter
1009 1523 1156 1572 cum
1200 1508 1470 1574 Decreto
1514 1508 1738 1572 Sacrae

177 1591 420 1660 Rituum
464 1592 989 1679 congregationis
1018 1592 1099 1660 de
1131 1591 1736 1662 commemoratione

176 1691 415 1748 octavae
447 1682 712 1748 Sanctae
743 1679 1164 1750 scholasticae
1193 1680 1262 1748 in
1291 1680 1395 1750 die
1436 1677 1738 1747 cinerum

177 1765 538 1849 omittenda,
590 1766 800 1850 etiam,
849 1764 1165 1835 Dominica
1218 1767 1520 1838 Passionis
1577 1765 1740 1832 infra

175 1863 443 1920 octavam
490 1854 698 1922 Sancti
743 1855 1072 1930 Benedicti
1104 1856 1396 1940 cadente,
1421 1855 1485 1926 in
1515 1853 1738 1940 primis

179 1942 452 2009 eiusdem
506 1943 869 2010 Dominicae
911 1942 1205 2028 vesperis
1249 1943 1331 2009 sit
1388 1940 1736 2012 omittenda

179 2029 682 2100 conmemoratio
728 2028 1028 2098 octavae?

293 2123 377 2204 n).
430 2139 468 2182 α
509 2122 582 2183 In
648 2118 866 2205 primis
926 2116 1220 2203 vesperis
1288 2115 1571 2190 facienda
1640 2124 1736 2184 est

177 2204 680 2288 commemoratio
709 2206 791 2278 de
822 2204 931 2276 die
961 2205 1120 2276 infra
1151 2214 1458 2288 octavam,
1485 2203 1736 2289 quando

179 2303 375 2362 octava
405 2293 771 2361 celebratur
800 2303 945 2380 post
979 2291 1363 2362 Dominicam
1392 2290 1736 2370 Passioni-13

170 369 315 432 nan

173 474 250 538 qu

178 2400 346 2448 secus
388 2392 632 2464 autem,
681 2380 734 2446 si
779 2381 917 2449 dies
963 2391 1179 2447 octava
1195 2379 1444 2464 incidat
1476 2379 1539 2444 in
1572 2397 1739 2450 eam,-
1801 2423 1812 2432 ·

181 2468 316 2536 dem
335 2468 726 2538 Dominicam
749 2468 1081 2536 Passionis:
1115 2467 1263 2553 quia
1294 2477 1445 2536 tunc
1474 2476 1739 2553 propter

183 2555 550 2624 Dominicam
643 2556 1056 2640 rivilegiatam
1103 2565 1301 2626 cessat
1345 2564 1562 2620 octava
1584 2576 1647 2619 s.

294 2648 360 2711 6.
390 2646 554 2712 Cum
603 2662 882 2729 requens
904 2642 1092 2714 nimis
1114 2641 1192 2708 sit
1216 2642 1484 2712 Romilia
1507 2646 1575 2709 S.
1596 2641 1740 2708 Hie-

181 2733 452 2819 rouymi:
506 2732 789 2812 Grandis
850 2731 1095 2817 fiducia
1145 2739 1268 2796 etc.
1328 2730 1395 2798 in
1452 2733 1740 2831 Evange-

185 2819 363 2890 lium:
395 2822 590 2886 Dixit
619 2821 852 2885 Petrus
896 2819 979 2884 ad
1008 2821 1212 2885 Iesum
1258 2817 1526 2905 (legitur
1566 2837 1738 2886 emm

186 2906 242 2971 in
260 2908 471 2976 Officio
493 2907 804 2977 mensuali
836 2910 901 2974 S.
930 2905 1286 2988 Benedicti,
1319 2907 1478 2977 item
1510 2906 1573 2973 in
1605 2905 1741 2975 eius

184 2996 435 3063 solemni
489 2999 682 3063 Festo
730 3007 794 3064 et
837 3014 956 3081 pro
1010 2994 1145 3063 aliis
1198 2991 1568 3079 abhatibus)
1628 3013 1740 3081 pe-

185 3083 326 3149 titur
365 3083 626 3152 facultas
682 3081 1046 3171 apponendi
1099 3081 1286 3153 aliam
1332 3080 1397 3149 in
1461 3082 1597 3148 eius
1642 3101 1740 3148 so-

189 3171 368 3238 lemni
390 3177 603 3253 Festo,
629 3189 864 3259 nempe
886 3169 1224 3235 Homiliam
1246 3188 1325 3236 ex
1351 3172 1514 3243 Ven.
1543 3168 1739 3253 Beda,

185 3278 334 3344 quae
379 3256 637 3345 incipit:
685 3261 1017 3343 Perfectus
1058 3257 1167 3323 ille
1210 3267 1332 3325 etc.
1380 3276 1498 3327 seu
1558 3257 1739 3325 aliam

187 3366 266 3411 ex
304 3346 525 3416 iisdem
569 3346 854 3413 Homiliis
896 3344 1260 3433 approbatis
1305 3346 1371 3413 in
1406 3344 1741 3413 Communi

187 3431 530 3501 Abbatum't’

301 3526 379 3607 R).
429 3542 469 3587 ι
503 3525 621 3589 Pro
667 3522 912 3608 gratia;
967 3532 1034 3586 et
1079 3529 1434 3607 apponatur
1476 3519 1740 3589 Romilia

189 3610 248 3673 S.
289 3609 586 3676 Bernardi
610 3606 864 3677 Abbatis
893 3609 996 3675 vel
1029 3604 1148 3673 alia
1178 3613 1242 3675 S.
1280 3608 1521 3675 loannis
1551 3609 1743 3695 Chry-

188 3697 449 3780 sustani,
496 3715 659 3782 quae
707 3706 804 3765 est
851 3697 916 3764 in
959 3696 1292 3764 Communi
1336 3695 1647 3763 Abbatum
1679 3701 1741 3764 in

192 3783 484 3851 Breviario
530 3794 754 3850 vetere
809 3783 1250 3866 Einsiedeln.,
1298 3782 1416 3849 nisi
1477 3783 1742 3851 Homilia

193 3890 334 3955 quae
363 3873 607 3961 petitur
638 3883 704 3939 et
737 3871 1099 3941 inscribitur
1130 3874 1291 3939 Ven.
1327 3871 1562 3954 Bedae,
1596 3891 1743 3940 con-

195 3958 525 4043 venientior
569 3960 651 4025 sit
699 3969 764 4027 et
808 3959 1341 4027 accommodatior
1383 3962 1595 4044 Festo,
1643 3979 1743 4027 re·

197 4044 294 4111 bus
331 4048 526 4134 gestis
583 4067 652 4113 ac
701 4046 1039 4114 virtutibus
1086 4050 1149 4113 S.
1200 4046 1566 4125 Benedicti3
1614 4067 1741 4135 quo

196 4152 317 4199 casu
363 4137 475 4201 ista
521 4135 662 4203 aliis
704 4135 1105 4221 praeferatur
1137 4157 1202 4201 a».

305 4228 364 4289 7.
433 4224 630 4299 Quale
686 4223 1186 4311 Responsorium
1251 4222 1331 4289 sit
1398 4222 1744 4293 dicendum

193 4322 318 4394 post
360 4311 783 4397 penultimam
828 4309 1195 4379 Lectionem
1244 4310 1308 4376 in
1351 4309 1564 4377 Officio
1593 4314 1744 4378 San-

195 4408 419 4465 ctorum
464 4397 742 4485 Philippi
788 4410 852 4464 et
889 4398 1118 4479 Iacchi,
1153 4397 1406 4484 quando
1438 4398 1598 4467 illud
1628 4404 1741 4469 Fe·

193 4498 339 4553 stum
381 4485 446 4553 in
491 4485 813 4553 Dominica
857 4487 1087 4555 cadens
1131 4486 1364 4553 amittit
1390 4505 1564 4553 suam
1594 4487 1744 4554 ulti-

193 4592 338 4639 mam
381 4572 777 4657 Lectionem,
815 4574 995 4641 cuius
1041 4574 1180 4643 loco
1211 4574 1451 4660 legitur
1479 4576 1746 4643 Romilia

195 4660 250 4727 iu
287 4662 702 4819 Evaengelium
765 4662 1053 4730 eiusdem
1110 4661 1472 4728 Dominicae
1524 4682 1746 4730 occur-

194 4751 368 4819 rentis

303 4844 387 4925 n.
432 4861 473 4905 ι
508 4837 570 4904 Si
605 4843 862 4906 Festum
894 4841 1264 4905 Sanctorum
1293 4839 1741 4925 Apostolorum

193 4925 446 5017 Philippi
492 4939 556 4995 et
603 4926 803 4993 iacobi
836 4937 1126 4993 occurrat
1158 4926 1226 4992 in
1249 4927 1592 5011 Dominica,
1627 4932 1747 4995 Re-

193 5015 572 5097 sponsorium
640 5014 972 5099 ultimum,
1036 5015 1180 5101 quia
1240 5026 1333 5083 est
1385 5015 1743 5100 proprium,

195 5099 416 5169 dicatur
463 5104 605 5171 loco
651 5103 991 5190 penultimi
1030 5127 1093 5169 ».

324 5292 402 5367 (t)
433 5297 497 5357 E.
533 5295 683 5353 nuh.
717 5296 770 5361 9,
807 5295 891 5362 st,
929 5296 1014 5363 16,
1052 5296 1112 5353 1⁷
1151 5305 1206 5353 et
1238 5295 1326 5355 28.

1972 368 2039 434 8.
2102 370 2199 430 An
2265 363 2516 450 quando
2583 366 2937 436 secuudum
3002 385 3406 438 communem

1842 452 2108 524 modum
2157 452 2478 522 transferri
2522 452 2752 520 debeat
2798 458 3053 522 Festum
3092 456 3407 524 Inventio-

1840 539 1936 605 nis
1966 542 2031 608 S.
2069 539 2286 612 crucis
2315 541 2546 610 cadens
2580 539 2644 608 in
2674 541 3020 619 Dominica,
3054 541 3120 610 in
3151 555 3272 629 qua
3305 563 3409 610 ce-

1841 626 2122 694 lebratur
2160 633 2416 698 Festum
2448 627 2865 698 Dedicatiouis
2897 628 3253 710 Ecclesiae;
3285 634 3406 698 hoc

1841 718 2098 784 Festum
2143 718 2209 782 S.
2258 715 2500 800 Crucis,
2548 723 2776 801 utpote
2819 718 3136 786 secundae
3170 718 3405 801 classis,

1839 800 2070 870 debeat
2128 812 2467 889 expectare
2524 822 2730 888 usque
2780 804 2857 870 ad
2905 803 3075 872 diem
3135 804 3409 889 aliquam

1840 908 1966 954 non
2011 889 2416 977 impeditam;
2471 891 2575 956 vel
2622 893 2820 976 possit
2864 891 3070 959 statim
3113 893 3409 978 sequenti

1841 975 1947 1043 die
1990 979 2155 1061 lieri,
2206 977 2355 1067 licet
2400 982 2585 1046 Festo
2631 977 2721 1046 du
2768 979 2873 1048 lici
2920 977 3271 1066 impedita?

1971 1068 2057 1149 R).
2109 1087 2147 1130 α
2180 1065 2611 1131 Transferatur
2665 1068 2713 1132 O
2784 1066 2952 1133 cium
3013 1071 3079 1134 S.
3144 1067 3401 1146 eructu

1840 1153 2041 1235 quod,
2090 1152 2243 1220 licet
2283 1152 2366 1222 sit
2408 1152 2724 1222 secundae
2770 1153 3007 1237 classis,
3044 1153 3265 1242 reponi
3297 1155 3408 1221 de-

1840 1238 1950 1304 bet
1992 1240 2194 1324 prima
2238 1239 2348 1306 die
2384 1243 2568 1310 Festo
2600 1239 2841 1326 duplici
2870 1242 2975 1307 vel
3003 1240 3409 1328 semiduplici

1841 1344 1969 1398 non
2012 1327 2319 1415 impedita
2348 1349 2415 1395 ν.
2464 1326 2557 1414 (1)
3120 1393 3127 1400 .

1971 1418 2035 1482 9.
2086 1421 2184 1482 An
2236 1419 2491 1486 Festum
2546 1419 2609 1482 S.
2671 1415 2937 1486 Ghiliani
2994 1417 3205 1504 Episc.
3254 1420 3410 1484 Mar·

1843 1501 1996 1588 tyris
2040 1502 2120 1568 sit
2165 1502 2620 1576 celebrandum
2665 1502 2812 1574 cu'm
2860 1505 3057 1574 Sociis
3100 1504 3183 1572 de
3227 1508 3410 1574 Com-

1840 1589 2487 1746 {iffifflffiff
2506 1593 3076 1767 ffiissyiffiffl
3119 1592 3253 1660 ⁸⁵⁹⁰
3300 1595 3413 1662 ⁸⁰·

1972 1767 2057 1850 n).
2110 1786 2148 1829 α
2184 1765 2312 1836 Fiat
2376 1766 2665 1838 Officium
2710 1767 2796 1834 de
2850 1767 3179 1838 Communi
3224 1769 3411 1838 unius

1842 1852 2127 1938 Martyris
2156 1875 2222 1918 ».

1978 1943 2081 2008 10.
2132 1944 2291 2012 item
2337 1960 2498 2027 quae
2525 1941 2733 2010 Oratio
2777 1941 3048 2012 dicenda
3091 1943 3266 2016 sitin
3297 1950 3413 2012 Fe-

1840 2035 1937 2092 sto
1985 2030 2049 2095 S.
2100 2028 2365 2097 chiliani
2410 2028 2618 2116 Episc.
2669 2027 2995 2116 Martyris?

1969 2119 2057 2202 13.
2108 2137 2146 2180 α
2178 2116 2385 2184 Oratio
2428 2118 2879 2202 Infirmitatem
2909 2139 2971 2184 ν.

1977 2208 2082 2272 11.
2132 2208 2292 2272 ltem
2339 2222 2499 2289 quae
2544 2205 2751 2276 Oratio
2799 2216 2865 2272 et
2894 2207 3069 2276 atissa
3116 2207 3181 2276 in
3225 2212 3413 2275 Festo

1841 2295 1907 2358 S.
1957 2290 2234 2360 Uldarici
2280 2295 2320 2360 4
2364 2290 2547 2359 Iulii?

1973 2383 2061 2464 R).
2112 2401 2150 2444 α
2184 2380 2359 2445 Missa
2405 2381 2526 2446 erit
2583 2381 2884 2464 Statuit,
2933 2392 2999 2448 et
3047 2381 3255 2452 Oratio
3312 2386 3411 2452 Da

1843 2487 2232 2551 quaesumus
2265 2490 2331 2533 >-

1978 2558 2081 2621 12.
2116 2557 2277 2626 Cum
2307 2559 2566 2626 Festum
2593 2561 2923 2626 Sacrarum
2953 2556 3411 2646 Reliquiurum,

1843 2661 2002 2730 quae
2048 2643 2114 2709 in
2158 2642 2472 2729 aliquibus
2536 2644 2836 2713 Ecclesiis
2902 2646 3149 2714 Ordinis
3204 2647 3413 2716 Nostri

1841 2741 2268 2813 asservantur,
2316 2731 2680 2800 celebretur
2708 2733 2828 2801 sub
2870 2733 3001 2800 ritu
3042 2735 3283 2822 duplici
3314 2755 3413 2802 se-

1845 2819 2089 2886 cundae
2154 2818 2369 2886 classis
2436 2821 2500 2887 in
2566 2819 2673 2888 die
2736 2821 3102 2908 Dominica,
3172 2833 3237 2891 et
3302 2823 3411 2892 ali-

1843 2907 2095 2994 quando
2129 2906 2194 2977 in
2230 2906 2457 2977 eadem
2486 2907 2804 2977 Dominica
2837 2921 3125 2981 occurrat
3155 2916 3415 2981 Festum

1847 2998 1910 3063 S.
1961 3000 2167 3063 Lucae
2217 2995 2683 3081 Evangelistae,
2730 2998 3057 3081 quaeritur
3098 3000 3286 3085 quale
3334 3001 3416 3065 sit

1846 3082 2381 3239 trffinstereaedum,
2431 3093 2497 3151 et
2539 3082 2624 3152 de
2669 3102 2795 3169 quo
2838 3086 3292 3155 celebrandum
3333 3087 3416 3153 sit

1844 3176 1892 3241 0
1958 3169 2132 3236 cium

1973 3262 2062 3343 R).
2124 3279 2162 3322 α
2201 3261 2337 3325 Non
2397 3268 2492 3325 est
2552 3259 3059 3329 transferendum
3124 3261 3413 3331 Officium

1847 3349 1910 3417 S.
1961 3349 2166 3419 Lucae
2197 3368 2261 3412 a.
2584 3414 2591 3421 ,
2684 3408 2693 3422 ,

1982 3437 2084 3501 13.
2134 3434 2233 3501 An
2280 3434 2343 3500 in
2382 3434 2682 3505 secundis
2710 3436 3004 3523 vesperis
3034 3439 3199 3507 Festi
3231 3441 3296 3509 S.
3334 3443 3413 3506 F.-

1846 3521 2084 3591 miliani
2109 3520 2387 3606 Abbatis,
2412 3523 2582 3608 quod
2614 3533 2707 3589 est
2738 3523 2922 3610 dupl.
2952 3526 3129 3609 mal„
3162 3536 3227 3592 et
3254 3545 3415 3612 quae

1847 3619 2239 3677 concurrunt
2283 3629 2430 3676 cum
2475 3614 2656 3677 Festo
2715 3612 2996 3703 omnium
3040 3614 3415 3685 Sanctorum

1848 3697 2320 3780 nonachorum,
2354 3697 2637 3767 iacienda
2680 3699 2760 3766 sit
2790 3702 3304 3784 commemoratio
3333 3703 3416 3769 de

1847 3788 1911 3853 S.
1959 3785 2309 3869 Emiliano,
2358 3795 2583 3887 utpote
2638 3787 2745 3872 qui
2793 3797 2857 3853 et
2916 3788 3051 3875 ipse
3112 3800 3209 3855 est
3252 3809 3415 3859 unus

1845 3891 1928 3939 ex
1975 3873 2197 3941 iisdem
2243 3877 2481 3943 Sanctis
2522 3874 2860 3959 Monachis,
2900 3893 3172 3961 quorum
3220 3877 3417 3945 festus

1847 3960 1985 4028 dies
2043 3961 2351 4028 celebrari
2405 3960 2621 4048 incipit
2681 3961 2743 4027 in
2811 3962 3028 4050 primis
3074 3961 3416 4051 vesperis?

1957 4051 2065 4133 en).
2116 4070 2154 4113 α
2187 4048 2574 4123 Affirmative
2607 4072 2669 4115 a».

1985 4140 2087 4203 14.
2138 4138 2236 4205 An
2295 4140 2551 4205 Festum
2606 4137 2783 4207 ssmi
2844 4139 3124 4208 Nominis
3191 4139 3417 4209 Mariae

1848 4223 2300 4292 celebrandum
2364 4223 2444 4289 sit
2511 4224 2828 4291 Dominica
2894 4226 3055 4294 intra
3118 4230 3416 4295 Octavam

1846 4311 2231 4396 Nativitatis,
2290 4311 2483 4381 etiam
2542 4312 2595 4377 si
2641 4313 2964 4383 Dominica
3017 4325 3304 4385 occurrat
3351 4315 3414 4380 in

1846 4400 1978 4488 ipsa
2022 4400 2130 4468 die
2175 4396 2439 4467 octava?

1979 4492 2065 4574 R).
2115 4510 2153 4553 α
2185 4487 2570 4555 Affirmative
2637 4489 2713 4555 ad
2761 4499 3150 4576 utrunque,
3214 4500 3280 4555 et
3332 4509 3417 4557 ex

1813 4588 2228 4664 -praecept0;
2282 4586 2346 4643 et
2392 4576 2646 4661 quando
2692 4577 2823 4664 ipsa
2867 4577 3007 4647 dies
3030 4572 3254 4645 'octava
3300 4580 3416 4642 Na-

1852 4662 2108 4731 tivitatis
2151 4662 2386 4731 incidat
2417 4666 2485 4733 in
2511 4664 2855 4747 Dominica,
2887 4665 3058 4731 nulla
3092 4664 3196 4733 fiat
3242 4683 3415 4732 com-

1847 4750 2219 4820 memoratio
2264 4761 2519 4821 octavae
2551 4774 2614 4818 ι.

1984 4842 2091 4905 125.
2138 4847 2233 4909 An
2280 4841 2535 4905 Festum
2581 4843 2908 4907 Sacrarum
2953 4839 3414 4926 Reliquiarum‚

1846 4944 2007 5012 quae
2056 4935 2448 4995 asservantur
2493 4926 2556 4993 in
2588 4925 2889 4993 Ecclesiis
2915 4926 3162 4995 Ordinis
3190 4929 3417 5014 nostri,

1847 5014 2302 5080 celebrandum
2332 5013 2414 5078 sit
2445 5023 2510 5079 et
2550 5034 2667 5101 qua
2698 5013 2804 5084 die
2836 5032 3061 5081 mense
3086 5016 3418 5087 Octobris?

1864 5112 1870 5119 '
1977 5106 2068 5189 Εῇ.
2118 5127 2156 5170 ‹
2187 5101 2599 5186 Affirmative,
2647 5112 2712 5167 et
2758 5101 2865 5170 die
2909 5107 2995 5173 ³0
3036 5102 3319 5173 Octobris
3348 5126 3409 5169 a».
