4042 5950
2002 176 2475 256 -290—

605 429 676 494 S.
727 357 1051 495 ῙΞὶιιΙεΙίζίιξιι
1069 424 1304 492 dicitur
1355 425 1547 491 Credo
1606 425 1683 491 ab
1745 422 2037 499 omnibus
2083 425 2186 490 Sa-

611 532 792 581 crum
839 511 1235 596 facientibus,
1285 513 1472 579 etiam
1522 524 1699 579 extra
1743 511 2186 579 cathedralem

611 600 960 669 Ecclesiam
993 600 1099 666 ubi
1138 611 1378 669 tantum
1403 600 1728 687 Reliquiae
1761 608 2183 666 asservantur.

613 689 967 843 Retingndea
1014 707 1095 757 ne
1143 697 1238 755 est
1285 688 1443 755 haec
1493 686 2012 757 immemorabilis
2045 705 2191 753 con·

614 789 804 845 suetn
855 796 892 840 o

745 870 810 931 2.
863 864 1079 931 Missae
1127 863 1190 929 in
1235 866 1519 933 Oratorio
1574 863 1818 952 privato
1863 880 1990 928 non
2047 881 2194 949 pos·

617 962 766 1019 sunt
810 951 1123 1019 celebrari
1171 954 1234 1019 in
1279 955 1463 1019 Festo
1510 950 1768 1018 Titulari
1825 951 2190 1035 Parochiae,

614 1039 724 1106 ubi
775 1039 1128 1106 Oratorium
1185 1049 1619 1109 constructum
1669 1049 1792 1105 est.
1842 1041 2081 1106 Verum
2131 1038 2195 1105 in

615 1125 911 1195 Oratoriis
945 1127 1200 1215 privatis
1231 1127 1391 1193 intra
1427 1127 1760 1194 Civitatem
1793 1124 2193 1209 constructis,

619 1213 893 1282 debetur
937 1233 1019 1280 ne
1065 1215 1310 1282 censeri
1358 1214 1750 1302 prohibitum
1795 1218 2058 1282 Sacrum
2108 1213 2195 1278 fa·

619 1321 767 1369 cere
815 1303 1005 1367 etiam
1053 1304 1116 1369 in
1154 1303 1259 1370 die
1288 1302 1578 1369 Titularis
1624 1302 1923 1384 civitatis,
1958 1319 2195 1387 nempe

621 1390 732 1457 die
764 1389 946 1455 tertia
994 1389 1170 1471 Μαίη
1218 1390 1320 1456 vel
1371 1401 1612 1457 tantum
1661 1392 1722 1457 in
1770 1390 1874 1458 die
1905 1389 2198 1456 Titularis

620 1477 914 1567 propriae
959 1476 1338 1545 Parochiae‘?
2054 1476 2059 1481 ’

755 1570 822 1632 3.-
876 1567 1354 1649 coecutientes,
1410 1566 1820 1657 privilegium
1893 1565 2197 1631 babentes

626 1653 866 1718 Missam
915 1653 1207 1720 Votivam
1254 1653 1506 1721 dicendi
1554 1659 1779 1720 Beatae
1812 1654 2035 1719 Mariae
2068 1652 2200 1723 Vir-

625 1739 812 1827 ginis,
859 1752 1124 1827 possunt
1168 1761 1253 1808 ne
1300 1743 1362 1809 in
1409 1742 1514 1809 die
1556 1741 1904 1811 Nativitatis
1951 1738 2198 1807 Domini

625 1826 830 1894 Nostri
877 1830 1017 1894 lesu
1062 1829 1293 1895 Christi
1340 1841 1469 1897 tres
1516 1830 1720 1897 Missas
1766 1828 2006 1895 votivas
2051 1833 2200 1894 Bea-

625 1926 727 1983 tae
776 1915 996 1983 Mariae
1042 1916 1318 2004 Virginis
1352 1914 1724 1985 celebrare?

760 2005 822 2068 4.
858 2008 1037 2073 quta
1066 2004 1429 2073 pontificato
1463 2010 1813 2075 Romanum
1849 2005 2202 2093 Episcopus

625 2100 772 2178 post
813 2090 1282 2162 ordinationem
1347 2094 1868 2181 Presbyterorum
1927 2092 2202 2178 iniungit

630 2177 722 2245 eis
768 2177 893 2245 obli
943 2179 1219 2247 ationem
1279 2181 1682 2264 celebrandi,
1732 2194 1875 2268 post
1926 2182 2201 2269 primam

629 2285 851 2332 eorum
957 2265 1165 2351 issam,
1201 2287 1388 2335 unam
1427 2270 1510 2337 de
1554 2269 1796 2356 Spiritu
1828 2273 2080 2353 Sancto,
2115 2269 2202 2335 al·

632 2363 831 2425 teram
877 2354 959 2421 de
1006 2358 1192 2422 Beata
1257 2356 1440 2423 Maria
1486 2355 1783 2443 Virgine,
1830 2367 1896 2421 et
1949 2355 2203 2422 tertiam

675 2460 748 2507 ro
792 2440 1140 2509 Defunctis.
1188 2443 1282 2511 Ad
1339 2443 1459 2511 hoc
1505 2455 1576 2509 ut
1622 2443 1920 2530 obligatio
1966 2444 2204 2511 isthaec

655 2528 874 2597 acilius
919 2528 1365 2618 adimpleatur,
1399 2542 1776 2631 possuntne
1818 2532 2023 2599 dictae
2063 2532 2204 2598 Mis-

631 2635 735 2767 {ae
782 2615 848 2769 ig
903 2615 1134 2683 diebus
1192 2617 1553 2705 duplicibus
1620 2620 1969 2687 minoribus
2037 2621 2205 2687 cele·

680 2723 800 2769 rari

765 2795 832 2857 u.
856 2794 1018 2863 Dum
1051 2792 1181 2859 duo
1208 2793 1416 2861 Officia
1447 2795 1749 2866 Passionis
1789 2804 2201 2879 concurrunt,

633 2877 996 2963 quaeritur:
1066 2883 1294 2949 Utrum
1355 2886 1673 2969 vesperae
1732 2885 2008 2953 debeant
2067 2881 2207 2953 fieri

635 2967 717 3040 de
762 2966 1002 3054 primo,
1051 2968 1156 3036 vel
1206 2970 1286 3038 de
1331 2969 1666 3040 secundo?

770 3058 954 3123 Sacra
1010 3056 1270 3130 Rituum
1330 3062 1791 3149 congregatio,
1839 3062 1916 3129 ad
1964 3060 2205 3126 Vatica-

635 3164 745 3212 nas
774 3144 985 3212 Aedes
1023 3144 1412 3236 infrascripta
1447 3143 1550 3215 die
1583 3152 1955 3233 coadunata,
1990 3151 2069 3218 ad
2105 3171 2205 3217 re·

637 3232 936 3300 lationem
982 3238 1055 3302 R.
1104 3238 1168 3299 P.
1215 3240 1289 3302 D.
1332 3239 1695 3322 secretarii,
1744 3239 2040 3306 omnibus
2083 3239 2206 3305 rite

637 3319 965 3420 perpensis
1005 3333 1069 3390 et
1102 3324 1492 3408 examinatis,
1526 3327 2011 3396 rescribendum
2059 3346 2207 3396 cen·

635 3419 801 3476 suit:

767 3495 863 3562 Ad
915 3500 974 3562 1.
1026 3519 1064 3561 ‹
1095 3497 1423 3586 Negative,
1471 3501 1660 3570 etiam
1711 3502 1772 3570 in
1818 3505 2205 3592 Cathedrali‚

638 3582 991 3651 dummodo
1023 3587 1311 3672 Reliquis
1340 3608 1467 3656 non
1501 3590 1697 3657 luerit
1729 3591 2029 3679 insignis;
2081 3611 2206 3678 quo

638 3689 810 3756 casu,
843 3669 1230 3740 Affirmative
1280 3676 1343 3742 in
1374 3676 1730 3745 cathedrali
1781 3691 2021 3746 tantum
2056 3703 2116 3745 ιι.

767 3757 863 3825 Ad
912 3763 976 3827 2.
1029 3782 1067 3824 ι
1099 3762 1492 3830 Prohibitum
1525 3776 1620 3830 est
1649 3776 1896 3835 tantum
1928 3769 1989 3834 in
2021 3772 2210 3836 Festo

638 3846 882 3912 Patroni
932 3846 1211 3915 Civitatis
1241 3852 1344 3917 vel
1391 3852 1732 3938 DioecesiS,
1769 3874 1895 3922 non
1928 3855 1990 3924 in
2023 3861 2209 3926 Festo

638 3933 972 4034 Titularis;
1043 3937 1216 4022 quod
1284 3957 1411 4006 non
1480 3938 1724 4008 inducit
1791 3954 2209 4032 praeceptum

638 4021 941 4090 audiendi
966 4025 1226 4090 Sacrum
1255 4037 1326 4092 et
1345 4027 1699 4098 abstinendi
1723 4051 1756 4096 a
1777 4031 2117 4100 servilibus
2140 4054 2205 4099 ».

770 4111 866 4179 Ad
917 4115 983 4179 3.
1031 4133 1069 4175 ‹
1103 4113 1410 4201 Negative
1443 4136 1503 4183 ».

771 4199 869 4268 Ad
917 4202 980 4266 4.
1032 4219 1071 4264 ‹
1103 4202 1434 4289 Negative,
1483 4204 1594 4274 sed
1647 4204 1714 4276 in
1744 4205 1969 4280 diebus
2006 4228 2038 4272 a
2083 4212 2208 4277 Ru-

641 4285 810 4354 brica
856 4288 1177 4376 permissis
1204 4311 1269 4354 ν.
1913 4302 1922 4314 ·

770 4376 867 4443 Ad
913 4380 981 4442 ὕ.
1027 4395 1066 4440 ‹
1100 4376 1265 4446 Nihil
1320 4378 1401 4445 de
1465 4382 1800 4467 sequenti;
1861 4384 2209 4453 dummodo

639 4480 770 4530 non
813 4461 1008 4531 fuerit
1053 4462 1316 4551 potioris
1359 4463 1556 4537 ritus:
1622 4480 1771 4537 tunc
1827 4472 1997 4539 enim
2052 4473 2211 4541 nihil

642 4550 725 4618 de
772 4549 982 4636 primo
1016 4572 1081 4617 ».

769 4641 979 4724 Atque
1010 4639 1090 4705 ita
1122 4637 1449 4727 rescripsit
1478 4663 1550 4711 ac
1579 4645 1817 4714 servari
1863 4648 2209 4717 mandavit.

771 4724 886 4794 Die
937 4731 1012 4795 11
1062 4727 1298 4815 Aprilis
1347 4734 1539 4800 1840.

640 4899 903 4972 2803.
1174 4907 1682 4976 GAMERACEN.
1982 4893 2207 5001 (487⁹)

769 5080 1078 5147 Parochus
1104 5086 1386 5150 Decanus
1413 5057 1620 5152 Sancti
1643 5088 1807 5153 Petri
1834 5089 1915 5160 de
1931 5093 2205 5172 Danuui,

640 5166 814 5252 quod
862 5177 957 5233 est
1000 5167 1320 5255 Oppidum
1363 5174 1829 5241 Cameracensis
1862 5179 2208 5262 DioecesiS,

637 5272 910 5344 sequens
941 5255 1207 5323 dubium
1253 5262 1478 5326 Sacrae
1525 5262 1782 5328 Rituum
1844 5264 2203 5351 Congrega-

1054 356 1091 404 e
1148 356 1317 404 nunc
1374 336 1438 403 in
1505 336 1682 403 Missa
1741 334 2188 405 'translationis
2285 332 2444 402 tioni
2503 353 2625 423 pro
2682 344 3042 423 opportuna
3107 331 3423 399 solutione
3489 326 3851 417 proposuit3

2290 422 2594 490 nimirum
2618 444 2635 488 ι

3980 346 3984 389 l

3981 438 3983 477 1

2422 514 2517 578 An
2562 509 2837 578 debeant
2883 527 3141 595 semper
3188 517 3318 572 tres
3346 508 3423 574 ad
3470 505 3696 571 minua
3734 506 3861 571 Ora·
3981 524 3984 567 z

2293 598 2494 664 tiones
2556 598 2812 681 cantari,
2860 598 3114 683 quando
3162 594 3232 662 fit
3277 595 3361 664 de
3400 592 3761 675 Dominica,
3804 606 3859 659 et

2294 685 2655 752 celebratur
2699 686 2879 753 Missa
2923 682 3225 749 solemnis
3284 701 3428 749 cum
3486 680 3767 748 Diacono
3804 690 3860 745 et

2291 772 2723 841 subdiacono:
2759 773 2918 840 ratio
2949 771 3279 839 dubitandi
3313 779 3435 854 est,
3464 768 3657 855 quod
3688 786 3862 852 quae-

2294 862 2443 930 dam
2499 862 2843 929 Directoria
2910 861 3134 928 dicunt
3202 859 3447 925 Missam
3518 856 3871 923 solemnem·

2296 948 2965 1021 commemorationem
2994 945 3315 1034 Simplicis
3345 940 3749 1013 excludere?
3775 943 3864 1041 vel

2296 1036 2559 1105 sufficiat
2606 1048 2759 1105 tunc
2803 1037 3050 1107 unicam
3097 1034 3460 1104 Orationem
3511 1051 3774 1113 canere,
3819 1051 3863 1096 si

2296 1146 2422 1192 non
2471 1125 2719 1193 intersit
2767 1123 3028 1192 octava?

2427 1218 2505 1281 Et
2552 1216 2736 1281 Sacra
2779 1213 3038 1281 Rituum
3083 1210 3540 1298 congregatio,
3592 1208 3673 1275 ad
3720 1208 3867 1275 Vati·

2300 1321 2478 1369 canas
2522 1302 2735 1368 Aedes
2780 1300 3170 1388 infrascripta
3215 1298 3319 1368 die
3373 1296 3760 1377 coadunata,
3802 1294 3865 1359 ad

2300 1388 2683 1456 relationem*
2721 1387 3061 1477 subscripti
3108 1386 3446 1461 secretarii
3485 1396 3559 1452 et
3592 1382 3867 1482 omnihus

2297 1491 2547 1544 mature
2587 1476 3021 1559 consideratis,
3059 1475 3544 1544 rescribendum
3596 1480 3866 1539 censum

2299 1589 2337 1631 ‹
2372 1571 2441 1633 ln
2487 1564 2681 1630 Missis
2735 1566 3138 1635 solemnibus
3189 1561 3463 1649 duplicis
3524 1561 3773 1649 primae
3816 1568 3868 1621 et

2298 1652 2620 1720 secundae
2689 1651 2900 1719 classis
2970 1662 3237 1736 tantum,
3287 1651 3689 1717 omittuntur
3734 1646 3870 1711 aliae

2300 1741 2625 1809 Orationes
2655 1762 2719 1806 ι.

2433 1833 2640 1916 Atque
2698 1830 2779 1895 ita
2825 1828 3150 1915 rescripsit
3197 1838 3261 1895 et
3307 1823 3689 1894 declaravit.

2434 1919 2547 1985 Die
2599 1922 2674 1985 11
2723 1917 2960 2005 Aprilis
3014 1919 3205 1987 1840.

2306 2059 2570 2128 2804.
2835 2059 3343 2126 rLanN'nNA.
3662 2052 3870 2141 (assi)

2434 2181 2701 2249 Plebana
2749 2181 2814 2248 in
2860 2181 3141 2248 Ecclesia
3169 2181 3378 2247 Sancti
3409 2176 3869 2247 Bartholomaei

2306 2271 2504 2358 vulgo
2570 2279 2924 2357 nuncupata
2991 2290 3024 2334 a
3089 2270 3407 2353 Gaqliano
3473 2264 3874 2335 Florentinae

2305 2358 2807 2426 Archidioecesis
2855 2368 3065 2423 erecta
3093 2368 3191 2423 est
3220 2355 3531 2424 sodalitas
3554 2354 3754 2420 titulo
3780 2352 3873 2417 bo·
3978 2378 3984 2395 ¹

2308 2467 2426 2515 nae
2472 2447 2712 2513 Mortis.
2777 2446 2872 2513 Ad
2922 2443 3255 2531 utriusque
3320 2462 3512 2513 sexus
3560 2439 3874 2517 Sodalium

2306 2535 2490 2602 saluti
2545 2532 3102 2622 prospiciendum,
3157 2532 3535 2620 praesertim
3594 2531 3757 2597 dum
3819 2528 3872 2593 in

2309 2634 2598 2690 extremo
2670 2620 2889 2691 mortis
2959 2621 3247 2709 periculo
3314 2628 3466 2687 sunt
3528 2615 3873 2697 constituti,

2309 2713 2532 2781 Sacrae
2603 2711 2863 2777 Ritunm
2936 2707 3422 2797 congregationi
3499 2702 3873 2794 supplicavit
3942 2718 3951 2735 ·

2305 2798 2610 2868 Sacerdos
2657 2797 2999 2866 Stanislaus
3041 2798 3225 2867 Puni
3273 2795 3633 2863 recensitae
3666 2792 3873 2890 Eccteff

2308 2886 2435 2953 siae
2479 2885 2814 2971 Plebanus,
2862 2895 3172 2971 quatenus
3216 2884 3293 2951 ad
3341 2883 3554 2953 Sancti
3599 2879 3872 2969 Apostoli

2308 2974 2616 3062 praedicti
2663 2976 2849 3041 Aram
2909 2975 3113 3042 valeat
3168 2970 3479 3042 celebrari
3543 2971 3727 3042 Missa
3770 2985 3872 3066 ΡΨ

2309 3064 2565 3132 infirmo
2607 3063 2671 3129 in
2726 3063 2947 3132 mortis
3010 3062 3277 3128 articulo
3342 3060 3696 3130 constituto
3766 3063 3871 3144 (ult

2305 3162 2546 3241 prostat
2579 3151 2643 3218 in
2688 3152 2859 3219 calce
2894 3149 3147 3217 Missalis
3176 3147 3464 3235 Romani)
3500 3147 3695 3215 toties
3725 3163 3869 3231 quo·

2312 3241 2432 3308 ties
2476 3238 2748 3326 quilibet
2793 3239 3121 3308 Sodalium
3152 3237 3216 3305 in
3244 3238 3364 3305 hoc
3405 3236 3701 3324 periculo
3746 3250 3873 3300 ver-

2310 3339 2502 3395 satur.

2438 3420 2519 3482 Et
2550 3419 2729 3484 Sacra
2761 3413 3022 3483 Rituum
3053 3412 3501 3503 congregatio,
3539 3411 3619 3479 ad
3652 3408 3875 3480 Vatica-

2309 3525 2420 3574 nas
2460 3504 2671 3572 Aedes
2715 3503 3104 3591 infrascripta
3134 3505 3239 3573 die
3270 3501 3641 3584 coadunata,
3680 3499 3758 3566 ad
3784 3515 3870 3596 re-

2313 3594 2610 3662 lationem
2652 3590 2989 3678 subscripti
3034 3589 3396 3674 Secretarii,
3432 3586 3731 3660 omnibus
3765 3593 3873 3651 rite

2312 3681 2669 3836 perpensis,
2704 3680 3186 3748 rescribendum
3217 3676 3500 3746 censuit:
3534 3698 3573 3743 ι
3593 3681 3719 3743 Pro
3744 3671 3869 3773 col·

2339 3779 2475 3836 ecta
2535 3778 2813 3851 tantum,
2884 3769 2949 3836 in
3016 3768 3196 3834 Missa
3251 3766 3380 3834 diei
3414 3786 3476 3834 ι.
3534 3767 3749 3850 Atque
3800 3773 3870 3825 tta

2311 3856 2545 3924 servari
2578 3874 2764 3944 posse
2795 3855 3119 3943 permisit3
3160 3864 3439 3921 attamen
3462 3852 3733 3922 servatis
3758 3853 3869 3917 Ru·

2313 3944 2525 4012 bricis.

2443 4032 2554 4099 Die
2608 4036 2682 4099 11
2730 4032 2963 4120 Aprilis
3012 4035 3204 4100 1840.

2314 4169 2580 4243 2805.
2845 4173 3370 4241 mosenum.
3658 4165 3864 4260 (aasz)

2447 4302 2666 4366 Sacrae
2712 4296 2972 4366 Rituum
3003 4298 3490 4386 congregationi
3527 4297 3867 4365 humillima

2315 4384 2613 4487 exposuit
2676 4386 3268 4456 Reverendissimus
3326 4386 3717 4475 Hydruntin.
3771 4389 3867 4452 Ar·

2315 4473 2757 4566 chiepiscopus
2803 4474 2911 4541 illa
2958 4474 3020 4542 in
3065 4474 3387 4542 Provincia
3415 4476 3650 4543 sensim
3693 4478 3867 4544 cano·

2317 4561 2491 4628 nEcos
2524 4580 2745 4630 omnes
2771 4561 2909 4630 sine
2938 4561 3201 4650 speciali
3229 4561 3571 4650 privilegio
3600 4562 3722 4630 sibi
3752 4559 3867 4626 vin·

2319 4650 2556 4717 dicasse
2600 4651 2907 4736 quaedam
2954 4649 3245 4738 specialia
3304 4650 3562 4718 honoris
3624 4647 3865 4737 insignia

2315 4737 2493 4825 quasi
2534 4739 2653 4806 sibi
2700 4738 2941 4821 debita,
2991 4758 3073 4805 ex
3116 4758 3244 4826 quo
3274 4738 3732 4807 renunciantur
3774 4739 3865 4805 Ga·

2317 4825 2567 4911 nonici;
2616 4825 2904 4915 gestandi
2971 4826 3272 4895 nimirum
3318 4826 3383 4895 in
3428 4825 3663 4913 galeria
3706 4826 3865 4894 chor·

2316 4914 2495 4984 dulas
2540 4933 2688 4983 cum
2722 4914 2933 4986 floccis
2963 4925 3033 4981 et
3075 4915 3303 5001 caligas
3332 4914 3597 4986 violacei
3631 4912 3863 4991 coloris,

2316 5004 2751 5091 quosdamque
2800 5023 2881 5070 ex
2932 5001 3082 5091 ipsis
3127 5003 3315 5069 etiam
3362 5003 3693 5071 annulum.
3743 5005 3865 5069 Pro·

2320 5103 2539 5176 pterea
2570 5111 2685 5178 pro
2716 5094 2815 5161 sui
2845 5093 3127 5161 muneris
3174 5103 3352 5179 parte
3390 5090 3743 5176 quaesivitt
3783 5089 3863 5156 An

2316 5197 2466 5243 usus
2526 5200 2559 5244 a
2617 5178 2940 5247 canonicis
3012 5190 3146 5246 tum
3213 5180 3684 5248 cathedralium
3749 5188 3862 5245 tum

2317 5267 2601 5333 omnium
2632 5268 3121 5355 collegiatarum
3162 5269 3455 5357 pluribus
3485 5269 3561 5336 ab
3608 5264 3751 5336 hino
3778 5283 3861 5332 an·

3978 3677 3984 3804 Ι
