4042 5950
1517 321 2018 400 .-79-

193 484 328 550 dum
388 481 680 548 censuit:
749 500 787 542 «
820 485 888 547 In
935 478 1197 568 decisis;
1263 490 1328 546 et
1387 477 1753 567 amplius».

193 571 292 637 nie
334 574 416 636 20
461 570 602 636 Maii
656 572 845 636 1741.

190 713 427 783 2332.
500 713 901 779 nuceam:
946 714 1443 779 memorium.
1527 712 1752 798 (4113)

302 838 367 901 ln
413 852 596 902 causa
645 832 955 899 Nuceriae
999 836 1389 920 paganorum
1438 832 1604 897 inter
1658 851 1755 896 so·

191 924 347 989 dales
378 919 934 989 confraternitatis
966 918 1141 987 SSmi
1169 918 1467 1007 Corporis
1495 919 1754 1004 Christi,

191 1011 474 1077 babentes
520 1007 847 1096 propriam
879 1006 1225 1075 Ecclesiam
1255 1008 1374 1074 sub
1406 1008 1653 1074 eodem·
1679 1007 1759 1072 ti-

191 1099 308 1163 tulo
352 1116 557 1185 prope
606 1093 1036 1162 Parocbialem
1069 1098 1136 1161 S.
1169 1095 1419 1180 Felicis,
1454 1095 1562 1181 qui
1593 1093 1755 1161 sem·

189 1205 292 1273 per
333 1198 395 1251 et
442 1203 649 1271 usque
696 1184 774 1250 ad
803 1201 1106 1268 praesens
1139 1183 1203 1249 in
1232 1183 1551 1250 Dominica
1597 1182 1755 1249 infra

190 1285 448 1339 octavam
497 1273 664 1340 Festi
714 1272 886 1340 SSffii
936 1271 1230 1357 Corporis
1290 1270 1522 1337 Christi
1587 1271 1754 1337 sole·

189 1379 382 1428 muem
426 1360 908 1427 Processionem
955 1369 1382 1446 peregerunt,
1434 1359 1624 1424 etiam
1657 1378 1760 1424 au-

192 1450 458 1515 ctoritate
506 1448 701 1515 huius
746 1451 812 1516 S.
840 1453 913 1516 R.
944 1453 1048 1531 C.,
1083 1466 1202 1513 uec
1231 1465 1360 1512 non
1390 1446 1756 1513 Communi·

191 1547 360 1601 tatem
408 1536 704 1603 eiusdem
734 1537 1017 1602 Civitatis
1061 1533 1405 1620 praedictis
1435 1533 1755 1601 sodalibus

190 1624 625 1691 adhaerentem
687 1642 765 1689 ex
824 1643 986 1708 una,
1035 1634 1228 1708 atque
1285 1622 1633 1708 Dignitates
1688 1631 1755 1686 et

189 1712 509 1778 Canonicos
544 1711 938 1778 Cathedralis
968 1710 1292 1778 Ecclesiae
1330 1729 1400 1775 ac
1433 1715 1753 1776 Promotu-

191 1818 307 1865 rem
331 1800 634 1866 Fiscalem
671 1799 843 1866 illius
879 1799 1103 1867 Curiae
1143 1797 1359 1885 episco
1406 1798 1543 1881 alis,
1572 1815 1754 1898 prae·

191 1888 508 1953 tendentes
543 1888 609 1953 in
643 1888 868 1953 eadem
900 1886 1310 1953 Processione
1403 1885 1592 1951 eferrt
1627 1904 1753 1950 non

191 1993 351 2062 posse
395 1984 613 2042 vestes
659 1994 862 2041 sacras
907 1993 1030 2062 per
1073 1973 1509 2061 Presbyter-os,
1543 1973 1754 2039 Diaco-

189 2081 287 2128 uos
342 2075 408 2129 et
474 2063 961 2146 Subdiaconos,
1008 2082 1128 2129 nec
1189 2061 1414 2130 extolli
1481 2064 1753 2127 Crucem

190 2151 725 2237 processionaliter
756 2171 789 2215 a
822 2149 1218 2219 Subdiacouo
1251 2169 1397 2216 cum
1431 2148 1754 2226 Tunicella

193 2249 422 2324 parato,
470 2236 763 2327 partibus
830 2257 909 2304 ex
971 2239 1201 2324 altera3
1251 2237 1592 2326 propositis
1639 2254 1755 2324 per

193 2330 394 2392 Emum
441 2339 507 2393 et
552 2331 789 2394 Rmum
847 2330 924 2393 D.
975 2326 1159 2394 Card.
1209 2325 1294 2392 de
1350 2328 1588 2393 Teucin
1642 2328 1754 2390 Po-

192 2424 427 2481 ueutem
474 2414 895 2501 infrascriptis
942 2413 1175 2498 dubiiS,
1226 2413 1574 2481 videlicet:

306 2507 364 2568 1.
390 2509 486 2569 Au
513 2504 919 2585 Sacerdotes,
953 2500 1233 2586 Diaconi,
1269 2499 1644 2569 Subdiaconi
1691 2500 1756 2565 in

190 2591 577 2656 Processioue
626 2609 788 2676 quae
836 2588 1165 2677 peragitur
1212 2588 1276 2655 in
1308 2588 1628 2655 Dominica
1662 2589 1756 2654 in-

191 2677 262 2741 fra
289 2689 566 2743 octavam
603 2676 1024 2744 solemnitatis
1054 2676 1227 2744 szui
1259 2676 1559 2763 Corporis
1583 2676 1756 2742 Chri·

189 2765 254 2829 sti
296 2764 454 2831 iutra
501 2765 739 2833 limites
786 2765 978 2831 totius
1036 2765 1366 2844 Paroeciae
1415 2769 1479 2834 S.
1529 2764 1756 2831 Felicis

188 2853 607 2921 Universitatis
638 2858 1054 2939 Paganorum,
1078 2853 1321 2941 possint
1355 2854 1624 2921 induere
1655 2873 1755 2920 su·

189 2959 289 3027 per
329 2941 483 3008 albis
529 2942 812 3026 CasulaS,
863 2950 930 3008 et
977 2942 1338 3028 respective
1388 2941 1757 3009 Dalmaticas

187 3039 241 3094 et
281 3027 689 3099 Tunicellas?

299 3123 361 3184 2.
411 3125 508 3185 An
556 3122 732 3187 Crux
780 3117 1260 3206 processionalis
1289 3118 1485 3207 possit
1516 3117 1759 3185 deferri

188 3216 314 3270 aute
358 3207 624 3275 Clerum
673 3226 788 3294 per
835 3206 1312 3273 subdiaconum
1361 3224 1508 3285 cum
1566 3206 1756 3272 Tuni-

188 3294 329 3359 cella
371 3308 701 3384 paratum;
751 3295 1118 3380 vel-potius
1164 3293 1370 3380 quoad
1406 3306 1755 3381 utrumque

187 3380 254 3445 sit
293 3385 684 3452 servandum
740 3394 1048 3448 assertum
1106 3384 1367 3450 solitum
1434 3381 1496 3447 iu
1557 3379 1758 3448 casu’?

299 3474 360 3538 S.
412 3475 487 3538 Β.
518 3475 625 3556 C.,
674 3470 888 3537 audita
934 3470 1382 3537 informatione
1431 3469 1753 3558 Episcopi,

188 3568 432 3645 utraque
458 3572 643 3648 parte
677 3552 1060 3625 informante
1097 3569 1159 3624 et
1191 3557 1403 3625 audita
1439 3569 1564 3625 tam
1597 3576 1755 3624 voce

189 3662 355 3729 quam
399 3648 661 3735 scriptis
708 3666 778 3712 ac
828 3645 1072 3713 iuribus
1132 3647 1278 3713 hinc
1340 3645 1490 3712 inde
1551 3645 1755 3713 dedu-

190 3732 321 3817 ctis,
379 3737 462 3806 ad
519 3736 900 3801 relationem
969 3734 1238 3819 praefati
1303 3733 1442 3799 Emi
1500 3743 1562 3798 et
1616 3733 1755 3800 Βῐῑιί

191 3822 487 3907 Poueutis,
535 3821 1028 3903 rescribendum
1075 3822 1369 3890 censuit:

299 3912 389 3977 Ad
446 3915 505 3978 1.
561 3932 598 3975 ‹
632 3909 1023 3978 Affirmative
1057 3931 1124 3977 ».

298 4000 389 4066 Ad
436 4004 504 4068 2.
556 4021 596 4064 ι
627 3997 1042 4081 Affirmative,
1070 3999 1277 4085 quoad
1311 3997 1583 4086 primam
1617 4018 1756 4086 par-

193 4095 337 4237 ῑοιᾳη
383 4087 733 4176 Negative,
783 4084 990 4172 quoad
1054 4085 1440 4167 secundam;
1491 4096 1557 4151 et
1626 4105 1752 4152 am·

194 4190 229 4256 p
253 4194 339 4240 rus
371 4198 436 4243 ».

299 4266 375 4329 Et
421 4264 507 4329 ita
553 4262 844 4330 decrevit
876 4281 945 4327 ac
977 4262 1215 4328 servari
1263 4262 1603 4330 mandavit.
1640 4262 1755 4329 Die

195 4351 263 4416 20
303 4350 435 4417 Maii
488 4354 686 4419 1741.

196 4486 430 4561 2363.
609 4496 945 4560 Nouanus
992 4493 1294 4560 rAsANt.
1524 4492 1751 4580 (4114)

307 4620 394 4681 Ex
437 4626 622 4706 parte
656 4615 1014 4683 Sacerdotis
1044 4615 1287 4683 loannis
1317 4615 1573 4682 Antonii
1607 4620 1754 4683 Fer-

197 4701 298 4766 rari
340 4703 614 4789 Magistri
660 4703 1218 4770 caeremoniarum
1252 4703 1504 4769 maioris
1537 4706 1756 4771 Eccle-

197 4786 302 4855 siae
345 4792 551 4859 Sancti
583 4790 826 4858 loanuis
854 4791 1195 4879 Baptistae,
1230 4791 1480 4858 Nullius
1523 4794 1756 4858 Terrae

201 4876 421 4961 Fasaui,
470 4878 836 4966 expositum
895 4879 1056 4945 fuit:
1120 4878 1485 4965 Capitulum
1547 4879 1757 4946 dictae

199 4964 491 5033 Ecclesiae
538 4968 616 5034 ab
664 4965 1176 5049 immemorabili,
1212 4978 1282 5031 ut
1327 4966 1653 5052 asseritur,
1690 4968 1755 5036 in

199 5052 546 5122 associandis
594 5054 1008 5122 cadaveribus
1054 5054 1477 5121 Sacerdotum
1523 5055 1755 5123 defun-

202 5148 461 5225 ctorum,
513 5145 654 5209 loco
701 5142 1028 5208 intonandi
1079 5142 1502 5229 Antiphonam
1545 5145 1753 5210 Est-ul-

203 5226 402 5294 tabunt
451 5233 718 5296 Domino
765 5240 829 5296 et
873 5230 1189 5296 Psalmum
1251 5231 1550 5296 Miserere
1594 5244 1743 5317 etc„

324 5422 399 5497 (l)
435 5427 492 5485 E.
535 5426 670 5484 Dub.
712 5427 759 5491 1,
795 5424 847 5491 2,
882 5425 934 5494 ὅ,
969 5425 1004 5483 4
1038 5431 1092 5483 et
1128 5426 1180 5485 7.

1857 481 2031 548 iuxta
2076 477 2339 545 Ritualis
2384 478 2643 548 Romani
2689 477 3169 565 dispositionem
3220 477 3323 545 tit.
3356 478 3437 546 de

1861 566 2191 653 exequiis,
2255 569 2658 635 consuevisse
2720 567 3009 635 intonare
3065 579 3251 634 canta
3303 585 3437 636 mo-

1855 656 2076 723 dulato
2124 665 2269 722 ante
2326 657 2589 724 domum
2647 655 2933 724 defuncti
2998 655 3433 722 lnvitatoriuru

1854 743 2090 812 Officii:
2141 747 2381 827 Reqem,
2419 750 2532 810 cui
2578 747 2795 810 omnia
2841 755 2960 810 etc.
3013 763 3161 810 cum
3193 746 3437 812 Psalmo

1865 835 2080 897 Venite
2122 833 2483 898 exultemus
2530 851 2650 920 per
2698 842 2889 898 totam
2924 831 3089 896 viam
3122 851 3326 917 usque
3357 833 3436 898 ad

1855 918 2201 986 Ecclesiam
2248 919 2713 1005 tumulantem;
2765 919 2899 1003 ubi,
2934 918 3223 1007 deposito
3270 920 3437 986 fere-

1855 1017 1979 1091 tro,
2030 1007 2443 1093 prosequitur
2486 1008 2809 1093 reliquum
2854 1006 3142 1074 Officium
3204 1007 3433 1073 defun-

1856 1106 2136 1178 ctorum,
2182 1111 2440 1183 semper
2485 1095 2845 1161 omittendo
2893 1093 3280 1182 praedictam
3313 1098 3437 1164 Au·

1855 1183 2182 1269 tiphouam
2228 1182 2659 1261 Eaeultabunt‚
2696 1182 3009 1267 Psalmum
3042 1183 3340 1249 Miserere
3372 1195 3436 1250 et

1857 1270 2354 1355 Respousorium
2419 1271 2757 1337 Subvenite
2816 1272 3047 1339 Sancti
3103 1271 3219 1337 Dei
3288 1290 3435 1338 cum

1854 1358 2154 1424 Precibus
2202 1369 2267 1423 et
2310 1357 2606 1424 Oratione
2650 1358 3088 1445 subsequenti,
3136 1370 3333 1445 prout
3371 1359 3435 1426 in

1856 1446 2026 1513 dicto
2074 1444 2306 1512 Rituali
2352 1445 2828 1534 praescribitur.
2877 1449 3077 1524 Quare
3119 1447 3437 1533 praedicta

1857 1533 2061 1599 omnia
2108 1532 2623 1601 animadvertens
2667 1533 2990 1621 praefatus
3049 1545 3260 1602 orator
3318 1554 3440 1622 per

1856 1621 2102 1688 dictum
2146 1620 2510 1708 Capitulum
2559 1621 2697 1689 fieri
2743 1632 2959 1689 contra
3008 1622 3272 1689 formam
3334 1621 3439 1689 Βί-

1859 1707 2044 1774 tualis
2091 1710 2352 1775 Romani
2413 1719 2478 1775 et
2539 1729 2727 1778 usum
2784 1710 3068 1777 omnium
3130 1709 3437 1778 Ecclesia·

1858 1815 2039 1879 rum,
2089 1817 2119 1861 a
2168 1799 2234 1862 S.
2280 1801 2355 1864 Β.
2407 1801 2478 1865 C.
2517 1798 2823 1864 declarari
2872 1797 3150 1865 demisse
3195 1798 3436 1885 suppli·

1857 1884 2066 2040 cavgt:
2115 1891 2212 1951 Au
2260 1885 2620 1952 huiusmodi
2683 1886 3084 1954 consuetudo
3131 1889 3436 1952 servanda

1856 1983 1935 2038 stt

1987 2064 2069 2126 Et
2121 2063 2189 2128 S.
2237 2065 2315 2128 Β.
2362 2065 2462 2145 C.,
2512 2061 2721 2128 audita
2767 2062 2947 2148 prius
2996 2060 3436 2129 informatione

1855 2148 2195 2232 Ordinarii,
2224 2149 2592 2236 rescripsit:
2627 2171 2667 2214 ι
2697 2151 3005 2216 Servetur
3037 2150 3283 2216 Rituale
3316 2153 3436 2216 Ro·

1857 2255 2116 2304 manum
2148 2259 2211 2301 ι.
2265 2240 2375 2302 Die
2422 2241 2506 2304 20
2553 2236 2689 2303 Maii
2743 2241 2933 2304 1741.

1858 2378 2118 2447 2364.
2485 2379 2803 2445 1111111111.
3209 2378 3435 2465 (1113)

1987 2507 2147 2571 Cum
2198 2522 2277 2569 ex
2326 2512 2506 2590 parte
2559 2500 3100 2569 Confrateruitatis
3153 2522 3194 2567 a
3240 2502 3439 2567 Morte

1857 2603 1912 2658 et
1982 2593 2293 2657 Oratione
2360 2600 2797 2678 nuncupatae,
2858 2589 2977 2656 sub
3046 2589 3437 2655 invocatione

1858 2683 1923 2746 S.
1973 2679 2204 2747 Luciae
2250 2679 2531 2747 Civitatis
2578 2683 2838 2745 lauueu.
2890 2676 3253 2765 expositum
3300 2676 3437 2743 fue·

1859 2767 1965 2851 rit,
2001 2767 2173 2852 quod
2207 2765 2401 2833 iidem
2433 2766 2799 2834 confratres
2842 2764 3101 2854 speciali
3149 2765 3440 2832 instituto

1858 2855 2065 2921 solent
2112 2853 2395 2939 qualibet
2440 2853 2618 2919 Feria
2662 2857 2968 2936 secunda,
3017 2872 3049 2918 a
3096 2856 3281 2919 Festo
3329 2853 3442 2919 du·

1856 2941 2008 3031 plici
2058 2940 2316 3009 minime
2364 2942 2690 3028 impedita,
2738 2960 2880 3009 sese
2929 2958 3320 3030 congregare
3379 2939 3441 3008 iu

1856 3031 2141 3099 Oratorio
2186 3030 2395 3097 dictae
2441 3029 3023 3113 Confrateruitatis,
3082 3029 3296 3115 ibique
3341 3048 3440 3094 re-

1859 3119 2055 3186 citare
2121 3117 2409 3186 Officium
2477 3118 2931 3185 defunctorum
3008 3129 3073 3183 et
3145 3116 3439 3183 assistere

1859 3208 2079 3273 Missae
2143 3208 2227 3272 de
2286 3207 2631 3294 Requiem,
2681 3216 2844 3291 quae
2903 3205 2966 3270 in
3028 3214 3216 3272 cantu
3272 3205 3438 3271 cele-

1860 3297 2076 3363 bratur
2122 3313 2239 3380 pro
2287 3297 2486 3361 anima
2535 3290 2874 3361 cuiuslibet
2921 3293 3263 3360 confratris
3323 3310 3439 3359 1111-

1860 3382 2142 3470 perrime
2189 3381 2315 3447 vita
2362 3382 2610 3466 functi;
2662 3399 2870 3466 eoque
2919 3378 3285 3464 deficiente,
3321 3399 3437 3468 pro

1859 3469 2269 3539 universitate
2320 3468 2695 3537 eorumdem
2742 3468 3145 3536 confratrum
3176 3489 3245 3535 ac
3276 3470 3438 3535 Con·

1858 3576 2173 3627 sororum.
2211 3562 2372 3625 Cum
2404 3557 2486 3623 ob
2511 3555 2934 3642 frequentiam
2958 3560 3289 3622 Fastorum
3319 3555 3438 3622 du·

1863 3647 2125 3736 plicium
2196 3645 2672 3714 occurrentium
2729 3644 2795 3710 iu
2855 3643 3040 3711 dictis
3094 3643 3291 3711 Feriis
3343 3662 3440 3709 se-

1859 3734 2082 3802 cundis
2127 3752 2317 3819 saepe
2363 3733 2612 3821 saepius
2657 3751 2783 3798 non
2830 3731 3029 3819 possit
3060 3731 3225 3798 dicta
3264 3732 3440 3799 Missa

1861 3824 1924 3890 iu
1955 3831 2144 3889 cantu
2177 3821 2529 3907 celebrari;
2579 3821 2656 3887 ad
2689 3819 3045 3908 promptius
3073 3820 3440 3908 suffragium

1859 3910 2307 4001 praestandum
2358 3906 2682 3975 animabus
2739 3926 2963 3974 eorum
3008 3908 3436 3992 confratrum,

1858 3999 2027 4086 apud
2072 4002 2140 4065 S.
2188 4002 2264 4065 Β.
2313 4001 2388 4065 C.
2436 3994 2797 4063 humillime
2844 3997 3283 4083 supplicarunt
3320 4014 3439 4083 pro

1856 4086 2153 4154 facultate
2183 4084 2545 4153 celebrandi
2579 4084 2643 4149 in
2668 4083 2840 4150 dicto
2864 4082 3144 4150 Oratorio
3170 4082 3439 4171 siugulis

1860 4174 2055 4241 Feriis
2087 4174 2408 4256 secundis,
2444 4172 2632 4238 etiam
2665 4192 2698 4237 a
2730 4175 2914 4236 Festo
2962 4172 3200 4259 duplici
3235 4172 3437 4258 impe·

1857 4262 2034 4346 ditis,
2084 4262 2336 4329 unicam
2386 4270 2628 4327 tautum
2674 4259 2919 4326 Missam
2964 4259 3027 4326 iu
3074 4270 3287 4326 cautu.

1987 4354 2068 4416 Et
2112 4353 2181 4417 S.
2214 4354 2291 4417 Β.
2327 4353 2431 4433 C.,
2479 4348 2685 4414 audita
2739 4346 2913 4434 prius
2962 4346 3266 4413 relatione
3297 4347 3436 4414 Βιῖιί

1857 4432 2447 4527 Archipresbyteri:
2497 4456 2535 4498 «
2583 4432 2945 4502 Oratoribus
3005 4435 3266 4520 gratiam
3323 4453 3437 4522 pe·

1859 4527 2063 4610 titam,
2101 4526 2387 4614 exceptis
2436 4535 2647 4591 tamen
2692 4520 3051 4608 duplicibus
3098 4520 3338 4610 primae
3374 4532 3436 4588 et

1856 4615 2173 4683 secundae
2221 4613 2433 4680 classis
2478 4632 2545 4677 ac
2578 4610 2773 4678 Festis
2803 4609 2886 4675 de
2919 4618 3291 4695 praecepto,
3325 4607 3435 4676 be·

1857 4704 2051 4788 aigne
2099 4701 2503 4769 concessit».
2554 4698 2665 4765 Die
2712 4702 2753 4765 8
2798 4694 2937 4763 Iulii
2992 4699 3201 4762 1741.-

1858 4843 2120 4912 2365.
2506 4842 2794 4918 Aoumv.
3206 4837 3434 4926 (1119)

1983 4969 2160 5033 Unus
2206 4984 2241 5031 e
2287 4962 2676 5049 Presbyteris
2743 4959 3171 5029 Direotoribus
3236 4960 3436 5027 Semi-

1855 5054 2011 5122 uarii
2060 5050 2396 5139 Aquensis,
2430 5055 2696 5117 Curator
2726 5048 2971 5117 Ordinis
3001 5047 3208 5115 Diviui
3237 5046 3435 5127 Officii

1854 5141 2191 5223 recitandi,
2240 5160 2271 5204 a
2318 5140 2383 5205 S.
2419 5142 2493 5205 Β.
2529 5141 2600 5205 C.
2649 5136 3011 5205 humillime
3055 5135 3436 5224 supplicavit

1855 5229 2186 5317 sequentia
2233 5226 2420 5294 dubia
2468 5225 2815 5293 declarari:
2866 5224 2962 5313 (1)
