4042 5950
1551 339 1968 414 —93—

121 498 266 563 lime
311 496 700 585 supplicavit
744 515 862 583 pro
903 496 1334 563 declaratione
1378 495 1706 583 sequentis

119 584 290 650 dubii
344 604 495 654 cum
544 585 747 651 altero
795 583 1120 670 subiecto;
1170 603 1442 671 nempe:

247 678 309 739 l.
362 677 462 740 An
509 672 835 740 Dominica
883 672 1039 737 infra
1084 681 1368 739 octavam
1411 677 1481 738 B.
1517 675 1702 739 htv.

118 759 192 824 de
225 764 447 827 alonte
477 761 798 843 carmelo,
835 761 1209 826 Sacerdotes
1237 761 1348 845 qui
1397 760 1708 827 accedunt

116 848 187 913 ad
232 847 481 916 dictam
529 849 882 916 Ecclesiam
927 847 1207 915 debeant
1253 848 1317 916 in
1364 869 1471 931 ea,
1518 858 1713 935 prout

118 937 487 1022 praetendit
509 936 933 1024 cappellanus
956 935 1389 1003 mercenarius
1414 936 1708 1003 eiusdem

119 1024 480 1108 Ecclesiae,
545 1022 874 1091 celebrare
934 1022 1176 1091 Missam
1235 1028 1307 1089 B.
1352 1028 1440 1089 Μ.
1487 1028 1562 1090 V.
1627 1024 1710 1090 de

117 1113 324 1178 lonte
399 1112 693 1180 carmelo
757 1129 904 1178 cum
970 1112 1576 1178 commemoratione
1642 1122 1707 1178 et

121 1200 468 1285 Evangelio
517 1198 879 1267 Dominicae
925 1199 992 1265 in
1036 1197 1210 1266 line?
1248 1211 1313 1265 et
1345 1200 1518 1267 idem
1550 1204 1705 1287 cap-

119 1286 413 1370 pellanus
458 1289 656 1374 possit
701 1288 1034 1354 celebrare
1092 1287 1398 1372 eiusmodi
1466 1287 1708 1354 Missam

119 1374 509 1459 solemnem,
575 1384 766 1464 prout
826 1374 1093 1461 singulis
1159 1375 1334 1442 annis
1393 1375 1703 1459 celebrat,

120 1460 354 1547 absque
405 1463 537 1531 ulla
586 1460 1247 1530 commemoratione?

245 1555 311 1618 2.
366 1557 468 1619 An
513 1552 579 1618 in
626 1550 916 1636 exequiis
977 1551 1428 1617 defunctorum
1489 1554 1707 1617 Sacer-

124 1637 370 1722 dotum,
421 1648 762 1727 praesente
809 1655 1107 1725 corpore,
1159 1638 1591 1706 Subdiaconus
1636 1658 1705 1705 se

122 1724 342 1794 sistere
391 1728 631 1794 debeat
675 1728 752 1794 ad
801 1737 990 1813 caput
1023 1726 1316 1793 defuncti
1349 1727 1710 1793 Sacerdotis

123 1813 220 1878 vel
267 1817 347 1882 ad
396 1812 659 1903 pedes?

157 1939 169 1949 ·
247 1906 326 1970 Et
375 1907 445 1970 S.
504 1908 582 1971 R.
639 1906 740 1986 C.,
806 1902 1025 1968 audito
1089 1902 1262 1989 prius
1324 1913 1473 1967 voto
1520 1902 1705 1969 unius

126 2007 198 2053 ex
229 1990 740 2079 Apostolicarum
776 1990 1331 2058 caeremoniarum
1372 1990 1719 2077 Magistris,

128 2080 367 2145 censuit
411 2077 900 2146 rescribendum
931 2100 948 2142 t

247 2169 344 2235 Ad
401 2171 462 2232 ι.
516 2191 553 2232 ‹
587 2172 657 2233 ln
701 2164 1025 2233 Dominica
1060 2165 1216 2231 infra
1251 2176 1532 2233 octavam
1567 2167 1705 2232 Illis-

129 2273 224 2320 sae
255 2254 541 2342 privatae
573 2263 908 2341 nequeunt
937 2252 1063 2319 dici
1088 2255 1411 2337 de·Festo,
1438 2257 1552 2323 sed
1580 2254 1706 2321 dici

130 2340 363 2409 debent
409 2343 495 2410 de
541 2342 865 2409 Dominica
913 2359 1059 2407 cum
1100 2344 1706 2409 commemoratione

133 2441 402 2513 octavae,
452 2432 624 2497 iuxta
669 2428 1008 2513 Rubricas;
1061 2430 1331 2495 constito
1381 2440 1592 2497 tamen
1623 2431 1704 2497 de

131 2537 428 2585 concursu
478 2518 730 2604 populi,
781 2516 1176 2605 permittitur
1222 2517 1404 2583 unica
1461 2529 1703 2584 tantum

133 2606 292 2670 Kissa
344 2605 649 2672 solemnis
706 2604 789 2671 de
850 2615 1066 2670 octava
1126 2623 1270 2670 cum
1344 2607 1569 2672 Gloria
1642 2616 1707 2671 et

135 2695 338 2776 Credo,
387 2692 633 2779 absque
678 2692 806 2758 ulla
856 2693 1456 2759 commemoratione
1491 2714 1551 2758 ».

247 2782 341 2848 Ad
391 2786 461 2848 2.
509 2801 549 2845 ι
583 2785 895 2847 Servetur
935 2780 1184 2847 Rituale
1214 2784 1599 2859 Romanum3
1637 2793 1701 2846 et

133 2867 190 2931 in
234 2868 536 2954 Exequiis
580 2868 866 2935 defuncti
913 2867 1318 2950 Sacerdotis,
1367 2879 1703 2957 praesente

133 2974 425 3045 corpore,
489 2957 738 3023 locetur
791 2958 964 3023 crux
1023 2956 1099 3022 ad
1166 2966 1356 3043 caput
1413 2957 1701 3025 defuncti

135 3041 289 3110 inter
334 3046 647 3112 feretrum
699 3054 765 3109 et
811 3044 1023 3110 Altare
1058 3068 1121 3109 ν.
1313 3114 1316 3117 ,

253 3136 328 3198 Et
387 3134 472 3199 ita
532 3131 880 3199 declaravit
924 3152 994 3198 ac
1051 3133 1290 3198 servari
1354 3134 1697 3201 mandavit.

132 3218 232 3284 Die
280 3226 316 3287 3
365 3219 767 3309 Septembris
817 3223 1009 3286 1746.

138 3390 378 3462 2393.
708 3396 1114 3460 MExmANA

364 3499 444 3565 IN
491 3500 720 3564 mnus
763 3498 1448 3565 OCCIDENTALIBUS.

1472 3394 1695 3480 (alst)

253 3658 625 3744 Expositum
656 3655 776 3722 fuit
807 3676 837 3719 a
864 3654 1148 3721 Patribus
1169 3655 1431 3721 Oratorii
1464 3658 1528 3722 S.
1559 3658 1698 3724 Phi-

135 3743 277 3832 lippi
321 3746 495 3812 Nerii
541 3744 822 3813 civitatis
869 3742 1224 3808 lllexicanae
1273 3742 1337 3809 in
1370 3745 1563 3810 lndiis
1595 3765 1699 3812 oc-

136 3833 584 3915 cidentalibus,
663 3850 889 3898 eorum
966 3832 1543 3917 congregationem
1613 3833 1697 3901 ibi

137 3918 306 3987 finisse
330 3922 704 3987 auctoritate
728 3918 1043 3986 ordinaria
1068 3928 1368 4003 erectam,
1392 3930 1456 3984 et
1481 3931 1694 4005 postea

135 4025 161 4070 a
221 4029 268 4074 s.
335 4028 431 4075 m.
502 4007 871 4074 lunocentio
942 4009 1054 4072 xli
1119 4006 1482 4073 confirmata
1551 4027 1697 4075 cum

137 4096 407 4163 omnibus
477 4106 547 4163 et
609 4094 874 4180 singulis
939 4091 1295 4179 privilegiis
1362 4097 1438 4161 ad
1510 4101 1700 4163 instar

137 4183 639 4271 Congregationis
701 4186 770 4249 S.
818 4185 1043 4249 Mariae
1105 4182 1169 4247 in
1228 4181 1552 4249 vallicella
1612 4185 1696 4252 de

139 4270 310 4354 Urbe,
359 4284 432 4339 ut
480 4291 561 4337 ex
608 4270 792 4337 Brevi
840 4268 1124 4337 exhibito
1170 4269 1289 4336 sub
1329 4269 1435 4336 die
1466 4275 1550 4337 24
1581 4276 1696 4338 De-

137 4358 383 4425 cembris
438 4362 635 4426 16⁹7.
681 4362 840 4425 cum
885 4369 1098 4423 autem
1148 4357 1211 4423 in
1259 4359 1539 4424 Ecclesia
1601 4359 1698 4426 di-

137 4456 360 4513 ctorum
409 4451 664 4513 Patrum
709 4447 928 4534 plures
975 4447 1274 4512 tumulari
1312 4446 1602 4514 iusserint
1636 4457 1699 4513 et

139 4529 399 4618 iubeant,
443 4535 701 4611 Parocbi
747 4535 813 4600 in
858 4533 1234 4600 associandis
1279 4534 1354 4599 ad
1407 4536 1697 4602 eamdem

138 4622 463 4689 Ecclesiam
529 4622 964 4706 cadaveribus,
1012 4620 1357 4707 parentalia
1404 4633 1470 4688 et
1514 4624 1699 4710 quid·

139 4709 269 4793 quid
329 4710 503 4778 aliud
564 4710 627 4776 in
694 4709 984 4795 exequiis
1040 4710 1180 4776 fieri
1241 4709 1441 4794 solet,
1508 4712 1570 4779 in
1624 4732 1693 4778 ea

208 4815 428 4884 ragere
477 4799 862 4875 voluerunt3
912 4816 1109 4884 quare
1153 4808 1226 4865 ut
1273 4799 1485 4864 Patres
1516 4819 1694 4887 prae-

174 4884 267 4950 icti
313 4886 555 4974 pluries
587 4906 618 4950 a
649 4884 1036 4972 recipiendis
1066 4884 1388 4953 defunctis
1417 4903 1486 4952 se
1516 4886 1697 4952 absti-

141 4984 392 5047 nuerunt
439 4985 504 5040 et
549 4973 901 5050 abstinent;
954 4985 1019 5038 et
1062 4973 1318 5059 quando
1369 4972 1448 5038 ita
1485 4992 1555 5039 se
1590 4992 1696 5039 ex-

141 5060 342 5141 pedire
365 5080 494 5127 non
517 5070 836 5149 poterant,
867 5061 1139 5127 intrante
1164 5061 1437 5127 Parocho
1468 5078 1694 5127 eorum

147 5146 461 5215 Ecclesiam
508 5167 770 5238 semper
829 5149 1158 5233 protestati
1209 5148 1468 5215 luerunt
1513 5148 1693 5215 iuris-

145 5232 461 5303 dictionem
523 5237 601 5303 ad
651 5255 758 5318 se,
804 5254 933 5302 non
993 5237 1068 5303 ad
1129 5236 1313 5302 illum
1374 5248 1688 5323 spectare.

149 5322 266 5386 Mox
298 5343 474 5408 vero,
508 5325 586 5391 ad
621 5322 914 5391 evitanda
943 5324 1230 5391 scandala
1262 5342 1425 5408 quae
1457 5343 1538 5390 ex
1574 5326 1690 5390 hoc

150 5410 272 5473 oriri
315 5422 600 5497 possunt,
649 5410 923 5479 demisse
971 5430 1169 5499 penes
1213 5415 1280 5478 S.
1317 5415 1395 5478 ll.
1427 5415 1499 5479 c.
1545 5431 1695 5499 sup-

1808 495 2145 584 plicarunt,
2208 503 2521 580 quatenus
2580 493 2856 579 benigne
2916 494 3238 561 declarare
3283 496 3380 562 di-

1809 595 2155 669 gnaretur:
2202 582 2439 663 Quibus
2486 593 2826 670 competat,
2876 582 3163 648 Parocbis
3192 602 3275 649 ne
3307 602 3383 649 an

1807 672 2087 738 Patribus
2148 671 2210 738 in
2260 690 2482 737 eorum
2544 669 2819 736 Ecclesia
2880 670 3181 755 exequias
3238 690 3384 757 per·

1803 756 2116 826 solvere?
3188 769 3195 782 ·
3341 802 3344 805 -

1939 851 2019 913 Et
2066 851 2133 913 S.
2167 851 2241 914 ll.
2276 850 2378 929 C.,
2412 847 2624 913 audito
2672 846 2848 933 prius
2892 857 3039 911 voto
3088 846 3274 916 unius
3303 864 3381 912 ex

1806 934 2306 1023 Apostolicarum
2338 934 2889 1001 caeremoniarum
2920 933 3251 1020 Magistris,
3281 952 3382 998 re-

1806 1023 2258 1110 spondendum
2290 1022 2572 1088 censuit:
2607 1044 2644 1085 ι
2676 1022 2935 1098 Quando
2969 1019 3251 1087 Ecclesia
3285 1031 3382 1085 tu-

1804 1112 2051 1176 mulans
2097 1120 2195 1176 est
2240 1130 2271 1174 a
2322 1110 2657 1198 parochiali
2706 1110 2993 1192 diversa,
3045 1109 3238 1175 ducto
3287 1108 3383 1173 lu·

1804 1217 1960 1264 nere
2007 1199 2084 1265 ad
2131 1199 2505 1279 Ecclesiam,
2555 1216 2682 1263 non
2728 1197 3066 1278 Pal-ochus,
3116 1197 3230 1263 sed
3272 1196 3382 1261 ali-

1802 1286 1944 1371 quis
1988 1286 2297 1353 Sacerdos
2343 1286 2627 1352 eiusdem
2677 1285 3022 1363 Ecclesiae,
3058 1285 3136 1351 ad
3191 1303 3380 1370 quam

1801 1375 2072 1440 cadaver
2117 1374 2405 1439 delatum
2441 1384 2560 1455 est,
2598 1374 2856 1441 indutus
2888 1381 3051 1437 cotta
3087 1382 3151 1437 et
3180 1370 3379 1453 Stola,

1805 1462 1909 1527 vel
1943 1460 2135 1526 etiam
2166 1460 2428 1547 pluviali
2475 1460 2639 1548 nigri
2671 1460 2927 1543 coloris,
2960 1470 3384 1547 prosequatur

1806 1548 2091 1616 Officium
2151 1569 2185 1614 a
2243 1549 2473 1616 Rituali
2536 1554 2811 1616 Romano
2874 1548 3379 1636 praescriptum;

1808 1644 1875 1703 et
1935 1636 2026 1703 sic
2086 1639 2473 1703 servandum
2534 1657 2673 1702 esse
2739 1636 2803 1702 iu
2862 1637 3141 1702 Ecclesia
3205 1656 3383 1724 prae-

1805 1725 2126 1791 dictorum
2200 1727 2450 1790 Patrum
2529 1724 3047 1810 congregationis
3119 1724 3384 1791 Oratorii

1803 1817 1870 1878 S.
1919 1811 2195 1898 Philippi
2242 1813 2412 1878 Nerii
2461 1813 2525 1879 in
2571 1812 2836 1880 Civitate
2873 1811 3215 1896 lexicana‚
3248 1813 3384 1878 sine

1803 1912 2016 1967 tamen
2066 1900 2454 1986 praeiudicio
2500 1901 2734 1967 iurium
2752 1899 3069 1966 ‘Parochis
3128 1919 3384 1988 compe·

1808 1986 2105 2071 tentium,
2153 1999 2226 2053 ut
2271 1986 2537 2073 possint,
2585 1988 2635 2053 si
2684 1989 2911 2071 velint,
2946 1987 3049 2053 illa
3100 1987 3382 2076 experiri

1804 2076 1869 2142 in
1914 2076 2031 2142 hac
2067 2080 2130 2143 S.
2168 2080 2239 2142 C.
2276 2096 2337 2139 ».
2391 2079 2469 2141 Et
2515 2076 2596 2142 ita
2643 2075 2989 2143 declaravit
3033 2094 3102 2140 ac
3148 2075 3383 2141 servari

1806 2165 2152 2232 mandavit.
2200 2163 2311 2229 Die
2361 2168 2398 2229 3
2447 2164 2836 2251 Septembris
2890 2166 3078 2230 ¹746.

1811 2303 2070 2374 2394.
2429 2305 2766 2370 VEGLEN.
3157 2304 3380 2390 (4186)

1939 2434 2004 2496 ln
2052 2430 2242 2494 Causa
2276 2430 2549 2515 veglen.
2586 2447 2782 2514 super
2832 2437 3161 2515 praetenso
3193 2426 3382 2492 titulo

1805 2518 2089 2599 Insiqnis
2114 2527 2177 2581 et
2204 2515 2670 2583 thurificatione
2695 2515 2863 2581 inter
2878 2516 3241 2601 Capitulum
3271 2521 3380 2584 Ca-

1807 2603 2115 2669 thedralis
2158 2623 2243 2669 ex
2291 2624 2438 2686 una,
2485 2617 2676 2691 atque
2724 2604 2997 2670 Abbates
3027 2607 3286 2669 curatos
3316 2617 3382 2672 et

1803 2690 2149 2758 Canonicos
2191 2694 2619 2758 Ecclesiamm
2660 2695 3028 2759 Sanctorum
3060 2693 3381 2777 Audoeni,

1804 2778 2094 2844 ltatthaei
2136 2789 2203 2844 et
2248 2778 2483 2846 Nicolai
2533 2780 2820 2846 eiusdem
2866 2778 3148 2845 civitatis
3192 2781 3383 2866 parti-

1808 2868 1921 2932 bus
1971 2885 2047 2931 ex
2096 2866 2317 2948 altera,
2355 2867 2592 2933 exortis
2641 2865 3086 2934 controversiis
3129 2868 3383 2953 illisque

1803 2955 1881 3021 ad
1930 2957 1997 3021 S.
2045 2958 2120 3021 R.
2169 2953 2241 3022 C.
2294 2954 2548 3039 delatis,
2599 2959 2791 3022 Effius
2851 2965 2917 3020 et
2959 2956 3155 3020 Rflius
3200 2959 3379 3023 Dom.

1804 3041 2151 3110 cardinalis
2197 3043 2604 3110 cavalcbinus
2644 3042 3035 3130 infrascripta
3069 3043 3259 3110 dubia
3294 3045 3385 3109 in·

1803 3142 1904 3197 ter
1934 3141 2146 3216 partes
2191 3131 2565 3197 concordata
2596 3130 2976 3197 declaranda
3008 3132 3379 3217 proposuit:

1941 3223 2002 3284 1.
2037 3220 2133 3283 An
2164 3218 2546 3306 collegiatae
2581 3216 2901 3284 Ecclesiae
2926 3220 3034 3283 SS.
3064 3218 3381 3301 Audoeni,

1802 3306 2092 3374 Matthaei
2126 3316 2194 3372 et
2223 3305 2453 3372 Nicolai
2484 3306 2608 3372 sint
2651 3324 2766 3370 seu
2812 3303 3205 3372 denominari
3241 3325 3383 3394 pos-

1801 3394 1927 3461 sint
1973 3395 2257 3479 Imiynes
2279 3392 2312 3457 5

1936 3485 2004 3547 2.
2052 3485 2148 3548 An
2194 3482 2506 3549 dictarum
2554 3481 2980 3548 Ecclesiarum
3015 3480 3286 3548 Abbates
3316 3481 3381 3549 in

1803 3569 2296 3652 thurificatione,
2350 3590 2499 3656 pace
2546 3581 2613 3635 et
2659 3568 3173 3655 praeintonandis
3225 3568 3382 3636 anti-

1803 3658 2030 3744 phonis
2077 3658 2478 3744 praeferendi
2527 3658 2652 3724 sint
2683 3657 3014 3724 Canonicis
3044 3658 3382 3724 cathedra·

1805 3746 1878 3811 lis
1925 3744 2245 3810 Ecclesiae
2290 3745 2546 3844 paratis,
2586 3745 2723 3811 sive
2765 3743 3199 3811 assistentibus
3233 3746 3380 3833 Epi-

1800 3851 1992 3919 scopo
2038 3832 2417 3899 solemniter
2463 3830 2864 3900 celebranti?

1935 3925 1996 3987 3.
2051 3923 2145 3986 An
2192 3922 2563 3989 earumdem
2629 3921 3051 3988 Ecclesiarum
3111 3920 3382 3986 Abbates

1802 4021 1868 4074 et
1898 4009 2193 4075 canonici
2227 4010 2289 4075 in
2321 4008 2713 4076 solemnibus
2745 4008 3067 4075 Ecclesiae
3115 4008 3382 4074 functio·

1801 4095 1987 4162 nibus
2052 4096 2584 4163 thurificationem
2630 4118 2662 4161 a
2711 4097 2981 4163 Diacono
3049 4108 3113 4161 et
3158 4114 3378 4183 pacem

1801 4205 1833 4250 a
1880 4182 2278 4250 Subdiacono
2324 4204 2578 4251 sumere
2637 4183 2949 4265 debeant,
2996 4203 3108 4250 seu
3172 4183 3381 4270 potius

1799 4272 1881 4337 sit
1923 4274 2231 4338 servanda
2282 4269 2667 4339 transactio?

1933 4363 1996 4425 4:
2047 4367 2142 4426 An
2189 4361 2305 4448 ipsi
2366 4361 2658 4427 canonici
2721 4357 3209 4445 collegiatarum
3266 4360 3380 4429 Ec·

1799 4447 2138 4513 clesiarum
2176 4448 2574 4515 thurificandi
2608 4448 2734 4513 sint
2764 4445 3007 4533 duplici
3040 4448 3237 4512 ductu
3273 4444 3381 4510 im-

1799 4534 2078 4690 medgate
2122 4547 2267 4621 post
2310 4537 2654 4604 canonicos
2701 4534 3091 4603 cathedralis
3160 4536 3379 4600 Eccle-

1799 4643 1929 4689 siae

1930 4715 1994 4778 S.
2048 4715 2121 4781 R.
2169 4714 2273 4792 C.,
2322 4710 2470 4777 visis
2514 4712 2756 4779 iuribus
2801 4711 2949 4778 binc
2996 4708 3147 4774 inde
3177 4707 3379 4774 dedu·

1800 4798 1940 4881 ctis,
1977 4809 2042 4863 et
2077 4808 2349 4884 utraque
2394 4810 2573 4885 parte
2618 4799 2869 4884 scriptis
2901 4811 2965 4864 et
2996 4814 3154 4861 voce
3186 4795 3377 4861 infor-

1800 4896 2012 4951 mante
2059 4887 2307 4970 audita,
2356 4888 2432 4953 ad
2496 4886 2869 4952 relationem
2917 4882 3178 4973 praelati
3241 4884 3374 4948 Emi

1799 4973 2118 5056 Ponentis,
2168 4973 2647 5040 rescribendum
2698 4974 2990 5040 censuit:

1928 5061 2023 5126 Ad
2079 5065 2136 5126 l.
2187 5082 2227 5126 ι
2262 5061 2565 5147 Negative
2599 5084 2665 5126 ».

1925 5148 2020 5213 Ad
2073 5152 2140 5214 2.
2188 5172 2225 5213 ι
2262 5149 2568 5236 Negative
2603 5172 2669 5215 ι.

1929 5236 2020 5301 Ad
2071 5240 2138 5304 3.
2188 5259 2225 5300 ‹
2258 5239 2569 5304 Servetur
2616 5238 2945 5304 transactio
2979 5261 3043 5302 ».

1800 5410 1841 5476 h
1929 5324 2022 5389 Ad
2076 5329 2138 5391 4.
2188 5347 2225 5388 ι
2261 5326 2605 5412 Negative;
2657 5337 2723 5392 et
2768 5326 3039 5413 amplius
3069 5325 3131 5390 in
3177 5326 3377 5391 omni-

1843 5430 1917 5476 us
1951 5434 2012 5477 ».
