4042 5950
1956 261 2431 341 —158-

558 424 816 493 2552.
1094 423 1595 492 anacnannu.
1706 367 1715 374 ’

1919 420 2147 508 (4469)

683 604 844 666 Cum
894 598 1191 686 Magister
1235 598 1796 665 caeremoniarum
1834 597 2156 664 Ecclesiae

550 690 742 755 titulo
788 694 858 754 B.
898 692 978 754 Μ.
1015 692 1094 755 V.
1145 686 1360 754 Olivae
1410 687 1913 770 Vivamanentis,
1964 687 2151 753 Dioe-

549 776 711 844 cesis
745 778 1159 860 Bracharen.,
1194 776 1476 864 supplex
1508 776 1707 843 fuerit
1737 776 1815 842 ad
1852 778 1916 842 S.
1946 779 2025 843 R.
2049 779 2151 858 C.‚

551 876 619 931 ut
669 865 952 932 infrascri
1008 877 1064 932 ta
1112 865 1303 933 dubia
1364 865 1695 933 declarare
1742 865 2151 953 dignaretur,

535 954 846 1020 scilicet:
900 955 963 1040 (1
1898 1013 1901 1018 .

687 1048 746 1109 1.
799 1045 895 1108 An
943 1042 1219 1126 Chorus,
1260 1042 1419 1108 dum
1466 1041 1694 1108 recitat
1726 1044 1921 1107 Horas
1951 1043 2151 1106 Cano-

548 1131 720 1198 nicas
779 1141 928 1196 ante
977 1132 1248 1197 SSmum
1299 1133 1787 1197 Sacramentum
1845 1130 1991 1195 velo
2048 1148 2153 1195 co·

548 1231 848 1309 opertum
881 1220 945 1285 in
980 1221 1120 1286 loco
1171 1218 1508 1302 eminenti,
1558 1220 1793 1285 sedere
1820 1227 1893 1292 ,et
1926 1227 2150 1304 tegere

547 1319 739 1397 caput
784 1326 933 1374 cum
983 1306 1190 1374 bireto
1242 1308 1491 1392 valeat3
1552 1307 1656 1373 vel
1703 1317 1871 1373 stare
1919 1306 2152 1372 debeat

548 1398 726 1464 nudo
774 1397 1010 1484 capite,
1047 1394 1225 1483 quasi
1276 1396 1436 1462 illud
1487 1405 1658 1461 esset
1697 1396 1837 1462 sine
1870 1392 2064 1460 velo?

680 1492 746 1553 2.
785 1485 881 1551 An
912 1484 1116 1572 prima
1157 1484 1440 1571 Dignitas
1487 1483 1695 1550 dictae
1727 1482 2150 1569 collegiatae,

551 1595 695 1642 cum
741 1573 948 1644 adbuc
999 1593 1123 1640 non
1189 1587 1284 1638 est
1345 1574 1692 1656 Sacerdos,
1757 1572 1821 1639 in
1882 1570 2150 1638 benedi-

548 1665 761 1731 ctione
801 1663 1220 1730 candelarum
1269 1671 1337 1727 et
1430 1663 1737 1727 almarum
1786 1660 2150 1726 ministrare

549 1752 782 1820 debeat
858 1750 1190 1819 Sacerdoti
1254 1750 1394 1816 cele
1444 1750 1607 1818 ranti
1687 1750 2016 1816 candelam
2089 1759 2154 1814 et

549 1842 869 1929 palmam;
921 1841 1025 1906 vel
1076 1838 1291 1925 potius
1334 1837 1580 1904 similes
1627 1838 1913 1904 actiones
1943 1838 2019 1904 ad
2051 1857 2150 1903 se·

547 1929 823 1996 cundam
872 1927 1261 2015 Dignitatem
1315 1926 1760 2010 Sacerdotem,
1810 1936 2148 2014 praesente

552 2018 614 2084 in
654 2016 863 2084 Chore
908 2013 1272 2103 supradicta
1305 2014 1505 2101 prima
1552 2015 1898 2105 Dignitate,
1948 2013 2149 2103 perti-

553 2124 711 2174 nere
741 2101 1073 2171 debeant?

685 2199 748 2259 3.
802 2196 898 2260 An
960 2192 1315 2259 Canonicus
1377 2193 1689 2261 Sacerdos
1744 2191 1920 2259 Feria
1974 2195 2028 2258 V
2084 2191 2146 2257 in

552 2287 765 2350 Coena
828 2279 1075 2348 Domini
1137 2282 1215 2348 ad
1277 2281 1811 2348 Communionem
1880 2298 2148 2366 genera-

557 2375 685 2438 lem
745 2390 943 2457 super
1002 2369 1329 2436 almutiam
1390 2369 1631 2436 Stolam
1687 2391 1719 2435 a
1775 2369 1943 2435 collo
1988 2388 2150 2455 pen-

554 2461 820 2527 dentem
879 2458 1115 2525 habere
1177 2456 1453 2536 debeat;
1517 2459 1621 2526 vel
1677 2456 1890 2524 solum
1950 2475 2151 2543 super

552 2546 844 2614 cottam?
1364 2547 1373 2556 ’

686 2642 749 2703 4.
800 2638 898 2703 An
947 2636 1011 2701 in
1064 2633 1386 2700 Dominica
1445 2634 1604 2700 infra
1665 2646 1949 2702 octavam
1997 2639 2148 2702 Cor·

552 2726 726 2812 poris
771 2724 1032 2809 Christi,
1066 2734 1176 2789 aut
1204 2721 1323 2789 alia
1353 2722 1685 2811 designata
1732 2743 1851 2810 per
1880 2743 2144 2810 annum,

554 2815 619 2880 in
665 2812 897 2900 quibus
943 2812 1255 2879 recitatur
1298 2811 1590 2879 Officium
1640 2812 1800 2878 ritus
1846 2813 2033 2899 dupl.
2084 2826 2149 2880 et

550 2903 718 2968 solet
767 2900 907 2968 fieri
967 2899 1293 2968 Processio
1346 2897 1521 2968 ssmi
1580 2903 1969 2969 sacramenti
2029 2922 2150 2990 per

552 2990 835 3058 diversas
879 2988 1209 3057 Parocbias
1257 3001 1321 3056 et
1369 2990 1686 3056 Ecclesiae
1734 2990 2042 3076 civitatis,
2081 3003 2149 3057 ut

552 3079 617 3146 in
676 3083 863 3146 Festo
923 3078 1225 3166 Corporis
1285 3078 1563 3163 Christi,
1626 3098 1773 3145 cum
1834 3099 2148 3146 concursu

554 3167 780 3257 populi
829 3166 1120 3235 eiusdem
1168 3167 1529 3249 Parochiae,
1565 3166 1794 3234 debeat
1842 3166 2015 3233 Missa
2044 3188 2148 3233 ce-

556 3256 790 3325 lebrari
836 3276 954 3343 pro
1001 3276 1072 3322 re
1119 3255 1296 3344 gravi
1357 3258 1440 3324 de
1500 3259 1695 3324 SSffio
1741 3258 2146 3322 Sacramento

554 3356 701 3434 post
754 3347 1036 3423 Nonam;
1086 3345 1191 3410 vel
1242 3345 1455 3431 potius
1500 3344 1626 3411 dici
1686 3345 1769 3411 de
1828 3343 2145 3410 Dominica

553 3447 662 3500 aut
711 3438 895 3499 Festo
941 3452 1089 3499 cum
1151 3432 1761 3500 commemoratione
1822 3434 1992 3500 SSffii
2043 3437 2148 3501 Sa‘·

555 3520 921 3589 eramenti'?
1846 3540 1853 3549 ·

692 3617 766 3676 Et
822 3612 886 3675 S.
940 3615 1015 3676 R.
1063 3613 1166 3694 C.‚
1217 3609 1531 3695 exquisita
1591 3609 1769 3698 prius
1830 3611 2148 3678 sententia

553 3699 743 3768 unius
776 3716 858 3764 ex
895 3699 1404 3786 Apostolicarum
1434 3698 1995 3766 Caeremoniarum
2028 3702 2148 3765 Ma·

552 3788 765 3875 gistris
813 3806 1018 3873 eaque
1067 3787 1235 3874 typis
1295 3788 1487 3853 etiam
1535 3789 1816 3875 vulgata,
1866 3808 1935 3853 ac
1982 3788 2146 3854 refe-

559 3887 742 3943 rente
766 3879 924 3941 Efilo
959 3886 1024 3941 et
1054 3880 1211 3943 Βῐῑιο
1236 3876 1503 3941 Domino
1526 3875 1841 3944 Cardiuali
1874 3875 2148 3942 Antonio

554 3965 632 4032 ab
677 3964 867 4030 Auria
927 3967 1238 4047 Ponente,
1297 3963 1660 4052 rescripsit:
1724 3970 1793 4030 ln
1855 3965 2150 4031 omnibus

557 4055 729 4121 iuxta
773 4053 1162 4120 sententiam
1227 4052 1504 4138 Magistri
1562 4053 2145 4138 Caeremoniarum,

496 4152 513 4169 ’
556 4141 736 4209 cuius
783 4142 1073 4208 libellum
1126 4141 1287 4207 tradi
1346 4142 1699 4209 oratoribus
1759 4164 1875 4231 pro
1929 4160 2147 4208 norma

555 4232 901 4298 mandavit.
952 4230 1102 4295 Eius
1144 4240 1365 4296 autem
1424 4229 1778 4296 sententiae
1836 4233 1991 4299 haec
2055 4242 2150 4296 est

553 4339 840 4386 summa:

690 4409 783 4475 Ad
843 4414 899 4475 1.
971 4407 1283 4474 «Poterit
1352 4408 1579 4475 Clerus
1645 4408 1910 4487 sedere,
1978 4419 2147 4475 tecto

558 4498 747 4564 etiam
815 4497 1021 4585 capite
1076 4516 1243 4585 cum
1288 4495 1538 4575 bireto;
1608 4497 1721 4563 sed
1798 4496 2152 4563 laudandus

559 4598 751 4671 esset,
800 4587 852 4652 si
900 4586 1158 4673 sederet
1204 4585 1464 4651 detecto
1512 4583 1719 4671 capite
1752 4607 1816 4649 ν.

690 4675 783 4741 Ad
834 4680 899 4743 2.
950 4697 989 4739 ι
1025 4673 1458 4756 Affirmative,
1526 4674 1600 4738 ad
1666 4672 1938 4760 primam
2011 4693 2152 4762 par-

560 4776 741 4850 tem;
792 4764 1128 4852 Negative,
1178 4763 1255 4829 ad
1303 4764 1645 4830 secundam
1681 4786 1748 4828 ».

513 4910 522 4932 ,
690 4853 786 4919 Ad
834 4857 898 4919 3.
950 4875 989 4917 ι
1024 4851 1410 4919 Servandam
1459 4872 1599 4917 esse
1647 4852 1938 4935 locorum
1999 4873 2150 4920 con·

559 4940 973 5008 suetudinem
1009 4964 1072 5005 ν.

692 5029 785 5094 Ad
837 5033 902 5094 4.
952 5050 991 5092 ι
1023 5028 1200 5095 Missa
1249 5028 1368 5095 dici
1420 5029 1620 5096 debet
1679 5029 1764 5095 de
1826 5028 2147 5096 Dominica

557 5129 665 5183 aut
712 5120 897 5183 Festo
944 5128 1329 5183 occurrente
1362 5136 1505 5183 cum
1549 5119 2154 5183 commemoratione

560 5204 734 5274 ssffli
784 5206 1168 5273 Sacramenti
1207 5228 1270 5269 ».

701 5402 780 5473 (1)
816 5402 878 5457 E.
914 5400 1055 5457 nub.
1098 5400 1123 5456 1
1162 5406 1217 5456 et
1253 5400 1303 5456 2.

2388 427 2469 488 Et
2529 422 2614 489 ita
2681 423 2919 489 servari
2985 422 3355 491 declaravit.
3421 423 3532 490 Die
3599 428 3677 490 10
3740 428 3848 490 Se-

2257 510 2571 598 ptembris
2626 515 2818 579 1796.
3571 517 3588 530 ’

2258 652 2517 720 2553.
2767 655 3348 722 PANORMlTANA.

2386 778 2546 841 Cum
2594 777 2781 843 Clero
2828 776 3113 872 Ciyitatis
3157 787 3224 842 et
3271 776 3593 844 Dioecesis
3624 782 3853 843 Panor-

2255 862 2528 930 mitanae
2562 886 2592 928 a
2628 869 2692 931 S.
2729 866 2898 932 Sede
2929 865 3294 952 Apostolica
3328 885 3627 932 concessa
3659 865 3854 932 fuerit

2253 962 2471 1017 octava
2569 952 2922 1039 rivilegiata
2979 953 3413 1020 Solemnitatis
3473 954 3651 1021 Ssmi
3701 957 3856 1020 Cor-

2252 1039 2426 1125 poris
2474 973 2733 1126 Cgristi,
2768 1041 2851 1107 ita
2895 1053 2967 1108 ut
3013 1042 3077 1108 in
3124 1043 3391 1131 singulis
3424 1044 3654 1110 diebus
3686 1055 3855 1107 octa·

2254 1146 2408 1211 vae,
2482 1129 2673 1195 etiam
2738 1130 3069 1219 impeditis
3133 1131 3353 1198 Officio
3421 1130 3736 1217 duplici‚.
3769 1130 3855 1200 fa·

2251 1216 2452 1281 cultas
2498 1216 2579 1283 sit
2629 1218 2938 1286 recitandi
2997 1218 3287 1286 Officium
3336 1239 3482 1286 cum
3539 1218 3724 1286 Missa
3771 1219 3852 1286 de

2254 1304 2480 1370 eadem
2519 1306 2965 1391 Solemnitate,
2993 1308 3289 1395 exceptis
3322 1308 3693 1395 duplicibus
3731 1314 3761 1372 1
3794 1320 3855 1372 et

2250 1397 2289 1458 2
2323 1393 2536 1460 classis
2566 1416 2582 1479 3
2636 1407 2773 1461 orta
2807 1405 2904 1461 est
2938 1396 3250 1463 dubitatio
3285 1397 3615 1463 Sacerdoti
3666 1400 3854 1461 Petro

2252 1483 2537 1548 Sanctori
2587 1483 2899 1550 Directori
2958 1486 3316 1551 Calendarii
3375 1489 3627 1552 Patrum
3691 1488 3856 1550 Con·

2251 1570 2644 1657 gregationis
2690 1573 2958 1638 Oratorii
3020 1577 3086 1639 S.
3133 1572 3409 1661 Philippi
3463 1572 3635 1639 Nerii
3687 1572 3856 1638 eius-

2249 1660 2402 1724 dem
2448 1659 2734 1727 Civitatis
2766 1682 2782 1725 :
2832 1664 2929 1728 An
2965 1661 3030 1727 in
3063 1661 3429 1728 huiusmodi
3465 1661 3859 1761 exceptione

2249 1747 2888 1833 comprehendantur
2920 1751 3008 1817 du
3060 1750 3201 1824 licia
3240 1755 3270 1816 1
3303 1761 3366 1816 et
3398 1755 3437 1816 2
3472 1750 3694 1816 classls
3727 1761 3859 1815 tan-

2254 1845 2388 1901 tum
2439 1838 2870 1922 occurrentia,
2921 1858 2998 1904 ve
3075 1838 3266 1905 etiam
3315 1836 3662 1904 translata?
3706 1839 3860 1917 Qua-

2250 1935 2523 2078 propter
2566 1926 2846 2014 supplex
2893 1927 3123 1993 institit
3168 1928 3339 2015 apud
3405 1930 3469 1995 S.
3522 1931 3599 1992 R.
3649 1931 3728 1993 C.
3790 1939 3858 1991 ut

2297 2010 2518 2078 ubnum
2567 2014 2933 2083 huiusmodi
2980 2017 3308 2083 declarare
3356 2015 3767 2102 dignaretur.

2382 2104 2461 2166 Et
2511 2105 2578 2168 S.
2613 2107 2688 2170 R.
2724 2108 2826 2187 C.‚
2865 2104 3196 2172 referente
3243 2109 3402 2172 Ειῑιο
3452 2116 3518 2170 et
3565 2108 3732 2171 Rino
3781 2109 3857 2170 D.

2252 2189 2439 2257 Card.
2500 2190 2853 2276 Livizzani,
2920 2193 3234 2278 exquisita
3306 2191 3481 2281 prins
3534 2193 3858 2259 sententia

2253 2277 2442 2344 unius
2475 2298 2554 2344 ex
2588 2280 3099 2365 Apostolicarum
3133 2280 3704 2348 caeremoniarum
3739 2286 3861 2347 Ma-

2251 2366 2465 2452 gistris
2515 2387 2716 2454 eaque
2766 2389 3109 2456 perpensa,
3164 2369 3656 2436 rescribendum
3709 2391 3858 2437 cen-

2249 2453 2425 2522 suit:
2498 2478 2533 2518 «
2567 2460 2635 2522 ln
2683 2458 3069 2558 exceptione
3122 2458 3594 2544 comprehendi
3663 2459 3859 2524 etiam

2251 2544 2646 2611 translata».
2705 2549 2785 2611 Et
2848 2560 2928 2611 tta
2992 2547 3369 2614 declaravit.
3427 2547 3539 2613 Die
3600 2551 3685 2613 10
3749 2552 3858 2615 Se·

3622 653 3848 738 (4470)

2205 2639 2208 2642 '
2251 2633 2567 2717 ptembris
2619 2637 2814 2702 1796.

2255 2810 2510 2880 2554.
2834 2812 3263 2878 NUCERlNA.
3616 2813 3857 2898 (4475)

2385 2996 2547 3058 Cum
2623 2990 2990 3078 Capitulum
3071 2990 3390 3057 Ecclesiae
3459 2990 3859 3077 collegiatae

2255 3086 2318 3148 S.
2372 3080 2538 3147 Petri
2586 3080 2872 3167 Apostoli
2921 3079 3150 3168 Oppidi
3212 3078 3581 3147 Saxiferrati
3645 3081 3858 3145 Nuce·

2248 3170 2424 3236 rinae
2472 3167 2793 3235 Dioecesis
2841 3179 3090 3233 constet
3152 3166 3743 3254 Archipresbytero
3792 3188 3858 3233 ac

2252 3258 2480 3325 decem
2549 3255 2914 3339 CanoniciS‚
2972 3256 3144 3321 inter
3203 3275 3363 3342 quos
3429 3266 3559 3320 tres
3609 3275 3858 3335 ,nume-

2253 3356 2479 3412 rantur
2535 3366 2568 3411 a
2627 3344 2726 3434 pia
2790 3344 3064 3410 foemina
3128 3347 3355 3410 loanna
3407 3343 3710 3410 Gabrielli
3767 3343 3859 3411 in-

2248 3432 2476 3517 stituti,
2530 3454 2675 3500 cum
2727 3452 2926 3499 onere
2987 3443 3081 3516 ut,
3132 3432 3711 3521 Archipresbytero
3761 3453 3860 3498 so-

2253 3522 2555 3589 lemniter
2612 3523 3010 3604 celebrante,
3073 3521 3253 3609 fungi
3315 3520 3596 3605 debeant
3643 3521 3859 3587 officio

2251 3611 2506 3678 Diaconi
2557 3622 2622 3676 et
2668 3610 3054 3677 subdiaconi
3103 3610 3166 3675 in
3214 3610 3545 3676 defectum
3575 3608 3853 3677 aliorum

2253 3700 2618 3787 legitimum
2684 3697 3225 3785 impedimentum
3298 3697 3724 3782 habentium;
3794 3712 3858 3763 et

2254 3788 2450 3855 modo
2477 3799 2698 3853 exorta
2721 3787 2801 3853 sit
2827 3786 3264 3853 controversia
3299 3786 3470 3852 inter
3493 3787 3856 3873 praefatum

2249 3875 2900 3964 Archipresbyterum
2937 3888 3001 3941 et
3033 3874 3382 3943 Canonicos
3420 3892 3648 3941 omnes
3687 3876 3855 3942 circa

2252 3965 2550 4031 eamdem
2582 3964 3033 4030 assistentiam:
3068 3962 3475 4030 existimante
3505 3964 3854 4052 Archipre-

2252 4054 2512 4139 sbytero
2538 4053 2712 4138 quod
2744 4053 2862 4120 sibi
2894 4052 3278 4119 solemniter
3305 4052 3688 4135 celebranti,
3729 4066 3852 4119 tam

2250 4144 2315 4209 in
2361 4142 2643 4207 Ecclesia
2675 4141 3022 4228 collegiata
3057 4159 3248 4227 quam
3282 4139 3342 4206 in
3375 4139 3514 4204 aliis
3549 4142 3855 4206 Eccloeiis

2249 4230 2482 4319 Oppidi
2531 4250 2600 4295 ea
2649 4229 3008 4296 assistentia
3046 4231 3362 4297 debeatur
3391 4250 3422 4292 a
3455 4227 3852 4314 quibuslibet

2252 4341 2335 4386 ex
2367 4318 2553 4386 dictis
2598 4317 2928 4385 Canonicis
2959 4337 3078 4404 per
3111 4328 3413 4402 turnum;
3464 4326 3528 4382 et
3561 4336 3598 4382 e
3630 4330 3852 4383 contra

2255 4409 2487 4474 iisdem
2539 4406 2870 4474 canonicis
2935 4424 3073 4472 eam
3135 4405 3298 4471 intra
3347 4415 3411 4470 et
3459 4415 3640 4470 extra
3702 4426 3854 4492 pro-

2250 4497 2455 4583 priam
2505 4495 2857 4561 Ecclesiam
2903 4506 3228 4583 praestare
3289 4493 3849 4580 detrectantibus;

2256 4584 2469 4651 habito
2501 4603 2670 4650 nunc
2703 4604 2960 4651 recursu
2995 4583 3073 4648 ab
3104 4583 3341 4649 eodem
3388 4581 3852 4672 Archipresby-

2256 4684 2398 4739 tero
2446 4673 2523 4739 ad
2574 4672 2734 4739 banc
2782 4675 2850 4740 S.
2898 4677 2971 4741 R.
3024 4675 3126 4756 C.‚
3177 4682 3248 4738 ut
3302 4672 3386 4738 de
3437 4672 3602 4753 iure,
3639 4672 3702 4738 in
3737 4673 3852 4738 hac

2254 4772 2438 4851 parte
2483 4762 2600 4828 sibi
2648 4772 3058 4850 competente
3117 4759 3616 4829 declarationem
3671 4762 3856 4827 emit-

2257 4862 2473 4917 teret:

2390 4943 2457 5008 S.
2492 4943 2569 5006 R.
2602 4942 2708 5021 C.‚
2741 4939 2959 5005 audito
2995 4938 3241 5005 Vicario
3276 4937 3851 5025 Capitulari,-Sede

2261 5026 2616 5116 Episcopali
2682 5039 2830 5093 tunc
2877 5037 3139 5092 vacante
3167 5075 3185 5110 ,
3247 5026 3356 5113 qui
3402 5026 3848 5114 praedefuncti

2258 5117 2553 5203 Episcopi
2614 5115 2992 5182 sententiam
3061 5116 3384 5202 exposuit,
3448 5127 3639 5201 atque
3694 5120 3851 5182 Esno

2259 5213 2324 5269 et
2385 5208 2542 5269 Rmo
2603 5208 2676 5269 D.
2726 5204 3040 5271 Cardiuali
3102 5204 3432 5271 Rinuccini
3491 5204 3846 5285 referente,
