4042 5950
2008 198 2482 276 —152—

595 376 633 418 α
675 353 1184 420 Thurilicandam
1253 374 1390 421 esse
1459 355 1703 442 duplici
1775 356 1973 422 ductu
2047 365 2179 421 tan·
2277 365 2452 443 petat
2498 355 2778 424 ducendi
2830 357 2906 424 ad
2956 358 3368 445 collegiatam
3415 359 3847 448 cappellanus,

597 451 733 508 tum
767 465 832 509 ».
880 442 991 509 Die
1039 445 1125 508 28
1168 442 1309 509 Iulii
1366 447 1561 511 1789.
2281 441 2728 512 mansionarios
2774 446 3059 534 aliosque
3105 447 3386 515 clericos
3433 468 3560 514 nec
3605 466 3728 515 non
3760 452 3853 515 Se-

2281 532 2630 599 minaristas
2678 534 3092 618 cathedralis,
3141 534 3340 603 invito
3383 536 3681 623 Capitulo
3712 539 3855 605 eius·

597 619 856 687 2536.
1290 624 1514 688 URBIS
1954 621 2179 707 (4438)
2282 621 2436 687 dem
2490 622 2926 708 collegiatae?

968 728 1033 791 s,
1088 728 1394 794 10ANN13
1446 729 1515 792 [N
1567 730 1801 794 AYNo,
2414 713 2478 774 5.
2530 712 2626 777 An
2674 713 2908 777 Cantor
2953 712 3370 797 cathedralis,
3405 712 3521 798 qui
3569 730 3714 778 cum
3741 715 3860 780 aliis

2282 795 2706 883 Dignitatibus
2751 809 2820 865 et
2862 800 3193 867 canonicis
3238 801 3316 867 ab
3362 800 3684 889 Episcopo
3715 801 3855 868 invi-

726 888 909 952 Sacra
942 886 1202 952 Rituum
1231 890 1365 954 con
1412 886 1656 971 regatio
1688 887 1765 953 ad
1793 886 2185 954 humillimas
2282 886 2426 951 tatis
2473 887 2550 954 ad
2599 887 3017 974 Collegiatam
3067 908 3137 954 se
3183 890 3463 973 confert,
3514 891 3718 957 valeat
3745 890 3856 955 vir·

597 995 818 1064 preces
865 974 1227 1041 Sacerdotis
1274 978 1357 1040 Ga
1406 974 1582 1043 rielis
1623 975 1848 1042 Mariae
1896 973 2182 1062 caspar-ri
2285 989 2429 1058 gam
2479 986 2732 1062 gestare
2778 994 2902 1061 qua
2949 977 3152 1043 utitur
3197 976 3264 1042 in
3294 975 3712 1044 Cathedrali'?

596 1063 888 1130 moderni
913 1062 1201 1130 Rectoris
1230 1062 1550 1131 Ecclesiae
1576 1062 1955 1149 parochialis
1987 1064 2051 1128 S.
2091 1069 2182 1129 lo·
2419 1066 2484 1129 6.
2535 1064 2633 1129 An
2695 1064 2922 1130 eadem
2986 1064 3164 1151 virga
3227 1066 3321 1131 uti
3380 1067 3596 1131 valeat
3657 1069 3863 1132 cantor

595 1151 774 1219 aunis
818 1151 881 1217 in
933 1149 1111 1238 Aynb
1160 1153 1242 1220 de
1288 1150 1483 1236 Urbe,
1534 1150 1745 1234 audita
1803 1152 1982 1240 prius
2041 1170 2185 1218 sen·
2277 1151 2694 1238 Collegiatae,
2747 1152 3191 1239 praesentibus
3253 1153 3592 1221 canonicis
3656 1153 3863 1222 cathe-

599 1239 792 1305 tentia
840 1240 980 1305 Emi
1029 1250 1092 1305 et
1138 1239 1279 1306 Rmi
1326 1240 1572 1307 Domini
1620 1239 1966 1307 cardinalis
1998 1239 2186 1307 Urbis
2284 1237 2525 1305 dralis‘?
2835 1281 2854 1298 .
3133 1237 3140 1242 “

596 1327 850 1412 vicarii,
900 1329 977 1395 ad
1023 1329 1402 1395 relationem
1452 1328 1587 1394 Emi
1640 1338 1704 1394 et
1748 1330 1887 1395 Rffii
1935 1327 2184 1394 Domini
2424 1330 2486 1394 7.
2539 1329 2658 1412 An,
2711 1339 2774 1394 et
2821 1348 2985 1414 quae
3043 1330 3405 1398 functiones
3476 1329 3606 1397 sint
3668 1329 3740 1396 ab
3797 1349 3865 1396 eo

594 1416 942 1483 Cardinalis
1002 1416 1291 1484 Archinti
1367 1417 1714 1500 Praefecti,
1794 1416 2184 1484 declaravit:
2290 1415 2693 1503 peragendae
2747 1419 2989 1503 quique
3055 1417 3150 1484 illi
3209 1417 3627 1505 assignandus
3682 1420 3862 1501 locus,

570 1523 633 1568 ·‹
668 1507 803 1571 Non
852 1504 1105 1571 licuisse
1174 1524 1217 1569 n
1308 1525 1389 1571 ue
1458 1504 1525 1572 in
1595 1516 1923 1592 posterum
1986 1506 2187 1572 licere
2288 1514 2417 1569 tam
2465 1506 2527 1569 iu
2574 1505 2984 1571 associatione
3033 1505 3327 1595 Episcopi
3374 1527 3570 1593 quam
3620 1507 3681 1574 in
3739 1509 3866 1572 Pro·

593 1593 955 1660 Camerario
1004 1605 1069 1659 et
1136 1596 1270 1660 con
1300 1592 1571 1659 ratribus
1641 1594 1782 1680 piae
1853 1592 2185 1661 Societatis
2288 1591 2724 1660 cessionibus?
3801 1623 3812 1635 ·

595 1682 714 1750 sub
760 1680 949 1748 titulo
997 1683 1061 1747 S.
1112 1686 1329 1747 Annae
1377 1681 1587 1747 Matris
1632 1686 1701 1747 B.
1740 1685 1822 1748 M.
1857 1686 1932 1751 V.
1988 1682 2052 1749 in
2083 1699 2186 1746 ea·
2420 1684 2487 1746 8.
2540 1685 2662 1763 An,
2713 1693 2779 1746 et
2809 1702 2996 1768 aquo
3030 1682 3479 1769 occupandum
3513 1683 3596 1749 sit
3626 1682 3863 1749 stallum

595 1770 746 1838 dem
772 1768 1140 1837 -Parocbiali
1186 1771 1598 1853 coadunatae,
1634 1790 2041 1857 quacumque
2079 1790 2189 1836 ve·
2287 1768 2426 1835 aliis
2472 1769 2673 1854 magis
2719 1771 3042 1838 elevatum
3073 1770 3137 1837 in
3172 1772 3378 1839 Cboro
3415 1772 3723 1855 existens,
3754 1791 3864 1857 qno

594 1869 690 1924 ste
740 1856 1002 1940 indutis,
1055 1857 1243 1924 etiam
1288 1858 1373 1925 de
1420 1871 1733 1926 consensu
1772 1859 2058 1942 Parocbi,
2094 1879 2188 1924 as·
2288 1857 2438 1923 alias
2483 1857 2686 1924 utitur
2732 1860 3106 1947 Episcopus,
3174 1859 3434 1946 quando
3495 1859 3741 1927 accedit
3799 1859 3866 1924 ad

595 1947 821 2012 sistere
871 1946 1171 2046 vesperis
1202 1955 1266 2011 et
1295 1945 1510 2013 Missae
1541 1947 1825 2014 solemn?
1849 1948 2011 2014 intra
2042 1953 2189 2014 Pre-
2293 1945 2759 2033 collegiatam?

595 2034 952 2134 sbyterium
998 2054 1065 2102 in
1113 2034 1477 2102 Festivitate
1510 2034 1804 2103 eiusdem
1838 2039 1905 2104 S.
1940 2040 2182 2121 Annae,
2421 2041 2487 2104 9.
2538 2038 2661 2119 An,
2712 2049 2777 2103 et
2821 2056 2854 2100 a
2902 2055 3032 2123 quo
3077 2037 3156 2103 sit
3220 2039 3682 2122 praestandum
3737 2035 3866 2101 thus

596 2124 814 2208 ibique
838 2122 1375 2190 thurificationem
1395 2124 1681 2210 aliosque
1705 2123 1994 2210 obsequii
2014 2136 2191 2191 actus
2294 2135 2358 2189 et
2413 2124 2706 2192 osculum
2777 2123 3103 2210 Evangelii
3172 2124 3496 2212 Episcopo
3562 2122 3864 2192 solemniis

598 2210 901 2299 excipere
936 2233 998 2276 ›.
1052 2216 1131 2277 Et
1166 2212 1249 2277 ita
1287 2213 1634 2279 declaravit
1667 2223 1732 2278 et
1765 2214 2023 2279 omnino
2057 2233 2190 2280 ser·
2290 2211 2672 2299 simpliciter
2718 2212 3060 2298 assistenti,
3092 2231 3215 2280 nec
3247 2231 3376 2280 non
3406 2214 3705 2280 eiusdem
3735 2231 3865 2298 per-

597 2299 724 2365 vari
773 2300 1124 2368 mandavit.
1171 2301 1283 2367 Die
1331 2303 1417 2368 28
1464 2300 1603 2367 Iulii
1657 2304 1849 2368 1789.
2292 2299 2538 2387 agenda
2589 2299 3022 2368 thurificatio?

2429 2390 2536 2454 10.
2587 2391 2680 2455 An
2727 2388 3055 2457 canonicis
3120 2388 3517 2475 collegiatae
3566 2390 3664 2455 ius
3708 2406 3862 2454 com-

597 2479 847 2548 253⁷.
1208 2479 1576 2544 MELITEN.
1836 2551 1841 2556 .
1950 2477 2181 2564 (4439)
2293 2487 2467 2566 petat
2512 2477 2575 2544 in
2622 2476 3028 2543 Processione
3077 2477 3302 2546 utendi
3364 2478 3428 2544 in
3500 2497 3650 2546 casu
3710 2477 3865 2543 clava

973 2586 1808 2662 PRAEEMINENTIARUM.
2069 2611 2078 2620 ·
2143 2591 2150 2599 ·
2293 2563 2677 2653 capitulari?

2429 2657 2531 2720 11.
2583 2659 2707 2739 An,
2759 2666 2824 2721 et
2868 2673 2998 2743 quo
3045 2654 3271 2721 ordine
3309 2654 3626 2722 incedere
3656 2654 3866 2721 debeat

730 2739 952 2825 Dubia,
1001 2759 1164 2826 quae
1212 2740 1534 2827 proposita
1581 2743 1842 2811 fuerunt
1891 2762 1973 2808 ex
2003 2754 2187 2832 parte
2292 2742 2356 2809 in
2401 2742 2568 2809 dicta
2633 2746 3041 2812 Processione
3103 2741 3564 2810 Clavicularius
3619 2754 3723 2809 aut
3772 2746 3866 2809 ca·

595 2830 736 2897 Rmi
784 2828 1173 2916 Capituliet
1233 2833 1540 2896 Rffiorum
1600 2831 2021 2898 Dominorum
2082 2833 2186 2899 Di·
2296 2830 2604 2897 thedralis
2652 2841 2761 2897 aut
2808 2829 3248 2919 collegiatae?

596 2919 914 3005 gnitatum
964 2927 1029 2984 et
1065 2917 1526 2986 Canonicorum
1560 2918 1826 3007 insignis
1861 2920 2184 2989 Ecclesiae
2431 2923 2534 2987 12.
2586 2922 2682 2987 An
2731 2920 2793 2987 in
2842 2919 3030 2989 dictis
3097 2918 3614 2987 processionibus
3673 2916 3859 3005 Digni·

596 3006 986 3094 Collegiatae
1049 3008 1116 3073 S.
1166 3006 1337 3073 Pauli
1399 3008 1683 3074 Civitatis
1753 3009 2069 3077 Vallettae
2120 3011 2182 3077 in
2292 3018 2451 3074 tates
2497 3020 2563 3075 et
2605 3011 2901 3079 Canonici
2933 3007 3608 3093 collegiatae⁴iisdem
3654 3008 3743 3074 uti
3772 3027 3862 3071 va-

596 3100 780 3165 Sacra
810 3095 1072 3163 Rituum
1104 3095 1625 3182 congregatione
1651 3098 2046 3183 particulari,
2081 3100 2187 3167 ha·
2294 3098 2467 3163 leant
2513 3097 2741 3185 cereis,
2794 3098 3026 3184 quibus
3085 3108 3357 3165 utuntur
3416 3097 3770 3185 Dignitates
3810 3106 3864 3160 et

598 3183 725 3250 bita
770 3184 877 3252 die
932 3189 1010 3253 19
1060 3183 1194 3252 Maii
1248 3187 1440 3271 1786,
1490 3204 1639 3251 cum
1674 3187 2053 3272 respectivis
2084 3207 2186 3253 re·
2294 3186 2594 3252 Canonici
2643 3185 3087 3254 cathedralis?

594 3271 1018 3341 solutionibus
1049 3273 1344 3341 eiusdem
1377 3277 1602 3341 Sacrae
1635 3275 2187 3361 congregationis,
2432 3278 2536 3341 13.
2588 3279 2708 3359 An,
2759 3279 2834 3341 et'
2871 3273 2981 3341 ubi
3030 3273 3335 3342 incedere
3381 3273 3618 3341 debeat
3651 3273 3712 3341 in
3741 3277 3864 3340 Pro·

598 3363 752 3429 baec
797 3372 973 3445 sunt,
1023 3362 1369 3429 videlicet:
1798 3416 1802 3420 A
2292 3361 2687 3430 cessionibus
2732 3362 3078 3452 praedictis
3123 3362 3472 3449 Acolytbus
3534 3382 3685 3430 cum
3742 3361 3864 3448 plu-

731 3455 791 3517 1.
843 3452 940 3515 An
988 3449 1337 3536 Dignitates
1370 3461 1438 3517 et
1468 3449 1762 3517 canonici
1794 3450 2190 3518 cathedralis
2292 3449 2437 3516 viali
2484 3450 2782 3519 baculum
2831 3451 3130 3519 deferens
3178 3448 3658 3539 episcopalem?

592 3536 873 3604 civitatis
920 3537 1253 3621 Notabilis,
1304 3540 1414 3625 qui
1467 3537 1709 3611 invitati
1758 3538 1834 3604 ab
1869 3538 2183 3627 Episcopo
2428 3543 2530 3606 14.
2585 3542 2678 3605 An
2727 3539 3076 3627 Dignitates
3108 3550 3172 3605 et
3206 3538 3502 3606 canonici
3535 3538 3856 3606 cathedra·

592 3644 663 3691 se
710 3626 1051 3692 conferunt
1096 3627 1173 3693 ad
1221 3628 1576 3694 Ecclesiam
1624 3627 2041 3728 collegiatam
2089 3625 2187 3695 ci·
2265 3626 2391 3709 lis,
2441 3628 2769 3695 occasione
2818 3629 3284 3716 praedictarum
3325 3626 3749 3709 functionum,
3783 3622 3858 3689 uti

595 3711 805 3778 vitatis
852 3713 1189 3798 Vallettae,
1225 3716 1555 3781 occasione
1599 3716 1979 3783 Festivitatis
2026 3719 2189 3783 Nau·
2292 3718 2538 3783 valeant
2587 3716 2772 3782 mitra
2819 3735 3069 3784 necnon
3115 3716 3386 3782 Planetis
3417 3736 3485 3782 ac
3516 3713 3857 3805 respective

590 3801 780 3886 Iragii
827 3805 894 3868 S.
943 3800 1140 3888 Pauli,
1191 3813 1298 3870 aut
1343 3803 1606 3871 alterius
1654 3806 1966 3891 cuiusque
2027 3806 2188 3870 sole·
2293 3805 2703 3892 pluvialibus,
2756 3816 2882 3870 tam
2931 3806 2993 3871 in
3041 3806 3248 3893 cboro
3293 3822 3487 3892 quam
3525 3805 3590 3871 in
3624 3808 3856 3871 Proces-

596 3890 873 3956 mnitatis
920 3898 986 3957 et
1017 3892 1485 3959 ecclesiasticae
1516 3892 1880 3979 functionis,
1917 3893 2192 3958 interve·
2291 3890 2617 3960 sionibus?
2663 3904 2725 3959 et
2755 3905 3072 3980 quatenus
3104 3892 3474 3959 affirmative
3505 3892 3715 3978 quoad
3748 3890 3858 3955 Pla-

597 3976 735 4043 nire
796 3978 1073 4046 debeant
1128 3981 1589 4069 collegialiter;
1660 3983 1767 4047 vel
1827 3980 2041 4067 potius
2101 3982 2188 4047 uti
2294 3990 2472 4047 netas
2521 3991 2585 4047 et
2629 3982 2975 4068 pluviales,

473 4104 482 4112 ·
596 4065 886 4153 singuli?
940 4144 947 4149 ,
2427 4072 2534 4135 16.
2583 4073 2679 4137 An
2728 4069 2958 4136 iisdem
3007 4070 3098 4135 uti
3147 4070 3397 4135 valeant
3430 4067 3774 4156 Dignitates
3802 4076 3856 4130 et

728 4159 791 4222 2.
842 4161 940 4224 An
1008 4155 1236 4225 iisdem
1289 4157 1384 4226 ius
1455 4175 1595 4224 com
1687 4168 1780 4224 tat
1846 4157 2186 4224 incedendi
2292 4157 2587 4225 canonIci
2637 4155 3079 4245 collegiatae?

596 4245 1150 4330 processionaliter
1196 4267 1228 4311 a
1274 4246 1442 4314 dicta
1487 4247 1597 4314 Col
1630 4247 1831 4332 egiata
1899 4247 1978 4313 ad
2043 4248 2188 4313 Ora·
2419 4246 2641 4330 Dubia,
2689 4266 2852 4333 quae
2901 4246 3223 4334 proposita
3270 4247 3534 4313 fuerunt
3582 4264 3664 4311 ex
3696 4251 3857 4331 parte

597 4333 834 4400 torium
881 4335 1169 4402 caritatis
1211 4356 1329 4425 pro
1400 4336 1764 4403 associando
1825 4334 2184 4422 Episcopo;
2288 4339 2592 4402 Rthorum
2628 4337 3043 4402 Dominorum
3076 4335 3545 4403 canonicorum
3573 4337 3730 4402 Ven.
3759 4334 3857 4397 Ec-

598 4421 701 4487 vel
749 4424 964 4509 potius
1011 4425 1107 4490 ius
1140 4423 1506 4493 huiusmodi
1540 4434 1865 4511 competat
1894 4423 2190 4511 capitulo
2291 4422 2523 4490 clesiae
2570 4424 2964 4491 cathedralis
3008 4423 3293 4490 Civitatis
3338 4422 3667 4508 Notabilis,
3717 4418 3857 4510 pari·

596 4510 1006 4598 collegiatae,
1055 4512 1140 4579 ita
1186 4525 1258 4582 ut
1303 4513 1396 4579 illi
1444 4533 1477 4577 a
1523 4512 1699 4578 dicto
1738 4511 2025 4579 Oratorio
2059 4523 2189 4577 tan-
2292 4521 2392 4576 ter
2438 4529 2586 4578 cum
2632 4511 3013 4599 respectivis
3051 4510 3577 4596 resolutionibuS,
3613 4522 3757 4579 sunt
3782 4526 3862 4573 se·

597 4610 733 4664 tum
781 4618 902 4666 una
950 4619 1098 4667 cum
1138 4602 1453 4690 Episcopo
1485 4618 1764 4689 pergere
1797 4600 2077 4668 debeant
2107 4600 2183 4666 ad
2291 4598 2581 4685 quentia,
2630 4599 2970 4666 videlicet:

592 4686 943 4755 Ecclesiam
977 4689 1414 4777 Collegiatam,
1444 4701 1508 4756 et
1543 4689 1619 4756 ab
1653 4689 1880 4755 eadem
1904 4687 2183 4754 Ecclesia
2425 4691 2531 4755 16.
2581 4689 2676 4753 An
2723 4688 2803 4754 sit
2834 4689 3142 4755 servanda
3172 4698 3238 4754 et
3272 4690 3651 4776 exequenda
3686 4700 3858 4754 trans·

595 4774 908 4842 reducere
957 4777 1346 4867 Episcopum
1392 4780 1470 4846 ad
1516 4775 1924 4847 Oratorium‘?
2287 4775 2451 4841 actio
2500 4777 2564 4844 in
2610 4775 2796 4843 casu?
2840 4788 2906 4843 et
2950 4787 3266 4861 quatenus
3312 4778 3643 4864 negative,

721 4871 786 4933 3.
838 4872 958 4952 An,
1010 4880 1076 4935 et
1120 4887 1284 4954 quae
1332 4869 1678 4937 assistentia
1743 4889 1775 4933 a
1841 4865 2185 4956 praedictis
2425 4871 2526 4933 17.
2581 4868 2678 4932 An
2741 4867 3035 4967 capitulo
3091 4866 3482 4953 collegiatae
3545 4869 3614 4934 S.
3659 4859 3851 4941 Pauli,

592 4954 1010 5042 Dignitatibus
1037 4966 1101 5022 et
1134 4959 1462 5025 canonicis
1483 4959 1877 5027 cathedralis
1900 4957 2185 5046 sitprae-
2291 4954 2730 5047 praesentibus
2781 4954 3201 5041 Dignitatibus
3263 4965 3328 5020 et
3388 4952 3713 5023 canonicis
3764 4953 3857 5016 ca-

592 5042 810 5108 standa
836 5038 1177 5131 Episcopo,
1198 5058 1302 5113 aut
1326 5045 1783 5132 pontificaliter
1807 5044 2184 5127 celebranti,
2291 5044 2478 5133 pituli
2523 5044 2921 5111 cathedralis
2968 5042 3034 5109 in
3067 5042 3174 5109 die
3211 5042 3596 5110 Festivitatis
3630 5038 3866 5109 Nauna-⁴

594 5141 701 5197 aut
746 5132 1169 5219 praesentiam
1219 5144 1463 5202 tantum
1510 5134 1905 5221 praestanti?
2291 5132 2377 5221 gii
2427 5135 2492 5199 S.
2530 5133 2726 5215 Pauli,
2778 5142 3103 5217 competat
3136 5131 3235 5197 ius
3266 5131 3496 5207 utendi
3527 5149 3718 5217 cappa
3749 5144 3854 5193 ma·

728 5223 790 5287 4.
843 5224 939 5287 An
986 5220 1327 5309 Episcopo,
1377 5243 1490 5289 seu
1526 5222 1946 5308 Dignitatibus
1978 5232 2044 5286 et
2077 5226 2186 5288 ca·
2290 5239 2411 5309 gna
2459 5239 2605 5286 cum
2656 5219 2935 5307 pellibus
2982 5218 3400 5286 armellim's?
3621 5238 3632 5251 ¹
3674 5253 3690 5273 .

594 5309 834 5376 nonicis
881 5309 1276 5377 cathedralis
1322 5311 1398 5377 ab
1432 5329 1509 5375 eo
1541 5308 1841 5394 invitatis,
1877 5309 1973 5375 ius
2007 5328 2181 5375 com·
2429 5311 2529 5375 18.
2581 5307 3068 5393 Aupraedictis
3115 5307 3539 5392 Dignitatibus
3587 5319 3654 5374 et
3683 5309 3852 5373 cano-
