4042 5950
546 1554 549 1557 ’
638 1547 890 1618 2910.

2031 276 2504 355 ...334-

637 430 1000 517 induxerit,
1062 452 1291 521 anceps
1357 434 1617 519 haeret,
1682 451 1837 501 num
1903 434 2210 502 adhibere
2309 438 2387 503 R.
2421 437 2487 501 P.
2524 439 2600 502 D.
2637 433 2928 504 eiusdem
2969 438 3198 504 Sacrae
3229 435 3758 524 congregationis
3785 438 3888 504 Se·

637 523 834 611 possit
867 523 1151 590 habitum
1198 522 1547 589 violaceum
1582 542 1731 589 cum
1768 522 1953 610 longa
1987 522 2210 606 cauda,

635 610 880 677 scilicet
925 630 1185 700 cappam
1232 628 1547 698 magnam,
1598 631 1725 697 quo
1774 610 1991 679 habitu
2039 629 2213 678 com-

2314 522 2584 591 cretario
2609 522 2966 611 subscripto
2999 524 3236 590 relatae
3268 523 3530 592 fuerunt
3559 539 3891 610 sequentes

2317 631 2570 713 preces,
2598 613 2855 679 nomine
2880 611 3335 699 Amplitudinis
3355 615 3524 678 Tuae
3551 624 3887 701 porrectas3

637 701 921 766 munitet·
965 709 1235 766 utuntur
1263 698 1598 786 Episcopi;
1631 718 1701 765 ac
1734 699 1817 766 de
1852 709 2212 787 opportuna
2251 776 2256 785 θ
2311 700 2652 767 nimirum:

636 785 1061 855 declaratione
1084 790 1332 856 Sacram
1356 786 1615 855 Rituum
1637 788 2215 876 congregationem

638 874 825 942 enixe
857 887 1063 962 rogat.

769 967 846 1031 Et
905 966 1085 1032 Sacra
1137 963 1397 1032 Rituum
1451 965 1874 1052 congregatio
1898 1012 1916 1047 ,
1972 966 2050 1032 ad
2098 967 2214 1031 Va-

636 1050 865 1119 ticanas
920 1052 1127 1119 Aedes
1180 1052 1534 1141 subscripta
1588 1053 1696 1120 die
1755 1054 1816 1120 in
1871 1051 2217 1119 Ordinariis

636 1140 917 1208 Comitiis
983 1140 1364 1225 coadunata,
1428 1141 1754 1208 referente
1821 1139 2211 1224 Secretario,

636 1229 1153 1316 respondendum
1219 1229 1512 1296 censuit:
1576 1251 1614 1294 c
1648 1232 1834 1296 Posse
1879 1229 1955 1297 ad
2005 1226 2217 1295 trami-

637 1327 768 1383 tem
815 1317 1302 1384 Caeremonialis
1348 1318 1808 1407 Episcopomm
1840 1340 1900 1385 ».

768 1406 877 1473 nie
924 1410 1005 1474 23
1053 1406 1187 1473 Maii
1239 1408 1432 1473 1846.

1240 1550 1607 1615 οιιιτΑΝΑ.
1983 1546 2213 1634 (5041)

770 1677 929 1741 Dum
984 1695 1037 1740 s.
1090 1693 1176 1741 m.
1230 1674 1373 1741 Pius
1433 1677 1592 1762 Papa
1654 1675 1758 1741 vn
1824 1692 1937 1762 pro
1992 1676 2215 1758 Regno

637 1762 972 1849 utriusque
1017 1762 1266 1831 Siciliae
1308 1762 1429 1829 sub
1474 1762 1582 1829 die
1636 1763 1714 1829 10
1759 1761 1995 1848 Aprilis
2051 1764 2217 1828 1818

638 1849 949 1916 contraxit
992 1869 1334 1918 numerum
1380 1855 1711 1918 Festorum
1758 1851 1876 1917 sub
1938 1860 2217 1935 utroque

639 1950 980 2027 praecepto
1048 1939 1540 2022 seivandorum,
1607 1937 1808 2007 edixit
1875 1948 1945 2024 qt
2005 1937 2215 2024 quoad

641 2026 1151 2112 Ecclesiasticum
1199 2027 1418 2113 ritum,
1467 2026 1772 2094 nimirum
1818 2026 2026 2112 quoad
2073 2025 2218 2093 offi-

640 2113 756 2198 cia,
804 2114 1009 2183 Missas
1056 2125 1121 2182 et
1166 2115 1450 2202 vigilias,
1483 2116 1710 2186 eadem
1744 2118 2120 2184 Sanctorum
2153 2126 2219 2180 et

640 2204 1126 2272 solemnitatum
1172 2204 1351 2272 Festa
1382 2204 1675 2292 abrogata
1707 2212 2118 2270 servarentur
2152 2214 2220 2269 ιιι

638 2306 853 2372 antea;
900 2293 1213 2380 siquidem
1255 2292 1642 2361 reductionis
1674 2311 1853 2359 causa
1884 2290 2072 2358 unica
2100 2290 2219 2358 fuit

640 2381 963 2472 exemptio
986 2381 1279 2449 fidelium
1309 2379 1387 2446 ab
1410 2394 1687 2468 utroque
1710 2388 2057 2467 praecepto
2087 2398 2221 2446 ser·

640 2471 872 2538 vando.
920 2474 1157 2538 Verum
1191 2488 1391 2556 quum
1422 2468 1747 2537 interdum
1776 2468 2004 2535 eadem
2040 2469 2221 2535 abro-

641 2569 777 2645 gata
821 2562 1001 2624 Festa
1047 2557 1326 2624 incidant
1367 2558 1431 2625 in
1465 2555 1801 2624 Dominicis
1832 2575 1953 2644 per
1984 2575 2219 2624 annum

640 2646 1054 2734 privilegiatis
1076 2646 1180 2712 vel
1214 2664 1362 2712 cum
1385 2645 1589 2713 Festis
1617 2643 1957 2712 mobilibus
1980 2644 2224 2733 dignio-

643 2734 812 2802 ribus
858 2744 1212 2819 occurrant,
1245 2754 1315 2801 ac
1361 2732 1632 2822 proinde
1679 2753 1759 2799 ex
1803 2733 2220 2801 Rubricarum

643 2823 1030 2911 praescripto
1077 2840 1304 2889 eorum
1335 2821 1546 2890 Officia
1582 2821 1707 2889 sint
1739 2821 2217 2901 transferenda3

641 2930 769 2978 non
821 2930 943 2978 una
1010 2920 1106 2977 est
1167 2912 1338 2979 Cleri
1400 2911 1631 2980 Oritani
1688 2909 2003 2978 sententia
2054 2911 2221 2979 circa

641 2999 910 3067 Chorale
938 2999 1272 3068 servitium
1309 3020 1342 3066 a
1387 2998 1853 3089 capitularibus
1900 3011 2222 3087 praestan-

642 3088 843 3168 dum;
892 3108 960 3154 ac
1022 3088 1297 3176 proinde
1356 3091 1579 3157 Sacrae
1635 3085 1895 3156 Rituum
1941 3090 2221 3175 Congre-

640 3176 875 3264 gationi
920 3195 1198 3263 sequens
1241 3176 1527 3264 quaestio
1572 3176 1891 3276 proposita
1938 3175 2059 3243 fuit
2104 3195 2221 3263 pro

642 3277 997 3352 opportuna
1042 3265 1499 3350 declaratione,
1547 3267 1889 3332 nimirum:
1939 3285 1977 3328 c
2012 3266 2108 3331 An
2140 3265 2221 3332 ob

640 3354 1105 3422 occurrentiam
1172 3353 1534 3421 Dominicae
1610 3351 2047 3455 privilegiatae
2116 3354 2220 3419 vel

641 3441 901 3509 alterius
946 3442 1361 3510 solemnitatis
1407 3442 1660 3508 maioris
1696 3441 1855 3508 ritus
1885 3439 1988 3506 vel
2020 3439 2226 3527 digni-

642 3532 809 3615 tatis,
856 3530 1171 3598 translatis
1201 3531 1278 3598 ad
1311 3530 1498 3596 aliam
1544 3528 1716 3597 diem
1748 3529 1979 3596 Officiis
2006 3532 2223 3596 Festo·

644 3637 785 3684 rum
820 3617 1291 3704 abrogatorum,
1324 3618 1391 3685 in
1422 3617 1531 3684 die
1562 3616 1968 3705 repositionis
1999 3615 2224 3684 Clerus

643 3706 932 3794 adigatur
986 3706 1195 3774 Choro
1255 3707 1604 3786 interesse,
1652 3707 1814 3774 sicut
1870 3705 1935 3773 in
1994 3704 2224 3772 diebus

644 3792 944 3882 propriis,
992 3806 1064 3861 ut
1108 3813 1298 3881 supra
1352 3793 1701 3881 impeditis,
1751 3794 1932 3878 queis
1995 3810 2222 3881 reapse

645 3884 939 3966 interest,
987 3882 1272 3968 quamvis
1321 3902 1402 3949 ex
1447 3881 1565 3948 alia
1612 3878 1846 3948 causa?
1876 3904 1913 3946 »

771 3973 850 4037 Et
897 3972 1081 4037 Sacra
1127 3969 1386 4038 Rituum
1430 3969 1881 4057 Congregatio,
1930 3970 2008 4036 ad
2058 3968 2225 4037 Vati-

644 4076 826 4126 canas
876 4059 1085 4127 Aedes
1141 4059 1205 4126 in
1260 4057 1587 4127 ordinario
1647 4060 1849 4125 Coetu
1914 4056 2226 4125 hodierna

643 4148 748 4215 die
779 4147 1149 4229 coadunata,
1176 4147 1387 4214 audita
1418 4166 1449 4211 a
1479 4144 1838 4232 subscripto
1868 4144 2224 4212 Secretario

646 4236 821 4304 fideli
855 4235 1161 4303 relatione
1191 4255 1261 4302 ac
1294 4234 1562 4323 singulis
1596 4234 1912 4302 rationum
1944 4251 2226 4299 momen·

646 4325 722 4392 tis
766 4324 996 4391 sedulo
1042 4324 1402 4410 perpensis,
1451 4322 1904 4390 declarandum
1937 4319 2220 4387 censuit:

646 4435 683 4480 s
718 4413 977 4482 Clerum
1011 4412 1087 4480 ad
1120 4412 1409 4479 iteratam
1455 4409 1645 4480 Chori
1693 4409 2109 4478 assistentiam
2145 4428 2224 4475 ex

643 4504 780 4570 solo
846 4499 1033 4567 titulo
1095 4499 1512 4566 translationis
1573 4502 1904 4566 Festorum
1966 4496 2227 4585 abroga-

550 4627 555 4633 ·
649 4600 861 4656 torum
909 4588 1274 4655 nullatenus
1331 4586 1534 4656 teneri
1571 4602 1635 4666 »3
1683 4607 1753 4653 ac
1799 4586 2072 4675 proinde
2128 4605 2227 4652 re·

646 4676 937 4766 scripsit:
987 4698 1024 4743 s
1058 4682 1125 4744 ln
1157 4675 1264 4743 die
1311 4676 1564 4765 propria
1610 4686 1858 4742 tantum
1893 4699 1959 4741 ».

780 4766 889 4832 Die
936 4769 1019 4833 23
1066 4764 1203 4831 Maii
1257 4768 1444 4833 1846.

647 4926 887 4998 2911.
1156 4925 1428 4993 SANCTI
1467 4927 1713 4994 FLORI.

973 5069 1129 5133 Rme
1176 5068 1470 5151 Domine,
1518 5066 1611 5134 uti
1657 5070 1903 5134 Frater.

1997 4921 2224 5010 (5043)

780 5211 847 5275 ln
891 5209 1234 5277 ordinariis
1278 5212 1501 5278 Sacrae
1544 5208 1807 5277 Rituum
1865 5211 2226 5295 Congrega·

649 5295 837 5363 tionis
870 5297 1152 5366 comitiis
1196 5298 1362 5386 apud
1411 5296 1732 5364 Vaticanas
1762 5296 1972 5362 Aedes
2002 5294 2232 5362 coactis

651 5384 906 5454 decimo
973 5384 1280 5452 calendas
1347 5382 1504 5450 lunii
1570 5400 1732 5449 anno
1798 5393 2098 5449 vertente
2155 5383 2231 5449 ab

2448 788 2878 857 Plurimorum
2899 790 3215 857 Altarium
3246 789 3640 878 portatilium
3674 790 3737 855 in
3760 788 3889 875 plu·

2317 875 2493 945 ribus
2560 878 2858 946 Ecclesiis
2924 877 3241 946 Dioe'cesis
3317 877 3525 945 Sancti
3601 876 3770 943 Flori
3835 875 3889 941 in

2316 965 2513 1031 Gallia
2552 965 2921 1034 exciderant
2966 966 3102 1034 sive
3148 964 3466 1033 excidisse
3520 964 3891 1031 videbantur

2318 1057 2693 1121 Sanctorum
2727 1053 3056 1142 Reliquiae
3084 1071 3103 1133 ;
3152 1052 3498 1121 timebatur
3528 1072 3786 1139 quoque
3814 1072 3886 1118 ne

2319 1141 2627 1228 Sepulcra
2689 1143 3114 1228 quorumdam
3192 1142 3464 1209 aliorum
3539 1142 3693 1209 licet
3759 1139 3885 1226 pice

2316 1250 2432 1297 seu
2465 1251 2609 1298 cera
2655 1231 2974 1318 obsignata
3025 1243 3090 1299 et
3134 1229 3346 1319 sigillo
3379 1229 3740 1316 Episcopali
3775 1247 3886 1296 nou

2318 1320 2586 1403 munita,
2635 1322 2858 1388 effossa
2910 1319 3180 1387 fuissent
3226 1328 3291 1386 et
3335 1318 3539 1386 Sacris
3599 1317 3887 1403 Reliqniis

2320 1406 2623 1475 carentia.
2670 1411 2875 1487 Quum
2923 1418 3141 1476 autem
3187 1407 3566 1475 crederetur
3598 1425 3726 1473 non
3755 1405 3884 1472 ideo

2320 1506 2618 1580 execrata
2664 1497 2860 1564 fuisse
2911 1495 3019 1562 illa
3050 1496 3309 1580 Altaria,
3343 1505 3408 1561 et
3453 1497 3604 1561 satis
3650 1512 3786 1560 esse
3827 1506 3886 1558 ut

2319 1602 2524 1651 novae
2556 1584 2619 1650 in
2653 1584 2778 1651 illis
2825 1584 3298 1652 tumularentur
3328 1586 3706 1651 Sanctorum
3734 1586 3888 1647 Exu-

2320 1671 2499 1750 viae;
2534 1672 2687 1740 inde
2732 1673 2966 1740 iactum
3017 1684 3113 1741 est
3158 1684 3231 1740 ut
3279 1672 3343 1739 in
3390 1673 3667 1740 decursu
3697 1670 3888 1736 visita-

2324 1760 2510 1827 tionis
2534 1761 2754 1827 aliisve
2779 1761 3293 1844 circumstantiis,
3320 1759 3672 1860 Episcopus
3696 1758 3888 1826 Sancti

2321 1848 2489 1916 Flori
2534 1868 2651 1916 seu
2700 1849 2924 1918 Vicarii
2970 1849 3315 1916 Generales
3369 1847 3601 1934 ipsius,
3648 1845 3893 1913 visitatis

2321 1936 2447 2004 illis
2515 1937 2861 2024 praedictis
2928 1936 3278 2021 Altaribus,
3341 1934 3779 2002 mandaverint
3833 1954 3892 1999 o-

2321 2025 2541 2094 mnino
2586 2026 2893 2112 Sepulcra
2932 2025 3242 2092 Altarium
3289 2023 3606 2106 omnium,
3639 2022 3724 2090 de
3764 2022 3896 2108 qui·

2325 2113 2441 2181 bus
2487 2134 2703 2204 supra,
2755 2113 2993 2182 ibidem
3045 2132 3162 2202 per
3208 2132 3403 2181 novas
3447 2111 3769 2198 Reliquias
3798 2130 3896 2176 au·

2325 2201 2635 2271 theuticas
2679 2203 3002 2269 tumulari.
3057 2204 3137 2268 At
3184 2219 3410 2269 recens
3465 2200 3740 2268 innotuit
3795 2199 3900 2266 de·

2324 2291 2579 2358 claratio
2625 2294 2852 2361 Sacrae
2896 2290 3158 2359 Rituum
3205 2288 3754 2377 congregationis,
3798 2289 3902 2356 do·

2324 2399 2473 2448 cens
2519 2379 2752 2446 Altaria
2777 2429 2794 2464 ,
2858 2397 3134 2465 quorum
3181 2381 3561 2468 Sepulcrum
3609 2378 3904 2443 effossum
3997 2436 3998 2453 ,

2323 2478 2419 2535 est
2451 2487 2590 2534 esse
2624 2480 2940 2535 execrata.
2973 2468 3180 2546 Quum
3210 2478 3425 2535 autem
3456 2464 3905 2534 difficillimum

2322 2555 2404 2623 sit
2449 2555 2821 2624 discernere
2866 2554 3127 2639 Altaria,
3177 2555 3259 2623 de
3312 2551 3544 2642 quibus
3591 2555 3652 2620 in
3696 2554 3906 2640 preci·

2325 2646 2476 2729 bus,
2526 2642 2669 2731 quia
2729 2644 3086 2733 Episcopus
3146 2642 3541 2711 consecravit
3595 2642 3907 2727 quaedam

2323 2733 2557 2800 Altaria
2624 2731 2943 2818 portatilia
3013 2742 3077 2798 et
3146 2749 3372 2799 eorum
3443 2733 3746 2818 Sepulcra
3807 2750 3910 2796 eo·

2323 2823 2474 2890 dem
2524 2820 2738 2908 sigillo
2798 2820 3238 2908 consignavit3
3301 2821 3447 2888 ideo
3507 2819 3698 2886 enixe
3761 2838 3909 2906 sup·

2324 2909 2515 2997 plicat
2561 2910 2915 3000 Episcopus
2961 2908 3170 2979 Sancti
3217 2907 3386 2977 Flori
3431 2908 3509 2975 ad
3557 2907 3912 2976 Sanctitatis

2325 3004 2584 3068 Vestrae
2632 2998 2832 3087 pedes
2879 3000 3284 3085 provolutus,
3332 3008 3405 3064 ut
3452 2996 3757 3064 Sanctitas
3791 3000 3911 3075 Ve-
3999 2985 4000 3010 ¹

2324 3097 2450 3153 stra
2484 3088 2761 3176 benigne
2796 3087 3043 3155 mederi
3076 3087 3382 3175 dignetur
3406 3084 3686 3154 defectui
3715 3103 3910 3170 snpra

2324 3176 2708 3256 enunciato;
2757 3186 2822 3242 et
2868 3175 3228 3243 concedere
3272 3184 3383 3259 ut,
3432 3193 3558 3242 non
3621 3172 3912 3239 obstante

2322 3263 2611 3348 defectu,
2661 3263 2975 3332 celebrari
3022 3262 3220 3351 possit
3279 3282 3477 3350 super
3537 3261 3910 3329 huiusmodi

2324 3352 2670 3436 Altaribus,
2717 3371 2880 3440 quae
2927 3362 3108 3420 certo
3154 3347 3309 3418 olim
3367 3359 3723 3418 consecrata
3779 3349 3912 3416 iue-

2326 3450 2491 3506 rant.
2541 3439 2719 3517 Quod
2770 3446 2936 3508 Deus
2979 3450 3106 3509 etc.

2458 3532 2538 3595 Et
2564 3532 2745 3596 Sacra
2768 3529 3028 3596 Rituum
3050 3528 3499 3616 congregatio,
3517 3527 3691 3595 hisce
3712 3527 3914 3593 omni-

2329 3616 2444 3683 bus
2474 3618 2801 3705 perceptis
2830 3627 3204 3703 attenteque
3254 3616 3693 3697 consideratis,
3725 3613 3798 3681 in
3848 3635 3911 3680 ea

2327 3704 2447 3772 fuit
2480 3705 2783 3794 concordi
2829 3708 3146 3774 sententia
3175 3714 3247 3773 ut
3278 3702 3704 3793 Amplitudini
3741 3707 3910 3770 Tuae

2327 3792 2800 3881 iniungeretur,
2849 3804 3162 3880 quatenus
3208 3794 3382 3860 iuxta
3426 3803 3750 3859 servatum
3788 3810 3914 3858 mo-

2329 3901 2490 3966 rem,
2542 3893 2757 3970 posset
2804 3881 3031 3949 eadem
3095 3880 3469 3970 Amplitudo
3516 3884 3645 3947 Tua
3693 3898 3909 3946 conse-

2327 3989 2541 4054 crare,
2597 3990 2726 4037 non
2786 3988 2980 4055 parvo
3042 3982 3251 4038 tamen
3313 3988 3620 4052 numero,
3679 3968 3909 4034 Altaria

2328 4058 2646 4148 portatilia
2693 4059 2769 4126 ad
2815 4059 3252 4148 supplendum
3300 4055 3660 4126 necessitati
3710 4056 3777 4122 in
3825 4076 3910 4121 re-

2326 4145 2612 4233 spectivo
2673 4149 3011 4215 enunciato
3060 4167 3252 4232 casu3
3310 4156 3501 4230 atque
3548 4144 3818 4227 iterum,
3861 4143 3905 4207 si

2327 4254 2487 4322 opus
2535 4234 2730 4301 fuerit
2778 4255 2858 4301 ex
2905 4235 3272 4304 deficientia
3326 4233 3630 4301 Altarinm
3695 4251 3908 4298 conse-

2328 4334 2670 4407 cratorum,
2719 4326 3018 4409 quoniam
3066 4323 3278 4390 omnia
3321 4320 3648 4424 praedicta
3692 4338 3778 4386 ex
3810 4317 3905 4417 tati

2326 4410 2591 4477 defectu
2643 4412 3186 4479 consecrationem
3233 4420 3620 4495 amiserunt,
3671 4407 3907 4497 suppli·

2329 4499 2601 4566 candum
2647 4500 3048 4567 Sanctissimo
3097 4520 3211 4589 pro
3259 4497 3542 4588 expetita
3583 4495 3906 4565 facultate.

2455 4586 2570 4654 Die
2614 4591 2696 4655 23
2742 4589 2882 4655 Maii
2932 4591 3126 4657 1846.

2457 4677 2670 4761 Super
2713 4676 2946 4762 quibus
2990 4677 3284 4745 omnibus
3329 4688 3627 4764 tempore
3684 4694 3909 4765 oppor-

2330 4773 2510 4848 tuno,
2531 4765 2696 4833 idest
2719 4764 2824 4833 die
2849 4770 2886 4833 3
2912 4765 3055 4833 Iulii
3086 4769 3278 4851 1846,
3296 4766 3373 4833 ab
3399 4764 3630 4831 eodem
3656 4770 3730 4835 R.
3753 4769 3817 4833 P.
3837 4767 3905 4829 D·

2327 4874 2361 4920 a
2395 4853 2671 4921 Secretis
2718 4853 2879 4920 facto
2920 4854 3119 4921 verbo
3168 4873 3316 4922 cum
3361 4854 3767 4922 Sanctissimo
3797 4856 3909 4919 Do·

2330 4942 2501 5009 mino
2524 4944 2751 5009 Nostro
2773 4942 2883 5009 Pio
2905 4945 3064 5032 Papa
3085 4946 3195 5025 lx,
3215 4943 3518 5011 Sanctitas
3540 4944 3693 5025 Sua,
3714 4940 3910 5042 probe

2330 5048 2719 5118 cognoscens
2765 5050 3003 5099 novum
3051 5049 3190 5097 esse
3239 5041 3303 5098 et
3349 5038 3567 5100 contra
3597 5030 3763 5118 legis
3793 5038 3911 5095 sta·

2331 5128 2462 5185 tuta
2511 5119 2724 5187 locum
2771 5119 3070 5207 petitioni
3113 5119 3294 5204 dare,
3328 5119 3550 5185 maluit
3582 5137 3663 5184 ex
3693 5135 3910 5186 neces-

2325 5205 2512 5273 sitate
2558 5227 2717 5273 onus
2759 5207 2974 5294 potius
3033 5207 3364 5298 imponere
3426 5206 3590 5274 facili
3654 5203 3908 5293 negotio

2330 5294 2728 5379 obeundum,
2763 5315 2952 5381 quam
2984 5295 3520 5384 dispensationem
3565 5293 3652 5361 im
3700 5292 3906 5377 ertiri;

2329 5380 2632 5448 nimirum
2666 5393 2737 5450 ut
2766 5395 3135 5450 consecrato
3177 5384 3575 5472 portatilium
3607 5385 3658 5448 A
3687 5382 3906 5472 tarium
