4042 5950
2041 283 2514 367 -308—

638 444 974 537 quiescens
1019 449 1270 522 Sacram
1335 445 1594 514 Rituum
1651 445 2227 535 congregationem

639 536 875 615 adivit;
924 534 1097 623 quod
1146 555 1265 623 per
1309 535 1669 625 supplicem
1719 534 2007 603 libellum
2041 553 2224 622 prae·

636 623 796 692 stitit
826 627 1189 713 capitulum
1238 623 1501 725 pariter.
1542 623 1963 701 Quamobrem
2009 641 2221 691 coram

637 716 713 781 R.
743 717 808 780 Ρ.
846 716 918 779 D.
956 715 1312 780 secretario
1359 711 1657 781 calendis
1691 712 1852 778 lunii
1884 729 2048 777 anno
2078 730 2223 778 ver-

639 811 842 886 tente,
908 801 990 867 de
1038 817 1219 867 more
1265 800 1709 889 praesentibus
1768 799 2050 867 Partibus
2107 818 2222 866 sen

637 887 1155 957 procuratoribus
1209 889 1568 990 deputatis,
1625 906 1901 975 sequens
1961 906 2225 955 concor-

637 978 854 1046 datum
900 976 1170 1045 dubium
1217 976 1338 1045 fuit
1380 997 1497 1045 sno
1545 987 1842 1064 tempore
1895 975 2225 1063 disputan·

639 1064 832 1155 dnm3
882 1063 1223 1132 nimirum:
1255 1065 1459 1132 Ansit
1490 1065 1671 1132 locus
1718 1062 2070 1132 dimissioni
2111 1081 2221 1129 ve-

638 1153 795 1220 teris
825 1154 1020 1237 stalli,
1055 1154 1157 1220 vel
1192 1154 1406 1242 potius
1438 1152 1901 1220 manutentioni
1934 1151 1999 1219 in
2032 1148 2225 1218 casu?

766 1241 1170 1309 Adventante
1239 1241 1504 1310 demum
1571 1240 2016 1328 disputationis
2085 1258 2222 1308 mo-

635 1338 892 1415 mento,
943 1330 1010 1397 in
1048 1329 1392 1398 ordinariis
1434 1329 1680 1397 scilicet
1738 1333 2072 1398 Sacrorum
2118 1329 2222 1397 Ri-

638 1428 817 1485 tuum
865 1417 1151 1485 comitiis
1196 1437 1394 1507 penes
1425 1418 1780 1496 Quirinales
1826 1418 2040 1485 Aedes
2079 1418 2223 1485 sub-

634 1506 867 1593 scripta
898 1506 1006 1574 die
1037 1506 1296 1590 coactis,
1333 1507 1574 1574 nullam
1621 1525 1740 1594 pro
1771 1525 1840 1573 se
1870 1506 2222 1574 canonicus

635 1593 896 1660 Morsilli
952 1595 1264 1661 rationem
1305 1596 1545 1680 attulit,
1580 1595 1778 1662 immo
1827 1612 1947 1661 nec
1991 1599 2221 1661 Procu-

635 1692 805 1749 rator
851 1683 987 1750 eius
1035 1700 1152 1769 pro
1212 1683 1587 1750 defensione
1647 1682 2045 1769 comparuit3
2106 1682 2219 1749 sed

635 1789 832 1856 quum
864 1770 1228 1858 capitulum
1275 1771 1626 1839 recensitae
1672 1770 2060 1858 collegiatae
2107 1771 2221 1837 de·

634 1857 878 1925 sideret
929 1861 1336 1945 quaestiones
1385 1859 1796 1947 abrumpere,
1855 1858 2064 1926 omnia
2119 1879 2216 1926 or—

634 1944 848 2012 dinate
895 1964 1284 2033 componere
1331 1958 1398 2014 et
1441 1949 1560 2017 sibi
1618 1952 1679 2016 in
1774 1958 2059 2014 osterum
2120 1967 2219 2014 re-

635 2033 851 2121 gulam
883 2034 1057 2101 iuxta
1091 2034 1306 2124 legem
1339 2037 1706 2124 praescribi,
1784 2036 2096 2103 nmillime
2121 2039 2222 2104 Sa-

632 2141 804 2189 cram
851 2123 1113 2191 Rituum
1158 2127 1733 2214 congregationem
1796 2124 2042 2214 rogavit
2103 2143 2219 2213 pro

633 2208 812 2277 dubii
854 2212 1199 2279 solutione.

767 2304 844 2366 Et
884 2299 1383 2368 Eminentissimi
1421 2321 1493 2368 ac
1521 2300 2064 2370 Reverendissimi
2110 2306 2217 2368 Pa-

636 2396 765 2454 tres
811 2388 1015 2456 Sacris
1060 2387 1307 2454 Ritibus
1354 2388 1724 2490 praepositi,
1766 2388 1979 2457 audita
2028 2390 2215 2478 plena

631 2474 944 2543 relatione
988 2474 1067 2541 ab
1113 2477 1630 2544 Eminentissimo
1685 2489 1753 2544 et
1795 2478 2218 2546 Reverendis-

630 2561 790 2629 simo
836 2564 1104 2631 Domino
1149 2565 1463 2633 cardinali
1532 2566 1940 2633 constantino
1994 2566 2217 2634 Patrizi

632 2649 815 2719 Urbis
847 2650 1090 2733 Vicario
1137 2662 1203 2719 et
1249 2656 1531 2721 Ponente
1560 2654 1743 2738 facta,
1778 2654 2036 2722 attentis
2068 2674 2213 2722 con·

628 2738 1050 2826 sideratisque
1121 2740 1436 2809 rationum
1493 2743 1834 2810 momentis
1894 2742 2215 2810 omnibus·

630 2842 755 2913 que
786 2845 948 2913 quae
993 2827 1070 2895 ad
1119 2828 1264 2896 facti
1309 2831 1596 2918 speciem
1639 2831 1915 2898 attinent
1962 2842 2213 2898 mature

632 2913 910 3001 libratis,
967 2917 1450 2986 rescribendum
1521 2928 1952 2988 censuerunt:
2021 2941 2060 2985 ‹
2094 2924 2215 2988 Pro

628 3003 1012 3073 Informante
1046 3021 1124 3086 »3
1174 3007 1385 3074 locum
1432 3008 1734 3076 nimirum
1766 3028 1905 3077 esse
1949 3028 2069 3096 pro
2116 3008 2215 3077 di·

629 3092 925 3162 missione
972 3095 1209 3162 veteris
1253 3095 1446 3163 stalli.

759 3184 970 3268 Atque
1015 3182 1099 3248 ita
1145 3184 1613 3271 rescripserunt
1660 3205 1731 3254 ac
1767 3186 2005 3253 servari
2042 3206 2210 3253 man-

631 3268 864 3337 darunt
908 3271 971 3337 in
1019 3272 1227 3340 Gboro
1273 3273 1662 3361 collegiatae
1694 3275 2015 3355 Ecclesiae
2063 3277 2214 3343 San-

630 3367 767 3425 ctae
816 3358 1038 3426 uariae
1085 3360 1326 3427 Maioris
1355 3364 1782 3450 supradictae.

761 3447 873 3513 Die
907 3450 990 3514 24
1021 3448 1416 3536 Septembris
1470 3454 1659 3519 1842.

631 3586 884 3656 284⁷.
1230 3592 1611 3659 sturmen.
1982 3593 2209 3682 (aeto)

761 3713 1299 3781 Praeclarissimae
1372 3715 1770 3783 cathedralis
1842 3717 2212 3786 Mutinensis

629 3800 951 3866 Ecclesiae
1018 3799 1438 3889 Dignitatibus
1492 3814 1558 3870 et
1617 3804 1944 3873 canonicis
2001 3826 2056 3873 s.
2117 3827 2208 3874 m.

630 3889 932 3956 clemens
990 3892 1147 3976 Papa
1194 3892 1276 3958 X!
1330 3909 1449 3978 per
1501 3892 1893 3979 Apostolicas
1945 3894 2214 3963 Litteras

634 3976 699 4043 in
744 3975 949 4043 forma
984 3979 1203 4044 Brevis
1236 3978 1406 4047 datas
1448 3980 1662 4067 pridie
1693 3982 1995 4049 calendas
2025 3986 2209 4050 Octo-

627 4064 757 4132 bris
802 4084 966 4133 anno
1017 4070 1183 4134 1713
1232 4067 1519 4151 indulsit,
1571 4078 1644 4136 ut
1681 4069 1940 4155 antiquo
1987 4071 2206 4139 habitu

629 4153 865 4222 chorali
898 4154 1199 4239 demisso,
1234 4156 1596 4223 rochettum
1617 4174 1764 4223 cum
1788 4157 1920 4224 suis
1949 4158 2208 4226 manicis

627 4254 694 4307 et
723 4260 990 4345 cappam
1021 4261 1315 4332 magnam
1342 4245 1686 4312 violaceam
1717 4264 1864 4312 cnm
1896 4245 2204 4333 pellibus,

627 4339 754 4396 tam
804 4341 967 4399 intra
1007 4349 1202 4418 quam
1248 4342 1426 4399 extra
1471 4333 1854 4418 Ecclesiam,
1904 4333 2095 4400 etiam
2142 4337 2207 4402 in

625 4420 1161 4504 Ptocessionibus,
1211 4421 1618 4490 Funeralibus
1666 4432 1729 4488 et
1776 4420 2205 4491 functionibus

622 4506 899 4595 publicis
930 4507 1260 4596 quibusvis
1290 4510 1433 4575 anni
1467 4508 1885 4598 temporibus,
1933 4521 1998 4576 et
2030 4510 2204 4579 iuxta

627 4605 993 4685 temporum
1023 4596 1568 4685 opportunitatem
1615 4598 1804 4665 etiam
1835 4599 2200 4667 rochettum

621 4684 833 4752 solum
877 4686 1018 4752 sine
1061 4703 1255 4773 cappa
1301 4686 1558 4754 deierre
1606 4697 1671 4753 et
1713 4696 1993 4775 gestare,
2052 4687 2203 4754 illis·

621 4790 752 4858 qne
809 4773 1013 4841 libere
1058 4784 1123 4840 et
1173 4774 1342 4842 licite
1398 4775 1491 4841 uti
1539 4786 1853 4864 perpetuo
1914 4788 2199 4865 possent.

622 4862 995 4931 Huiusmodi
1038 4861 1389 4948 indultum,
1424 4883 1505 4930 ex
1536 4881 1782 4931 summa
1823 4883 1972 4952 erga
2018 4882 2203 4950 prae-

622 4949 853 5018 dictam
904 4951 1251 5021 Ecclesiam
1297 4963 1364 5018 et
1396 4952 1758 5040 capitulum
1804 4954 2201 5022 benevolen-

625 5036 705 5102 tia
752 5057 1124 5108 concessum
1171 5040 1554 5127 antiquitus,
1604 5039 1844 5109 dissidii
1892 5042 2087 5108 modo
2134 5054 2201 5107 et

622 5127 1005 5223 quaestionis
1058 5148 1182 5197 non
1231 5128 1390 5196 levis
1438 5149 1618 5196 causa
1668 5139 1791 5195 est.
1851 5129 2199 5215 Dignitates

620 5211 939 5297 siquidem
986 5225 1050 5281 et
1102 5218 1395 5284 canonici
1456 5229 1782 5284 autumant
1831 5218 2197 5284 rochettum

619 5310 688 5368 et
734 5319 994 5392 cappam
1040 5313 1292 5390 gestare
1323 5323 1514 5388 posse
1558 5307 1748 5371 etiam
1797 5306 1858 5372 in
1890 5305 2198 5371 adsisten-

618 5388 705 5460 do
752 5389 1049 5481 Vesperis
1094 5392 1440 5477 missaeque
1483 5391 1855 5476 pontificali,
1904 5411 2068 5477 quae
2119 5393 2196 5459 ab

2327 445 2641 534 Episcopo
2687 442 3124 530 celebrantur,
3159 464 3280 513 nec
3323 464 3450 513 non
3479 442 3546 512 in
3583 443 3716 512 aliis
3743 464 3880 533 pon-

2326 533 2666 604 tificalibus
2725 532 3158 602 functionibus
3216 542 3281 600 et
3339 537 3402 601 in
3449 531 3739 601 omnibns
3797 553 3880 600 so-

2325 621 2641 690 lemnibus
2701 622 3312 723 supplicationibus,
3360 641 3442 689 ne
3489 622 3600 689 illa
3644 622 3878 707 quidem

2325 721 2590 800 excepta
2636 710 3019 779 Sanctissimi
3065 710 3362 811 corporis
3409 710 3683 795 Christi;
3717 730 3779 775 ac
3815 730 3879 775 eo

2325 799 2524 888 magis
2557 799 2619 865 in
2666 799 2980 866 sententia
3011 797 3207 865 simili
3238 799 3594 886 persistunt
3627 807 3688 864 et
3719 816 3879 865 usum

2325 906 2700 956 conservare
2771 887 3171 954 contendunt
3224 887 3305 954 ob
3375 886 3881 955 consuetudinem

2325 975 2755 1045 centenariam
2786 987 2851 1042 et
2881 976 3156 1131 ειιιιὲΙίιιε
3200 974 3657 1059 introductam,
3689 985 3878 1063 atque,

2325 1066 2419 1134 uti
2466 1064 2790 1148 asseritur,
2837 1064 2976 1151 paci
3028 1083 3102 1131 ce
3146 1073 3485 1130 servatam.

2457 1154 2583 1220 Sed
2651 1151 3246 1220 Reverendissimus
3308 1151 3665 1240 Episcopus
3709 1168 3880 1236 quum

2323 1251 2557 1309 asserat
2602 1239 2956 1307 istiusmodi
3004 1248 3394 1328 perpetuum
3443 1258 3680 1327 cappae
3720 1257 3879 1305 usum

2324 1350 2453 1398 non
2499 1328 2691 1395 tribui
2756 1347 2876 1429 per
2930 1327 3369 1415 supradictum
3429 1325 3880 1396 clementinum

2325 1418 2692 1501 indultum,
2753 1435 2948 1483 nmmo
3008 1416 3220 1504 potius
3276 1417 3599 1485 adversari
3660 1413 3880 1502 legibus

2324 1505 2816 1575 Caeremonialis
2842 1503 3300 1593 Episcoporum
3324 1504 3738 1592 Decretisque
3758 1502 3882 1568 alias

2326 1596 2491 1678 latis,
2542 1595 2626 1661 de
2673 1593 2993 1660 communi
3041 1593 3307 1660 consilio
3341 1604 3407 1660 et
3436 1611 3774 1674 consensu,
3816 1589 3880 1656 ad

2323 1683 2762 1771 quaestionem
2801 1679 3308 1771 componendam
3343 1699 3619 1767 remque
3650 1696 3879 1746 omnem

2325 1771 2617 1839 ordinate
2661 1770 3150 1857 disponendam,
3185 1771 3406 1837 Sacrae
3438 1769 3699 1837 Rituum
3742 1771 3881 1836 con-

2324 1859 2676 1947 gregationi
2709 1876 2985 1960 seque-ns
3015 1857 3283 1926 dubium
3320 1857 3726 1925 enodandum
3755 1874 3881 1944 pro·

2324 1960 2713 2039 posuerunt;
2762 1965 3112 2015 nimirum:

2454 2040 2552 2104 An
2595 2036 2821 2124 vigore
2868 2034 3179 2121 praedicti
3225 2035 3454 2104 indulti
3504 2044 3880 2119 assertaeque

2323 2126 2726 2194 centenariae
2758 2122 3236 2191 consuetudinis
3268 2123 3638 2191 rochettum
3672 2134 3733 2189 et
3760 2141 3882 2210 cap-

2322 2233 2469 2302 pam
2531 2230 2866 2301 magnam,
2930 2222 3066 2278 tum
3129 2210 3193 2278 in
3246 2211 3719 2280 Pontificatihus
3765 2222 3879 2276 tum

2323 2305 2387 2370 in
2432 2299 2826 2369 solemnibus
2872 2299 3467 2388 supplicationibus,
3510 2300 3684 2371 nulla
3716 2316 3878 2365 exce·

2321 2400 2467 2480 pta,
2520 2401 2771 2477 gestare
2815 2390 3064 2456 valeant
3115 2388 3503 2456 Mutinenses
3563 2386 3878 2476 Dignitates

2322 2489 2388 2546 et
2434 2475 2776 2557 canonici3
2823 2478 2932 2543 vel
2978 2476 3193 2564 potius
3247 2476 3546 2566 Episcopi
3598 2472 3878 2544 voluntati

2321 2568 2723 2635 conformare
2765 2584 2835 2631 se
2882 2562 3204 2632 debeant?

2449 2658 2530 2721 Et
2579 2653 3076 2720 Eminentissimi
3116 2672 3186 2720 ac
3232 2652 3766 2721 Reverendissimi
3792 2655 3881 2717 Pa·

2320 2756 2474 2829 tres,
2514 2741 2858 2811 ordinariis
2907 2743 2970 2807 in
3000 2741 3287 2809 comitiis
3321 2760 3521 2831 penes
3555 2741 3879 2823 Quirinales

2317 2833 2526 2901 Aedes
2589 2829 2941 2917 subscripta
3010 2830 3117 2896 die
3177 2831 3551 2917 coadunati,
3606 2839 3880 2921 percepta

2318 2918 2628 2990 relatione
2675 2918 2751 2986 ab
2815 2917 3326 2987 Eminentissimo
3370 2928 3436 2985 et
3480 2915 3881 2990 Reverendis-

2317 3012 2475 3078 simo
2547 3009 2811 3075 Domino
2876 3007 3191 3076 cardinali
3259 3009 3482 3076 carolo
3541 3011 3743 3077 Acten
3785 3008 3879 3071 Po·

2317 3111 2515 3167 nente
2574 3098 2772 3181 tacta,
2822 3097 3118 3164 omnibus
3174 3108 3424 3163 mature
3488 3092 3876 3165 consideratis

2316 3197 2736 3272 accurateque
2785 3183 3063 3269 libratis,
3115 3185 3559 3272 exquisitoque
3620 3196 3762 3252 voto
3809 3199 3877 3247 ex

2316 3274 2821 3364 Apostolicarum
2845 3274 3393 3341 caeremoniarum
3420 3273 3724 3363 magistris
3744 3269 3877 3338 scri·

2316 3375 2428 3452 pto
2477 3362 2730 3430 reddito
2774 3362 3128 3449 praeloque
3178 3380 3355 3446 cuso,
3415 3359 3873 3430 rescribendum

2317 3460 2741 3519 censuerunt:
2792 3471 2829 3514 α
2866 3454 3046 3517 quta
3091 3460 3313 3517 votum
3352 3450 3632 3539 Magistri
3678 3452 3876 3518 caere-

2317 3538 2709 3618 moniarum3
2768 3541 3128 3606 m'mt‘rum:
3189 3538 3611 3628 Dignitatibus
3670 3548 3734 3605 et
3781 3538 3873 3603 ca-

2316 3625 2557 3695 nonicis
2602 3625 2994 3695 cathedralis
3023 3627 3341 3695 Ecclesiae
3372 3627 3740 3696 Mutinensis
3765 3620 3874 3690 suf·

2317 3714 2542 3802 fragari
2574 3715 3046 3782 Clementinum
3095 3716 3416 3785 indultum
3449 3718 3660 3803 quoad
3710 3725 3871 3781 usum

2314 3822 2553 3892 cappae
2600 3816 2666 3869 et
2712 3804 2982 3872 rochetti
3033 3805 3097 3871 in
3144 3805 3218 3872 iis
3267 3816 3511 3874 tantum
3559 3799 3871 3872 functioni·

2315 3894 2456 3976 bus,
2493 3909 2610 3981 pro
2634 3892 2864 3978 quibus
2901 3892 3087 3959 aliter
3116 3912 3242 3961 non
3277 3894 3655 3981 disponatur
3683 3913 3713 3958 a
3742 3892 3869 3957 cae·

2316 3979 2648 4048 remoniali
2699 3981 3161 4069 Episcoporum
3225 3991 3289 4048 et
3356 4003 3389 4048 a
3438 3981 3721 4049 Decretis
3783 3979 3869 4044 Sa·

2312 4087 2455 4134 crae
2501 4068 2691 4135 huius
2737 4070 3259 4156 congregationis
3288 4073 3357 4136 ⁴».

2442 4160 2652 4244 Atque
2706 4155 2789 4223 ita
2852 4157 3319 4246 rescripserunt
3381 4168 3445 4225 et
3489 4178 3523 4224 a
3567 4154 3867 4246 praedicto

2311 4243 2605 4332 Capitulo
2668 4243 2906 4312 servari
2974 4247 3381 4314 mandarunt.
3447 4247 3560 4314 Die
3629 4249 3713 4314 24
3775 4245 3866 4311 Se·

2314 4334 2628 4421 ptembris
2679 4337 2872 4402 1842.

2314 4475 2571 4546 2848.

2439 4603 2647 4678 Quum
2692 4598 3284 4680 Reverendissimus
3315 4585 3668 4689 Episcopus
3712 4595 3862 4666 Heri·

2307 4687 2520 4753 nensis
2565 4686 2847 4754 vicarius
2899 4688 3297 4775 Apostolicns
3336 4687 3680 4755 vicariatus
3725 4685 3860 4753 Lim·

2307 4774 2641 4864 burgensis
2687 4778 2936 4842 Sacram
2991 4775 3246 4844 Rituum
3309 4777 3859 4864 congregationem

2308 4863 2682 4932 humillimis
2735 4862 3030 4953 precibus
3099 4864 3381 4953 rogavit,
3437 4875 3508 4932 ut
3563 4866 3857 4933 declarare

2305 4951 2679 5042 dignaretur
2745 4951 3013 5018 dubium
3041 5000 3059 5035 ,
3116 4953 3290 5038 quod
3361 4952 3537 5022 bisce
3605 4947 3858 5021 terminis

2306 5051 2692 5128 conceptum
2725 5040 3092 5130 proposuit;
3127 5040 3472 5108 nimirum:
3513 5045 3734 5110 Utrum
3760 5041 3858 5105 Do-

2307 5129 2532 5196 minica
2601 5131 2803 5218 prima
2869 5130 3263 5215 Septembris
3327 5129 3409 5197 sit
3479 5132 3704 5200 eadem
3758 5141 3855 5214 pro

2303 5220 2485 5283 Festo
2538 5219 2912 5286 Sanctorum
2958 5217 3352 5305 Angelorum
3399 5220 3765 5299 custodum,
3801 5229 3855 5277 ac

2302 5324 2419 5392 pro
2446 5306 2706 5374 historia
2737 5306 2822 5374 de
2846 5307 3170 5395 Scriptura
3204 5318 3609 5392 occurrente,
3635 5301 3854 5408 quando

2303 5411 2541 5481 nempe
2587 5394 2894 5462 calendas
2940 5392 3340 5481 Septembris
3385 5390 3751 5464 antecedit?

2871 4479 3344 4544 musonem.
3661 4472 3858 4564 (tots)
