4042 5950
1954 230 2510 373 ‘—322-

637 447 841 516 omnia
885 445 1314 537 praecavenda
1358 442 1723 545 praedictus
1770 441 2083 509 Parochus
2127 461 2223 507 ra·

639 537 842 604 tiones
875 535 940 602 in
976 551 1216 621 genere
1261 532 1628 620 assignavit,
1677 530 1910 617 quibus
1953 530 2223 616 quisque

634 644 755 725 pro
813 644 923 690 sua
983 632 1164 711 parte
1233 620 1766 688 consuetudinem
1837 627 2055 686 tuetur
2113 617 2219 683 vel

633 713 973 800 improbat,
1006 722 1077 777 ut
1107 729 1304 798 super
1337 709 1562 781 eadem
1601 707 1938 774 retinenda
1966 708 2074 773 vel
2108 705 2220 773 eli·

634 797 930 866 minanda
979 799 1061 867 de
1108 815 1290 865 more
1336 798 1746 865 decernatur.

763 891 843 954 Et
891 890 1073 955 Sacra
1121 886 1383 953 Rituum
1430 883 1877 971 congregatio,
1926 884 2004 951 ad
2052 881 2220 950 Vati·

634 995 814 1042 canas
857 974 1069 1042 Aedes
1114 972 1460 1042 ordinariis
1492 972 1556 1038 in
1588 970 1874 1049 Comitiis
1918 972 2217 1053 adunata,

632 1062 844 1132 audita
890 1062 1199 1130 relatione
1249 1084 1280 1129 a
1324 1064 1403 1128 Β.
1449 1064 1518 1126 P.
1557 1064 1627 1126 D.
1680 1060 2038 1127 Secretario
2069 1059 2218 1125 sub·

630 1152 871 1238 scripto
918 1151 1080 1220 iacta
1127 1161 1191 1217 et
1237 1148 1528 1216 omnibus
1573 1156 1819 1215 attente
1865 1147 2220 1215 considera—

633 1240 738 1325 tis,
775 1238 1261 1308 rescribendum
1291 1237 1577 1304 censuit:
1610 1257 1650 1299 ι
1676 1239 1920 1302 Dentur
1950 1239 2216 1302 Decreta

633 1328 755 1393 iam
799 1329 949 1394 alias
997 1327 1193 1409 edita,
1241 1326 1579 1393 nimirum:
1629 1324 1694 1392 in
1737 1342 1860 1390 una
1892 1323 2080 1390 Urbis
2112 1322 2218 1390 die

633 1420 674 1483 ὕ
719 1417 919 1482 Martii
970 1417 1135 1482 1667
1183 1426 1248 1481 et
1296 1415 1359 1480 in
1404 1410 1857 1480 Mediolanensi
1888 1410 2064 1478 dieb
2095 1412 2219 1477 No·

631 1504 915 1571 vembris
960 1504 1190 1570 eodem
1236 1521 1423 1586 anno,
1472 1511 1664 1587 atque
1710 1500 1776 1566 in
1824 1517 1945 1566 una
2009 1503 2216 1567 Vene-

636 1592 863 1658 tiarum
892 1591 999 1658 die
1037 1594 1116 1657 17
1147 1590 1306 1657 Iunii
1345 1592 1536 1672 1684,
1571 1586 1801 1674 quibus
1832 1587 2216 1687 prohibetur

631 1698 715 1745 ex
765 1699 938 1746 resse
983 1698 1066 1746 ne
1113 1677 1299 1779 pueri
1345 1677 1470 1749 illis
1517 1678 1582 1742 in
1642 1675 2215 1763 supplicationibus

632 1767 713 1834 de
746 1778 925 1832 erant
971 1766 1072 1832 vel
1125 1775 1540 1832 instrumenta
1588 1763 1949 1830 Dominicae
1984 1765 2213 1829 Passio·

629 1854 728 1920 nis
774 1855 877 1922 vel
926 1853 1098 1922 aliud
1144 1862 1631 1941 repraesentans
1673 1852 1862 1919 buius
1924 1852 2211 1939 Mysteria

630 1942 736 2008 vel
786 1944 1160 2009 Sanctorum
1206 1941 1521 2029 Martyria,
1556 1950 1783 2028 utpote
1815 1959 1976 2026 quae
2009 1959 2092 2005 ex
2115 1939 2213 2005 sui

630 2041 850 2097 natura
895 2031 1175 2097 animum
1223 2039 1511 2096 avertant
1556 2029 1632 2096 ab
1663 2027 2030 2094 adoratione
2061 2030 2213 2094 San·

631 2117 891 2185 ctissimi
938 2116 1351 2200 sacramenti,
1402 2116 1572 2202 qnod
1622 2115 1809 2183 unice
1858 2116 1922 2180 in
1983 2115 2211 2182 iisdem

632 2205 1028 2294 intenditur,
1075 2226 1145 2275 ac
1195 2206 1468 2293 proinde
1514 2203 1924 2271 scribendum
1971 2203 2212 2292 Ampli-

630 2293 836 2361 tudini
883 2299 1051 2361 Tuae
1082 2343 1100 2379 ,
1149 2305 1463 2381 quatenus
1493 2312 1609 2381 pro
1639 2312 1748 2358 sua
1795 2291 2112 2380 religione
2141 2311 2210 2357 ac

627 2383 1012 2469 prudentiae
1043 2381 1390 2464 incumbat,
1420 2391 1489 2446 ut
1522 2379 1728 2446 omnia
1752 2379 1858 2447 illa
1881 2380 1964 2447 de
1994 2379 2210 2447 medio

630 2470 969 2554 tollantur,
1032 2480 1095 2536 et
1158 2471 1329 2536 iuxta
1400 2467 1780 2536 laudabilem
1851 2479 2211 2534 ceterarum

630 2557 962 2643 regionum
994 2558 1527 2626 consuetudinem
1558 2555 2059 2643 supplicationes
2094 2556 2208 2621 hu-

628 2643 903 2711 iusmodi
953 2646 1018 2712 in
1063 2656 1433 2732 posterum,
1481 2644 1621 2710 sine
1667 2643 1800 2710 ullo
1860 2643 2209 2711 accessorio

630 2732 954 2819 praedicto
988 2745 1054 2798 et
1086 2752 1203 2821 pro
1233 2734 1366 2800 sola
1397 2733 1766 2814 devotione,
1805 2731 2118 2799 ducantur
2141 2752 2206 2798 ».

759 2824 926 2888 Hanc
973 2825 1197 2890 Sacrae
1243 2820 1763 2910 congregationis
1824 2822 2209 2887 sententiam

628 2923 694 2978 et
738 2910 1135 2977 voluntatem
1181 2921 1251 2977 ιιι
1298 2909 1504 2978 omnia
1554 2918 1730 2977 recto
1792 2908 2015 2976 ordine
2063 2926 2210 2995 pro-

629 2999 879 3082 cedant,
914 2998 1341 3087 Amplitudini
1373 3003 1541 3065 Tuae
1571 2998 1726 3065 dum
1775 2999 2203 3081 communico,

627 3087 990 3156 diuturnam
1036 3106 1118 3154 ex
1162 3088 1373 3154 animo
1425 3098 1659 3174 exopto
1709 3087 2102 3154 felicitatem.

755 3178 993 3242 Romae
1038 3180 1073 3243 7
1124 3176 1489 3244 Decembris
1541 3178 1730 3242 1844.

628 3320 895 3388 2880.
1131 3321 1402 3386 SANcrl
1448 3320 1692 3385 rLom.
1975 3316 2204 3406 (4997)

760 3446 940 3510 Sacra
971 3443 1036 3510 in
1074 3441 1428 3509 visitatione
1458 3463 1649 3530 quam
1680 3462 1798 3531 per
1825 3463 1999 3511 suam
2026 3443 2207 3510 Dioe-

626 3531 822 3598 cesim
869 3530 1361 3617 diligentissime
1407 3532 1680 3598 instituit
1725 3531 2204 3600 Reverendissi-

626 3637 768 3685 mus
813 3618 1166 3705 Episcopus
1210 3620 1418 3685 Sancti
1469 3620 1637 3686 Flori
1698 3621 1757 3686 in
1820 3620 2052 3705 Gallia,
2103 3640 2206 3685 oc-

626 3718 969 3772 currerunt
1017 3705 1108 3773 illi
1167 3725 1288 3794 per
1346 3707 1545 3772 varias
1607 3708 1915 3774 Ecclesias
1977 3709 2207 3773 Altaria

713 3792 984 3878 rtatilia,
1033 3795 1116 3862 de
1171 3809 1446 3880 quorum
1514 3796 1987 3863 consecratione
2054 3796 2207 3862 olim

651 3891 784 3947 acta
832 3892 1008 3947 certo
1054 3881 1315 3969 quidem
1362 3882 1706 3967 constabat,
1753 3884 1869 3950 sed
1932 3902 2204 3970 quorum

629 3969 915 4036 tumulus
958 3990 1074 4039 seu
1121 3968 1555 4056 Reliquiarum
1596 3971 1967 4057 sepulcrum
2013 3971 2205 4038 modo

626 4068 798 4125 caret
842 4059 1218 4126 Sanctorum
1262 4058 1582 4145 Lipsanis,
1630 4078 1792 4145 quae
1839 4079 1984 4126 casu
2034 4059 2204 4126 exci-

625 4146 888 4214 derunt.
935 4148 1321 4234 Percupiens
1369 4158 1579 4215 autem
1629 4157 1702 4213 ut
1760 4146 1965 4213 omnia
2027 4157 2202 4213 recto

625 4233 853 4301 ordine
897 4236 1272 4323 procedant,
1323 4239 1544 4302 Sacrae
1600 4234 1860 4303 Rituum
1921 4239 2203 4321 Congre-

625 4323 862 4426 gationi
890 4325 1219 4410 sequentia
1255 4322 1445 4392 dubia
1478 4323 1804 4391 enodanda
1834 4324 2203 4411 proposuit;

625 4429 972 4479 nimirum:

761 4504 824 4567 1.
870 4501 1036 4567 Num
1090 4500 1322 4568 Altaria
1364 4501 1488 4568 1illa
1544 4520 1721 4568 suam
1782 4500 2202 4567 consecratio-

623 4606 773 4655 nem
818 4587 1166 4674 amiserint,
1213 4588 1563 4657 amittendo
1611 4592 1984 4656 Sanctorum
2034 4589 2204 4657 Reli-

623 4676 802 4763 quias
847 4676 1086 4744 ibidem
1133 4677 1542 4746 reconditas?

753 4769 819 4830 2.
871 4766 1037 4832 Num
1084 4765 1389 4851 sufficiat,
1456 4767 1696 4852 absque
1755 4785 1915 4832 nova
1978 4784 2200 4833 conse-

620 4851 940 4935 cratione,
989 4853 1054 4919 in
1117 4853 1244 4920 illis
1310 4854 1629 4922 tumulare
1675 4853 1823 4919 alias
1882 4854 2204 4940 Reliquias

618 4938 1060 5007 authenticas?

749 5031 831 5093 Et
876 5030 1060 5095 Sacra
1104 5028 1363 5097 Rituum
1411 5030 1859 5117 congregatio,
1908 5030 1984 5097 ad
2035 5031 2202 5097 Vati-

621 5134 801 5182 canas
846 5115 1055 5183 Aedes
1098 5118 1438 5186 ordinariis
1501 5121 1564 5186 in
1618 5118 1903 5186 Comitiis
1966 5119 2201 5185 coadu-

618 5213 785 5287 nata,
835 5204 912 5271 ad
960 5206 1335 5272 relationem
1379 5206 1717 5291 subscripti
1767 5205 2103 5273 secretarii
2135 5217 2199 5271 et

619 5290 910 5359 omnibus
957 5303 1201 5361 attente
1246 5293 1680 5376 consideratis,
1715 5292 2196 5359 rescribendum

619 5381 864 5448 censuit
913 5381 1084 5448 iuxta
1130 5380 1275 5447 alias
1321 5381 1618 5448 decreta:

2453 440 2547 506 Ad
2604 443 2666 506 1.
2715 462 2752 505 ‹
2787 439 3179 507 Affirmative
3212 465 3275 507 ν.

2450 528 2546 594 Ad
2597 532 2663 594 2.
2713 551 2750 594 ι
2784 531 3128 616 Negative5
3181 540 3246 596 et
3293 550 3433 598 esse
3476 532 3689 599 denuo
3749 552 3879 598 con-

2320 617 2623 685 secranda
2656 641 2722 683 ν.

2453 707 2663 791 Atque
2737 706 2817 771 ita
2887 705 3215 793 rescripsit
3284 728 3354 774 ac
3429 708 3664 775 servari
3731 728 3880 775 man·

2320 792 2515 859 davit.

2453 880 2562 947 Die
2612 885 2648 948 7
2698 882 3067 948 Decembris
3121 886 3311 952 1844.

2320 1039 2572 1108 2881.
2929 1044 3288 1109 SUTmNA.

2647 1187 2805 1249 Rme
2852 1184 3141 1267 Domine,
3191 1184 3283 1251 uti
3332 1189 3569 1252 Frater.

3676 1044 3877 1131 (me)
3977 1042 3978 1053 ¹

2449 1328 2500 1392 E
2546 1325 2706 1392 vivis
2751 1343 2963 1412 nuper
3009 1339 3227 1416 erepta
3267 1345 3470 1413 quum
3500 1326 3700 1394 fuerit
3729 1328 3878 1394 Anna

2320 1411 2600 1481 Gratiani
2665 1414 2886 1480 Patrizi
2948 1434 2985 1480 e
3029 1419 3244 1501 Bur-go
3303 1416 3515 1483 Sancti
3569 1415 3878 1504 sepulcri,

2320 1500 2498 1568 locus
2546 1500 2746 1568 sactus
2790 1512 2889 1568 est
2935 1502 3108 1568 illius
3155 1502 3664 1570 testamentariae
3695 1504 3882 1592 dispo·
3977 1578 3978 1587 ἵ

2317 1588 2530 1655 sitioni
2556 1638 2573 1672 ,
2623 1600 2694 1656 ιιι
2739 1590 3084 1674 nimirum,
3133 1602 3391 1680 peracto
3437 1592 3712 1676 funere,
3759 1592 3882 1659 Col·

2317 1676 2546 1763 legista
2590 1676 2658 1743 in
2691 1678 2966 1744 Ecclesia
2999 1679 3408 1764 Roucilionis,
3444 1680 3619 1766 quod
3657 1691 3752 1746 est
3779 1682 3884 1766 Op-

2317 1763 2541 1850 pidum
2602 1764 2778 1832 istius
2825 1767 3277 1852 Amplitudinis
3331 1773 3497 1835 Tuae
3557 1768 3884 1850 Dioecesis,

2318 1851 2664 1919 Tumulum
2711 1853 2974 1924 haberet
3037 1856 3101 1920 in
3162 1856 3442 1923 Ecclesia
3487 1855 3741 1922 Ordinis
3791 1853 3882 1921 ni-

2316 1958 2546 2008 norum
2596 1942 2807 2008 Sancti
2855 1944 3165 2010 Francisci
3199 1944 3710 2031 Capuccinorum
3742 1942 3886 2009 eius·

2317 2029 2467 2096 dem
2535 2028 2682 2095 loci.
2755 2028 3073 2097 Absolutis
3138 2031 3478 2118 Exequiis,
3537 2032 3886 2118 Capitulum
3977 2080 3978 2091 ¹

2317 2116 2669 2183 recensitae
2716 2117 3100 2205 Collegiatae
3135 2121 3456 2186 Ecclesiae
3487 2120 3765 2186 cadaver
3789 2120 3887 2186 de·

2315 2205 2527 2290 posuit
2571 2204 2747 2272 iuxta
2794 2224 3042 2273 morem
3072 2209 3151 2274 ad
3184 2211 3394 2276 valvas
3441 2208 3769 2276 Ecclesiae
3796 2227 3889 2274 eo-

2315 2294 2592 2360 rundem
2622 2294 3069 2380 Regularium;
3096 2297 3231 2382 qui,
3257 2296 3523 2363 servatis
3544 2295 3887 2377 servandis,

2318 2381 2478 2448 illud
2545 2383 2966 2449 tumularunt.
3031 2385 3273 2452 Deinde
3330 2404 3362 2448 a
3417 2384 3698 2451 Parocbo
3761 2395 3824 2450 et
3863 2402 3889 2446 a

2313 2469 2606 2555 Capitulo
2677 2470 2910 2536 eodem
2982 2472 3472 2558 expostularunt
3540 2472 3720 2558 quod
3780 2471 3889 2539 illis

2313 2556 2572 2625 obvenit
2639 2559 2755 2624 hac
2821 2559 3183 2643 occasione,
3244 2570 3533 2646 quartam
3596 2559 3888 2626 nimirum
3977 2592 3978 2607 ι

2315 2647 2580 2713 funeris.
2632 2646 2759 2713 Sed
2804 2649 3216 2715 renuentibus
3245 2649 3525 2716 Parocho
3555 2649 3891 2737 Archipre·

2311 2733 2571 2821 sbytero
2618 2746 2683 2799 et
2728 2734 3047 2801 recensito
3094 2736 3430 2824 capitulo,
3479 2736 3675 2803 immo
3745 2756 3890 2803 asse·

2313 2821 2601 2888 rentibus
2646 2821 2806 2890 nibil
2855 2825 3222 2909 capuccinis
3268 2824 3520 2910 deberi,
3563 2842 3891 2892 recursum

2313 2910 2414 2976 isti
2463 2909 2824 2978 babuerunt
2860 2911 2945 2979 ad.
2973 2912 3130 2979 banc
3160 2916 3411 2981 Sacram
3443 2913 3714 2982 Rituum
3743 2918 3890 2981 Con·

2310 2999 2781 3086 gregationem,
2809 3011 2879 3066 ut
2911 3019 3026 3088 pro
3057 3022 3167 3068 sua
3190 3002 3495 3090 sapientia
3519 3022 3723 3090 super
3755 3022 3891 3068 con-

2311 3087 2617 3153 troversia
2664 3089 3073 3155 decerneret.
3123 3091 3328 3168 Quum
3374 3104 3591 3157 autem
3626 3092 3788 3157 haec
3832 3110 3890 3155 o·

2308 3176 2561 3242 mnibus
2590 3186 2738 3242 nota
2768 3177 2919 3259 sint,
2947 3187 3012 3244 et
3038 3177 3277 3265 pluries
3301 3179 3496 3246 fuerit
3528 3181 3888 3248 decretum:

2306 3264 2599 3341 Quartam
2646 3266 3051 3332 Funerariam
3098 3278 3387 3355 spectare
3431 3268 3512 3334 ad
3544 3268 3886 3334 Ecclesiam

2309 3351 2769 3433 tumulantem;
2801 3364 3140 3441 propterea
3170 3355 3668 3422 Eminentissimi
3694 3367 3763 3422 et
3786 3360 3891 3422 Re-

2307 3440 2749 3535 verendissimi
2798 3446 3048 3524 Patres,
3096 3440 3163 3510 in
3205 3443 3549 3511 ordinariis
3606 3443 3888 3512 Comitiis

2307 3526 2632 3596 hodiernis
2701 3529 2777 3596 ad
2848 3530 3170 3596 Vaticanus
3239 3530 3452 3597 Aedes
3522 3533 3886 3614 coadunati,

2305 3614 2496 3681 satius
2545 3616 2868 3684 duxerunt
2915 3618 3342 3706 Amplitudini
3374 3624 3542 3687 Tuae
3577 3641 3720 3687 esse
3750 3621 3890 3687 scri·

2307 3703 2617 3788 bendum,
2669 3715 2738 3771 ιιι
2782 3725 2898 3793 pro
2943 3726 3056 3772 sua
3113 3707 3457 3794 prudentia
3521 3719 3889 3776 controver-

2304 3792 2486 3874 siam,
2522 3793 2693 3859 iuxta
2742 3813 3012 3878 morem,
3048 3795 3126 3861 ad
3160 3813 3382 3884 pacem
3428 3797 3886 3883 assequendam

2306 3899 2376 3944 ac
2423 3879 2559 3947 sine
2619 3883 2895 3969 strepitu
2953 3895 3328 3972 componat,
3377 3884 3730 3972 adigetque
3783 3889 3886 3952 Ca-

2305 3966 2583 4067 pitulum
2630 3971 2705 4036 ad
2754 3970 3208 4057 praestandum
3254 3974 3548 4041 Alumnis
3585 3973 3885 4063 Capucci·

2307 4073 2449 4139 ms,
2498 4059 2671 4142 quod
2734 4059 2861 4126 illis
2923 4059 3202 4128 debetur
3263 4084 3296 4128 a
3364 4062 3506 4128 iure
3550 4072 3881 4129 statutum.

2305 4145 2475 4209 Hanc
2521 4148 2745 4213 Sacrae
2790 4149 3315 4234 congregationis
3360 4152 3768 4217 voluntatem
3827 4159 3882 4214 et

2305 4233 2649 4330 Decretum
2697 4236 2851 4303 dum
2895 4237 3321 4324 Amplitudini
3381 4242 3545 4305 Tuae
3602 4257 3882 4305 commu·

2306 4336 2484 4407 mco,
2548 4322 2917 4392 diuturnam
2972 4344 3052 4390 ex
3111 4326 3321 4394 animo
3382 4339 3620 4414 exopto
3688 4326 3882 4393 felici·

2308 4417 2530 4475 tatem.

2439 4500 2676 4565 Romae
2725 4505 2760 4567 7
2808 4501 3177 4569 Decembris
3230 4506 3422 4570 1844.

2305 4636 2561 4708 2882.
2918 4644 3280 4710 omNnEN.
3655 4645 3881 4732 (4990)

2433 4765 2797 4832 Franciscus
2839 4764 3066 4831 Gordis
3110 4767 3333 4833 Mariae
3381 4767 3649 4836 Cardaso
3696 4787 3732 4832 e
3775 4771 3880 4832 Ca·

2299 4863 2431 4917 stro
2491 4852 2840 4921 canonicus
2899 4854 3229 4941 Regularis
3292 4853 3878 4936 Pernambucensis,

2298 4940 2514 5007 verius
2558 4940 2918 5009 Olindensis
2964 4942 3309 5029 Dioecesis,
3358 4946 3583 5011 Sacrae
3619 4944 3879 5010 Rituum

2299 5029 2823 5183 congregationis
2884 5043 3181 5118 precator
3243 5031 3533 5118 humiliS,
3594 5032 3879 5098 eiusdem

2301 5117 2428 5184 irre
2459 5116 2716 5205 ragabili
2776 5118 3013 5186 iudicio
3079 5133 3426 5206 sequentes
3496 5132 3627 5187 tres
3687 5138 3879 5205 quae-

2300 5205 2538 5271 stiones
2584 5206 2995 5275 devotissime
3037 5207 3318 5294 subiicit,
3367 5228 3488 5276 nec
3535 5227 3665 5277 non
3707 5208 3877 5274 solu—

2302 5292 2545 5359 tionem
2591 5297 2906 5382 exposcit,
2956 5315 3121 5381 quae
3169 5308 3366 5365 tutam
3413 5298 3650 5383 agendi
3693 5296 3876 5362 ratio-

2295 5398 2446 5445 nem
2494 5382 2826 5467 praebeat:
