4042 5950
1536 255 2009 332 —419—

131 408 492 478 benedictio
540 411 862 499 donetur3
914 422 978 478 et
1027 412 1090 479 in
1136 410 1350 478 reditu
1383 412 1459 478 ad
1493 412 1715 479 Eccle-

131 496 305 582 siam,
342 497 686 567 celebrans
731 498 1022 567 intonans
1049 503 1369 587 Hymnum
1409 503 1717 567 Tanaum

130 585 507 669 laudamus,
545 587 884 655 benedicat
913 588 991 655 ad
1026 599 1301 674 quatuor
1329 589 1549 656 mundi
1585 608 1721 674 par·

133 685 261 740 tes:
313 694 666 761 rursusque
713 674 775 742 in
825 677 1108 743 Ecclesia
1140 677 1383 763 populo
1415 675 1494 762 ab
1523 677 1719 743 Alteri

133 762 469 830 benedicat
488 774 741 832 cantans
762 775 820 831 et
845 765 1097 833 benedic
1118 764 1515 832 haereditati
1539 776 1712 845 tuae,

133 861 466 936 postquam
499 852 972 919 sanctissimum
1007 856 1484 921 Sacramentum
1528 871 1715 921 manu

131 957 363 1025 regens
389 952 485 1005 ter
511 939 744 1007 cecinit
769 941 1038 1009 Salvum
1060 944 1174 1027 sac
1191 941 1502 1028 populum
1531 952 1722 1009 tuum

131 1028 423 1094 Domine.
467 1029 740 1095 Invaluit
789 1030 1041 1097 tandem
1091 1031 1155 1097 in
1196 1029 1547 1098 minoribus
1574 1034 1720 1097 Pro·

131 1116 545 1200 cessionibus,
581 1129 651 1184 ut
685 1118 751 1184 in
795 1118 1011 1185 reditu
1040 1120 1117 1186 ad
1151 1119 1364 1186 Altare
1409 1118 1721 1186 recitetur

132 1206 416 1290 Hymnus
461 1207 596 1273 Rea>
632 1205 883 1273 Christe
922 1211 1342 1294 primoyenite
1369 1218 1491 1274 etc.
1530 1217 1595 1273 et
1638 1207 1714 1274 ad

131 1291 318 1357 verba
363 1295 495 1361 Tuo
523 1314 640 1359 nos
688 1297 955 1381 Corpore
1001 1298 1181 1383 refice
1224 1315 1532 1380 sacroque
1563 1297 1722 1363 San-

131 1384 324 1466 quine
372 1381 581 1464 ablue,
618 1382 982 1451 benedictio
1028 1385 1332 1464 donetur,
1368 1385 1722 1469 eademque

135 1474 408 1536 iteretur
468 1481 611 1557 post
670 1481 921 1538 cantum
971 1473 1376 1559 stropharum
1443 1476 1720 1538 Tantum

133 1579 272 1645 erqo
323 1560 931 1627 Sacramentum—
958 1563 1252 1628 Genitori
1288 1562 1653 1645 Genitoque,
1691 1581 1723 1626 a

135 1645 516 1715 celebrante
583 1648 982 1732 absolutum,
1057 1649 1164 1737 qui
1233 1650 1356 1717 hoc
1417 1648 1724 1736 temporis

136 1735 474 1802 intervallo
521 1736 995 1805 Sanctissimum
1060 1741 1531 1805 Sacramentum
1593 1755 1722 1802 ma-

137 1824 318 1891 nibus
362 1835 592 1891 tenere
637 1826 829 1892 solet.
876 1826 1211 1902 Quaeritur
1258 1843 1413 1912 ergo
1458 1844 1535 1891 an
1568 1824 1724 1891 haec

138 1913 341 1979 omnia
389 1912 516 1980 rite
565 1898 768 1980 fiant?
1129 1991 1136 1996 .

264 2000 545 2068 Dubium
592 2004 670 2068 V.
722 2005 818 2069 An
861 2002 1104 2082 velum,
1155 2003 1326 2091 quod
1375 2001 1726 2090 imponitur

141 2090 429 2168 humeris
457 2090 817 2157 Sacerdotis
863 2091 940 2157 ad
988 2091 1415 2159 deferendum
1457 2091 1727 2157 Sanctis-

138 2179 367 2246 simum
431 2178 860 2246 Eucharistiae
922 2182 1434 2265 Sacramentum,
1492 2179 1726 2246 debeat

39 2305 42 2310 -
143 2286 274 2336 esse
322 2267 559 2334 coloris
605 2265 788 2334 diei‘?

266 2355 546 2424 Dubium
596 2359 701 2424 Vl.
747 2359 839 2427 Ob
884 2359 1245 2426 distantiam
1291 2368 1358 2426 et
1389 2365 1729 2424 consuetu-

39 2449 46 2490 ἰ
140 2445 355 2513 dinem
408 2443 674 2512 invaluit
720 2446 784 2514 iu
814 2448 913 2516 his
946 2446 1339 2534 regionibus,
1373 2458 1446 2512 ut
1476 2464 1723 2513 sacrum

140 2534 454 2602 viaticum
498 2535 576 2600 ad
624 2533 909 2603 infirmos
957 2535 1313 2618 deseratur,
1360 2553 1489 2601 non
1534 2534 1601 2600 in
1633 2535 1727 2600 Pi-

144 2623 285 2690 xide
331 2624 452 2690 sed
502 2621 566 2688 in
601 2642 749 2691 vase
775 2629 1046 2691 Patenae
1082 2623 1298 2707 simili,
1333 2622 1506 2708 quod
1542 2640 1727 2708 oper-

146 2712 282 2778 culo
330 2711 623 2778 munitur
671 2723 735 2779 et
780 2712 882 2780 cui
929 2732 1048 2801 pro
1094 2722 1310 2779 sancto
1355 2711 1510 2779 Oleo
1555 2710 1727 2778 aliud

39 2813 44 2850 ἰ
145 2802 470 2867 vasculum
516 2800 840 2869 adnexum
886 2810 1006 2867 est.
1059 2803 1187 2866 Hoc
1235 2810 1448 2867 autem
1479 2820 1586 2866 vas
1618 2800 1730 2866 lin·

145 2896 247 2954 teo
298 2888 682 2956 obvolutum
730 2889 956 2977 reponi
1005 2888 1170 2954 solet
1203 2888 1265 2956 in
1297 2887 1479 2956 bursa
1518 2889 1725 2956 Stolae

39 2988 46 3027 ε
147 2990 431 3062 consuta,
481 2980 545 3045 in
592 2998 713 3065 qua
761 2988 1094 3066 praeterea
1142 2996 1278 3044 mos
1324 2987 1421 3043 est
1450 2977 1724 3060 Rituale,

146 3066 569 3151 bombacium,
606 3068 899 3135 candelas
930 3075 996 3132 et
1025 3069 1298 3133 Crucem
1339 3064 1727 3154 asportandi.

39 3172 42 3185 ²
147 3154 476 3231 Quaeritur
523 3174 679 3243 ergo
726 3156 928 3243 qualis
977 3156 1155 3222 color
1202 3154 1534 3221 conveniat
1582 3152 1731 3219 huic

39 3288 40 3295 κ
149 3240 411 3329 bursae,
460 3243 568 3310 ubi
624 3243 922 3311 defertur
973 3262 1222 3310 sacrum
1281 3240 1592 3310 Viaticum
1652 3239 1729 3307 ad

39 3346 48 3386 1
151 3329 435 3399 infirmos
482 3351 626 3399 cum
674 3343 888 3398 sancto
935 3329 1145 3399 Oleo‘?

276 3421 555 3488 Dubium
601 3424 734 3488 VII.
783 3424 963 3488 Anne
1003 3420 1068 3487 in
1101 3418 1593 3489 administrando
1625 3420 1728 3485 Sa-

39 3526 46 3565 ι
155 3519 476 3575 cramento
520 3508 817 3596 Baptismi
868 3509 1041 3575 licite
1089 3510 1395 3579 Sacerdos
1441 3507 1535 3574 uti
1590 3528 1733 3596 pos-

152 3595 226 3661 sit
270 3599 444 3664 Stola
493 3597 786 3683 bicolori,
836 3618 916 3664 ex
966 3618 1087 3665 una
1132 3609 1312 3685 parte
1360 3597 1636 3663 violacea
1669 3606 1733 3663 et

39 3701 50 3741 ’-
155 3702 228 3750 ex
273 3686 476 3752 altera
522 3686 685 3769 alba,
735 3684 909 3753 iuxta
955 3684 1497 3775 opportunitatem
1547 3705 1628 3752 ex
1662 3703 1732 3752 ea

39 3786 52 3833 ε
156 3786 326 3860 parte
380 3773 753 3841 invertenda
799 3794 960 3861 quae
1010 3775 1292 3841 colorem
1339 3774 1658 3859 praeferat
1701 3795 1733 3839 a

153 3861 381 3929 Rituali
428 3859 950 3949 praescriptum?

277 3954 449 4018 Haec
495 3969 691 4037 porro
738 3954 803 4019 S.
839 3956 914 4019 R.
968 3949 1412 4039 Congregatio,
1462 3960 1605 4038 post
1637 3972 1737 4018 ac·

155 4050 442 4105 curatum
470 4040 1012 4128 praescriptorum
1052 4039 1396 4107 dubiorum
1435 4057 1735 4124 examen,

160 4126 636 4195 rescribendum
684 4130 973 4197 censuitz
1179 4146 1184 4152 ·

282 4216 374 4283 Ad
426 4221 474 4283 1.
525 4239 564 4282 c
595 4217 927 4302 Negative,
975 4216 1053 4284 ad
1110 4228 1456 4304 utrumque
1493 4241 1555 4282 ».

281 4304 379 4371 Ad
429 4309 504 4372 ll.
556 4329 595 4372 c
626 4308 949 4372 Praestare
995 4307 1058 4372 in
1106 4324 1275 4391 casu,
1312 4316 1384 4372 ut
1414 4305 1596 4392 plura
1631 4322 1740 4391 ge-

159 4391 509 4461 nuflexeria
553 4395 691 4461 sive
737 4412 986 4461 scamna
1032 4392 1232 4459 linteo
1296 4392 1540 4460 mundo
1594 4411 1743 4458 con-

160 4488 318 4547 tecta
374 4478 524 4549 hinc
591 4482 742 4549 inde
787 4502 817 4546 a
864 4480 1162 4550 cancellis
1221 4480 1572 4548 circulatim
1627 4499 1740 4547 seu

163 4567 223 4636 in
264 4570 580 4657 quadrum
630 4570 793 4637 intra
839 4569 1190 4637 Ecclesiam
1239 4569 1645 4655 ordinentur,
1679 4578 1747 4635 et

164 4654 224 4724 in
256 4659 767 4726 extremitatibus
798 4657 1116 4726 interiecti
1148 4657 1333 4745 spatii
1358 4658 1487 4724 duo
1519 4656 1745 4723 saltem

164 4747 546 4815 Candelabra
593 4746 1012 4836 disponantur
1056 4766 1219 4834 quae
1263 4756 1583 4833 perpetuo
1617 4745 1746 4812 col-

168 4835 441 4921 luceant,
476 4835 632 4902 dum
665 4836 965 4904 fidelibus
1006 4836 1247 4903 circum
1293 4833 1749 4922 adgeniculatis

165 4941 327 4990 sacra
374 4924 753 4992 commuuio
800 4923 1202 4992 distribuitur
1233 4944 1296 4989 ν.

289 5013 388 5080 Ad
437 5016 540 5080 111.
592 5036 631 5079 α
665 5013 1077 5080 Sacerdotem
1106 5061 1124 5098 ‚
1189 5011 1344 5080 dum
1419 5011 1751 5078 incensum

167 5101 342 5186 ponit
389 5101 454 5168 in
495 5101 856 5188 thuribulo,
889 5112 1055 5168 stare
1103 5101 1382 5179 debere;
1414 5099 1491 5165 ab
1525 5098 1751 5165 eodem

39 5224 54 5255 .=.
170 5208 317 5256 vero
365 5190 840 5259 sanctissimum
907 5188 1337 5257 Eucharistiae
1393 5190 1754 5254 Sacramen-

176 5284 315 5345 tum‘
353 5276 853 5347 thurificandum
900 5296 1037 5346 esse
1089 5275 1320 5365 triplici
1369 5284 1612 5342 tantum
1644 5276 1757 5342 du·

178 5377 305 5454 ctu,
353 5368 469 5436 sed
514 5366 789 5454 genibus
834 5366 1061 5448 flexis;
1112 5376 1177 5432 et
1227 5376 1350 5433 tam
1386 5374 1528 5431 ante
1570 5382 1756 5451 quam

1817 422 1964 498 post
2031 410 2527 480 incensationem
2585 413 2899 504 profunda
2961 413 3118 482 facta
3189 415 3409 506 capitis

1823 500 2229 568 inclinatione
2265 524 2331 566 ιν.

1953 588 2046 655 Ad
2096 592 2199 657 lv.
2249 611 2288 654 ι
2321 589 2657 675 Expositos
2703 611 2854 658 usus
2899 591 3139 659 alienos
3194 611 3334 659 esse
3374 613 3407 658 a

1820 676 2111 743 Rubricis
2157 687 2222 742 et
2268 675 2556 744 Decretis
2602 679 3204 767 praescribentibus,
3240 679 3408 747 utin

1821 765 2283 853 supplicatione
2361 765 2741 834 Sanctissimi
2817 769 3201 836 sacramenti
3278 786 3408 835 non

1819 853 1980 920 adeo
2012 853 2390 938 frequenter
2423 864 2599 933 extra
2646 856 2997 922 Ecclesiam
3045 856 3406 924 benedictio

1823 943 2104 1008 donetur
2145 941 2258 1008 sed
2307 941 2508 1034 semel
2573 945 2674 1010 vel
2736 943 2970 1011 iterum
3026 943 3404 1011 dumtaxat:

1821 1029 1982 1095 etin
2015 1029 2227 1102 reditu
2272 1031 2753 1119 supplicationis
2798 1033 2875 1098 ad
2908 1032 3253 1099 Ecclesiam
3295 1033 3410 1099 de-

1824 1116 1967 1206 poni
2019 1117 2249 1185 debeat
2280 1118 2753 1187 Sanctissimum
2786 1122 3263 1187 Sacramentum
3303 1140 3406 1186 su·

1824 1225 1941 1294 per
1985 1207 2200 1272 Altare
2250 1217 2314 1273 et
2358 1207 2606 1274 nonnisi
2652 1208 2853 1274 semel
2903 1228 3049 1275 cum
3097 1228 3172 1274 eo
3223 1210 3411 1277 bene-

1822 1293 1975 1382 dici,
2008 1304 2075 1360 et
2106 1294 2372 1379 quidem
2407 1308 2551 1383 post
2580 1296 2918 1384 expletum
2962 1308 3219 1363 cantum
3250 1309 3410 1362 stro-

1820 1383 2119 1470 pharum,
2160 1385 2437 1451 Tantum
2481 1402 2625 1470 erqo
2648 1421 2693 1432 -
2719 1386 3009 1450 Genitori
3038 1386 3408 1469 Genitoque,

1828 1489 1973 1539 cum
2019 1471 2338 1538 versiculo
2410 1485 2471 1539 et
2538 1472 2873 1539 Oratione:
2939 1472 3195 1539 tandem
3254 1492 3410 1539 vero

1827 1572 1896 1625 ut
1943 1558 2008 1625 in
2069 1571 2213 1625 actu
2277 1559 2742 1628 benedictionis
2797 1560 2888 1627 nil
2945 1579 3209 1647 prorsus
3268 1580 3412 1628 can-

1827 1657 1999 1713 tetur
2035 1672 2098 1714 ».

1960 1737 2054 1804 Ad
2103 1738 2183 1803 V.
2229 1758 2268 1801 α
2303 1736 2532 1804 Velum
2595 1737 2924 1804 humerale
2985 1735 3242 1825 semper
3299 1737 3415 1805 de-

1830 1825 1985 1891 bere
2035 1843 2175 1891 esse
2219 1825 2452 1893 coloris
2500 1823 2720 1891 albi».

1962 1915 2058 1981 Ad
2106 1916 2212 1981 Vl.
2260 1936 2299 1979 α
2331 1912 2734 1981 Praedictum
2780 1931 2968 1980 usum
3032 1915 3287 1981 tolerari
3349 1935 3415 1980 o-

1828 2002 2045 2067 mnino
2108 2021 2237 2069 non
2307 2017 2531 2089 posse;
2595 2011 2660 2068 et
2726 2003 3079 2070 curandum
3132 2004 3209 2070 ab
3269 2004 3416 2089 Epi-

1826 2108 2019 2244 {zopo
2067 2101 2139 2192 ut
2183 2101 2526 2157 serventur
2571 2091 3102 2178 praescriptiones
3156 2090 3418 2159 Ritualis

1884 2197 2092 2245 omam
2131 2200 2196 2244 a.

1964 2268 2058 2334 Ad
2109 2271 2241 2334 vn.
2290 2288 2329 2331 α
2361 2266 2752 2334 Affirmative
2785 2291 2852 2334 ιν.

1961 2358 2171 2442 Atque
2202 2354 2286 2421 ita
2319 2355 2666 2443 rescripsit.
2715 2358 2829 2424 Die
2862 2360 2950 2424 26
2980 2355 3181 2425 Martii
3222 2361 3412 2427 1869.

1832 2499 2091 2567 308⁷.
2325 2502 2926 2568 mrmcmoeu,
3189 2498 3414 2586 (5287)

1962 2623 2170 2700 Quum
2215 2628 2412 2691 Rmus
2457 2627 2529 2690 D.
2581 2622 2884 2690 Marianus
2914 2624 3128 2691 Barrio
3157 2625 3419 2712 Episco-

1833 2730 1954 2798 pus
2000 2711 2470 2800 Carthaginien.
2523 2713 2770 2778 Sacram
2816 2712 3079 2779 Rituum
3141 2717 3420 2799 Congre-

1835 2798 2156 2885 gationem
2220 2799 2581 2868 humillime
2643 2800 3037 2886 exoraverit,
3086 2811 3157 2868 ut
3224 2820 3422 2888 super

1831 2887 2129 2974 sequenti
2176 2887 2372 2955 dubio
2418 2887 2802 2955 seutentiam
2832 2906 3011 2956 suam
3052 2890 3294 2957 elicere
3324 2888 3422 2955 di-

1836 2988 2181 3062 gnaretur;
2230 2976 2572 3044 nimirum:

1965 3068 2178 3152 Num,
2229 3065 2294 3132 in
2337 3064 2846 3133 Processionibus
2901 3064 3175 3154 publicis
3233 3064 3422 3133 huius

1830 3153 2153 3219 Ecclesiae
2200 3152 2616 3238 cathedralis,
2648 3153 2975 3240 Reliquiae
3006 3154 3254 3220 Patroni
3276 3152 3419 3221 Dio·

1835 3259 2080 3326 ceseos,
2131 3260 2294 3327 quae
2340 3240 2723 3308 deferuntur
2768 3242 3013 3308 clausae
3080 3241 3146 3307 in
3200 3257 3423 3326 magna

1833 3347 2014 3417 capsa
2041 3340 2337 3415 argentea
2361 3338 2561 3415 super'
2581 3328 2907 3414 humeros,
2934 3329 3207 3397 debeant
3235 3348 3421 3416 prae·

1838 3436 1977 3482 esse
2023 3417 2282 3506 lmagini
2329 3422 2400 3484 Β.
2436 3420 2517 3484 Μ.
2554 3420 2628 3485 V.
2685 3417 2837 3502 (non
2866 3422 3167 3485 Patronae
3209 3436 3293 3485 ne
3340 3434 3423 3483 ue

1839 3504 2133 3659 Titulargs
2178 3502 2493 3593 specialis)
2543 3503 2793 3572 delatae
2840 3507 3030 3574 etiam
3077 3524 3274 3594 snper
3353 3523 3423 3572 u-

1839 3610 2053 3661 meros

1973 3685 2041 3750 S.
2093 3683 2315 3750 eadem
2360 3682 2622 3750 Rituum
2668 3683 3130 3772 congregatio,
3178 3683 3257 3752 ad
3309 3686 3428 3753 Va·

1837 3769 2114 3837 ticanum
2164 3770 2471 3839 hodierna
2516 3770 2623 3838 die
2670 3772 3016 3839 coadunata
3063 3771 3126 3839 in
3170 3774 3427 3840 Ordina-

1808 3859 1946 3926 ’riis
1967 3858 2271 3943 Gemitus,
2305 3860 2629 3927 referente
2659 3859 3017 3949 subscripto
3043 3860 3424 3944 Secretario,

1838 3947 2035 4014 dubio
2094 3949 2172 4015 ab
2240 3948 2471 4014 eodem
2532 3952 2691 4015 Rmo
2745 3947 3060 4036 Episcopo
3105 3946 3428 4033 Carthagi-

1839 4034 2014 4102 nien.
2045 4034 2370 4124 proposito
2398 4036 2919 4124 respondendum
2946 4034 3226 4103 censuit:
3254 4057 3293 4100 α
3314 4040 3430 4102 Ho-

1842 4124 2227 4190 noratiorem
2295 4124 2508 4190 locum
2578 4143 2728 4212 prae
2795 4123 3104 4210 Reliquiis
3177 4122 3428 4191 Patroni

1854 4222 2222 4301 competere
2255 4212 2518 4298 lmagini
2548 4216 2770 4280 Beatae
2803 4212 3026 4279 Mariae
3052 4210 3326 4297 Virginis
3360 4232 3423 4276 ι».

1974 4304 2188 4385 Atque
2220 4299 2303 4366 ita
2335 4300 2664 4388 rescripsit
2696 4310 2763 4367 et
2789 4300 3031 4368 servari
3078 4298 3427 4366 mandavit.

1974 4388 2089 4455 Die
2133 4391 2219 4455 26
2264 4388 2463 4454 Martii
2516 4391 2705 4458 1859.

1847 4531 2112 4602 3088.
2470 4530 2791 4598 sarran.
3201 4529 3427 4619 (sees)

1977 4658 2179 4735 Quum
2228 4658 2485 4722 Festum
2517 4656 2582 4721 S.
2619 4652 2803 4721 narei
2835 4652 3278 4740 Evangelistae
3307 4653 3431 4721 hoc

1848 4765 2011 4814 anno
2059 4752 2344 4810 occurrat
2387 4742 2565 4809 Feria
2622 4741 2898 4808 secunda
2952 4739 3261 4808 Paschatis
3310 4743 3434 4807 Re·

1852 4830 2304 4913 surrectionis,
2356 4848 2559 4916 eaque
2615 4829 2723 4896 die
2782 4829 2957 4896 iuxta
3008 4829 3310 4896 Rubricas
3352 4831 3437 4894 sit

1854 4920 2217 5010 peragenda
2273 4916 2591 4985 Processio
2649 4915 3026 4984 Litaniarum
3093 4916 3431 5002 maiorum,

1853 5015 2051 5077 Rmus
2082 5012 2156 5074 D.
2192 5011 2413 5074 Petrus
2444 5005 2731 5072 Severini
2762 5005 2988 5091 Episco
3036 5025 3110 5072 us
3156 5008 3432 5093 Sappeu.

1859 5119 1891 5165 a
1924 5099 2107 5164 Sacra
2138 5095 2397 5163 Rituum
2442 5095 2945 5196 congregatione
3041 5093 3299 5161 eclarari
3330 5111 3438 5179 pe-

1860 5187 2000 5252 tiit:
2051 5187 2278 5251 Utrum
2337 5182 2402 5249 in
2460 5183 2758 5250 Ecclesiis
2822 5181 3284 5271 parochialibus
3344 5203 3437 5249 sa-

1864 5291 2116 5341 crarum
2162 5270 2525 5338 Missionum
2572 5271 2635 5337 in
2682 5270 2967 5355 Albania,
3001 5270 3184 5356 queis
3216 5269 3437 5337 unicus

1869 5373 2117 5429 tantum
2163 5360 2470 5428 Sacerdos
2510 5371 2606 5426 est
2634 5358 2951 5445 addictus,
2984 5358 3295 5429 celebrari
3325 5358 3439 5435 de-
