4042 5950
1648 273 1962 354 —479
2015 317 2121 334 —

240 456 403 505 anno
452 440 643 507 1810.
677 439 844 503 Haec
873 445 1089 502 autem
1119 433 1432 503 ordinatio
1462 443 1560 500 est
1592 431 1828 500 tenoris

238 526 599 613 sequentis;
635 524 935 592 nimirum
962 529 1002 606 5
1027 526 1144 591 49:
1194 544 1232 587 ι
1265 521 1642 610 Repetendo
1671 520 1827 588 anti·

240 637 278 679 s
309 634 434 701 qua
478 624 708 680 statuta
754 632 826 678 ac
871 613 1131 680 decreta
1182 611 1476 678 Andreae
1539 610 1620 677 de
1679 609 1826 676 Brin

240 724 278 766 s
309 701 650 789 opalenski
687 712 764 792 ‚et
811 700 1138 768 Adalberti
1185 696 1616 766 Tholibowski
1646 700 1828 764 Prae-

238 812 275 855 »
311 790 726 857 decessorum
791 791 1167 856 Nostrorum
1238 788 1320 855 de
1381 786 1701 853 electione
1762 795 1827 851 et

237 901 276 945 ν
310 876 754 968 praecedentia
800 876 1217 964 suffraganei,
1266 885 1333 942 et
1375 874 1640 961 insuper
1680 873 1828 942 insi-

239 990 277 1032 »
308 966 536 1033 stendo
587 964 884 1033 laudabili
946 962 1390 1032 consuetudini
1445 963 1506 1029 in
1556 960 1668 1028 hac
1714 965 1826 1030 Ca-

171 1082 183 1094 ·
239 1079 276 1119 »
311 1054 585 1122 thedrali
617 1054 899 1121 Ecclesia
947 1053 1342 1135 observatae,
1377 1069 1539 1137 quae
1571 1049 1701 1116 vim
1734 1052 1824 1118 le-

240 1166 277 1206 »
309 1143 407 1232 gis
437 1141 709 1225 obtinet,
735 1140 1178 1227 suffraganeus
1201 1138 1574 1206 Poenanien.
1609 1139 1822 1206 locum

237 1254 275 1296 s
307 1229 590 1320 primum
638 1229 701 1296 in
747 1225 1297 1298 Processionibus:
1349 1228 1414 1294 in
1444 1227 1629 1293 stallo
1667 1246 1823 1293 vero

234 1341 273 1384 »
310 1329 375 1386 et
404 1317 696 1406 capitulo
744 1337 864 1407 pro
908 1318 1109 1403 gradu
1156 1315 1504 1404 dignitatis,
1551 1316 1604 1382 si
1648 1318 1825 1381 Prae·

237 1429 275 1471 »
309 1406 508 1491 latus,
555 1406 609 1472 si
651 1417 894 1473 tantum
924 1404 1119 1473 fuerit
1150 1405 1525 1487 canonicus,
1560 1422 1686 1486 nou
1721 1402 1826 1469 ha-

235 1518 273 1560 »
307 1495 436 1562 bita
469 1493 711 1562 ratione
757 1492 1132 1575 vocationis,
1167 1493 1382 1560 locum
1414 1494 1698 1580 primum
1729 1490 1821 1559 in-

233 1608 274 1650 »
309 1593 408 1650 ter
449 1583 794 1650 canonicos
837 1580 1095 1650 habebit
1123 1603 1188 1648 v.

368 1669 757 1738 praedictam
825 1679 1042 1737 autem
1105 1667 1565 1758 observantiam
1623 1688 1823 1756 quum

234 1762 426 1831 etiam
471 1756 538 1824 in
592 1771 925 1844 posterum
990 1758 1394 1825 manuteneri
1457 1758 1820 1845 Capitulum

230 1857 527 1940 cuperet,
578 1847 849 1937 proinde
883 1847 1052 1914 inter
1080 1864 1242 1912 nova
1285 1855 1519 1912 statuta
1562 1846 1684 1913 l'uit
1715 1864 1822 1934 ap·

229 1940 461 2027 posita.
490 1936 731 2004 Verum
755 1953 981 2023 quum,
1009 1944 1225 2001 contra
1258 1933 1481 2020 ipsam,
1511 1944 1822 2024 protesta-

233 2028 477 2094 tionem
536 2043 713 2093 suam
778 2023 1065 2092 emiserit
1108 2026 1304 2089 Rmus
1349 2025 1421 2088 D.
1458 2023 1824 2090 Franciscus

231 2113 649 2184 Steianowicz
715 2112 1067 2200 Episcopus
1135 2113 1527 2180 samosaten.
1585 2131 1657 2179 ac
1709 2110 1821 2178 ho-

232 2204 496 2271 diernus
562 2200 1005 2288 suffraganeus
1072 2197 1478 2283 Posnanien.,
1533 2198 1644 2286 qui
1701 2197 1818 2265 sibi

230 2289 753 2380 praecedentiam
819 2287 1046 2355 deberi
1113 2285 1336 2353 asserit
1395 2305 1475 2353 ex
1531 2285 1822 2375 pluribus

230 2376 515 2446 Decretis
547 2380 774 2444 Sacrae
802 2375 1062 2444 Rituum
1088 2375 1644 2462 congregationis3
1674 2374 1820 2442 binc

229 2466 553 2557 praefatus
596 2469 791 2532 Rmus
838 2474 1052 2531 orator
1081 2464 1159 2531 ab
1192 2462 1418 2531 eadem
1447 2466 1626 2531 Sacra
1657 2467 1820 2532 Con·

230 2555 605 2643 gregatione
641 2551 975 2619 humiliter
1012 2549 1365 2638 expetivit:
1416 2553 1510 2619 An
1543 2552 1609 2619 in
1635 2571 1820 2654 prae-

229 2643 396 2710 senti
428 2661 574 2710 casu
606 2639 1071 2710 attendendum
1102 2640 1184 2707 sit
1214 2640 1653 2728 protestationi
1677 2639 1823 2726 Epi-

228 2730 406 2819 scopi
453 2729 865 2816 suffraganei,
899 2728 1010 2816 qui
1054 2726 1409 2796 Canonicali
1454 2727 1819 2818 praebenda

230 2819 295 2885 in
342 2818 511 2887 dicta
557 2816 1037 2904 Metropolitum
1082 2815 1366 2884 Ecclesia
1458 2817 1683 2901 otitur,
1731 2815 1818 2883 ei·

228 2908 382 2976 dem
426 2905 638 2975 dando
686 2903 1205 2994 praecedentiam
1256 2901 1323 2969 in
1367 2908 1413 2973 C
1465 2922 1578 2971 oro
1621 2923 1820 2995 super

228 2996 627 3085 Dignitates;
688 2993 793 3061 vel
856 2993 1067 3082 potius
1118 2991 1376 3076 antiqua
1420 2994 1817 3061 consuetudo

227 3083 534 3151 servanda
577 3081 659 3147 sit
705 3081 1022 3170 descripta
1066 3080 1136 3147 in
1178 3099 1254 3147 su
1303 3100 1371 3146 ra
1416 3082 1611 3148 relata
1639 3082 1817 3151 Ordi-

227 3171 487 3240 natione
532 3169 848 3239 Timothei
894 3099 1301 3237 Gonenskig

362 3264 544 3329 Sacra
591 3277 748 3325 vero
795 3256 1243 3347 congregatio,
1279 3277 1351 3324 re
1385 3269 1633 3326 mature
1721 3278 1819 3326 er·

229 3367 424 3438 pensa
470 3347 817 3434 auditaque
860 3345 1179 3414 sententia
1213 3345 1478 3427 alterius
1522 3364 1608 3414 ex
1704 3366 1819 3437 po-

226 3436 598 3504 stolicarum
645 3434 1200 3503 caeremoniarum
1245 3434 1579 3521 Magistris,
1644 3437 1818 3504 iuxta

227 3525 377 3592 alias
408 3524 686 3593 decreta
714 3523 1072 3590 rescribere
1119 3534 1248 3589 rata
1296 3535 1433 3590 est:
1484 3546 1523 3589 ι
1548 3526 1821 3614 Compe-

228 3623 371 3680 tere
425 3614 492 3679 in
550 3611 845 3680 omnibus
913 3611 1434 3700 praecedentiam
1501 3612 1817 3703 Episcopo

227 3703 639 3788 Suffraganeo
684 3699 999 3769 canonico
1024 3719 1088 3767 ›.
1130 3701 1343 3784 Atque
1372 3699 1456 3766 ita
1489 3700 1816 3790 rescripsit

227 3800 296 3857 et
338 3789 577 3857 servari
623 3788 971 3857 mandavit.

356 3878 470 3945 Die
517 3882 558 3945 tl
603 3877 802 3945 Martii
855 3881 1051 3946 1870.
1105 3906 1116 3913 ·

223 4021 474 4093 3215.
806 4010 1258 4088 vicanum.
1584 4018 1812 4108 (atto)

361 4151 518 4213 Rev.
567 4148 640 4211 D.
691 4142 898 4211 Guido
943 4141 1314 4209 Giacomelli
1368 4141 1814 4210 mansionarius

222 4232 549 4301 Ecclesiae
595 4233 663 4299 S.
696 4232 863 4300 Petri
906 4230 1203 4299 Coloniae
1236 4230 1674 4315 venetiarum,
1710 4229 1814 4299 cui

224 4341 376 4388 cura
406 4318 784 4388 demandata
829 4330 926 4386 est
971 4317 1307 4387 ordinandi
1340 4328 1404 4385 et
1435 4316 1814 4386 conficiendi

225 4408 670 4478 Calendarium
715 4426 835 4497 pro
880 4407 1068 4477 clero
1126 4406 1487 4474 Coloniensi
1537 4410 1808 4492 Veneto,

224 4500 559 4566 Sacrorum
619 4496 879 4563 Rituum
933 4495 1423 4583 Congregationi
1479 4495 1810 4601 sequentia

222 4584 415 4654 dubia
460 4585 764 4653 solvenda
811 4584 1194 4673 proposuit;
1241 4582 1588 4651 nimirum:

353 4674 628 4740 Dubium
669 4678 718 4741 1.
767 4674 865 4739 An
908 4673 1135 4740 Clerus
1179 4672 1462 4740 Civitatis
1491 4692 1560 4740 ac
1594 4672 1808 4740 Distri-

222 4772 365 4828 ctus
407 4761 706 4830 Coloniae
754 4760 1169 4829 venetiarum
1212 4761 1446 4828 debeat
1474 4760 1658 4847 sequi
1704 4780 1810 4830 an-

223 4848 634 4936 tiquissimam
679 4846 1216 4937 consuetudinem
1276 4848 1643 4917 celebrandi
1692 4854 1807 4918 Fe-

217 4949 392 5004 stum
459 4939 556 5005 Ss.
607 4936 834 5005 Felicis
901 4947 965 5004 et
1026 4938 1352 5005 Fortunati
1397 4940 1808 5006 patronorum

219 5024 665 5114 principalium
777 5025 1091 5093 raedictae
1144 5025 1430 5093 Civitatis
1472 5045 1542 5092 ac
1588 5025 1809 5092 Distri-

222 5123 384 5198 ctus,
417 5111 539 5179 sub
569 5113 695 5181 ritu
774 5113 970 5202 uplici
1018 5110 1262 5203 primae
1306 5111 1531 5181 Classis
1563 5124 1807 5182 etcum

221 5213 476 5282 octava;
510 5203 769 5268 Festum
800 5213 1013 5269 autem
1055 5203 1120 5268 S.
1157 5201 1471 5270 vincentii
1522 5203 1805 5290 Martyris

219 5288 418 5443 ῥοιῇιόε
462 5289 784 5357 Dioecesis
819 5289 1067 5357 Patroni
1099 5290 1220 5358 sub
1243 5288 1372 5356 ritu
1403 5289 1647 5379 duplici
1677 5308 1805 5359 ma·

220 5397 338 5443 nort

2007 436 2014 442 '
2065 431 2338 500 Dubium
2385 436 2458 500 11.
2509 435 2607 501 An
2675 433 2736 502 in
2804 454 2951 502 casu
3017 433 3190 521 quod
3256 437 3514 500 Festum

1933 520 2143 589 Sancti
2204 520 2515 589 vincentii
2574 522 2858 608 Martyris
2918 520 3227 590 celebrari
3288 521 3519 589 debeat

1930 608 2051 676 sub
2098 609 2224 676 ritu
2270 608 2509 696 duplici
2549 610 2767 676 maiori
2817 620 3091 692 tantum,
3127 610 3515 695 coniungen-

1933 697 2088 764 dum
2135 696 2214 763 sit
2262 716 2407 764 cum
2453 701 2639 764 Festo
2686 700 2750 766 S.
2785 697 3087 766 Anastasii
3119 694 3451 786 Martyris?

2063 784 2337 854 Dubium
2369 790 2475 854 111.
2522 787 2618 852 An
2661 787 2888 854 clerus
2933 784 3264 853 Districtus
3320 786 3383 852 in
3426 785 3518 853 di-

1929 874 2080 942 vino
2122 874 2337 942 Officio
2383 875 2814 962 persolvendo
2859 875 3257 941 conformare
3301 893 3372 940 se
3403 873 3515 942 de-

1931 965 2075 1031 beat
2119 961 2491 1030 calendario
2539 961 2708 1030 Cleri
2752 958 3088 1031 Civitatis?

2061 1049 2332 1118 Dubium
2381 1053 2486 1118 IV.
2536 1054 2630 1117 An
2676 1059 3027 1136 utrumque
3066 1062 3509 1138 praeceptum,

1927 1138 2216 1208 adstandi
2261 1138 2506 1207 scilicet
2552 1141 2739 1206 Sacro
2786 1149 2850 1206 et
2879 1159 2914 1205 a
2942 1137 3282 1206 servilibus
3326 1138 3513 1207 absti-

1929 1227 2150 1312 nendi,
2180 1225 2498 1294 observari
2533 1225 2764 1294 debeat
2793 1227 2859 1293 in
2882 1231 3069 1294 Festo
3101 1229 3169 1294 S.
3197 1226 3511 1294 Vincentii

1928 1315 2256 1403 Martyris3
2304 1313 2408 1381 vel
2458 1314 2523 1380 in
2567 1319 2754 1382 Festo
2799 1317 2899 1382 Ss.
2934 1315 3162 1384 Felicis
3194 1325 3260 1381 et
3291 1318 3511 1382 Fortu-

1930 1402 2058 1470 nati
2105 1401 2503 1491 Martyrum?

2059 1493 2335 1560 Dubium
2369 1493 2446 1559 V.
2494 1496 2590 1558 An
2618 1490 2685 1558 in
2716 1491 3015 1559 Districtu
3046 1511 3195 1562 cnm
3233 1503 3510 1578 utroque

1929 1590 2275 1670 praecepto
2308 1577 2630 1646 observari
2676 1578 2909 1647 debeat
2954 1584 3215 1648 Festum
3261 1581 3331 1648 S.
3358 1582 3510 1648 -Vin-

1929 1667 2157 1748 centii;
2206 1668 2312 1735 vel
2361 1669 2456 1734 Ss.
2491 1666 2717 1735 Felicis
2763 1679 2831 1737 et
2874 1666 3253 1736 Fortunati?

2058 1759 2246 1824 Sacra
2303 1775 2458 1822 vero
2520 1757 2741 1825 eadem
2801 1757 3252 1845 congregatio,
3299 1756 3510 1824 audita

1925 1845 2237 1912 sententia
2283 1843 2544 1911 alterius
2593 1864 2673 1911 ex
2721 1845 3225 1935 Apostolicarum
3285 1847 3510 1913 Caere-

1925 1932 2285 2002 moniarum
2317 1932 2623 2021 magistris
2670 1946 2735 2002 et
2778 1953 2850 2001 re
2879 1942 3129 2002 mature
3168 1951 3508 2023 perpensa,

1928 2019 2284 2088 rescribere
2328 2031 2461 2088 rata
2509 2031 2652 2088 est:

2057 2110 2154 2177 Ad
2201 2114 2248 2177 1.
2300 2121 2365 2178 et
2414 2114 2489 2177 u.
2536 2130 2577 2175 ι
2608 2109 2999 2180 Affirmative
3033 2133 3098 2176 a».

2056 2199 2153 2266 Ad
2184 2202 2285 2265 111.
2336 2219 2374 2262 ι
2406 2198 2633 2266 Clerus
2675 2197 3006 2266 Districtus
3034 2199 3231 2266 debet
3259 2217 3329 2266 se
3362 2218 3509 2266 con·

1922 2288 2199 2355 formare
2244 2286 2615 2356 calendario
2646 2288 3065 2367 Dioecesano;
3099 2287 3205 2355 vel
3237 2287 3302 2354 in
3328 2285 3508 2355 deie-

1926 2385 2036 2442 ctu
2081 2374 2284 2461 istius,
2331 2372 2705 2443 calendario
2735 2374 2902 2444 Cleri
2933 2375 3297 2462 praedictae
3341 2374 3510 2443 Civi-

1927 2463 2069 2530 tatis
2100 2485 2166 2530 ».

2056 2551 2153 2620 Ad
2207 2555 2315 2620 IV.
2365 2564 2431 2619 et
2477 2555 2556 2619 V.
2603 2573 2644 2618 ι
2677 2552 3022 2639 Negative,
3090 2551 3170 2620 ad
3238 2552 3506 2642 primam

1925 2650 2216 2729 partem3
2265 2639 2683 2727 Affirmative,
2731 2642 2809 2708 ad
2854 2641 3199 2710 secundam
3233 2663 3296 2708 ›.

2053 2733 2267 2815 Atque
2311 2726 2396 2795 ita
2442 2729 2764 2818 rescripsit
2794 2740 2861 2795 et
2888 2728 3129 2797 servari
3161 2728 3502 2796 mandavit.

2060 2816 2172 2884 Die
2220 2820 2261 2883 Β
2302 2817 2501 2885 Martii
2555 2820 2745 2886 1870.

1924 2992 2174 3062 3216.
2224 3080 2230 3087 ,
2434 2996 2710 3062 sanari
2754 2995 3003 3063 nicom

2537 3102 2641 3167 DE
2685 3102 2889 3168 (ΗΒΕ.

2053 3263 2258 3339 Quum
2290 3260 2638 3329 hodiernus
2666 3261 3158 3331 Archidiaconns
3188 3265 3504 3352 Metropo-

1924 3349 2153 3417 litanae
2212 3349 2532 3417 Ecclesiae
2599 3350 2809 3417 Sancti
2869 3350 3070 3417 lacobi
3130 3352 3210 3420 de
3274 3352 3411 3420 Cile
3470 3373 3503 3418 a

1920 3439 2105 3505 Sacra
2150 3437 2411 3506 Rituum
2457 3438 2964 3525 congregatione
3014 3438 3351 3506 humiliter
3392 3458 3504 3508 ex·

1919 3525 2256 3612 quisierit:
2318 3531 2413 3593 An
2477 3525 2895 3611 thurificatio,
2951 3529 3229 3628 aspersio
3287 3529 3505 3615 Aquae

1917 3613 2320 3699 benedictae,
2356 3614 2524 3703 pacis
2569 3616 2856 3683 osculum
2908 3614 3268 3703 incipienda
3311 3616 3439 3684 sint
3470 3636 3504 3682 a
3580 3634 3585 3641 ¹

1919 3700 2118 3769 latere
2165 3702 2395 3770 dextro
2441 3702 2632 3771 chori
2684 3723 2833 3771 cum
2880 3703 2945 3770 in
2990 3723 3067 3770 eo
3115 3705 3316 3772 latere
3375 3724 3502 3772 non

1914 3789 2079 3857 adsit
2115 3789 2400 3877 dignior;
2425 3792 2531 3860 vel
2565 3791 2923 3880 incipienda
2953 3812 2988 3858 a
3020 3792 3220 3860 latere
3249 3792 3503 3859 sinistro

1916 3877 1968 3946 si
2015 3877 2274 3966 dignior
2315 3890 2469 3948 tunc
2514 3880 2676 3947 adsit
2723 3881 2787 3947 in
2832 3877 2994 3947 illo?

2050 3970 2232 4034 Sacra
2295 3968 2555 4036 Rituum
2615 3970 3066 4057 congregatio,
3114 3967 3191 4034 ad
3244 3968 3503 4035 relatio-

1913 4073 2065 4123 nem
2105 4056 2440 4123 Secretarii
2488 4068 2554 4124 et
2598 4058 2811 4126 audita
2857 4056 3044 4125 etiam
3092 4055 3406 4125 sententia
3436 4056 3502 4124 in

1912 4142 2166 4231 scriptis
2210 4144 2471 4212 alterius
2504 4164 2584 4212 ex
2614 4145 3121 4233 Apostolicarum
3167 4147 3501 4213 Caeremo-

1911 4229 2165 4300 niarum
2231 4231 2575 4320 Magistris,
2648 4234 3132 4302 rescribendum
3200 4233 3495 4301 censuit:

2047 4341 2088 4386 ι
2126 4322 2435 4389 Standum
2502 4339 2640 4390 esse
2753 4321 3099 4411 raescripto
3167 4325 3498 4391 caeremo-

1913 4407 2094 4477 nialis
2140 4407 2601 4497 Episcoporum
2649 4412 2719 4477 ιι
2770 4461 2786 4478 .
2836 4417 2895 4496 1,
2945 4429 3085 4498 cap.
3134 4411 3368 4489 XX1V;
3404 4409 3496 4491 in-

1913 4495 2212 4585 cipiendo
2258 4516 2495 4585 nempe
2541 4518 2576 4564 a
2620 4498 3018 4587 dignioribus
3049 4521 3113 4566 ν.
3162 4503 3375 4585 Atque
3415 4497 3498 4565 ita

1911 4584 2241 4674 rescripsit
2285 4596 2351 4652 et
2394 4587 2632 4654 servari
2678 4588 3026 4656 mandavit.

2046 4675 2161 4740 Die
2209 4677 2293 4742 20
2338 4675 2606 4764 Augusti
2660 4679 2850 4746 1870.

1912 4814 2154 4885 3217.
2577 4818 2837 4885 wsun.
3269 4820 3495 4907 (saar)

2043 4944 2118 5006 R.
2146 4944 2220 5007 D.
2249 4940 2583 5008 Eduardus
2623 4938 2708 5007 de
2738 4939 3122 5029 Figueiredo
3148 4942 3343 5031 Veiga
3374 4947 3497 5011 Ha-

1910 5030 2111 5115 gister
2141 5028 2693 5096 caeremoniarum
2725 5027 2790 5095 in
2820 5028 3182 5097 cathedrali
3213 5033 3497 5101 Ecclesia

1910 5116 2158 5185 Visensi
2206 5116 2267 5184 in
2314 5116 2652 5201 Lusitania,
2693 5136 3023 5205 exponens
3070 5116 3135 5186 in
3180 5119 3495 5207 aliquibus

1912 5204 2068 5272 locis
2088 5204 2462 5295 Dioeceseos¹
2485 5223 2735 5274 morem
2759 5224 2899 5272 esse
2933 5207 3356 5276 transferendi
3389 5212 3496 5276 Sa-

1909 5312 2045 5361 crae
2064 5294 2441 5360 Sanctorum
2464 5293 2775 5382 Imagines
2798 5295 2882 5362 de
2906 5295 3098 5362 domo
3117 5295 3182 5362 in
3201 5297 3490 5381 domum,

1911 5390 1978 5448 et
2021 5380 2088 5449 in
2135 5380 2233 5447 his
2281 5381 2793 5450 translationibus
2845 5381 3318 5453 Ecclesiasticos
3364 5404 3495 5452 non

3278 2994 3506 3083 (naso)
