4042 5950
2010 287 2542 365 -56-..-

717 451 787 516 9.
834 452 929 515 An
972 447 1331 534 Praeposito
1375 447 1729 513 debeantur
1773 444 1837 511 in
1883 446 2158 510 sacrario

586 547 949 621 paramenta
993 538 1175 602 Sacra
1222 544 1287 600 et
1325 533 1632 602 nobiliora
1665 533 1728 599 in
1761 533 1902 599 loco
1936 531 2162 599 distin-

587 632 689 689 cto
734 645 767 689 a
812 619 1044 689 ceteris
1090 619 1467 689 canonicis?

723 715 827 779 10.
853 711 951 776 An
973 711 1370 797 Praepositus
1397 719 1690 775 teneatur
1712 725 1832 792 per
1852 708 2159 794 seipsum,

587 798 837 884 quando
883 816 1010 864 non
1057 807 1153 863 est
1185 796 1245 862 le
1293 796 1474 862 itime
1504 796 1875 884 impeditus,
1908 813 2165 860 servare

2264 441 2493 513 christi
2540 443 2796 510 deterre
2843 447 3321 511 Sacramentum
3356 455 3422 510 et
3453 444 3607 512 dare
3657 443 3859 510 bene·

2265 529 2614 601 dictionem
2659 549 2744 618 po
2793 528 2947 600 ulo?

2396 623 2462 685 δ.
2496 619 2593 685 An
2640 618 2701 686 in
2780 618 2919 685 ictis
2946 617 3453 686 Processionibus
3485 618 3700 686 incedi
3728 617 3856 685 de-

2266 706 2413 772 beat
2454 705 2574 772 sub
2620 709 2824 772 cruce
2869 715 3113 773 tantum
3172 705 3491 773 Ecclesiae
3522 703 3849 792 collegia-

2270 802 2401 877 tae;
2452 813 2531 861 an
2573 793 2692 861 sub
2736 796 2940 861 cruce
2989 794 3178 860 etiam
3223 797 3291 861 S.
3325 792 3542 860 Petri?
3586 803 3653 859 et
3699 813 3858 880 qua-

586 884 1063 952 Hebdomadam
1112 884 1174 950 in
1203 887 1248 950 c
1300 903 1408 950 oro
1447 892 1513 950 et
1547 902 1777 951 canere
1808 883 2017 949 Missas
2048 899 2166 966 per
2269 889 2458 947 tenus
2500 881 2875 949 affirmative
2920 879 2997 947 ad
3044 881 3393 948 secundam
3438 890 3718 967 partem,

589 982 848 1039 turnum
895 990 1045 1038 cum
1090 971 1320 1037 ceteris
1363 967 1748 1038 canonicis?

722 1063 828 1125 11.
877 1061 974 1124 An
1021 1059 1204 1125 liceat
1250 1058 1610 1145 Praeposito
1654 1078 1724 1124 se
1771 1056 2056 1122 eximere
2088 1054 2163 1121 ab

586 1146 934 1213 assistentia
979 1145 1044 1212 in
1088 1143 1594 1212 Processionibus
1626 1147 1690 1212 S.
1721 1143 1929 1230 Marci,
1964 1147 2164 1228 Roga-

588 1233 836 1301 tionum
881 1243 949 1300 et
991 1233 1129 1300 aliis
1175 1250 1321 1299 cum
1369 1230 1690 1318 pluviali?

715 1324 782 1388 S.
819 1326 893 1389 R.
924 1323 1030 1404 c.,
1078 1331 1347 1405 utraque
1391 1328 1573 1404 parte
1619 1318 1870 1406 scriptis
1903 1328 1967 1382 et
2003 1335 2159 1383 voce

588 1408 966 1475 informante
996 1405 1233 1489 audita,
1262 1405 1540 1490 visisque
1570 1405 1814 1472 iuribus
1839 1405 1985 1472 hinc
2009 1404 2160 1472 inde

586 1496 904 1581 deductis,
954 1492 1439 1561 rescribendum
1486 1494 1774 1561 censuit:

713 1583 812 1650 Ad
867 1587 926 1648 1.
977 1604 1014 1646 ‹
1046 1580 1350 1666 Negative
1383 1599 1450 1646 ».

638 1680 644 1685 “
716 1669 814 1737 Ad
862 1674 924 1735 2.
977 1691 1014 1733 ‹
1047 1667 1373 1735 Provisum
1419 1668 1484 1734 in
1529 1668 1738 1754 primo
1772 1689 1836 1735 ».

716 1757 812 1823 Ad
859 1761 924 1823 3.
972 1777 1009 1819 ‹
1042 1754 1456 1838 Affirmative‚
1483 1756 1690 1842 quoad
1723 1755 1994 1842 primam
2022 1773 2160 1842 par-

586 1855 752 1930 tem,
803 1841 1135 1931 Negative,
1183 1842 1390 1927 quoad
1438 1842 1782 1910 secundam
1816 1867 1876 1909 ν.

716 1931 813 1998 Ad
839 1933 904 1997 4.
931 1952 970 1996 ι
993 1932 1323 2017 Negantes,
1350 1930 1554 2016 quoad
1591 1930 1858 2018 primam
1888 1940 2158 2020 partem3

588 2018 1000 2103 Affirmative,
1050 2018 1258 2102 quoad
1303 2018 1647 2085 secundam
1679 2040 1742 2085 ».

715 2107 811 2173 Ad
859 2110 922 2173 ὅ.
974 2129 1012 2172 ‹
1045 2102 1435 2171 Affirmative
1468 2128 1533 2171 ».

719 2193 813 2261 Ad
860 2198 929 2261 6.
977 2216 1015 2259 ‹
1046 2191 1462 2276 Affirmative,
1484 2192 1695 2277 quoad
1722 2193 1993 2280 primam
2016 2212 2159 2280 par-

587 2289 757 2360 tem;
806 2281 1136 2370 Negative,
1184 2278 1391 2365 quoad
1437 2281 1781 2347 secundam
1815 2303 1877 2346 ι.

716 2368 812 2435 Ad
862 2372 926 2435 7.
977 2390 1015 2433 ‹
1045 2367 1353 2453 Negative
1385 2388 1447 2432 ».

716 2456 814 2523 Ad
857 2460 924 2523 8.
974 2464 1039 2522 et
1083 2459 1148 2522 9.
1198 2474 1237 2518 ι
1269 2453 1575 2554 Negative
1606 2474 1672 2520 ».

714 2543 809 2608 Ad
864 2546 970 2609 10.
1018 2563 1057 2607 ι
1090 2538 1479 2607 Affirmattve
1513 2561 1578 2606 ».

716 2629 811 2697 Ad
863 2635 966 2697 11.
1015 2650 1053 2693 <
1088 2631 1394 2696 Servetur
1412 2630 1921 2709 Caeremoniale;
1948 2640 2161 2697 etam-

632 2717 752 2784 lius
786 2740 850 2783 ».

588 2738 630 2805 p
716 2807 797 2869 Et
843 2803 925 2870 ita
969 2804 1257 2871 decrevit
1302 2823 1372 2870 ac
1400 2804 1636 2871 servari
1666 2804 2012 2872 mandavit.
2049 2806 2161 2874 Die

586 2896 665 2957 21
715 2891 950 2979 Aprilis
1007 2894 1196 2958 1736.

584 3031 820 3101 2317.
1108 3032 1388 3100 mom-18
1432 3033 1635 3099 Amr
1830 2975 1839 2982 ⁴
1935 3033 2162 3122 (4042)

711 3158 880 3220 Inter
944 3151 1225 3219 Priorem
1291 3163 1354 3218 et
1421 3153 1767 3220 Canonicos
1837 3153 2160 3222 Ecclesiae

580 3241 963 3326 Collegiatae
995 3244 1062 3309 S.
1089 3241 1316 3306 Mariae
1362 3245 1746 3307 Lauretanae
1780 3246 2012 3309 Terrae
2044 3244 2161 3309 Ga·

578 3328 850 3417 stignani
895 3329 1213 3397 Dioecesis
1272 3327 1497 3395 Montis
1553 3330 1681 3395 Alti
1728 3349 1811 3395 ex
1860 3348 1983 3395 una
2013 3378 2030 3413 ,
2096 3339 2160 3395 et

579 3415 1042 3483 Praebendatos
1090 3415 1411 3482 Ecclesiae
1456 3416 1830 3503 parochialis
1875 3417 1944 3482 S.
1992 3416 2160 3483 Petri

579 3503 787 3574 dictae
833 3507 1064 3568 Terrae
1112 3500 1394 3589 partibus
1441 3521 1519 3568 ex
1559 3503 1781 3587 altera,
1808 3504 1962 3573 ortis
2009 3523 2160 3570 con—

584 3588 907 3665 troversiis
950 3587 1207 3674 illisque
1252 3590 1329 3658 ad
1361 3592 1426 3656 S.
1448 3592 1609 3655 R.C.
1646 3591 1915 3671 delatis;
1964 3596 2162 3658 Emus

582 3685 651 3742 et
694 3679 888 3742 Emus
933 3681 1009 3744 D.
1040 3675 1389 3743 Cardinalis
1433 3678 1742 3762 Georgius
1774 3679 2034 3767 Spinola
2063 3678 2156 3744 in-

580 3762 904 3849 frascripta
949 3763 1138 3837 dubia
1184 3763 1353 3829 inter
1382 3774 1593 3852 partes
1639 3768 2012 3834 concordata
2044 3766 2156 3833 de·

581 3851 872 3918 claranda
916 3849 1275 3937 proposuit,
1323 3869 1598 3937 nempe:

718 3942 778 4003 1.
827 3939 923 4004 An
968 3937 1253 4005 Ecclesia
1299 3941 1364 4007 S.
1398 3939 1566 4006 Petri
1599 3942 1884 4028 Apostoli
1925 3948 2155 4009 Terrae

580 4024 942 4123 Castignani
1000 4024 1080 4090 sit
1123 4022 1514 4112 collegiata?
1557 4038 1622 4094 et
1669 4039 1983 4113 quatenus
2044 4047 2155 4096 ne·

581 4120 820 4199 gative,

711 4203 776 4265 2.
826 4203 924 4267 An
981 4199 1427 4267 Processiones·
1531 4204 1814 4269 enerales
1872 4217 1937 4271 et
1997 4204 2156 4270 aliae

577 4285 895 4373 publicae,
928 4307 1046 4375 pro
1078 4297 1373 4374 tempore
1419 4289 1484 4355 in
1533 4290 1824 4375 icendae‚
1876 4290 2157 4358 inchoari

579 4373 856 4443 debeant
922 4376 998 4441 ab
1068 4376 1347 4442 Ecclesia
1402 4377 1752 4464 collegiata
1812 4382 1878 4447 S.
1930 4377 2154 4444 Mariae

578 4466 966 4530 Lauretanae
1013 4474 1077 4529 et
1122 4461 1186 4529 in
1234 4482 1305 4529 ea
1350 4463 1727 4544 terminari;
1790 4468 1896 4533 vel
1942 4465 2153 4553 potius

577 4549 654 4615 ab
698 4549 981 4618 Ecclesia
1027 4553 1094 4619 S.
1130 4547 1354 4617 Petri?
1635 4607 1653 4619 .

709 4642 776 4704 3.
822 4641 919 4705 An
966 4639 1028 4705 in
1075 4638 1304 4704 iisdem
1335 4639 1842 4708 Processionibus
1879 4640 2057 4707 Prior
2087 4650 2152 4706 et

574 4724 870 4791 Canonici
916 4725 1123 4792 dictae
1170 4726 1556 4814 collegiatae
1600 4730 1994 4815 praecedere
2039 4728 2151 4796 de-

576 4810 766 4876 beant
809 4813 1084 4880 Parocho
1128 4813 1393 4899 aliisque
1438 4814 1822 4903 Presbyteris
1855 4826 1918 4884 et
1958 4819 2149 4883 'Prae-

572 4895 863 4962 bendatis
912 4899 1225 4968 Ecclesiae
1270 4904 1336 4969 S.
1375 4900 1595 4968 Petri?

2396 971 2462 1035 6.
2511 971 2828 1047 Quaenam
2875 989 2956 1036 ex
3003 968 3190 1035 dictis
3234 968 3542 1036 crucibus
3587 986 3860 1056 praece·

2269 1054 2429 1122 dere
2473 1053 2747 1124 debeat?
3641 1056 3649 1067 '

2403 1145 2466 1208 7.
2517 1147 2587 1209 In
2631 1144 2963 1211 funeribus
2988 1141 3361 1211 deferendis
3388 1142 3465 1208 ad
3501 1142 3858 1210 Ecclesiam

2264 1233 2331 1298 S.
2381 1230 2575 1313 Petri,
2622 1230 2688 1296 in
2736 1230 2965 1316 quibus
3012 1228 3357 1297 intervenit
3401 1228 3743 1296 invitatum
3780 1230 3861 1295 ab

2265 1316 2650 1385 haeredibus
2693 1317 2980 1385 defuncti
3030 1320 3111 1385 ca
3161 1318 3391 1385 itulum
3435 1317 3859 1404 collegiatae,

2268 1406 2388 1472 sub
2434 1424 2557 1490 qua
2600 1407 2808 1471 Cruce
2851 1405 3068 1473 incedi
3161 1403 3345 1471 ebeat
3371 1401 3406 1469 ⁸?

2397 1497 2461 1559 8.
2512 1499 2609 1559 An
2655 1491 2719 1559 in
2741 1491 2972 1560 iisdem
3007 1491 3338 1560 funeribus
3359 1491 3727 1593 capitulum
3762 1491 3860 1559 in-

2267 1579 2454 1665 gredi
2500 1579 2699 1667 possit
2744 1580 3090 1648 Ecclesiam
3136 1583 3201 1648 S.
3237 1579 3676 1665 Petri,1bique
3705 1580 3862 1646 assi-

2264 1678 2440 1734 stere
2485 1686 2690 1753 usque
2720 1667 2797 1733 ad
2832 1668 3266 1735 humationem
3313 1666 3662 1750 cadaveris,
3703 1687 3860 1734 cum

2263 1776 2372 1821 sua
2417 1757 2624 1821 cruce
2670 1765 2907 1838 erecta,
2957 1754 3147 1821 etiam
3191 1754 3257 1820 in
3302 1753 3702 1822 absolutione
3760 1757 3860 1822 lu-

2265 1841 2479 1910 neris‘?
2524 1852 2590 1909 et
2640 1852 2952 1927 quatenus
2999 1841 3396 1924 affirmative,

2392 1933 2458 2083 g.
2481 1930 2781 2104 (c)uinam
2807 1940 3126 2018 competat
3151 1927 3533 2017 praecinere
3557 1928 3860 2015 antipho·

2266 2036 2374 2083 nas
2516 2020 2548 2083 1

2402 2108 2507 2173 10.
2571 2106 2668 2171 An
2740 2104 3015 2191 pulsatio
3088 2102 3384 2172 nolarum
3449 2102 3515 2170 iu
3584 2103 3860 2172 sabbato

2264 2194 2494 2259 Sancto
2540 2200 2790 2280 spectet
2835 2191 3012 2279 prius
3042 2193 3120 2258 ad
3153 2189 3502 2258 Ecclesiam
3534 2190 3860 2290 collegia·

2265 2289 2393 2345 tam
2455 2283 2521 2347 S.
2559 2278 2835 2433 ⁶{Mariam
2906 2278 3011 2346 vel
3076 2279 3289 2366 potius
3356 2278 3433 2345 ad
3497 2278 3854 2346 Ecclesiam

2266 2369 2336 2433 S.
2369 2366 2539 2433 Petri
2811 2406 2820 2415 «

2398 2459 2508 2520 11.
2556 2457 2653 2521 An
2683 2453 2893 2521 dictae
2942 2452 3263 2520 Ecclesiae
3286 2452 3679 2539 collegiatae
3703 2457 3858 2520 San·

2264 2552 2404 2694 ctale
2448 2541 2676 2694 Μίῗῃιὲαθ
2719 2546 3108 2609 Lauretanae
3154 2550 3476 2626 competat
3528 2540 3626 2607 ius
3662 2560 3856 2630 sepe·

2314 2649 2349 2695 e
2383 2647 2486 2695 nen
2539 2650 2556 2693 ι

2268 2651 2311 2717 p
2396 2718 2463 2783 S.
2495 2716 2571 2783 R.
2607 2718 2711 2799 c.,
2751 2720 3163 2783 procuratore
3209 2715 3482 2815 capituli
3528 2716 3856 2804 praefatae

2268 2803 2586 2870 Ecclesiae
2631 2802 3045 2889 collegiatae,
3102 2803 3353 2889 scriptis
3406 2814 3472 2870 et
3528 2822 3687 2870 voce
3744 2826 3857 2871 au-

2265 2890 2401 2957 dito
2448 2889 2932 2957 rescribendum
2977 2892 3271 2957 censuit:
3483 2916 3494 2926 ·

2397 2980 2492 3047 Ad
2543 2983 2604 3045 1.
2657 3002 2694 3044 ‹
2729 2979 3034 3065 Negative
3068 3001 3131 3045 ».

2394 3067 2492 3135 Ad
2539 3071 2606 3132 2.
2651 3087 2691 3133 ι
2724 3066 3139 3152 Affirmative,
3167 3069 3375 3153 quoad
3406 3066 3674 3154 primam
3698 3087 3853 3155 par-

2265 3164 2433 3239 tem3
2485 3154 2818 3242 Negative,
2868 3154 3076 3241 quoad
3121 3155 3557 3222 secundam».

2397 3243 2494 3311 Ad
2543 3247 2606 3310 3.
2659 3264 2697 3307 ‹
2730 3241 3122 3308 affirmative
3156 3264 3242 3308 ».·

2393 3330 2487 3396 Ad
2538 3333 2605 3396 t.
2653 3351 2692 3395 ι
2723 3333 3030 3417 Spectare
3073 3330 3153 3396 ad
3200 3330 3486 3397 Priorem
3519 3332 3853 3399 Ecclesiae

2262 3417 2651 3504 collegiatae
2674 3417 2812 3484 sive
2841 3418 2919 3484 ad
2950 3417 3225 3484 alterum
3259 3418 3548 3485 eiusdem
3581 3423 3855 3487 canoni-

2264 3523 2436 3589 cum,
2486 3504 2593 3591 qui
2639 3504 2705 3571 in
2751 3523 2897 3572 casu
2950 3501 3401 3591 impedimenti
3446 3505 3619 3572 illius
3673 3506 3853 3573 vices

2262 3593 2559 3679 suppleat
2585 3614 2652 3658 ».

2391 3680 2488 3747 Ad
2535 3684 2599 3745 ὅ.
2656 3702 2693 3744 ‹
2728 3680 2859 3748 Sub
2903 3689 3174 3764 utraque
3220 3684 3426 3749 cruce
3460 3703 3522 3747 ι.

2391 3767 2486 3834 Ad
2536 3770 2602 3834 6.
2652 3790 2690 3833 <
2722 3767 3235 3835 Praecedeutiam
3259 3768 3485 3837 deberi
3507 3770 3693 3836 cruci
3726 3775 3850 3839 Ec·

2262 3854 2494 3922 clesiae
2541 3855 2930 3943 collegiatae
2965 3876 3028 3919 ».

2392 3943 2487 4009 Ad
2535 3947 2598 4010 7.
2649 3966 2686 4008 ‹
2721 3942 2854 4012 Sub
2899 3945 3103 4010 cruce
3168 3944 3491 4011 Ecclesiae
3556 3947 3624 4011 S.
3675 3946 3848 4012 Petri

2262 4030 2638 4098 tumulantis
2666 4053 2734 4099 ³».
3765 4060 3774 4066 ·

2387 4118 2483 4186 Ad
2530 4122 2599 4185 8.
2648 4140 2687 4184 ι
2713 4117 3021 4205 Negative
3057 4138 3118 4184 ».

2387 4206 2482 4272 Ad
2531 4209 2595 4272 9.
2651 4228 2688 4270 ‹
2721 4205 3048 4273 Provisum
3095 4205 3158 4271 in
3206 4205 3619 4293 praecedenti
3657 4229 3721 4273 ».

2387 4293 2483 4359 Ad
2539 4297 2639 4361 10.
2691 4316 2730 4360 ‹
2763 4295 3063 4378 Spectare
3109 4295 3187 4360 ad
3231 4295 3647 4381 collegiatam
3683 4313 3748 4360 a.

2373 4380 2482 4535 fild
2539 4385 2644 4447 11.
2692 4403 2731 4447 ‹
2763 4379 3178 4463 Affirmative,
3225 4382 3413 4449 salvis
3460 4381 3704 4450 iuribus
3735 4387 3844 4450 Pa·-

2263 4486 2369 4534 roc
2420 4488 2529 4533 ι».

2387 4558 2469 4620 Et
2500 4556 2582 4622 ita
2614 4556 2906 4623 decrevit
2938 4576 3007 4622 ac
3050 4558 3289 4623 servari
3329 4557 3677 4625 mandavit.
3727 4558 3844 4624 Die

2260 4646 2340 4708 21
2392 4643 2626 4731 Aprilis
2677 4646 2868 4711 1736.

2257 4784 2504 4857 2318.
2843 4789 3263 4854 MAZARIEN.
3599 4787 3832 4875 (4043)

2383 4912 2539 4976 cum
2587 4910 2650 4975 S.
2675 4912 2749 4975 R.
2778 4910 2850 4976 c.
2886 4906 3236 4974 innotuerit
3283 4906 3347 4973 in
3393 4906 3643 5007 Oppido
3674 4909 3832 4974 Dre-

705 4988 769 5049 4.
823 4989 916 5050 An
962 4995 1028 5050 et
1072 4987 1151 5052 ad
1182 5007 1378 5072 quem
1408 4999 1658 5076 spectet
1690 4990 1756 5058 in
1785 4991 1972 5060 dictis
1999 4995 2145 5057 Pro·
2251 4995 2394 5083 pani
2456 4995 2767 5063 Dioecesis
2829 4995 3188 5077 nazar-ion„
3247 5012 3579 5062 occasione
3642 4996 3832 5063 fune-

575 5070 990 5169 cessionibus‚
1019 5083 1082 5138 et
1114 5073 1442 5172 signanter
1471 5077 1917 5164 Rogationum,
1953 5079 2147 5146 bene·
2253 5102 2417 5167 rum,
2467 5083 2813 5166 quemdam
2863 5082 3189 5169 irrepsisse
3234 5082 3524 5166 abusum,
3585 5102 3824 5170 nempe

574 5161 795 5226 dicere
827 5170 1228 5244 campestria,
1263 5173 1330 5228 et
1361 5165 1424 5230 in
1449 5167 1631 5231 Festo
1661 5166 1836 5232 SSmi
1858 5166 2154 5253 corporis
2251 5170 2599 5236 collocandi
2633 5172 2938 5237 cadavera
2959 5169 3676 5256 Archipresbyterorum
3710 5173 3822 5241 de—

712 5353 792 5429 (1)
827 5356 889 5413 Ε.
926 5354 1068 5413 nuh.
1112 5354 1193 5422 io,
1235 5354 1297 5410 u
1333 5363 1392 5430 et
1429 5354 1509 5412 ia.
