4042 5950
1978 267 2450 352 -164-

568 443 702 502 tera
748 455 871 523 per
915 443 1045 503 tres
1091 431 1369 501 circiter.
1418 433 1712 500 Actuales
1758 434 1967 500 Curati
2014 432 2155 499 Bal-

565 523 929 591 nearienses
973 542 1165 610 saepe
1222 534 1370 589 sunt
1432 522 1696 588 aliarum
1754 521 2153 588 Dioecesium

568 612 721 679 inibi
767 612 1125 679 residentes
1171 611 1248 678 ad
1297 628 1513 678 curam
1568 612 1919 676 animarum
1965 629 2153 676 exer-

568 701 862 768 cendam.
925 704 1252 767 Tenentur
1298 699 1488 766 etiam
1536 698 1599 765 hi
1651 698 1859 766 exteri
1920 698 1996 765 ad
2059 697 2152 765 di-

567 801 732 856 ctam
780 785 1114 854 octavam?
1160 787 1255 874 (1)

697 880 779 942 Et
824 879 892 944 S.
935 881 1014 945 R.
1053 879 1156 959 0.,
1206 876 1521 963 exquisito
1568 885 1719 942 voto
1766 874 2025 942 alterius
2073 894 2153 941 ex

565 964 1075 1067 Apostolicarum
1110 964 1670 1033 caeremoniarum
1705 964 2013 1051 Magistris
2059 974 2157 1051 ty-

566 1072 663 1139 pis
697 1054 1028 1139 evulgato,
1062 1054 1137 1120 ad
1176 1053 1551 1120 relationem
1593 1053 1731 1118 Emi
1766 1062 1832 1117 et
1859 1051 2001 1117 Rmi
2036 1057 2156 1118 Do·

565 1141 721 1207 mini
766 1141 1114 1208 cardinalis
1156 1140 1412 1209 Antonii
1452 1140 1530 1206 ab
1560 1141 1749 1206 Auria
1780 1159 2002 1206 causae
2035 1144 2155 1207 Re-

570 1229 809 1315 latoris,
858 1230 1237 1319 respondit:
1302 1234 1475 1296 luxta
1522 1240 1744 1294 votum
1798 1226 2152 1295 videlicet:

699 1319 794 1385 Ad
848 1321 907 1383 1.
958 1340 997 1381 (ι
1031 1319 1343 1407 Negative
1381 1340 1445 1384 a.
1794 1364 1819 1387 .
1978 1353 1981 1356 -

701 1406 796 1473 Ad
847 1410 912 1473 2.
965 1428 1001 1470 ι
1034 1407 1361 1473 Provisum
1411 1408 1473 1473 in
1519 1406 1728 1494 primo
1764 1427 1826 1470 ιν.

698 1495 809 1561 Die
862 1498 943 1561 15
991 1494 1384 1582 Septembris
1437 1499 1631 1561 1815.

569 1635 833 1703 2568.
1133 1637 1580 1702 Decumum.
1927 1633 2153 1720 (4518)

698 1761 787 1822 Ea
848 1767 943 1823 est
1007 1756 1222 1824 iudicii
1282 1757 1600 1841 sanctitas,
1664 1775 1811 1823 cum
1861 1759 1943 1825 de
1993 1759 2156 1824 Viris

566 1846 806 1910 virtute
882 1846 1342 1912 commendatis
1419 1844 1768 1912 honoribus
1836 1846 2155 1914 Coelitum

568 1931 880 2001 donandis
926 1936 1094 2022 apud
1144 1936 1572 2021 Apostolicam
1604 1936 1837 2002 Sedem
1873 1934 2160 2020 quaestio

571 2021 948 2106 instituitur,
1003 2033 1072 2088 ut
1119 2042 1282 2109 quae
1333 2023 1576 2110 possint
1619 2024 1696 2090 ad
1744 2033 1980 2089 tantam
2010 2041 2154 2088 rem

570 2120 706 2176 tuto
755 2109 1246 2195 conficiendam,
1296 2122 1487 2198 atque
1532 2114 1608 2178 ad
1659 2109 2017 2196 quemlibet
2049 2109 2154 2175 vel

568 2198 1017 2265 tenuissimum
1064 2200 1441 2286 scrupulum
1487 2200 1995 2287 propulsandum
2048 2218 2158 2264 ex·

568 2287 822 2372 pedire,
860 2307 930 2353 ea
963 2288 1172 2354 omnia
1207 2309 1240 2352 a
1286 2289 1578 2356 Romanis
1624 2286 2031 2354 Pontificibus
2062 2307 2155 2351 sa·

568 2372 968 2460 pientissime
1033 2376 1287 2444 inventa
1351 2386 1541 2461 atque
1596 2384 1821 2441 statuta
1887 2374 2152 2440 fuerint.

567 2465 701 2528 Huc
778 2474 1069 2551 spectant
1144 2482 1307 2549 quae
1385 2464 1558 2530 iussu
1634 2485 1686 2528 S.
1756 2481 1847 2528 m.
1919 2463 2154 2529 Urbani

568 2552 679 2615 PP.
738 2553 871 2616 vui
930 2572 963 2616 a
1021 2549 1490 2618 consistorialis
1552 2552 1750 2619 Aulae
1821 2551 2158 2617 Advocatis

570 2637 886 2705 habentur
934 2640 998 2706 in
1043 2639 1321 2725 publicis
1365 2639 1773 2706 Concistoriis
1803 2639 2154 2723 Orationes,

569 2724 800 2812 quibus
849 2727 931 2793 de
979 2727 1106 2792 vita
1152 2737 1219 2792 et
1263 2728 1457 2816 gestis
1505 2727 1771 2796 alicuius
1816 2727 1996 2794 Servi
2044 2728 2157 2793 Dei

570 2814 813 2880 diserte
871 2815 1187 2900 refertur,
1236 2827 1308 2882 ut
1354 2815 1552 2903 ipsius
1611 2834 1847 2886 nomen
1894 2817 1958 2883 in
2007 2821 2157 2883 Bea-

572 2912 783 2968 torum
852 2904 955 2970 vel
1026 2907 1400 2973 Sanctorum
1476 2906 1670 2971 Fastis
1735 2903 2156 2973 adscribatur.

567 2992 736 3071 Quae
782 2992 1072 3077 quidem,
1122 3004 1195 3059 ut
1242 3003 1420 3061 recte
1466 3012 1537 3060 ac
1584 3015 1700 3082 pro
1746 2993 1978 3061 summi
2045 3013 2157 3060 ne·

569 3078 726 3170 gotii
774 3080 1083 3165 gravitate
1132 3080 1308 3167 fiant,
1358 3081 1674 3153 Institutio
1719 3082 2033 3169 quaedam
2081 3080 2157 3145 ab

569 3170 802 3235 eodem
848 3169 1153 3236 Pontifice
1203 3170 1322 3236 fuit
1367 3170 1598 3237 sancita
1632 3170 1738 3259 die
1769 3173 2019 3237 xxvul
2073 3174 2156 3234 la·

476 3258 482 3271 '
568 3256 769 3326 nuarii
819 3277 983 3324 anno
1016 3261 1399 3345 nucum,
1429 3279 1551 3349 qua
1584 3270 1651 3326 et
1682 3258 2018 3326 secretarii
2054 3262 2158 3355 8ειτ

570 3366 716 3414 crae
751 3349 1016 3416 Rituum
1061 3347 1593 3435 congregationis
1705 3358 1859 3431 rtes,
1897 3357 1964 3413 et
1992 3352 2156 3414 Con·

572 3435 982 3502 cistorialium
1026 3437 1496 3503 Advocatorum
1539 3455 1575 3500 o
1648 3438 1819 3503 cium
1853 3436 2012 3504 inid
2047 3455 2160 3523 ge-

570 3542 690 3589 nus
710 3522 1108 3607 Orationibus
1138 3524 1440 3591 distincte
1472 3526 1947 3612 perspicueque
1979 3546 2164 3613 prae·

571 3610 908 3677 finiuntur.
979 3614 1255 3678 cavetur
1331 3612 1611 3698 quippe,
1683 3624 1754 3679 ut
1833 3632 2160 3680 causarum

571 3699 807 3766 electio
852 3699 926 3765 ad
977 3699 1185 3787 ipsum
1238 3698 1663 3767 Secretarium
1722 3711 2001 3786 spectet,
2050 3702 2160 3788 qui

570 3787 895 3854 adnotabit
941 3787 1006 3853 in
1050 3788 1361 3861 schedula
1393 3809 1425 3853 a
1456 3806 1525 3854 se
1558 3789 2013 3856 subscribenda
2045 3809 2156 3856 no-

570 3892 724 3941 men
761 3877 942 3942 Servi
972 3876 1082 3943 Dei
1116 3877 1466 3963 unicuique
1514 3879 1839 3945 Advocato
1872 3898 1990 3966 per
2023 3890 2157 3944 tur-

572 3982 726 4031 num
774 3964 1173 4051 assignandi;
1222 3975 1389 4050 tum,
1439 3975 1510 4032 ut
1563 3966 1774 4033 eidem
1832 3985 1951 4052 per
2012 3975 2158 4033 octo

571 4053 798 4118 saltem
822 4064 969 4119 ante
991 4073 1109 4140 pro
1159 4053 1493 4120 ositionem
1526 4055 1667 4122 dies
1699 4055 1923 4121 eadem
1955 4055 2163 4121 Oratio

573 4141 859 4207 tradatur
899 4146 1089 4207 emen
1137 4142 1322 4226 anda,
1363 4154 1554 4229 atque
1596 4143 2155 4226 accommodanda,

570 4229 622 4295 si
656 4229 811 4314 quid
845 4231 1148 4297 adversus
1181 4230 1374 4318 ipsius
1401 4230 1815 4298 institutionis
1848 4232 2159 4317 praescri·

572 4328 678 4408 pta
713 4316 952 4384 ibidem
985 4317 1619 4404 deprehenderetur.
1647 4321 2040 4406 Argumenta
2064 4320 2156 4385 in·

571 4425 791 4496 super,
826 4406 910 4473 de
941 4405 1170 4493 quibus
1201 4407 1518 4474 disserere
1550 4408 1637 4474 fas
1682 4407 1787 4491 sit,
1822 4407 2157 4495 designan-

572 4507 703 4580 tur,
754 4516 835 4563 ne
891 4495 1048 4582 quid
1098 4505 1342 4562 temere
1387 4497 1491 4562 vel
1539 4495 1746 4562 minus
1793 4508 2158 4582 opportune

574 4594 853 4672 apteque
913 4594 1330 4672 proponatur.
1394 4585 1564 4662 Quae
1622 4584 1885 4669 quidem
1947 4585 2156 4651 omnia

572 4692 625 4738 s.
676 4684 763 4738 m.
817 4672 1205 4739 Benedictus
1247 4674 1386 4740 XlV
1435 4672 1803 4739 luculenter
1860 4672 2050 4739 tradit
2094 4672 2162 4739 in

572 4763 898 4849 praeclaro
944 4780 1058 4827 suo
1091 4762 1300 4847 Opere
1330 4760 1414 4827 de
1448 4759 1915 4827 Beatificatione
1951 4773 2015 4826 et
2047 4764 2160 4827 Ca·

572 4848 975 4915 nonizatione
1023 4852 1400 4915 Sanctorum
1450 4848 1559 4915 lib.
1604 4854 1664 4932 1,
1700 4847 1857 4938 cap.
1893 4853 2000 4917 35.
2040 4853 2160 4917 Ve-

571 4954 718 5002 rum
766 4955 912 5003 cum
958 4935 1025 5002 in
1067 4955 1403 5024 praesens,
1452 4938 1626 5024 quod
1671 4937 1879 5004 ferme
1929 4958 2009 5004 ex
2054 4958 2161 5005 va-

573 5024 798 5091 rietate
865 5044 933 5089 ac
1004 5025 1489 5109 perturbatione
1539 5035 1906 5111 temporum
1958 5028 2163 5093 conti-

575 5111 707 5200 git,
771 5110 851 5176 ab
907 5122 1199 5178 accurata
1259 5113 1620 5180 huiusmodi
1688 5116 2161 5181 Institutionum

576 5199 958 5266 executione
1005 5199 1310 5266 declinari
1360 5201 1674 5287 coeperit,
1718 5201 2158 5269 sanctissimus

714 5395 794 5471 (ι)
832 5397 890 5455 n.
927 5397 1068 5456 nui».
1104 5396 1155 5465 a,
1192 5395 1226 5455 4
1261 5382 1399 5457 ‹215ss

2261 432 2560 499 Dominus
2609 435 2835 499 Noster
2879 430 3022 498 Pius
3068 433 3174 500 vn
3219 427 3451 498 Pontis.
3491 433 3685 515 Max„
3723 449 3845 520 pro

2257 540 2337 586 eo
2383 527 2512 607 quo
2560 531 2839 610 praestat
2884 520 3029 585 zelo
3076 520 3140 586 in
3189 519 3611 587 ecclesiastica
3656 520 3851 587 disciv-

2256 608 2430 696 plina
2499 609 2738 676 tuenda
2806 628 3198 695 suorumque
3273 599 3864 676 Praedecessorum¹

2255 697 2541 763 Decretis
2588 697 3011 779 vindicandis,
3059 695 3355 763 decrevit
3401 706 3472 763 ut
3517 697 3866 783 praedicta¹

2258 785 2490 854 Urbani
2537 789 2670 853 Vlll
2714 784 3060 870 Institutio,
3114 784 3405 870 exceptis
3447 784 3724 873 septimo
3783 783 3860 849 et?

2260 883 2483 940 octavo
2520 874 2755 961 capite,
2790 871 3022 959 quibus
3051 875 3133 941 de
3166 872 3484 940 honorarii
3515 871 3862 970 tribuendi·

2259 961 2500 1027 ratione
2539 982 2609 1027 ac
2641 963 2727 1029 de
2757 961 3205 1029 commissione
3233 965 3310 1027 ab
3341 962 3665 1028 Advocato
3699 979 3855 1049 pro-

2259 1059 2542 1150 ponente
2588 1051 2864 1116 tenenda
2897 1049 3229 1135 agebatur,
3265 1049 3461 1137 plene
3493 1059 3560 1114 et
3593 1035 3860 1134 integrd

2260 1157 2320 1202 in
2355 1147 2688 1224 posterum
2720 1146 3062 1216 servetur3
3112 1157 3184 1203 ac
3230 1134 3470 1204 nemini
3521 1137 3708 1202 liceat
3736 1138 3849 1204 ad-

2258 1244 2479 1291 versus
2541 1226 2736 1313 ipsius
2800 1226 3286 1312 dispositionem
3342 1225 3617 1314 operari.
3666 1225 3847 1302 Quod

2206 1391 2220 1404 ·
2258 1317 2606 1379 Decretum
2668 1315 2973 1382 Sanctitas
3034 1317 3155 1382 Sua
3218 1313 3375 1380 mihi
3441 1313 3852 1400 infrascripto

2261 1403 2618 1468 Secretario
2656 1405 2979 1471 mandavit
3027 1402 3089 1469 in
3140 1412 3273 1473 acta
3322 1405 3547 1468 Sacrae
3578 1402 3850 1471 Rituum

2255 1490 2786 1579 Congregationis
2849 1491 3121 1574 referre,
3174 1500 3245 1557 ut
3291 1488 3367 1557 ab
3426 1490 3500 1554 iis
3560 1490 3636 1556 ad
3687 1509 3856 1575 quos

2257 1588 2502 1665 spectat
2580 1580 3034 1646 inviolabiliter
3108 1578 3510 1644 observetur.
3586 1577 3700 1644 Die
3763 1581 3851 1644 30

2261 1667 2497 1753 Aprilis
2546 1671 2741 1733 1816.

2253 1843 2523 1940 2569.
2939 1846 3164 1911 unsis
3612 1843 3850 1930 (asie)

2377 1952 2553 2015 PiAE
2599 1951 2908 2016 unionis
2955 1952 3019 2015 s.
3060 1952 3286 2015 raum
3333 1950 3728 2017 APOSTOLI.

2392 2108 2908 2197 Supplicantibus
2939 2109 3387 2176 Sacerdotibus
3416 2110 3557 2175 Piae
3588 2108 3857 2177 Unionis

2260 2202 2495 2263 Romae
2558 2198 2882 2264 institutae
2937 2198 3058 2263 sub
3119 2197 3513 2265 invocatione
3562 2201 3627 2264 8.
3670 2198 3852 2266 Pauli

2261 2285 2545 2371 Apostoli
2590 2285 2914 2352 indultum
2963 2286 3083 2351 t’uit
3128 2305 3249 2374 per
3278 2298 3352 2350 or
3398 2304 3589 2352 anum
3620 2290 3858 2353 Sacrae

2258 2374 2520 2439 Rituum
2583 2374 3112 2460 congregationis
3175 2384 3246 2439 ut
3308 2394 3339 2438 a
3435 2374 3854 2443 reddendum

2259 2462 2758 2548 Angustissimae
2806 2462 3089 2528 Trinitati
3136 2461 3367 2549 gratias
3396 2481 3515 2549 pro
3548 2463 3735 2529 donis
3781 2473 3858 2528 et

2256 2548 2612 2637 privilegiis
2659 2547 2904 2616 collatis
2951 2554 3139 2617 Bibae
3187 2549 3429 2636 Virgini
3477 2551 3726 2634 Mariae,
3782 2551 3859 2616 in

2260 2637 2456 2703 altera
2506 2657 2587 2703 ex
2637 2636 2937 2705 Ecclesiis
2995 2639 3287 2707 eiusdem
3336 2638 3610 2726 Virginis
3659 2640 3858 2705 titulo

2259 2726 2558 2792 decorata
2589 2726 2854 2810 singulis
2885 2726 3112 2795 diebus
3141 2745 3345 2794 unum
3370 2730 3628 2795 Sacrum
3653 2728 3861 2794 «fieret

2261 2814 2347 2880 de
2371 2816 2560 2881 SSma
2580 2814 2911 2897 Trinitate,
2936 2835 3082 2881 cum
3109 2814 3588 2886 limitationibus
3610 2836 3681 2881 ac
3706 2835 3860 2882 con·

2262 2901 2611 2969 ditionibus
2645 2902 2961 2969 contentis
2987 2904 3048 2970 in
3072 2908 3341 2971 Deci-eto
3369 2903 3472 2970 die
3506 2907 3584 2970 15
3615 2904 3861 2991 Aprilis

2263 2991 2576 3058 currentis
2614 2991 2756 3057 anni
2795 2995 2989 3076 1815,
3024 2994 3205 3059 cuius
3238 3005 3428 3060 tenor
3472 3003 3604 3060 est:
3656 3014 3695 3056 ι
3729 2997 3860 3060 De-

2260 3080 2428 3146 votis
2472 3078 2796 3145 exercitiis
2838 3100 2907 3147 ac
2955 3081 3208 3170 pietatis
3253 3082 3582 3170 operibus,
3620 3080 3861 3167 quibus

2259 3167 2700 3235 indesinenter
2748 3169 2812 3235 in
2856 3169 3257 3255 spiritualem
3304 3169 3655 3237 animarum
3704 3190 3857 3257 pro·

2262 3256 2506 3322 fectum
2551 3257 2930 3324 incumbunt
2962 3260 3342 3326 Sacerdotes
3373 3256 3675 3347 adscripti
3709 3259 3858 3326 Piae

2259 3345 2485 3412 Unioni
2532 3347 2652 3413 sub
2697 3346 3099 3434 protectione
3145 3350 3213 3415 S.
3249 3347 3420 3413 Pauli
3465 3349 3753 3435 Apostoli
3789 3350 3859 3416 in

2260 3434 2430 3500 Urbe
2475 3434 2825 3519 institutae,
2876 3436 3150 3502 alterum
3190 3436 3649 3502 adnumeratur
3677 3437 3858 3504 exci-

2262 3522 2433 3589 tandi
2483 3522 2709 3589 fideles
2753 3523 2830 3589 ad
2881 3524 3287 3592 reddendum
3355 3525 3858 3611 Angustissimae

2261 3610 2547 3677 Trinitati
2596 3610 2824 3695 gratias
2868 3631 2988 3698 pro
3033 3613 3215 3688 donis
3247 3623 3312 3680 et
3342 3612 3699 3700 privilegiis
3727 3615 3860 3680 col—

2263 3698 2403 3764 latis
2449 3702 2640 3764 Bibae
2689 3700 2930 3786 Virgini
2980 3700 3249 3782 Marla03
3303 3699 3722 3787 quamobrem
3773 3704 3858 3769 ab

2262 3786 2490 3853 iisdem
2521 3786 2661 3853 Piae
2693 3789 2952 3854 Unionis
2981 3789 3315 3856 Sodalibus
3359 3799 3670 3857 statutum
3701 3790 3854 3873 fuit,

2264 3888 2335 3941 ut
2382 3877 2448 3943 in
2493 3876 2688 3941 altera
2737 3895 2818 3942 ex
2864 3877 3047 3948 Urbis
3093 3876 3394 3944 Ecclesiis
3434 3877 3502 3943 in
3535 3878 3856 3946 honorem

2263 3964 2550 4030 eiusdem
2583 3968 2656 4030 B.
2685 3968 2764 4030 M.
2797 3968 2874 4032 V.
2907 3971 3035 4032 Deo
3069 3966 3315 4049 dicatis,
3352 3982 3554 4032 unum
3585 3970 3856 4034 Sacrum

2262 4053 2530 4138 singulis
2562 4051 2789 4119 diebus
2822 4053 3006 4120 fieret
3039 4056 3122 4120 de
3153 4056 3341 4123 SSma
3375 4053 3707 4139 Trinitate,
3743 4055 3857 4122 ad·
3979 4056 3980 4059 ’

2229 4141 2412 4208 'ditis
2457 4140 2839 4226 quibusdam
2888 4143 3213 4230 precibus,
3265 4142 3522 4230 expleta
3561 4144 3768 4228 Missa,
3821 4165 3854 4208 a

2263 4228 2607 4296 Sacerdote
2644 4230 3011 4318 priusquam
3043 4230 3120 4296 ab
3149 4231 3348 4297 Altari
3377 4230 3670 4298 discedat
3701 4250 3855 4298 cum

2264 4317 2551 4383 adstante
2611 4320 2857 4404 populo
2920 4321 3282 4387 recitandis.
3359 4319 3486 4386 Sed
3552 4319 3858 4405 quoniam

2263 4406 2432 4472 iuxta
2482 4403 2781 4473 Rubricas
2843 4408 3048 4473 Missas
3094 4408 3349 4475 votivas
3409 4426 3537 4473 non
3593 4427 3860 4497 semper

2263 4495 2569 4561 celebrari
2605 4497 2987 4583 permissum
3021 4507 3141 4580 est,
3173 4496 3441 4584 praefati
3473 4498 3860 4563 Sacerdotes

2263 4585 2586 4670 supplices
2634 4601 2863 4670 preces
2895 4597 3326 4670 porrexerunt
3357 4588 3552 4652 88ῶο
3582 4586 3857 4653 Domino

2265 4675 2491 4737 Nostro
2525 4673 2629 4739 Pio
2667 4674 2766 4738 Vll
2814 4676 2992 4739 Pont.
3032 4675 3221 4758 Max„
3273 4673 3635 4741 humillime
3684 4677 3856 4740 Eum

2265 4770 2633 4845 exoranteS,
2699 4771 2772 4826 ut
2830 4761 3206 4847 dignaretur
3275 4762 3639 4828 facultatem
3702 4762 3856 4849 ipsis

2263 4848 2576 4934 impertiri
2610 4849 2978 4915 celebrandi
3014 4849 3304 4934 quotidie
3337 4850 3678 4937 praefatam
3713 4849 3855 4916 Mis·

2266 4955 2396 5002 sam
2446 4937 2737 5004 votivam
2767 4938 2851 5004 de
2881 4940 3072 5005 SSma
3104 4937 3408 5004 Trinitate
3447 4937 3707 5004 etiamsi
3743 4957 3855 5004 oc-

2265 5035 2478 5090 currat
2520 5027 2807 5093 Officium
2855 5026 3014 5091 ritus
3059 5026 3243 5114 dupl.
3297 5026 3593 5092 Remissis
3637 5036 3852 5093 autem

2265 5112 2630 5181 huiusmodi
2663 5114 2962 5202 precibus
2991 5115 3068 5180 ad
3101 5118 3335 5180 Emum
3367 5128 3433 5180 et
3465 5118 3700 5182 limum
3733 5118 3852 5181 Do-

2266 5203 2512 5269 minum
2565 5201 2790 5269 lulium
2854 5203 3106 5268 Mariam
3157 5202 3559 5269 Cardinalem
3607 5204 3698 5270 de
3741 5207 3852 5270 So·
