4042 5950
1513 333 1986 412 ..469-

117 488 369 559 3193.
719 491 1110 558 VESTANA.
1474 489 1703 578 (5421)

242 669 630 734 Occurrente
687 669 811 735 hoc
871 685 1033 736 anno
1096 670 1505 737 Processione
1551 674 1703 738 cor-

114 753 288 842 poris
331 755 607 841 Domini,
657 755 1120 840 subdiaconus,
1170 757 1351 823 cuius
1413 769 1548 823 erat
1594 776 1701 845 ge·

113 851 281 908 stare
340 845 612 909 crucem
672 847 752 912 ca
803 844 944 911 ituli
1011 844 1440 929 cathedralis,
1488 858 1705 933 prote-

113 930 342 997 stando
390 950 599 997 coram
650 934 774 997 Arc
823 931 1111 999 idiacono
1149 933 1413 1017 aliisque
1446 934 1529 1001 de
1560 951 1708 1021 gre-

115 1017 246 1083 mio
297 1017 586 1086 eiusdem
632 1020 933 1108 Capituli,
982 1021 1395 1088 denunciavit
1430 1041 1499 1087 se
1535 1021 1708 1088 illam

114 1105 395 1173 laturum
427 1124 557 1172 non
591 1126 757 1189 esse,
799 1108 849 1174 si
891 1109 1135 1175 anteire
1182 1108 1453 1175 deberet
1498 1113 1709 1197 Regu-

115 1194 285 1260 lares
349 1195 488 1260 sine
557 1196 813 1285 propria
871 1200 1079 1264 cruce
1147 1196 1546 1264 incedentes.
1612 1198 1706 1265 Ad

116 1281 528 1349 eliminandas
589 1301 1025 1370 quascumque
1093 1284 1538 1352 altercationes
1595 1286 1708 1353 ho-

115 1372 384 1437 diernus
441 1370 890 1440 Pro-vicarius
950 1373 1274 1439 Generalis
1333 1374 1710 1441 Dioeceseos

117 1462 426 1526 Vestanae
488 1459 882 1548 supplicibus
929 1459 1095 1526 votis
1140 1460 1290 1527 huic
1337 1462 1562 1528 Sacrae
1608 1460 1709 1528 Ri-

116 1558 305 1614 tuum
373 1548 864 1634 congregationi
931 1550 1064 1615 duo
1129 1548 1458 1634 sequentia
1520 1549 1710 1617 dubia

115 1634 489 1723 proposuit,
550 1645 621 1701 ut
674 1635 825 1720 quid
884 1636 952 1702 in
997 1647 1329 1724 posterum
1390 1639 1711 1723 agendum

115 1722 202 1788 sit
246 1721 577 1790 declarare
622 1723 1046 1810 dignaretur;
1095 1724 1446 1792 nimirum:

252 1807 528 1877 Dubium
577 1815 623 1877 1.
675 1813 840 1877 Num
886 1813 1262 1897 Regulares,
1312 1812 1422 1898 qni
1469 1813 1712 1902 disper·

114 1899 315 1965 sionis
346 1917 550 1984 causa,
583 1902 857 1967 Crucem
889 1901 1146 1987 erigere
1175 1912 1536 1986 nequeunt,
1571 1921 1715 1988 pos-

114 1987 250 2054 sint
295 1988 361 2053 in
404 1986 920 2054 Processionibus
967 1988 1263 2074 corporis
1293 1989 1526 2056 Christi
1555 1992 1717 2076 (qui-

116 2075 242 2142 bus
291 2094 372 2141 ex
405 2074 819 2161 dispositione
859 2076 1031 2142 Sacri
1062 2076 1325 2142 concilii
1357 2077 1711 2145 Tridentini

118 2168 293 2231 Sess.
330 2166 416 2229 25
447 2163 532 2229 de
562 2162 737 2248 nef„
785 2164 869 2230 de
914 2166 1150 2251 Regul.
1198 2183 1257 2230 c.
1300 2168 1378 2232 13
1412 2175 1717 2233 tenentur

119 2250 547 2337 intervenire)
579 2270 702 2318 nec
739 2270 867 2318 non
899 2251 963 2318 in
996 2250 1131 2318 aliis
1175 2251 1316 2319 fieri
1360 2253 1588 2340 solitis,
1622 2253 1717 2320 in-

117 2340 360 2407 cedere
420 2340 539 2407 sub
598 2342 802 2407 Cruce
864 2340 1137 2426 Capituli
1203 2341 1596 2410 cathedralis
1654 2352 1720 2408 et

119 2426 571 2514 Collegiatae?
616 2437 684 2494 et
728 2437 1041 2513 quatenus
1086 2427 1486 2513 affirmative,

259 2514 536 2582 Dubium
580 2520 659 2583 11.
707 2517 875 2582 Num
921 2516 984 2582 in
1030 2516 1357 2603 praedicta
1405 2518 1717 2585 Solemni-

123 2615 258 2671 tate
305 2604 604 2690 Corporis
650 2603 884 2672 Christi
922 2602 1198 2670 debeant
1245 2605 1516 2672 induere
1545 2625 1719 2672 sacra

122 2690 518 2775 linteamina,
565 2709 749 2758 more
803 2692 1221 2760 sacerdotum
1280 2692 1714 2773 Secularium;

121 2782 234 2847 vel
273 2779 847 2865 superpelliceum,
880 2792 1076 2867 prout
1106 2781 1173 2846 in
1201 2780 1339 2846 aliis
1366 2782 1719 2848 Processio·

122 2869 344 2948 nibus,
379 2877 487 2933 aut
518 2867 822 2934 incedere
869 2869 1132 2955 proprio
1167 2875 1412 2934 tantum
1459 2867 1723 2935 habitu?

259 2959 446 3025 Sacra
482 2974 639 3022 vero
673 2954 900 3022 eadem
931 2955 1379 3044 congregatio,
1430 2957 1506 3024 ad
1554 2955 1718 3022 rela-

122 3046 372 3113 tionem
429 3045 770 3131 subscripti
833 3044 1205 3126 Secretarii,
1260 3043 1471 3110 audita
1528 3043 1720 3112 etiam

122 3131 443 3200 sententia
491 3132 557 3198 iu
602 3131 851 3219 scriptis
898 3131 1158 3199 alterius
1206 3150 1287 3197 ex
1334 3132 1721 3220 Apostolica·

127 3239 277 3287 rum
302 3219 856 3288 caeremoniarum
878 3219 1213 3308 Magistris,
1233 3220 1717 3287 rescribendum

123 3308 418 3376 censuit:
626 3325 631 3329 ·

266 3397 362 3464 Ad
393 3401 446 3463 1.
492 3418 531 3462 ι
563 3396 863 3464 lncedant
891 3396 1011 3463 sub
1042 3399 1245 3463 cruce
1275 3394 1616 3482 Capitulari
1651 3417 1717 3461 ν.

269 3486 365 3553 Λᾶ
395 3490 470 3552 11.
520 3507 559 3551 ι
590 3485 858 3552 Induant
903 3484 1449 3573 superpelliceum
1481 3505 1548 3550 ν.

266 3575 480 3660 Atque
511 3575 593 3640 ita
625 3572 954 3675 rescripsit
998 3582 1064 3638 et
1101 3572 1337 3639 servari
1368 3571 1719 3637 mandavit.

267 3662 383 3729 Die
432 3666 472 3729 δ
518 3662 887 3729 Decembris
939 3662 1131 3728 1868.

136 3802 393 3872 3194.
747 3803 1117 3869 Annum.
1493 3801 1719 3889 (5422)

270 3926 484 4009 Usque
508 3944 541 3989 a
565 3940 787 3988 mense
812 3922 1146 3990 Decembri
1170 3922 1368 4010 elapsi
1391 3925 1533 3990 anni
1559 3927 1727 3991 1868

131 4017 335 4080 Rmus
370 4013 544 4078 Dfius
579 4009 887 4097 Iosephus
923 4011 1123 4077 ciusti
1167 4012 1524 4100 Episcopus
1570 4014 1724 4078 Are·

133 4102 311 4167 tinus
356 4099 934 4197 congregationem
981 4099 1252 4166 instituit
1298 4101 1724 4168 Parochorum

134 4185 424 4257 Civitatis
469 4185 698 4270 Aretii,
746 4207 819 4253 ac
865 4187 1033 4253 inter
1075 4186 1571 4254 Constitutiones
1611 4206 1726 4274 pro

137 4275 465 4367 praedicta
496 4277 1006 4361 congregatione
1037 4274 1115 4340 ab
1144 4274 1377 4342 eodem
1401 4275 1730 4343 ordinario

135 4363 542 4452 approbatas,
589 4365 668 4429 ad
712 4361 1207 4450 praecidendam
1260 4381 1731 4450 quamcumque

139 4450 642 4520 controversiam
672 4450 878 4537 quoad
911 4449 1452 4537 praecedentiam,
1487 4448 1732 4538 legitur

139 4540 317 4694 32²3?
342 4538 634 4693 afim·
637 4541 1735 4725 ‘3222²:²52‚5z:-¹;:.²331.⁰⁸.5ss.2321

144 4717 350 4784 tionis
382 4713 610 4781 Bullae
640 4715 1024 4798 respectivae
1045 4715 1416 4780 Paroeciae.
1453 4717 1610 4781 Hinc
1632 4718 1734 4781 Pa·

142 4803 345 4871 roche
375 4805 441 4871 S.
469 4802 639 4870 Petri
671 4820 752 4868 ex
781 4800 1019 4867 Ordine
1043 4803 1390 4868 Servorum
1413 4805 1483 4869 B.
1513 4804 1593 4868 Μ.
1623 4804 1730 4888 V.,

143 4900 376 4977 utpote
422 4889 769 4974 amovibili,
811 4889 1154 4974 assignatus
1200 4889 1321 4955 fuit
1367 4890 1546 4957 locus
1589 4902 1736 4978 post

143 4979 456 5047 Parochos
509 4989 860 5065 perpetuos
915 4978 1023 5061 qui
1085 4976 1331 5043 Bullam
1388 4978 1732 5065 expedive-

150 5076 331 5135 runt.
361 5068 569 5143 Quum
592 5077 806 5133 autem
839 5064 976 5154 ipse
1009 5064 1521 5153 praecedentiam
1553 5084 1735 5151 prae-

148 5154 455 5222 tenderet
484 5175 518 5221 a
549 5154 655 5220 die
701 5172 824 5238 qua
868 5152 946 5219 ab
993 5156 1042 5218 E
1091 5151 1350 5239 iscopali
1381 5153 1567 5221 curia
1602 5151 1739 5219 eius

196 5240 582 5309 raesentatio
629 5240 997 5308 confirmata
1070 5240 1201 5325 uit,
1253 5240 1507 5306 Parochi
1543 5243 1734 5308 Secu-

179 5349 320 5396 ares
363 5349 397 5395 a
443 5333 627 5398 Sacra
672 5329 931 5396 Rituum
978 5327 1481 5416 Congregatione
1526 5327 1737 5397 decla-

157 5418 282 5486 rari
326 5418 702 5505 petierunt:
750 5418 917 5499 Num
961 5415 1236 5483 Parocho
1282 5418 1348 5484 S.
1383 5416 1577 5500 Petri,
1628 5414 1736 5504 qni

1809 489 2019 559 Bullas
2051 511 2178 559 non
2213 493 2570 581 expedivit,
2604 494 2808 563 danda
2839 497 2919 563 sit
2950 500 3401 587 praecedentia

1807 598 2006 666 super
2042 582 2375 666 ParochoS,
2411 580 2521 667 qui
2551 583 2760 649 Bullas
2808 586 3307 672 expediverunt.

1939 669 2021 732 Et
2068 670 2253 735 Sacra
2301 668 2525 737 eadem
2561 672 2986 759 congregatio
3019 674 3227 742 audita
3260 696 3402 743 sen·
3457 718 3465 730 ·

1813 754 2006 820 tentia
2054 755 2116 820 in
2165 755 2419 844 scriptis
2463 757 2726 824 alterius
2771 779 2850 825 ex
2891 761 2944 825 Δ
3032 762 3402 831 stolicarum

1812 844 2372 911 caeremoniarum
2418 845 2726 931 Magistris
2776 857 2839 914 et
2884 781 3028 916 adpo
3024 850 3402 928 relationem

1809 928 2191 1019 infrascripti
2229 933 2590 1016 Secretarii,
2626 935 3012 1003 declaravit:
3061 959 3100 1003 ι
3133 940 3403 1006 Servan-

1811 1018 1955 1084 dam
2016 1039 2153 1085 esse
2215 1019 2747 1089 consuetudinem
2819 1023 3035 1092 lavore
3095 1027 3401 1093 Parocho-

1811 1123 2056 1260 antiit».
2104 1110 2318 1193 Atque
2366 1109 2449 1174 ita
2479 1108 2829 1178 declaravit
2863 1122 2928 1178 et
2959 1113 3197 1180 servari
3228 1133 3401 1182 man·

1858 1211 1953 1258 av!
1994 1244 2011 1261 .

1943 1283 2058 1350 Die
2104 1287 2189 1352 20
2246 1284 2446 1351 Martii
2500 1288 2692 1356 1869.

1810 1459 2065 1530 3195.
2415 1464 2790 1532 MELITEN.
3172 1467 3399 1553 (5424)

1940 1639 2191 1702 Fratres
2249 1636 2631 1704 carmelitae
2676 1640 3061 1725 Excalceati,
3110 1640 3176 1706 in
3238 1644 3402 1708 con-

1812 1735 2009 1790 ventu
2056 1723 2338 1790 civitatis
2398 1727 2791 1812 conspicuae
2852 1725 3228 1795 Dioeceseos
3274 1731 3402 1795 hle·

1815 1810 1998 1877 liten.
2036 1821 2528 1896 commorantes,
2576 1814 2897 1881 Dominica
2931 1814 3086 1881 infra
3119 1827 3403 1883 octavam

1817 1898 2250 1965 solemnitatis
2294 1900 2590 1988 corporis
2635 1902 2860 1969 Christi
2909 1916 3053 1990 post
3093 1907 3404 1992 vesperas

1818 1987 2140 2073 publicam
2185 1987 2719 2076 supplicationem
2780 1989 2955 2057 SSmi
3018 1991 3404 2072 Sacramenti

1819 2085 1997 2140 extra
2062 2074 2328 2141 claustra
2387 2076 2466 2142 ab
2534 2076 3024 2144 immemorabili
3093 2097 3406 2167 peragere

1818 2162 2052 2229 solent.
2102 2165 2262 2229 cum
2303 2173 2513 2230 autem
2547 2165 2703 2231 haec
2734 2164 2986 2232 Familia
3037 2166 3264 2254 exigua
3296 2171 3402 2251 sit,

1821 2261 1912 2334 et,
1959 2259 2219 2337 praeter
2261 2269 2498 2338 paucos
2541 2256 2789 2319 Fratres
2833 2253 3073 2339 LaicoS,
3122 2255 3229 2320 vix
3260 2266 3405 2321 octo

1817 2348 2070 2405 constet
2126 2338 2610 2427 Sacerdotibus,
2660 2358 2787 2423 quo
2853 2341 3191 2408 decentius
3246 2343 3407 2410 hanc

1818 2446 2117 2514 pompam
2184 2438 2566 2514 perageret,
2633 2429 2787 2495 alios
2853 2429 3264 2516 Presbyteros
3323 2431 3406 2498 de

1773 2533 1792 2544 ·
1820 2515 2008 2582 Clero
2056 2514 2339 2582 Seculari
2377 2515 2660 2583 civitatis
2699 2517 3090 2605 conspicuae
3123 2518 3201 2585 ad
3231 2517 3404 2585 illam

1819 2622 2049 2670 vocare
2095 2603 2364 2671 solebat.
2431 2606 2770 2671 Postremis
2818 2624 2973 2671 vero
3024 2605 3201 2672 annis
3261 2625 3407 2692 per·

1819 2691 2001 2780 pauci
2050 2689 2124 2756 ad
2174 2689 2615 2758 invitationem
2647 2691 3062 2777 accedebant,
3096 2704 3233 2760 tum
3264 2693 3406 2780 quia

1818 2777 2144 2865 simplices
2190 2778 2549 2865 Presbyteri
2599 2779 2705 2846 illa
2753 2780 2818 2846 in
2863 2779 3130 2847 Civitate
3171 2783 3408 2869 exiguo

1819 2877 1968 2934 sunt
1998 2883 2295 2949 numero,
2322 2875 2459 2933 tum
2494 2867 2638 2952 quia
2666 2867 2778 2954 qui
2807 2878 3068 2954 possent
3099 2870 3406 2937 accedere

1825 2953 2203 3037 renuebant,
2250 2954 2359 3020 vel
2403 2955 2631 3022 saltem
2674 2975 2804 3022 non
2849 2955 3171 3053 curabant.

1951 3042 2375 3122 Quamobrem
2424 3061 2505 3108 ne
2566 3045 2962 3111 caeremonia
3017 3044 3256 3112 isthaec
3315 3046 3408 3113 in-

1824 3132 2061 3199 decore
2120 3128 2332 3215 fieret,
2389 3130 2494 3197 vel
2550 3131 2806 3220 penitus
2852 3131 3203 3198 omittenda
3248 3144 3405 3219 erat,

1823 3221 1927 3286 vel
1998 3218 2241 3302 aliquot
2307 3236 2387 3283 ex
2445 3218 2561 3283 alia
2621 3219 2935 3305 Religiosa
2992 3219 3243 3285 Familia
3304 3222 3409 3287 Sa-

1826 3306 2122 3375 cerdotes
2180 3302 2258 3369 ad
2317 3305 2489 3372 illam
2535 3306 2921 3374 convocandi
2970 3316 3172 3373 erant.
3228 3308 3406 3385 Quod

1823 3404 2219 3485 postremum
2284 3393 2460 3460 Prior
2516 3394 3000 3461 Carmelitarnm
3044 3394 3411 3482 praeferen-

1823 3485 1981 3551 dum
2028 3483 2295 3566 ducens,
2345 3482 2560 3572 elapso
2605 3501 2768 3549 anno
2806 3484 2976 3551 1868
3022 3488 3269 3550 Fratres
3302 3483 3411 3551 Mi-

1825 3591 2016 3640 nores
2067 3570 2487 3639 observantes
2545 3566 2824 3638 civitatis
2869 3570 3180 3639 Vallettae
3227 3591 3409 3660 roga-

1828 3659 1945 3743 vit,
1997 3670 2069 3726 ut
2113 3659 2355 3740 aliquot
2411 3677 2493 3724 ex
2557 3658 2682 3726 illis
2741 3659 3115 3726 Sacerdotes
3166 3662 3412 3749 suppli·

1827 3747 2144 3816 cationem
2187 3746 2365 3813 illam
2409 3747 2889 3813 comitarentur.
2951 3747 3092 3831 Qui,
3140 3749 3412 3815 vocatio-

1825 3854 1974 3904 nem
2025 3835 2302 3904 libenter
2349 3834 2771 3923 excipientes,
2821 3836 3071 3921 corpori
3111 3837 3414 3903 carmeli·

1827 3936 2037 3991 tarum
2083 3942 2226 3989 sese
2269 3923 2722 3990 adiunxerunt.
2771 3924 2979 4000 Quum
3036 3934 3250 3991 autem
3297 3925 3414 3991 hos

1827 4013 1999 4079 inter
2025 4010 2213 4078 etiam
2236 4010 2517 4099 ipsorum
2535 4013 2788 4078 Praeses
2810 4009 3198 4094 advenisset,
3220 4030 3414 4079 enun-

1829 4100 1990 4167 ciato
2052 4096 2248 4165 Priori
2307 4098 2511 4164 visum
2584 4106 2679 4163 est
2746 4107 2961 4198 partes
3025 4098 3414 4165 celebrantis

1833 4188 1927 4255 illi
1973 4185 2415 4270 committere,
2471 4186 2579 4271 qui
2639 4185 2911 4270 proinde
2976 4194 3041 4251 et
3101 4189 3414 4273 vesperas

1828 4275 2188 4343 decantavit
2237 4284 2302 4340 et
2347 4277 2823 4342 Sacramentum
2856 4271 2920 4339 in
2951 4274 3414 4362 supplicatione

1883 4364 2132 4430 estavit.

1835 4381 1876 4451 g
1963 4454 2094 4517 Hoc
2141 4450 2436 4517 videntes
2494 4446 2788 4513 canonici
2849 4448 3162 4519 Ecclesiae
3206 4450 3417 4518 Colle-

1833 4538 2062 4624 giatae,
2095 4539 2172 4605 ad
2204 4555 2477 4625 quorum
2525 4553 2757 4621 corpus
2804 4555 3015 4603 curam
3063 4538 3417 4607 animarum

1834 4625 2116 4694 Civitatis
2173 4624 2561 4712 conspicuae
2622 4633 2890 4711 spectat,
2943 4636 3240 4714 putantes
3298 4627 3416 4693 hoc

1836 4713 1999 4780 iacto
2032 4713 2127 4780 sui
2160 4713 2429 4797 collegii
2470 4711 2606 4777 iura
2637 4712 2834 4797 laedi,
2868 4730 3061 4801 aegre
3094 4714 3415 4802 tulerunt3

1835 4801 2115 4887 ideoque
2149 4799 2480 4887 epistolam
2514 4798 2589 4864 ad
2623 4800 2905 4869 Priorem
2937 4802 3421 4870 carmelitarum

1835 4890 2190 4974 dederunt,
2222 4907 2344 4973 qua
2391 4887 2629 4955 tactum
2676 4897 3098 4974 exponentes,
3131 4889 3417 4958 aiebant:

1837 4976 2193 5044 carmelitis
2240 4974 2365 5041 illis
2411 4976 2509 5041 ius
2556 4996 2684 5043 non
2743 4996 2879 5042 esse
2938 4977 3289 5065 Religiosos
3340 4998 3421 5046 ex

1839 5064 1956 5131 alia
1979 5063 2235 5132 Familia
2266 5063 2343 5130 ad
2375 5063 2907 5151 supplicationem
2931 5066 3222 5149 vocandi,
3257 5067 3424 5134 mul-

1842 5164 2038 5240 toque
2085 5152 2293 5219 minus
2338 5151 2522 5217 alteri
2554 5151 2821 5218 istorum
2865 5152 3245 5239 cuicumque
3283 5175 3425 5243 par-

1842 5250 1940 5308 tes
1969 5238 2365 5307 celebrantis
2409 5238 2472 5304 in
2523 5237 2628 5305 illa
2675 5239 3148 5307 committendi:
3199 5251 3425 5330 utpote

1843 5330 1953 5415 qui
1985 5346 2068 5394 ne
2098 5325 2628 5416 supplicationem
2654 5327 2913 5413 quidem
2947 5338 3123 5394 extra
3158 5328 3426 5397 claustra

1842 5420 1979 5485 sine
2027 5414 2285 5483 Parochi
2328 5415 2515 5484 venia
2543 5427 2855 5504 peragere
2884 5416 3163 5505 possint3
3211 5429 3277 5485 et
3306 5417 3426 5497 nisi
