4042 5950
1509 273 1985 355 ..277-

122 429 250 499 simi
302 429 736 508 Sacramenti;
795 429 862 498 in
927 430 1191 518 reliquis
1243 431 1674 500 functionibus

296 568 312 603 ,
362 538 444 585 ex
486 518 829 585 universali
878 519 1342 589 consuetudine
1376 542 1438 585 ν.

234 607 326 674 Ad
358 609 491 674 vu.
537 605 752 686 Quoad
792 612 850 674 1.
903 629 942 672 ι
968 606 1312 675 Titularem
1355 607 1677 676 Ecclesiae

122 694 556 763 nominandum
603 713 747 761 esse
775 717 837 760 ».

234 782 442 863 Quoad
493 787 557 850 2.
610 803 647 846 «
673 781 978 870 Negative
1011 804 1078 851 ν.

235 871 324 939 Ad
375 874 532 938 Vm.
580 873 791 951 Quoad
830 876 891 938 1.
916 875 980 939 2.
1013 881 1079 939 et
1101 877 1164 940 3.
1210 895 1249 938 ι
1274 872 1580 959 Negative
1606 893 1673 938 ».

235 958 445 1039 Quoad
508 964 569 1026 lt.
636 979 673 1022 «
713 959 1105 1048 intelligitur
1155 979 1521 1045 concursus,
1568 959 1685 1046 qui

123 1048 191 1114 sit
233 1047 788 1131 extraordinarius,
841 1060 905 1115 et
948 1046 1149 1115 relate
1196 1049 1274 1116 ad
1320 1053 1501 1116 Festa
1548 1067 1680 1114 ser-

124 1145 337 1203 ventur
379 1136 692 1204 Rubi-icae
719 1135 804 1202 de
835 1136 1263 1204 Translatione
1308 1141 1678 1223 Festorum;

125 1234 253 1378 gra
294 1222 436 1376 93ὲί
477 1224 686 1377 ᾳιῗραᾱ
735 1223 1114 1311 Symbolum
1172 1235 1507 1291 serventur
1560 1227 1684 1291 Ru-

164 1330 314 1377 ncae
421 1329 536 1377 issa
569 1332 619 1379 is
651 1333 716 1378 ».

237 1398 330 1465 Ad
378 1400 491 1466 lx.
538 1400 753 1478 Quoad
810 1405 870 1468 1.
922 1421 961 1467 α
993 1399 1383 1468 Affirmative
1419 1423 1481 1466 ».

235 1486 442 1564 Quoad
479 1490 546 1554 2.
597 1509 636 1552 ι
665 1487 1082 1572 Affirmative,
1118 1488 1193 1556 ad
1229 1488 1500 1576 primam
1545 1509 1683 1577 par-

125 1584 278 1653 tem;
324 1575 661 1662 Negative,
709 1576 786 1643 ad
833 1577 1179 1644 secundam
1215 1600 1277 1643 a».

237 1661 327 1729 Ad
375 1666 458 1731 X.
509 1663 721 1741 Quoad
776 1669 835 1732 1.
888 1687 927 1730 ι
957 1664 1290 1753 Negative,
1338 1663 1513 1732 iuxta
1567 1670 1687 1732 De·

125 1762 281 1816 creta
324 1749 473 1817 alias
523 1750 690 1819 edita
724 1774 787 1818 ».
1543 1761 1550 1765 “

237 1839 444 1917 Quoad
473 1842 536 1906 2.
560 1842 624 1906 3.
646 1844 709 1908 4.
732 1845 796 1908 5.
814 1862 853 1908 «ι
873 1844 1180 1909 Servetur
1204 1842 1599 1909 consuetudo
1619 1864 1682 1908 ».

235 1927 447 2005 Quoad
498 1930 566 1994 6.
616 1948 655 1994 s
684 1929 783 1997 Ad
832 1932 1081 1997 Sacram
1111 1931 1689 2019 congregationem

126 2014 537 2100 luquisitionis
569 2038 633 2081 ι».

239 2104 446 2188 Atque
494 2103 576 2170 ita
608 2104 935 2194 rescripsit
974 2124 1043 2172 ac
1075 2106 1311 2185 servari
1345 2106 1685 2174 mandavit.

127 2190 224 2257 Die
268 2194 350 2259 23
398 2191 801 2279 Septembris
850 2197 1045 2261 1837.

85 2316 91 2325 “
129 2332 356 2403 2⁷70.
754 2336 1040 2404 eoves.
1465 2333 1691 2421 (asia)

240 2461 438 2537 Quum
505 2460 587 2527 ob
644 2458 902 2525 nimiam
958 2459 1120 2526 aeris
1178 2460 1688 2545 inclementiam,

131 2546 381 2634 hyemali
424 2546 809 2634 praesertim
858 2557 1179 2636 tempore,
1229 2559 1294 2615 et
1339 2548 1690 2636 glacierum

129 2655 188 2702 ac
239 2634 484 2708 nivium
546 2634 945 2702 incommoda
1010 2635 1286 2704 difficilis
1346 2636 1690 2705 admodum

131 2723 418 2791 reddatur
478 2742 767 2791 accessus
825 2723 902 2791 ad
947 2723 1399 2792 cathedralem
1453 2729 1690 2792 Boven.

129 2810 484 2899 Ecclesiam,
522 2821 715 2897 atque
763 2811 845 2878 ob
889 2814 1230 2879 maximam
1265 2813 1384 2880 loci
1416 2812 1693 2881 humidi-

133 2910 302 2967 tatem
361 2919 498 2968 non
563 2917 788 2986 parum
855 2899 1211 2968 valetudini
1282 2901 1550 2968 obnoxia
1611 2902 1694 2967 sit

130 2987 347 3056 diutina
390 2988 458 3056 in
509 2987 614 3056 illa
648 2988 1045 3076 permansio;
1092 2989 1693 3058 Reverendissimus

133 3076 458 3143 hodiernus
482 3076 835 3164 Episcopus
865 3076 1024 3143 haec
1053 3078 1218 3144 serio
1251 3079 1690 3166 perpendens,

130 3184 189 3230 ac
230 3164 484 3232 insimul
541 3163 754 3232 habito
813 3176 1113 3251 respectu
1173 3167 1249 3235 ad
1316 3166 1693 3234 tenuitatem

132 3252 642 3337 Praebendarum,
694 3253 757 3321 id
809 3253 1078 3340 sumpsit
1137 3253 1408 3338 consilii,
1455 3264 1529 3321 ut
1577 3254 1694 3321 ite-

132 3358 257 3407 rum
298 3340 491 3408 chori
536 3338 874 3408 servitium
921 3341 999 3407 ad
1046 3342 1384 3409 Sextiarias
1421 3342 1696 3410 reduce-

132 3439 240 3511 ret,
283 3428 377 3496 uti
420 3438 609 3495 antea
651 3428 793 3495 fieri
840 3430 1220 3496 consuevit:
1268 3448 1412 3496 nam
1450 3452 1484 3497 a
1513 3434 1696 3496 Prae-

133 3516 450 3584 decessore
495 3515 867 3584 immediato
898 3517 964 3583 in
994 3518 1165 3585 Sede
1192 3538 1304 3584 sua
1335 3518 1692 3620 Episcopali

133 3605 198 3672 ad
217 3603 546 3671 Tertiarias
567 3604 901 3672 servitium
933 3604 1142 3705 ipsum
1173 3606 1468 3673 adactum
1501 3607 1694 3673 luisse

135 3692 497 3781 comperuit.
551 3694 735 3760 Nulla
784 3693 1040 3761 interim
1087 3693 1463 3781 interposita
1494 3714 1693 3781 mora,

135 3782 360 3847 Sacram
406 3780 989 3870 congregationem
1035 3782 1696 3849 Eminentissimorum

135 3871 369 3936 Patrum
422 3870 597 3936 Sacri
645 3869 908 3939 concilii
969 3869 1325 3936 Tridentini
1381 3872 1698 3957 interpre-

138 3964 258 4022 tum
295 3959 572 4047 supplex
616 3957 815 4024 adivit
853 3957 1028 4025 idem
1057 3962 1299 4025 Boven.
1350 3959 1702 4046 Episcopus

138 4042 390 4131 laetique
418 4045 657 4113 seriem
703 4065 1030 4133 exponens
1063 4045 1565 4133 religiosissime,
1599 4067 1700 4114 re-

137 4145 378 4202 novatae
421 4132 905 4201 consuetudinis
950 4135 1156 4220 quoad
1206 4134 1545 4201 Sextiarias
1590 4154 1700 4202 ve·

139 4218 283 4287 niam
327 4221 587 4289 insimul
623 4233 690 4289 et
720 4221 1268 4289 confirmationem
1299 4222 1698 4311 expoposcit.

141 4308 235 4373 Ast
275 4329 472 4397 quum
520 4329 605 4377 ex
651 4309 973 4397 requisitis
1018 4322 1084 4377 et
1131 4310 1423 4376 exhibitis
1467 4312 1702 4398 allega·

140 4396 391 4495 tionibus
438 4410 844 4486 compertum
891 4397 1089 4465 fuerit
1118 4401 1406 4468 Sanctam
1433 4401 1702 4501 Aposto-

143 4485 305 4553 licam
349 4488 589 4555 Sedem
635 4488 809 4572 alias,
843 4486 1127 4554 Decretis
1168 4489 1394 4555 Sacrae
1440 4492 1702 4556 Rituum

143 4575 668 4663 Congregationis,
687 4575 1080 4644 cathedralis
1103 4574 1390 4642 eiusdem
1410 4576 1701 4664 capitulo

144 4659 398 4751 benigne
457 4664 794 4748 indulsisse
818 4713 835 4747 ‚
884 4674 956 4731 ut
1002 4674 1145 4750 post
1191 4668 1502 4751 vesperas
1547 4664 1704 4731 anti-

143 4750 333 4836 cipare
378 4764 597 4839 posset
639 4751 1015 4819 matutinum
1060 4769 1207 4819 cum
1247 4750 1564 4820 Laudibus
1611 4753 1703 4820 in-

142 4843 449 4924 sequentis
482 4839 653 4921 diei;
700 4860 769 4906 ac
816 4840 1173 4915 deindeut
1218 4839 1422 4907 semel
1459 4849 1703 4907 tantum

146 4925 200 4992 iu
237 4928 338 4994 die
366 4929 446 4997 ad
477 4927 829 4997 Ecclesiam
866 4927 1250 4997 accederent
1281 4928 1702 5015 capitulareS,

145 5014 305 5080 Eoris
349 5017 677 5085 canonicis
724 5015 1041 5085 Matutinis
1083 5035 1213 5084 non
1265 5017 1472 5084 miuus
1518 5035 1709 5102 quam

147 5104 517 5204 vespertinis
575 5126 646 5172 ac
705 5104 924 5173 Elissae
985 5103 1406 5173 conventuali
1469 5103 1707 5171 satisfa-

149 5199 293 5257 cturi
337 5191 475 5260 sine
537 5193 1055 5282 interruptione;
1117 5193 1195 5260 ad
1256 5192 1547 5259 eamdem
1611 5193 1711 5259 Ri-

150 5286 312 5345 tuum
355 5281 929 5369 congregationem
975 5280 1099 5348 iam
1146 5290 1558 5369 praeventam
1608 5299 1711 5347 res

150 5367 329 5435 omnis
383 5368 744 5439 definienda
813 5368 1290 5457 ordinandaque
1349 5368 1708 5437 transmissa

1777 431 1920 499 tuit.
1947 430 2449 499 Eminentissimi
2485 431 2699 519 itaque
2731 453 2801 500 ac
2834 432 3375 502 Reverendissimi

1778 523 1989 586 Patres
2014 520 2219 588 Sacris
2254 521 2510 609 tuendis
2541 520 2790 588 Ritibus
2822 520 3171 609 praepositi
3202 522 3375 591 serio

1831 609 2263 708 erpendentes
2307 609 2371 675 in
2418 629 2589 693 casu,
2625 608 2711 676 de
2758 628 2886 696 quo
2931 608 3171 698 agitur,
3222 610 3380 677 vali-

1829 696 2069 763 isstmas
2117 715 2354 784 urgere
2412 697 2691 764 rationes
2738 699 2815 767 ad
2864 697 3379 766 confirmandum

1784 783 2106 851 indultum
2153 786 2231 852 ab
2275 785 2839 853 Reverendissimo
2871 787 3193 887 Episcopo
3225 806 3375 854 suae

1782 871 2177 939 Cathedralis
2220 873 2512 961 capitulo
2561 891 2966 957 concessum,
2998 894 3071 942 ac
3116 875 3379 942 maimul

1783 959 2352 1029 constabiliendam
2398 972 2638 1028 certam
2689 964 3068 1032 methodum
3115 983 3149 1028 a
3193 964 3378 1064 capi-

1788 1046 2096 1114 tularibus
2141 1050 2398 1116 omnino
2445 1050 2846 1137 servandam,
2883 1050 3038 1137 quin
3079 1060 3377 1119 esseutia-

1784 1134 1934 1201 liter
1995 1137 2382 1203 recederent
2439 1137 2515 1205 ab
2576 1137 2650 1206 iis
2715 1158 2882 1225 quae
2943 1137 3019 1206 ab
3074 1138 3379 1206 Antistite

1785 1235 2039 1288 oratore
2085 1222 2472 1308 indicantur,
2515 1224 2577 1291 in
2613 1224 2943 1294 ordinario
2982 1229 3186 1295 coetu
3229 1229 3376 1295 sub·

1784 1309 2027 1398 signata
2058 1310 2166 1377 die
2201 1312 2535 1380 coadunati
2581 1315 2750 1400 apud
2799 1318 3090 1382 Sanctam
3122 1314 3376 1383 Mariam

1785 1417 1976 1485 supra
2019 1398 2395 1484 Minervam,
2430 1400 2571 1467 loco
2602 1402 2815 1469 Palatii
2851 1403 3203 1489 Apostolici
3233 1403 3378 1482 Qui-

1781 1485 2029 1571 rinalis,
2063 1486 2146 1554 de
2177 1488 2475 1555 mandato
2521 1489 2932 1574 Sanctissimi,
2976 1491 3378 1578 infrascripto

1788 1575 2144 1642 Secretario
2207 1574 2567 1663 referente,
2629 1588 2992 1646 statuerunt
3047 1579 3380 1647 servitium

1789 1663 2062 1731 chorale
2109 1684 2141 1729 a
2185 1663 2480 1750 Capitulo
2537 1666 2930 1734 cathedralis
2982 1672 3261 1753 novem,
3308 1678 3382 1735 ut

1789 1752 1893 1853 hic
1925 1753 2286 1852 adnotatur,
2323 1754 2386 1820 in
2418 1763 2749 1841 posterum
2777 1755 3168 1826 servandum
3200 1771 3379 1839 esse;

1792 1858 2098 1908 nimirum
2131 1864 2147 1905 ε

1924 1931 1974 1996 1.
2028 1949 2065 1992 «
2097 1933 2149 1995 A
2201 1948 2425 1997 mense
2491 1929 2837 1999 Novembri
2904 1932 2983 1999 ad
3054 1931 3383 2019 integrum

1792 2034 2080 2084 mensem
2125 2019 2177 2084 Α
2229 2018 2362 2085 rilis
2407 2018 2746 2087 servitium
2803 2019 3079 2087 chorale
3124 2041 3159 2087 a
3203 2019 3383 2110 capi-

1791 2105 1929 2172 tulo
1975 2105 2131 2179 cath
2222 2104 2368 2173 ralis
2414 2107 2837 2195 praestabitur
2867 2126 2987 2195 per
3018 2108 3380 2193 Sextiarias,

1792 2193 1949 2260 adeo
1998 2203 2070 2259 ut
2115 2194 2512 2283 capitulares
2560 2205 2918 2282 teneantur,
2953 2197 3282 2284 persoluta
3317 2196 3382 2263 in

1791 2281 1999 2348 choro
2055 2283 2218 2348 Hora
2277 2282 2557 2369 Tertiae,
2612 2283 2903 2350 assistere
2958 2284 3175 2352 Missae
3219 2286 3383 2353 Con·

1792 2368 2103 2436 ventuali.
2156 2374 2221 2436 ln
2266 2370 2751 2459 Quadragesima
2796 2392 2953 2439 vero
3002 2382 3067 2439 et
3102 2371 3378 2461 Vigiliis,

1793 2457 1859 2523 in
1907 2456 2139 2542 quihus
2169 2457 2336 2525 duae
2366 2458 2585 2526 Missae
2617 2458 3036 2528 celebrandae
3080 2462 3380 2545 veniunt,

1796 2555 2138 2612 teneantur
2183 2547 2377 2614 etiam
2440 2548 2813 2636 persolvere
2872 2548 2938 2615 in
2982 2549 3193 2618 choro
3255 2557 3385 2616 tam

1795 2636 2026 2701 Sextae
2073 2652 2264 2721 quam
2309 2637 2522 2703 Nonae
2568 2639 2764 2703 Horas
2796 2656 2866 2704 ν.

1931 2724 2007 2787 ll.
2060 2743 2099 2788 ι
2134 2728 2205 2790 ln
2262 2722 2600 2791 Dominicis
2658 2743 2815 2790 vero
2876 2724 3039 2792 intra
3098 2724 3216 2792 hos
3272 2745 3386 2793 sex

1797 2828 2051 2877 menses
2112 2810 2595 2879 occurrentibus
2654 2820 2997 2880 teneantur
3056 2814 3383 2900 integrum

1794 2897 2081 2965 Officium
2128 2899 2196 2966 in
2240 2899 2450 2966 Choro
2504 2899 2918 2986 persolvere,
2962 2922 3039 2968 ac
3095 2901 3232 2968 sine
3292 2903 3385 2969 in-

1797 2987 2201 3074 terruptione
2246 2987 2491 3056 Missam
2538 2991 3045 3058 conventualem
3102 2990 3385 3058 celebra-

1796 3090 1914 3154 re;
1996 3076 2222 3143 iterato
2298 3077 2374 3143 ad
2452 3077 2899 3145 cathedralem
2974 3078 3383 3163 accedentes,

1802 3165 1951 3231 hora
2004 3175 2340 3250 consueta,
2390 3164 2688 3255 vesperis
2745 3184 2892 3234 cum
2947 3166 3386 3254 completorio

1798 3251 2171 3318 satisfacturi
2203 3275 2267 3319 ».

1928 3344 2028 3408 111.
2083 3360 2120 3403 α
2153 3344 2222 3407 ln
2267 3340 2466 3408 Festis
2495 3351 2711 3408 autem
2741 3340 3256 3427 solemnioribus,
3290 3342 3384 3410 ni-

1800 3427 2037 3494 mirum
2103 3428 2389 3495 omnium
2454 3430 2867 3516 Sanctorum,
2937 3429 3386 3517 conceptionis

1798 3520 2025 3583 Beatae
2070 3516 2296 3583 Mariae
2343 3516 2641 3604 Virginis,
2687 3518 3067 3603 Nativitatis,
3101 3519 3385 3587 Circum-

1802 3604 2052 3670 cisionis
2097 3615 2162 3670 et
2210 3604 2595 3693 Epiphaniae
2632 3606 2908 3691 Domini,
2942 3625 3063 3674 nec
3106 3625 3237 3673 non
3267 3610 3386 3675 Pu·

1795 3691 2187 3776 riticationis,
2223 3692 2730 3761 Annuntiationis
2773 3694 3080 3784 Deiparae
3127 3704 3193 3761 et
3237 3697 3387 3763 Sau-

1801 3781 1883 3847 cti
1942 3780 2170 3869 loseph
2228 3780 2406 3847 Illius
2463 3784 2504 3847 S
2553 3783 2690 3849 onsi
2750 3782 3077 3872 integrum
3137 3782 3388 3871 Capitu-

1803 3870 1937 3937 lum
1995 3878 2290 3935 teneatur
2355 3868 2435 3935 ad
2481 3889 2514 3936 c
2561 3870 2735 3937 orale
2787 3870 3159 3954 servitium,
3214 3871 3391 3940 statis

1800 3979 1832 4023 a
1878 3955 2168 4025 Rubricis
2227 3956 2427 4040 horis,
2477 3978 2509 4022 a
2559 3958 2776 4047 primis
2822 3960 3123 4045 vesperis
3184 3958 3390 4029 inclu-

1803 4045 1935 4112 sive
1982 4045 2060 4113 ad
2106 4046 2611 4131 Complatorium
2658 4045 3050 4133 insequentis
3082 4046 3312 4114 diei».

1937 4137 2041 4201 [V.
2092 4154 2129 4197 «
2155 4133 2336 4200 Idem
2382 4132 2847 4202 observandum
2880 4134 3001 4201 erit
3033 4145 3097 4200 et
3129 4135 3389 4203 omnino

1810 4223 2264 4307 exequendum
2305 4239 2422 4306 per
2455 4221 2771 4310 integram
2802 4221 3108 4289 maiorem
3139 4222 3392 4291 Hebdo-

1810 4310 2057 4376 madam
2104 4330 2173 4376 ac
2221 4308 2283 4375 in
2330 4310 2436 4377 die
2480 4310 2790 4378 Paschatis
2835 4321 2899 4377 et
2938 4309 3190 4378 duobus
3219 4311 3388 4379 inse·

1804 4397 2152 4484 quentibus
2196 4396 2393 4466 Feriis
2424 4417 2488 4465 ν.

1936 4489 2016 4553 V.
2051 4507 2090 4550 ι
2115 4490 2183 4553 ln
2218 4484 2479 4571 reliquis
2512 4505 2667 4552 vero
2698 4487 3025 4556 mensibus
3057 4487 3391 4555 servitium

1806 4574 2077 4644 chorale
2125 4573 2543 4662 praestabitur
2588 4574 2826 4663 pariter
2879 4594 2996 4665 per
3054 4577 3395 4644 Sextiarias

1808 4682 1988 4730 more
2022 4672 2371 4729 consueto:
2420 4680 2646 4729 verum
2696 4661 2761 4729 in
2807 4663 3149 4730 Dominicis
3180 4676 3247 4730 et
3277 4667 3394 4731 Fe-

1806 4751 1943 4834 stis‚
1992 4758 2131 4818 tum
2192 4750 2435 4838 primae
2496 4762 2633 4817 tum
2692 4751 3009 4818 secundae
3069 4750 3284 4818 classis
3329 4764 3394 4818 et

1806 4857 1928 4927 per
1974 4837 2288 4927 integram
2335 4848 2618 4905 octavam
2664 4838 3046 4906 Sanctissimi
3095 4840 3397 4929 Corporis

1811 4925 2067 5012 christi,
2116 4924 2354 5013 singuli
2400 4925 2486 4993 de
2539 4927 2748 4994 choro
2807 4926 3134 5014 integrum
3194 4926 3399 4995 servi·

1810 5014 1971 5082 tium
2019 5024 2338 5103 praestare
2386 5024 2694 5100 cogantur
2734 5014 2983 5081 statutis
3025 5036 3059 5081 a
3105 5013 3398 5084 Rubricis

1813 5101 2210 5191 temporibus
2254 5102 2387 5169 sive
2431 5101 2603 5170 horis
2633 5124 2699 5169 ».

1944 5191 2049 5259 vt.
2086 5211 2125 5257 s
2150 5191 2455 5274 Tandem,
2483 5200 2555 5258 ut
2587 5189 2789 5258 omnis
2819 5189 2918 5256 via
2948 5189 3402 5277 praecludatur

1815 5278 2308 5349 dissensionibus
2351 5298 2515 5367 quae
2573 5276 2737 5346 forte
2792 5278 2943 5345 oriri
3004 5287 3266 5368 possent
3319 5297 3402 5346 ex

1821 5367 2268 5437 imminutione
2312 5367 2553 5436 servitii
2601 5379 2890 5456 tempore
2950 5367 3253 5455 hyemali,
3308 5366 3402 5435 ni·
