4042 5950
2012 345 2485 424 -482-

605 505 813 583 Quum
858 512 1072 571 autem
1130 502 1343 591 praxis
1397 502 1625 571 eadem
1677 502 1872 570 vetita
1929 503 2008 571 sit
2069 522 2189 592 per

607 596 950 659 Decretum
977 594 1200 659 Sacrae
1230 591 1489 659 Rituum
1518 590 2042 678 Congregationis
2071 592 2189 659 sub

606 680 714 747 die
766 683 844 747 10
887 679 1026 747 Iulii
1093 682 1255 748 1687
1319 681 1381 747 in
1443 700 1564 748 una
1625 684 1890 759 Fanen.;
1939 689 2188 768 postre-

604 787 748 836 mus
789 767 1128 855 Parochus,
1179 768 1289 855 qui
1335 770 1627 836 eamdem
1674 767 2029 834 Pan-nectam
2080 786 2187 834 an·

604 876 686 922 no
731 860 894 925 1857
942 871 1173 942 regere
1216 858 1457 946 coepit,
1504 858 1752 944 praxim
1800 856 1960 923 hanc
2005 854 2187 922 abro-

604 962 755 1032 gare
802 955 1060 1011 conatus
1118 954 1239 1011 est.
1297 947 1536 1021 Verum
1602 954 1766 1011 tanta
1824 954 2059 1011 exona-
2093 954 2188 1010 est

603 1031 926 1099 contentio
983 1033 1049 1100 in
1108 1033 1350 1122 populo
1405 1053 1486 1100 ex
1544 1032 1649 1099 illa
1703 1031 2184 1120 suppressione,

602 1130 674 1186 ut
706 1120 896 1188 etiam
920 1119 1205 1187 decimae
1230 1122 1507 1189 Parocho
1533 1121 1699 1188 dene
1748 1130 1883 1186 atae
1916 1118 2181 1187 fuerint.

601 1212 693 1277 Re
736 1208 811 1276 ad
861 1207 1345 1277 ecclesiasticam
1391 1208 1642 1276 Curiam
1736 1207 1921 1291 elata,
1958 1208 2184 1275 eadem

602 1315 740 1363 rem
787 1314 1172 1384 componere
1218 1297 1510 1366 studuit:
1574 1306 1851 1363 attamen
1896 1295 2185 1384 impossi-

601 1384 729 1453 bile
752 1384 872 1452 Iuit
892 1384 1189 1472 superius
1214 1398 1635 1453 memoratum
1658 1387 1879 1454 Sacrae
1908 1387 2183 1473 Congre-

597 1472 865 1560 gationis
925 1476 1268 1541 Decretum
1335 1472 1700 1540 executioni
1764 1471 2178 1539 demandare.

598 1562 798 1638 Quare
832 1560 939 1646 qui
987 1560 1180 1628 modo
1211 1560 1554 1631 oeconomi
1583 1578 1856 1627 munere
1892 1559 2185 1647 Iungitur

599 1647 664 1714 in
693 1646 1053 1736 supradicta
1094 1650 1408 1732 Paroecia,
1440 1668 1637 1738 quum
1674 1649 1890 1716 videat
1931 1648 2180 1749 praxim

598 1736 755 1804 hanc
802 1735 1041 1803 aboleri
1087 1753 1216 1805 non
1261 1756 1469 1841 posse,
1506 1757 1582 1804 eo
1627 1737 1731 1804 vel
1780 1754 1877 1802 ma
1927 1757 1977 1803 is
2009 1736 2182 1822 quod

597 1824 660 1891 in
708 1823 992 1891 finitimis
1038 1828 1345 1893 Paroeciis
1394 1826 1583 1893 etiam
1649 1827 1857 1893 locum
1950 1824 2176 1904 abeat;

595 1933 626 1977 a
671 1916 854 1981 Sacra
900 1914 1407 2002 congregatione
1454 1914 1784 1981 humiliter
1839 1912 2182 2013 exquisivit

596 2012 692 2084 ut,
739 2001 995 2067 attentis
1045 2012 1409 2091 temporum
1457 2012 1523 2070 et
1570 2001 1856 2069 locorum
1906 2020 2180 2068 circum-

594 2089 860 2174 stantiis,
907 2088 1040 2177 ipsa
1086 2090 1439 2158 continuari
1486 2090 1707 2179 possit.

723 2179 803 2243 Et
838 2180 1022 2245 Sacra
1058 2180 1321 2247 Rituum
1352 2177 1803 2266 congregatio,
1836 2176 2046 2245 audita
2079 2196 2178 2244 re·

593 2262 830 2332 latione
859 2266 944 2333 de
967 2265 1260 2333 omnibus
1292 2268 1368 2334 ab
1393 2265 1790 2353 infrascripto
1820 2265 2178 2333 secretario

593 2352 792 2438 iacta,
840 2372 958 2421 nec
1018 2373 1147 2422 non
1205 2364 1356 2421 voto
1401 2355 1538 2421 Rmi
1588 2353 1835 2420 Domini
1882 2353 2176 2421 Andreae

590 2442 870 2508 Casasola
900 2440 1378 2532 Archiepiscopi
1412 2442 1732 2512 Utinensis
1763 2442 1846 2509 de
1878 2441 2179 2509 informa-

594 2528 765 2596 tione
810 2541 876 2596 et
920 2541 1073 2598 voto
1117 2529 1433 2617 requisiti,
1481 2529 1840 2597 rescribere
1902 2540 2032 2596 rata
2080 2538 2180 2596 est

593 2615 764 2683 iuxta
811 2617 1008 2708 ipsius
1054 2618 1531 2708 Archiepiscopi
1589 2628 1856 2684 votum:
1921 2638 1961 2684 ‹
1993 2622 2175 2684 Prae-

592 2704 777 2771 fatam
807 2707 1339 2774 consuetudinem
1375 2725 1513 2774 esse
1545 2706 2029 2773 tolerandam».
2065 2709 2176 2772 At·

590 2797 717 2882 que
765 2793 846 2859 ita
895 2794 1247 2880 rescripsit.

721 2881 832 2948 Die
877 2885 963 2952 20
1008 2884 1278 2969 Augusti
1332 2886 1526 2952 1870.

588 3058 846 3129 3226.
883 3060 1187 3128 SACRAE
1219 3061 1885 3129 GONGREGATIONIS
1940 3060 2170 3150 (5460)

937 3168 1039 3232 DE
1071 3167 1579 3234 PROPAGANDA
1613 3169 1818 3234 FIDE.
1845 3266 1860 3271 1

715 3326 921 3404 Quum
969 3344 1048 3392 ex
1096 3325 1247 3393 actis
1293 3346 1502 3393 sacrae
1547 3327 1923 3394 visitationis
1953 3326 2175 3394 Eccle-

586 3412 822 3481 siarum
856 3412 920 3479 in
951 3414 1169 3498 Indiis,
1204 3434 1354 3481 cura
1386 3417 1612 3483 Sacrae
1652 3414 2176 3503 congregationis

586 3501 672 3568 de
716 3502 1122 3589 Propaganda
1153 3502 1333 3588 Fide,
1368 3501 1718 3571 innotuerit
1757 3503 1821 3570 in
1853 3502 2170 3572 vicariatu

584 3590 948 3676 Apostolico
1019 3591 1103 3658 de
1174 3591 1412 3659 llIadras
1486 3591 1828 3659 nonnullos
1897 3590 2173 3681 reperiri

585 3697 736 3744 usus
767 3680 1019 3746 Sacram
1050 3678 1398 3767 Liturgiam
1431 3679 1873 3767 respicientes,
1908 3681 1991 3747 de
2034 3679 2172 3764 qui·

585 3763 703 3832 bus
748 3764 1078 3833 dubitatur
1120 3790 1198 3837 an
1245 3768 1512 3856 legitimi
1559 3767 1721 3855 sint;
1759 3768 1897 3834 Emi
1933 3779 1998 3835 et
2029 3765 2172 3835 limi

584 3856 796 3921 Patres
840 3856 1065 3921 Sacrae
1113 3856 1405 3924 eiusdem
1435 3857 1959 3944 congregationis
1999 3873 2172 3923 man·

584 3940 818 4009 darunt
862 3944 1036 4028 quod
1093 3945 1245 4013 dicti
1292 3964 1444 4011 usus
1489 3944 1564 4011 ad
1613 3946 1865 4012 Sacram
1910 3943 2171 4013 Rituum

583 4032 1157 4119 congregationem
1193 4033 1801 4116 transmitterentur,
1835 4041 1907 4099 ut
1941 4032 2170 4099 eadem

583 4119 736 4205 quid
774 4118 835 4185 in
868 4131 1200 4207 posterum
1249 4120 1608 4188 iaciendum
1642 4119 1724 4186 sit
1754 4121 2165 4188 decerneret.

585 4208 747 4274 Usus
790 4220 1007 4275 autem
1052 4220 1202 4278 sunt
1246 4218 1637 4295 sequentes3
1687 4208 2037 4276 nimirum:

713 4300 763 4362 I.
813 4295 1216 4381 Missionarii,
1266 4297 1376 4383 qui
1420 4297 1498 4364 ad
1543 4297 1909 4364 Hiberniam
2018 4295 2175 4363 erti-

581 4393 778 4465 nent,
829 4384 892 4450 in
956 4383 1129 4451 dicto
1177 4385 1486 4454 vicariatu
1547 4405 1734 4453 usum
1790 4386 1957 4452 intro
2007 4402 2169 4451 uxe-

583 4481 724 4537 rant
768 4470 834 4538 in
879 4471 1174 4540 Hibernia
1220 4477 1549 4563 vigentem
1588 4473 2012 4541 benedicendi
2047 4475 2169 4538 Ma-

582 4560 879 4627 trimonia
942 4573 1118 4628 extra
1175 4563 1461 4646 Missam,
1512 4562 1650 4628 illas
1710 4581 1935 4648 preces
1991 4561 2169 4629 adhi-

585 4648 797 4716 bendo
857 4666 1022 4736 quae
1079 4649 1145 4716 in
1208 4650 1427 4716 Missali
1483 4661 1632 4717 sunt
1693 4649 1756 4716 in
1813 4649 1988 4717 Missa
2052 4669 2169 4739 pro

584 4738 829 4839 Sponso
878 4746 943 4805 et
989 4739 1255 4825 Sponsa.
1302 4741 1507 4818 Quum
1554 4748 1770 4804 autem
1816 4738 2169 4825 Anglo-In·

583 4825 750 4892 drani
796 4825 1057 4913 cupiant
1089 4836 1159 4893 ut
1193 4825 1381 4893 etiam
1430 4826 1661 4893 eodem
1715 4826 1907 4893 modo
1941 4846 2167 4895 eorum

580 4913 1048 4981 Matrimonium
1109 4913 1566 4999 benedicatur,
1625 4933 1707 4981 ex
1770 4914 2169 4983 Missionariis

582 4998 686 5065 alii
734 5000 993 5069 illorum
1037 5004 1202 5070 votis
1247 5002 1489 5087 favent,
1523 5003 1627 5068 alii
1674 5003 1852 5072 dubii
1901 5003 2167 5071 haerent

583 5086 734 5174 quid
783 5088 901 5179 sihi
949 5091 1309 5160 iaciendum
1356 5091 1464 5158 sit.

715 5178 789 5241 11.
836 5180 1041 5256 Quum
1074 5180 1342 5247 Ritualia
1372 5198 1410 5247 e
1442 5178 1838 5249 Missionariis
1877 5179 2169 5248 Hibernis

580 5263 647 5330 in
691 5263 927 5331 Indiam
976 5268 1249 5350 invecta,
1299 5269 1506 5353 quoad
1554 5268 1931 5359 Nuptiarum
1971 5268 2169 5336 bene-

580 5350 956 5438 dictionem,
1031 5355 1400 5422 discordent
1456 5376 1487 5421 a
1544 5357 1774 5424 Rituali
1836 5361 2162 5438 Roman03

580 5438 954 5528 quaeritur:
1021 5444 1117 5507 Au
1176 5442 1541 5509 Hissionarii
1600 5462 1729 5510 non
1790 5446 1999 5512 solum
2059 5445 2163 5513 ffi-

2292 503 2515 587 berni,
2583 501 2702 570 sed
2763 501 2953 570 etiam
3011 501 3272 570 aliarum
3332 502 3672 570 Nationum
3697 551 3716 588 ,
3778 502 3882 569 iis-

2291 592 2443 658 dem
2490 590 2731 681 possint
2763 591 2857 658 uti
2886 591 2953 659 in
2986 590 3435 659 benedictione
3464 594 3876 678 Nuptiarum,

2290 698 2418 746 non
2460 679 2671 747 solum
2713 679 2766 747 si
2812 691 3034 766 agatur
3063 679 3150 745 de
3179 679 3498 762 Hibernis,
3529 681 3646 747 sed
3685 679 3879 747 etiam

2291 768 2374 835 de
2426 767 2765 923 Cgtholicis
2823 767 3142 856 indigenis
3198 780 3306 835 aut
3357 766 3625 835 aliarum
3668 768 3877 835 Natio-

2291 873 2604 1013 numSacra
2650 964 2807 1012 vero
2853 943 3110 1012 Rituum
3156 945 3605 1032 congregatio,
3655 942 3737 1011 ad
3778 963 3881 1009 re-

2288 1033 2594 1100 lationem
2638 1031 2979 1119 subscripti
3024 1031 3360 1100 Secretarii
3391 1044 3458 1098 et
3488 1032 3704 1101 audita
3734 1050 3877 1098 sen·
4010 1057 4011 1078 1

2289 1120 2485 1187 tentia
2528 1120 2594 1187 in
2637 1120 2888 1210 scriptis
2933 1121 3194 1190 alterius
3239 1140 3325 1187 ex
3365 1123 3415 1186 A
3464 1121 3878 1187 ostolicarum

2288 1210 2838 1276 Caeremoniarum
2856 1209 3187 1295 Magistris,
3217 1211 3411 1276 rescri
3501 1208 3705 1275 udum
3727 1227 3879 1275 cen-

2284 1296 2450 1364 suit:
2500 1317 2538 1360 ι
2572 1300 2883 1364 Servetur
2925 1297 3097 1383 quod
3142 1297 3482 1365 decretum
3521 1296 3671 1381 fuit,
3704 1314 3879 1362 man-

2287 1384 2481 1453 dante
2528 1389 2839 1454 SSmoD.
2869 1387 2945 1452 N.
2980 1386 3088 1452 Pio
3118 1390 3278 1474 Papa
3311 1389 3416 1469 lx,
3452 1386 3515 1452 in
3549 1404 3675 1452 una
3704 1384 3875 1452 Lim·

2286 1472 2565 1562 burgen.
2627 1473 2754 1544 diei
2800 1477 2885 1541 23
2932 1472 3088 1540 lunii
3134 1473 3281 1541 anni
3335 1477 3501 1542 1853
3532 1495 3597 1540 ».
3660 1474 3876 1558 Atque

2287 1562 2370 1629 ita
2418 1562 2769 1652 rescripsit.

2416 1650 2531 1717 Die
2574 1654 2658 1719 20
2707 1650 2972 1740 Augusti
3028 1653 3223 1718 1870.
3292 1733 3298 1742 .

2796 1791 3344 1859 Lis-onumen&
3643 1787 3874 1875 (saei)

2285 1793 2535 1862 3227.

2414 1915 2800 1984 Benedictus
2845 1918 3006 1999 Papa
3048 1915 3188 1982 xlv
3231 1911 3349 1979 l'el.
3400 1931 3567 1996 rec.,
3615 1910 3879 1977 Litteris

2279 2011 2331 2071 A
2449 2003 2658 2071 tolicis
2685 2022 2849 2070 anno
2904 2005 3072 2070 174⁸
3100 2004 3265 2069 xvu
3295 1999 3602 2069 Calendas
3635 1998 3881 2086 Aprilis

2279 2112 2356 2159 su
2443 2092 2712 2179 plumbo
2755 2090 3076 2192 expeditis
3121 2088 3199 2191 ad
3244 2088 3610 2176 Capitulum
3646 2087 3879 2190 .E.⁰⁰¹.⁰'
4010 2153 4011 2188 3

2278 2180 2408 2246 siae
2452 2179 2847 2249 cathedralis
2876 2182 3376 2261 'Litomertcen.,
3425 2179 3762 2244 canonicis
3804 2175 3877 2240 tl·
4010 2193 4011 2216 ι

2232 2267 2402 2335 ’lius
2455 2267 2779 2335 Ecclesiae
2838 2284 3027 2333 usum
3087 2284 3432 2368 capparum
3495 2281 3878 2352 magnarum

2280 2375 2399 2423 nec
2433 2375 2563 2424 non
2593 2360 2840 2423 Decano
2870 2366 3062 2441 atque
3094 2356 3344 2422 Sentort
3390 2371 3578 2420 usum
3626 2352 3877 2420 lnfutae

2283 2456 2346 2510 et
2376 2443 2529 2513 Pedi
2560 2445 2623 2511 in
2657 2454 3044 2533 perpetuum
3077 2442 3366 2510 indulsit.
3414 2443 3621 2519 Quum
3654 2450 3881 2508 autem

2327 2532 2612 2620 rivilegia
2658 2530 3032 2620 supradicta·
3065 2528 3320 2599 Litteris
3362 2527 3746 2616 Apostolicis
3807 2527 3879 2593 in

2306 2639 2480 2688 orma
2528 2619 2743 2689 Brevis
2788 2640 2822 2685 a
2867 2640 2923 2685 s.
2956 2638 3050 2686 m.
3082 2620 3189 2686 Pio
3219 2622 3380 2708 Papa
3409 2621 3544 2702 vu,
3592 2634 3875 2703 quarum

2281 2709 2531 2776 initium
2580 2710 2765 2775 Decet
2812 2710 3125 2774 Romanos
3154 2708 3520 2794 Pontifices,
3557 2704 3721 2773 datis
3759 2702 3879 2771 die

2282 2800 2323 2865 4
2352 2797 2491 2865 Iulii
2529 2800 2697 2865 1823
2726 2815 2923 2885 super
2950 2815 3070 2863 usu
3104 2796 3327 2863 talium
3352 2792 3874 2883 privilegiorum,

2277 2903 2406 2954 non
2436 2884 2816 2954 adamussim
2846 2885 3271 2971 consentiant3
3300 2894 3372 2950 ut
3403 2879 3527 2949 illis
3558 2882 3623 2949 in
3656 2890 3877 2969 poste-

2277 2995 2424 3043 rum
2455 2975 2549 3043 uti
2580 2975 2938 3065 potuissent
2969 2973 3290 3056 Canonici,
3339 2976 3622 3039 Decanus
3654 2979 3725 3035 et
3756 2971 3877 3036 Se-

2275 3064 2420 3132 nior
2449 3064 2771 3132 debebant
2817 3062 3044 3129 eadem
3080 3060 3416 3149 privilegia
3449 3056 3877 3126 examinanda

2279 3152 2610 3221 deducere
2668 3153 2735 3219 in
2788 3154 3127 3219 Sacrorum
3184 3150 3443 3218 Rituum
3504 3149 3874 3232 congrega-

2277 3240 2475 3307 tione.
2510 3240 2688 3318 Quod
2721 3258 2877 3306 vero
2910 3257 3110 3324 usque
3143 3238 3267 3305 huc
3300 3236 3512 3304 facere
3558 3237 3871 3301 omissum

2276 3329 2423 3411 t'uit,
2450 3327 2816 3396 laciendum
2847 3327 3039 3393 modo
3072 3325 3316 3393 curavit
3339 3324 3693 3392 hodiernus
3719 3321 3873 3409 Epi-

2274 3436 2504 3505 scopus
2549 3415 2998 3488 Litomericen.
3034 3412 3144 3500 qui
3177 3414 3390 3481 eidem
3430 3415 3659 3481 Sacrae
3704 3415 3875 3479 Con·

2278 3503 2630 3593 gregationi
2692 3505 2865 3587 iura,
2915 3520 3078 3591 quae
3132 3522 3246 3570 suo
3293 3501 3587 3601 capitulo
3647 3499 3875 3565 favere

2276 3604 2567 3681 possunt,
2617 3591 2936 3679 exhibuit;
2987 3591 3293 3679 illamque
3338 3588 3633 3657 eiusdem
3682 3585 3873 3688 Capi·

2273 3682 2394 3749 tuli
2428 3683 2681 3749 nomine
2713 3681 2959 3768 rogavit
2989 3679 3181 3747 enixe
3221 3697 3340 3769 pro
3384 3686 3876 3743 manutentione

2279 3779 2368 3854 et,
2417 3781 2732 3856 quatenus
2778 3787 2938 3855 opus
2983 3770 3087 3852 sit,
3124 3785 3241 3855 pro
3287 3785 3447 3833 nova
3494 3762 3873 3850 privilegio·

2276 3876 2421 3925 rum
2476 3857 2980 3927 confirmatione.
3130 3920 3142 3935 ,

2412 3950 2490 4013 Et
2536 3947 2764 4013 eadem
2809 3947 2988 4013 Sacra
3036 3941 3485 4033 congregatio,
3536 3940 3869 4007 referente

2273 4035 2632 4122 subscripto
2701 4038 3101 4118 secretario,
3172 4030 3475 4099 exhibitis
3542 4029 3871 4095 rationum

2277 4124 2618 4191 momentis
2662 4123 2829 4190 serio
2878 4123 3351 4209 diligenterque
3385 4116 3724 4206 perpensis
3756 4136 3871 4183 au·

2277 4212 2538 4298 ditaque
2568 4210 2757 4278 etiam
2797 4210 3111 4278 sententia
3156 4208 3419 4276 alterius
3464 4226 3545 4274 ex
3590 4210 3873 4304 Aposto-

2277 4300 2540 4366 licarum
2597 4298 3153 4368 caeremoniarum
3219 4295 3563 4384 magistris,
3633 4311 3872 4359 rescra-

2273 4388 2559 4456 bendum
2592 4388 2876 4455 censuit:
2927 4408 2966 4451 ‹
2997 4392 3290 4456 Oratores
3318 4392 3871 4450 manuteneantur

2271 4475 2336 4542 in
2363 4476 2759 4563 possessione
2784 4474 3291 4565 privilegiorum,
3319 4491 3483 4558 quae
3507 4490 3626 4560 per
3657 4488 3872 4537 enun-

2276 4564 2778 4631 ciatam‘Bullam
2812 4564 2925 4631 fel.
2962 4583 3095 4630 rec.
3131 4560 3459 4629 Benedicti
3486 4563 3689 4646 Papae
3722 4559 3871 4624 xlv

2275 4651 2427 4740 ipsis
2472 4671 2766 4720 concessa
2813 4652 2998 4737 fuere
3032 4673 3096 4720 ».

2406 4742 2519 4808 Die
2565 4745 2649 4808 20
2697 4740 2965 4828 Augusti
3021 4742 3210 4808 1870.
3630 4790 3645 4801 .

2404 4833 2584 4896 Facta
2629 4839 2867 4912 autem,
2913 4826 3017 4895 die
3057 4832 3088 4895 1
3122 4825 3520 4914 Septembris
3564 4821 3873 4891 eiusdem

2270 4918 2440 5000 anni,
2489 4935 2609 5005 per
2653 4915 3125 5006 infrascriptum
3173 4913 3603 4983 secretarium
3662 4913 3873 4981 ssmo

2273 5010 2347 5072 D.
2382 5008 2456 5072 N.
2508 5006 2614 5072 Pio
2645 5011 2846 5091 Papae
2877 5007 2959 5072 IX
3005 5003 3344 5086 relatione,
3395 5001 3703 5070 Sanctitas
3740 5004 3873 5069 Sua

2275 5094 2550 5183 benigne
2595 5092 2841 5177 annuit.

2273 5235 2530 5304 3228.

2400 5363 2595 5426 Rffius
2637 5362 2713 5425 D.
2761 5362 2985 5425 Petrus
3032 5358 3217 5423 Maria
3262 5359 3457 5424 Ferre
3502 5359 3555 5422 E

2270 5448 2582 5531 Casalen.,
2616 5464 2817 5535 quum
2861 5444 3235 5536 praesertim
3285 5444 3349 5512 in
3386 5375 3739 5514 ponufficss

2886 5235 3267 5303 cassum.
3628 5232 3865 5320 (asca)
