4042 5950
1605 219 2077 300 -471—

206 400 350 448 rum
382 384 723 465 Martyrum
755 378 1129 464 sepulcrum
1166 378 1355 465 plane
1383 377 1783 445 inviolatum.

205 473 346 555 lpse
376 480 592 535 autem
623 465 935 552 liturgicis
982 464 1580 554 praescriptionibus
1610 464 1788 532 obse-

207 574 438 642 quens,
471 574 555 622 ne
602 553 668 621 in
714 572 791 620 eo
836 556 1093 626 Sacrum
1127 552 1334 638 fieret,
1366 554 1600 632 vetuit,
1632 573 1789 639 quo-

209 643 495 729 adusque
540 663 574 709 a
620 646 800 711 Sacra
845 642 1107 710 Rituum
1142 641 1652 730 Congregatione
1698 660 1793 708 se-

211 749 414 816 quens
444 730 712 797 dubium
743 729 1156 817 dissolvatur3
1183 730 1528 796 nimirum:
1563 732 1790 796 Utrum

211 818 487 972 ζεύξω
546 836 764 884 mensa
809 819 887 885 ad
946 818 1139 886 instar
1190 816 1423 884 Altaris
1481 817 1791 904 portatilis

294 906 463 990 beri,
513 906 580 972 in
631 925 834 991 eaque
894 907 1110 973 Missae
1171 904 1562 973 Sacrificium
1624 906 1794 972 cele-

211 992 377 1059 brari
443 993 676 1082 possit,
737 993 875 1060 sine
939 1012 1098 1060 nova
1160 993 1630 1060 consecratione
1686 1003 1794 1059 aut

211 1081 473 1148 alterius
506 1081 728 1168 lapidis
757 1082 878 1148 rite
909 1081 1258 1149 consecrati
1304 1077 1797 1150 substitutione?

214 1179 282 1235 et
323 1180 637 1255 quatenus
679 1170 1002 1256 negative,
1049 1170 1400 1257 Episcopus
1443 1181 1655 1234 orator
1684 1187 1796 1234 ne·

211 1258 547 1411 cffssariam
593 1257 1130 1343 dispensationem
1165 1269 1231 1324 et
1259 1257 1647 1323 sanationem
1678 1256 1794 1322 im-

212 1364 256 1432 p
289 1356 448 1412 orat.

347 1436 528 1501 Sacra
586 1452 744 1500 vero
798 1434 1026 1500 eadem
1073 1434 1533 1521 congregatio,
1587 1431 1797 1500 audita

209 1521 528 1589 sententia
585 1519 846 1588 alterius
893 1539 974 1587 ex
1021 1521 1523 1610 Apostolicarum
1568 1524 1793 1588 caere-

213 1609 569 1676 moniarum
615 1607 946 1695 Magistris,
996 1608 1476 1686 rescribendum
1506 1610 1793 1675 censuit:

214 1721 256 1764 c
288 1698 387 1764 Ad
447 1698 768 1765 Dubium:
837 1697 1187 1784 Negative;
1259 1698 1335 1765 ad
1404 1697 1793 1764 Postulatum

215 1804 412 1853 vero:
461 1784 890 1864 Affirmative;
937 1784 990 1851 si
1040 1788 1232 1853 SSmo
1273 1786 1539 1851 Domino
1569 1786 1800 1852 Nostro

214 1871 542 1941 videbitur
574 1894 641 1938 ν.

351 1963 462 2029 Die
507 1965 594 2030 20
641 1959 839 2028 Martii
891 1964 1079 2030 1860.
1473 2007 1481 2017 .

349 2054 530 2118 Facta
589 2059 799 2115 autem
829 2096 847 2132 ,
895 2049 1005 2116 die
1068 2053 1146 2116 15
1209 2048 1442 2137 Aprilis
1509 2049 1800 2117 eiusdem

215 2139 404 2218 anni,
454 2138 537 2205 de
597 2138 955 2226 praemissis
1010 2138 1204 2206 SSmo
1262 2137 1529 2204 Domino
1574 2139 1801 2204 Nostro

217 2227 329 2295 Pio
390 2231 591 2313 Papae
645 2227 728 2291 lX
789 2225 1094 2292 relatione
1164 2244 1282 2312 per
1336 2224 1803 2314 infrascriptum

220 2313 681 2397 Secretarium,
731 2312 1037 2380 Sanctitas
1067 2317 1190 2381 Sua
1230 2314 1526 2412 petitam,
1547 2313 1805 2399 dispen-

221 2404 534 2471 sationem
567 2413 633 2470 et
661 2401 1050 2469 sanationem
1096 2401 1374 2490 bemgno
1422 2401 1678 2489 elargiri
1709 2404 1805 2470 di-

222 2502 411 2581 gnata
455 2501 578 2558 est.

225 2670 482 2739 3199.
814 2669 1201 2735 GNESNEN.

708 2778 809 2841 ET
861 2775 1325 2842 POSNANIEN.

358 2939 553 3003 limus
618 2938 692 3002 D.
759 2933 1294 3022 Archiepiscopus
1360 2936 1681 3002 Gnesnen.
1745 2945 1811 3001 et

230 3023 603 3097 Posnanien.
665 3022 1073 3108 sequentium
1142 3022 1484 3088 dubiorum
1550 3022 1814 3089 solutio—

229 3131 380 3181 nem
427 3132 461 3178 a
506 3115 687 3180 Sacra
733 3110 994 3178 Rituum
1039 3108 1550 3195 congregatione
1604 3109 1810 3177 humi-

230 3201 383 3268 liter
429 3197 809 3286 exquisivit3
857 3197 1209 3264 nimirum=

362 3286 636 3355 Dubium
685 3290 735 3352 1.
784 3287 879 3354 Ab
926 3283 1372 3371 antiquissimis
1422 3285 1817 3373 temporibus

234 3377 516 3444 existunt
560 3374 860 3442 fundatae
903 3372 1296 3440 in·Ecclesia
1334 3373 1814 3460 Metropolitaua

1579 2666 1803 2755 (stss)

101 3510 112 3515 -
231 3464 635 3533 Posnaniensi
683 3461 899 3530 Missae
946 3461 1193 3529 votivae
1241 3460 1323 3528 de
1384 3463 1571 3530 SSma
1615 3461 1817 3529 Trini-

232 3563 390 3636 tate,
420 3548 524 3619 xde
568 3553 756 3619 SSma
803 3549 1220 3633 Eucharistia,
1269 3549 1353 3616 de
1383 3547 1696 3633 Passione,
1729 3549 1814 3616 de

231 3644 478 3724 cmce,
528 3639 610 3707 de
655 3644 840 3706 Beata
887 3640 1161 3719 floraco,
1210 3637 1295 3704 de
1355 3640 1423 3705 S.
1471 3636 1817 3705 Adalberto

233 3740 303 3795 et
346 3729 434 3794 de
477 3731 547 3797 S.
595 3726 947 3810 Francisco,
981 3744 1145 3812 quae
1192 3745 1314 3814 per
1354 3724 1634 3811 singulas
1663 3725 1820 3793 heb-

235 3816 652 3885 domadarum
698 3815 838 3882 dies
897 3813 1272 3882 distributae
1331 3812 1620 3899 quotidie
1679 3833 1822 3879 can-

235 3916 474 3971 tantur.
503 3903 765 3971 Votivae
790 3900 1157 3969 huiusmodi
1183 3901 1617 3984 celebrantur,
1645 3901 1822 3968 nullo

235 3991 449 4061 habito
498 4000 799 4080 respectu
845 3992 1003 4058 ritus
1048 3989 1245 4073 Festi,
1292 3989 1657 4056 Dominicae
1714 3990 1824 4056 vel

238 4080 457 4148 Feriae
503 4080 568 4147 in
633 4080 889 4146 illarum
948 4077 1123 4146 diem
1188 4076 1565 4157 incidentis;
1614 4075 1710 4151 ita?
1751 4086 1824 4144 ut

238 4169 397 4237 dum
456 4166 828 4255 principalia
888 4167 1080 4234 etiam
1138 4170 1320 4233 Festa
1378 4164 1824 4249 Dedicationis,

239 4255 460 4341 Tituli,
492 4255 740 4323 Patroni
772 4255 876 4322 vel
920 4255 1036 4321 alia
1084 4252 1457 4320 universalis
1502 4252 1825 4319 Ecclesiae

239 4363 404 4433 quae
449 4344 514 4409 in
559 4343 919 4411 cathedrali
976 4340 1350 4408 solemniter
1407 4348 1826 4428 peraguntur,

241 4451 372 4500 non
431 4451 508 4498 eo
568 4432 778 4499 minus
836 4431 1047 4498 dictae
1085 4429 1372 4517 ,votivae
1441 4428 1652 4495 locum
1720 4429 1828 4495 ha-

244 4520 474 4589 beant:
520 4518 573 4584 si
634 4538 946 4607 perpauca
1013 4526 1259 4585 tantum
1321 4515 1564 4583 Domini
1620 4516 1828 4582 Nostri

244 4614 386 4677 lesu
430 4607 665 4675 Christi
713 4612 895 4674 Festa
940 4606 1366 4693 excipiantur..
1434 4607 1702 4671 Possunt
1748 4623 1830 4670 ne

247 4698 466 4764 Missae
512 4695 878 4763 huiusmodi
925 4695 1188 4762 Votivae
1235 4692 1427 4759 etiam
1485 4693 1550 4758 in
1614 4703 1829 4781 poste-

247 4803 419 4867 rum,
467 4793 707 4851 attenta
752 4782 1024 4850 seculari
1071 4780 1535 4848 consuetudine
1576 4782 1688 4849 sed
1721 4781 1835 4848 de-

248 4872 506 4940 ficiente
567 4889 976 4958 quocumque
1034 4867 1398 4955 Apostolico
1467 4868 1833 4957 privilegio,

251 4961 480 5028 eode'm
529 4960 719 5027 modo
767 4954 1047 5026 cantari?
1089 4975 1167 5023 an
1274 4957 1437 5023 otius
1497 4958 1838 5025 cantandae

250 5059 398 5116 sunt
427 5048 501 5115 iis
546 5056 794 5115 tautum
839 5044 1067 5112 diebus
1111 5044 1221 5129 qui
1386 5043 1449 5116 id
1500 5046 1838 5131 generales

250 5137 564 5205 Rubricae
612 5136 1028 5223 permittunt:
1078 5133 1144 5201 in
1188 5131 1452 5218 reliquis
1498 5152 1651 5200 vero
1697 5133 1837 5201 die-

250 5226 372 5293 bus
417 5223 739 5291 canendae
794 5222 1013 5290 Missae
1060 5220 1142 5288 de
1188 5218 1403 5286 Officio
1461 5234 1840 5288 occurrente

2020 378 2296 447 Dubium
2343 384 2417 448 ll.
2465 381 2761 469 Episcopi
2809 383 3118 451 Titulares
3167 384 3372 453 Suffra
3420 409 3480 453 a-

1891 466 1995 565 nei
2043 468 2423 534 Gnesnensis
2468 480 2536 534 et
2579 470 3037 556 Posnauiensis,
3087 472 3197 558 qui
3247 473 3311 541 in
3368 405 3481 540 ga-

1889 553 2111 641 pitulis
2160 554 2660 641 metropolitanis
2702 560 2991 626 Gnesnae
3039 570 3105 627 et
3143 562 3479 629 Posnaniae

1890 643 2307 710 Canonicatus
2353 642 2669 730 obtinent,
2721 657 3106 714 tenenturne
3152 668 3225 714 ae
3275 668 3356 715 ue
3412 663 3495 715 ac'

1892 730 1996 797 alii
2046 730 2338 798 canonici
2382 731 2953 822 Archiepiscopum
3000 753 3198 822 cappa
3325 754 3483 823 agna

1894 819 2195 886 indutum
2241 819 2316 886 ad
2374 819 2858 906 cathedralem,
2906 822 3041 888 sive
3101 824 3179 891 ad
3241 825 3483 891 Missam

1894 905 2325 973 Pontificalem
2372 906 2815 975 celebrandam
2858 910 2995 977 sive
3055 910 3132 977 ad
3190 912 3481 979 assisten-

1896 994 2055 1061 dum
2101 994 2319 1060 Missae
2361 996 2438 1062 ab
2492 996 2614 1063 alio
2677 996 3126 1081 celebrandae,
3175 1000 3483 1067 acceden-

1899 1093 2030 1149 tem
2079 1081 2442 1149 associare?

2026 1169 2303 1237 Dubium
2368 1174 2467 1238 111.
2539 1173 2801 1239 Licetne
2873 1175 3200 1262 Episcopis
3266 1173 3482 1241 huius—

1898 1258 2074 1325 modi
2138 1259 2202 1324 in
2259 1258 2457 1325 stallis
2513 1261 2643 1327 suis
2687 1279 3105 1347 permanere,
3156 1263 3311 1330 dum
3370 1266 3486 1328 Ar-

1899 1346 2344 1434 chiepiscopus
2389 1367 2584 1435 cappa
2629 1367 2851 1436 magna
2898 1349 3157 1417 indutus
3203 1350 3279 1416 ab
3326 1350 3485 1417 inte-

1899 1451 2015 1522 gro
2061 1433 2353 1521 capitulo
2400 1435 2735 1503 associatus
2780 1437 3226 1505 cathedralem
3274 1439 3483 1525 ingre·-

1900 1523 2101 1606 ditur,
2135 1521 2270 1588 sive
2310 1525 2569 1590 Sacrum
2615 1524 3068 1609 pontificaliter
3110 1537 3488 1609 peracturus

1899 1610 2037 1677 sive
2083 1620 2152 1677 ut
2213 1614 2401 1677 Sacro
2460 1610 2538 1677 ab
2597 1611 2719 1677 alio
2765 1610 3149 1681 celebrando
3196 1613 3484 1692 assistat3

1902 1700 2006 1765 vel
2056 1698 2240 1781 dum,
2292 1699 2404 1764 illo
2454 1709 2733 1785 peracto,
2783 1698 3082 1767 recedit?

2037 1792 2114 1853 Et
2171 1791 2355 1855 Sacra
2420 1788 2680 1854 Rituum
2750 1788 3209 1876 congregatio,
3278 1789 3490 1856 audita

1901 1875 2217 1942 sententia
2264 1875 2328 1942 in
2372 1875 2624 1962 scriptis
2669 1874 2932 1942 alterius
2977 1894 3059 1941 ex
3105 1877 3489 1965 Apostolica-

1906 1982 2051 2031 rum
2098 1964 2650 2031 caeremoniarum
2697 1963 3043 2049 Magistris,
3093 1964 3169 2031 ad
3235 1964 3488 2032 relatio·

1905 2069 2058 2119 nem
2110 2051 2472 2153 'subscripti
2547 2051 2932 2138 secretarii,
3003 2052 3487 2122 rescribendum

1908 2153 2203 2207 censu1t:

2038 2229 2136 2295 Ad
2182 2232 2231 2294 1.
2283 2251 2321 2292 ι
2354 2231 2471 2294 Pro
2513 2226 2734 2316 gratia,
2769 2246 2917 2296 cum
2948 2227 3362 2315 limitatione;
3398 2228 3491 2298 ni-

1906 2318 2143 2386 mirum
2188 2317 2363 2402 quod
2410 2316 2728 2404 praefatae
2776 2316 2990 2383 Missae
3052 2316 3301 2384 votivae
3363 2337 3490 2386 non

1906 2405 2153 2495 possint
2197 2405 2506 2472 celebrari
2555 2403 2620 2471 in
2650 2405 2969 2472 Dominica
3003 2407 3205 2493 prima
3236 2405 3491 2473 Adven-

1910 2506 2012 2561 tus
2041 2542 2058 2577 ,
2116 2492 2295 2559 Feria
2355 2495 2436 2560 IV
2493 2492 2833 2578 Cinerum,
2895 2493 3229 2560 Dominicis
3290 2493 3493 2579 prima

1907 2579 2431 2667 Quadragesimae
2478 2589 2544 2647 et
2587 2581 2942 2648 Palmarum
2994 2600 3140 2647 cum
3193 2591 3318 2646 tota
3366 2599 3492 2648 ma-

1907 2669 2027 2737 iori
2091 2668 2532 2753 Hebdomada,
2595 2669 2916 2736 Dominica
2988 2668 3495 2737 Resurrectionis

1911 2770 1976 2825 et
2020 2761 2426 2825 Pentecostes
2457 2776 2603 2824 cum
2634 2756 2884 2823 duobus
2914 2756 3332 2843 sequentibus
3362 2756 3493 2824 die·

1912 2847 2030 2913 hus
2056 2893 2074 2929 ,
2135 2844 2243 2911 die
2308 2845 2659 2912 Nativitatis
2723 2843 3015 2945 Domini,
3081 2844 3493 2934 Epiphaniae,

1915 2932 2351 3017 Ascensionis,
2415 2932 2713 3021 Corporis
2779 2932 3012 3000 christt
3080 2947 3146 2999 et
3206 2932 3497 3001 omnibus

1913 3023 2141 3090 diebus
2189 3021 2253 3088 in
2297 3019 2526 3108 quibus
2572 3019 2884 3087 celebrari
2930 3021 3124 3088 debet
3171 3021 3344 3087 iuxta
3388 3024 3498 3090 ca-

1914 3109 2275 3178 lendarium
2339 3109 2798 3176 Dioecesanum
2855 3108 3025 3175 aliud
3085 3113 3343 3175 Festum
3398 3128 3499 3175 re-

1914 3197 2237 3289 spondens
2281 3196 2496 3262 Missae
2541 3198 2843 3280 votivae3
2880 3215 2952 3261 ac
2981 3195 3332 3263 dummodo
3364 3196 3500 3263 die-

1918 3286 2035 3354 bus
2103 3286 2169 3351 in
2234 3285 2465 3370 quibus
2523 3284 2886 3351 celebratur
2945 3284 3264 3373 praedicta
3325 3285 3501 3351 Missa

1918 3373 2163 3458 votiva,
2199 3381 2455 3463 praeter
2499 3391 2662 3457 eam,
2698 3372 3065 3440 celebretur
3093 3372 3282 3438 etiam
3324 3372 3501 3439 Missa

1918 3459 2367 3530 Conventualis
2410 3480 2526 3527 seu
2571 3461 2702 3527 diei
2748 3457 2915 3526 Festi
2961 3461 3275 3526 currentis
3308 3482 3369 3526 ν.

2050 3550 2148 3617 Ad
2197 3553 2269 3616 11.
2318 3570 2361 3613 ι
2391 3553 2744 3634 Tenentur,
2795 3557 2868 3614 ut
2909 3547 3203 3615 Canonici
3237 3569 3303 3614 ν.

2053 3638 2150 3705 Ad
2195 3641 2294 3704 Ill.
2345 3658 2384 3702 ι
2417 3637 2742 3704 Provisum
2791 3636 2857 3702 in
2901 3637 3182 3704 secundo
3213 3658 3280 3702 ν.

2052 3727 2262 3813 Atque
2311 3730 2392 3791 ita
2437 3723 2786 3812 rescripsit.

2050 3815 2163 3881 Die
2208 3815 2294 3881 20
2339 3811 2543 3879 Martii
2594 3815 2788 3880 1869.

1925 3954 2193 4023 3200.
2551 3955 2884 4020 sacrm.
3277 3954 3504 4042 (5429)

2058 4082 2253 4145 Rfi‘ms
2283 4077 2587 4144 Dominus
2613 4076 2966 4166 Episcopus
2995 4081 3246 4144 Pacten.
3292 4082 3508 4148 Sacro-

1929 4185 2075 4233 rum
2119 4166 2380 4233 Rituum
2423 4165 2916 4251 congregationi
2972 4166 3131 4232 haec
3191 4186 3355 4252 quae
3412 4188 3510 4235 se-

1931 4263 2218 4340 quuntur
2263 4252 2599 4341 exposuit;
2632 4253 2973 4320 nimirum:
3023 4258 3321 4321 Exortam
3369 4273 3509 4322 esse

1931 4341 2427 4410 controversiam
2476 4339 2643 4408 inter
2687 4340 2947 4410 clerum
2992 4341 3353 4429 praedictae
3415 4343 3514 4411 Ci-

1933 4430 2142 4496 vitatis
2189 4438 2254 4496 et
2298 4430 2711 4515 Superiorem
2758 4428 3091 4495 seminarii
3125 4430 3511 4516 Dioecesani,

1935 4529 2153 4585 utrum
2211 4516 2276 4583 in
2392 4514 2619 4583 uhlicis
2686 4515 3197 4584 Processionibus
3257 4535 3514 4607 praece·

1935 4606 2150 4674 dentia
2195 4605 2317 4672 dau
2367 4624 2399 4669 a
2445 4605 2526 4671 sit
2570 4603 2831 4673 clericis
2875 4603 2942 4670 in
2987 4605 3335 4673 minoribus
3366 4624 3516 4673 con·

1934 4693 2170 4761 stitutis
2216 4692 2476 4760 minime
2507 4693 2767 4760 servitio
2797 4691 3188 4761 cathedralis
3226 4695 3516 4781 addictis,

1940 4792 2132 4871 prout
2179 4782 2303 4848 huc
2349 4799 2551 4866 usque
2597 4780 2834 4848 lactum
2881 4790 3001 4864 est,
3037 4781 3212 4847 iuxta
3256 4783 3519 4872 disposi-

1940 4870 2183 4937 tionem
2228 4870 2468 4957 Synodi
2514 4868 2928 4949 Dioecesanae
2974 4868 3101 4947 diei
3137 4872 3221 4938 30
3250 4872 3520 4937 Novem·

1939 4957 2070 5025 bris
2122 4959 2328 5035 168ss
2375 4976 2451 5022 an
2497 4957 2709 5041 potius
2757 4957 2982 5024 eadem
3045 4956 3380 5025 tribuenda
3440 4958 3523 5025 sit

1941 5045 2231 5112 Alumnis
2277 5043 2610 5112 seminarii
2660 5044 2832 5112 iuxta
2881 5044 3122 5133 pluries
3188 5047 3444 5115 decreta
3490 5068 3525 5112 a

1943 5133 2267 5221 praedicta
2315 5134 2496 5199 Sacra
2540 5130 3106 5218 congregatione?

2076 5220 2177 5288 Ad
2221 5221 2380 5288 hanc
2428 5220 2623 5308 igitur
2669 5221 3167 5288 controversiam
3222 5222 3525 5291 dirimen-

252 5315 330 5380 ad
354 5311 775 5381 intentionem
810 5307 1262 5399 praescriptam
1296 5329 1328 5373 a
1361 5306 1844 5378 fundatoribus?
1937 5310 2093 5395 ,dam
2162 5319 2552 5379 memoratus
2608 5307 2962 5396 Episcopus
3020 5310 3233 5378 eidem
3303 5314 3526 5383 Sacrae
