4042 5950
1949 255 2419 334 ..204-

545 409 933 498 Apostolicas
976 412 1097 479 sub
1134 407 1405 498 plumbo
1433 411 1517 480 de
1549 413 1777 480 eodem
1810 411 1917 479 edi
1948 430 2124 479 man·

547 499 741 565 davit.
794 498 908 564 Die
955 503 1036 566 27
1082 500 1350 586 Augusti
1405 504 1595 567 1822.

548 668 836 753 Sequitur
875 670 1237 741 constitutio
1281 671 1454 741 SSmi
1499 674 1569 741 D.
1606 674 1675 742 Ν.
1724 674 1811 742 Pii
1857 674 1976 742 ΡΡ.
2011 676 2121 755 vn,

712 785 830 850 qua
871 768 1305 837 confirmantur
1347 771 1626 854 praefata
1670 772 1955 840 Decreta.

1025 944 1195 1009 PIUS
1239 943 1648 1010 EPISCOPUS

863 1048 1167 1114 SERVUS
1212 1047 1633 1114 SERVORUM
1678 1051 1804 1114 DEI

784 1227 870 1272 AD
918 1226 1296 1273 mannua!
1343 1226 1447 1271 nst
1496 1224 1858 1272 uenenum.

2217 413 2592 480 servantiam
2649 413 3074 499 vindicemus,
3131 433 3316 501 quos,
3371 415 3591 483 talium
3656 436 3820 484 con·

2221 499 2578 570 cessionum
2611 512 2980 588 praetextu,
3018 504 3281 590 impune
3320 504 3669 593 perstringi
3701 506 3819 572 ad-

2225 607 2587 657 monemur.

2351 679 2444 743 Ne
2492 679 2702 765 itaque
2763 699 2914 747 usus
2983 679 3348 747 huiusmodi
3414 679 3816 748 inordinatus

2218 765 2707 851 privilegiorum
2755 766 3176 835 diuturnitate
3224 766 3532 855 temporis
3579 787 3815 834 conva-

2219 856 2521 937 lesceret,
2571 874 2915 922 occurrere
2965 865 3136 922 tante
3170 855 3315 923 huic
3359 859 3526 921 malo
3575 856 3812 922 decre·

2216 943 2451 1027 vimus,
2499 943 2564 1010 id
2611 942 2989 1010 adhibentes
3040 943 3308 1010 remedii
3377 943 3553 1030 quod
3603 962 3812 1031 expo·

2214 1030 2589 1097 stulationes
2636 1030 2810 1114 illae,
2860 1050 3131 1116 quarum
3162 1031 3553 1118 aequitatem
3600 1033 3810 1118 probe

2218 1137 2633 1201 noveramus,
2685 1118 3145 1203 efflagitabant;
3206 1139 3420 1205 neque
3469 1119 3805 1186 remitten-

2220 1207 2365 1274 dam
2413 1206 2715 1274 duximus
2759 1205 3180 1292 occasionem,
3228 1226 3419 1293 quam
3465 1227 3548 1272 ex
3593 1206 3808 1274 dubiis

2116 1304 2125 1311 '
2218 1314 2428 1382 nuper
2492 1293 2835 1382 propositis
2889 1294 2976 1362 de
3031 1316 3153 1364 usu
3213 1294 3673 1384 pontificalium
3740 1293 3804 1360 in

672 1388 867 1450 Decet
910 1385 1221 1449 Romanos
1275 1380 1608 1448 Pontifices
1669 1400 1789 1468 pro
1834 1382 2117 1471 impensa

539 1473 820 1560 ipsorum
846 1470 910 1537 in
932 1470 1249 1552 Ecclesiae
1284 1471 1523 1537 bonum
1552 1468 1963 1538 solicitudine
1986 1489 2116 1537 ma-

540 1560 874 1647 ximopere
921 1556 1157 1640 adniti,
1207 1566 1280 1624 ut
1338 1577 1500 1642 quae
1550 1577 1669 1646 per
1715 1562 1837 1625 Eos
1883 1559 2114 1626 identi-

537 1648 691 1715 dem
723 1647 1165 1712 decernuntur
1196 1643 1554 1733 privilegia,
1591 1646 1981 1732 praestitutis
2025 1648 2115 1713 le·

536 1734 720 1821 gibus
765 1734 1054 1834 apprime
1101 1734 1592 1812 contineantur;
1642 1752 1724 1801 ne
1774 1733 1926 1800 vitio
1973 1735 2114 1801 illo-

538 1841 716 1904 rum,
760 1823 992 1907 quibus
1042 1839 1111 1885 ea
1158 1820 1367 1887 delata
1423 1832 1918 1905 sunt,-rectum
1965 1822 2113 1891 inde

536 1909 831 1976 ordinem
890 1907 1249 1995 perturbari
1310 1903 1710 1996 aliorumque
1766 1910 1899 1977 iura
1948 1911 2112 1978 laedi

537 1996 882 2083 contingat.
955 1995 1233 2084 Sapienti
1286 1996 1559 2083 proinde
1627 1997 1892 2065 consilio
1940 2003 2114 2065 Prae-

535 2084 980 2152 decessoribus
1007 2084 1251 2151 Nostris
1280 2085 1488 2151 visum
1521 2096 1645 2170 est,
1683 2105 1754 2152 re
1789 2087 1967 2173 prius
1997 2107 2114 2175 per

534 2175 1113 2259 congregationem
1161 2172 1362 2239 Sacris
1404 2172 1650 2240 Ritibus
1688 2176 2112 2263 praepositam

535 2260 837 2346 discussa,
887 2270 1249 2347 opportune
1297 2260 1636 2349 praefinire
1682 2262 1987 2347 quidnam
2018 2263 2110 2328 iu-

534 2348 621 2414 ris
674 2349 977 2416 inducant
1032 2348 1253 2415 mitrae
1308 2368 1377 2414 ac
1432 2348 1889 2436 pontificalium
1937 2372 2108 2433 usuS,

532 2436 776 2525 aliaque
820 2437 887 2504 id
937 2453 1143 2523 genus
1212 2436 1478 2521 insignia
1507 2487 1524 2521 ,
1574 2436 1805 2521 quibus
1879 2439 2109 2526 placuit

530 2524 933 2613 Apostolicae
964 2524 1117 2590 Sedi
1149 2522 1422 2591 Abbates
1466 2525 1911 2611 Praelatosque
1956 2546 2110 2594 non-

529 2614 741 2679 nullos
788 2611 1104 2700 Episcopo
1152 2611 1483 2677 inferiores
1530 2623 1595 2678 et
1642 2615 1957 2697 quaedam
2002 2618 2109 2681 ca·

528 2701 908 2767 nonicorum
953 2698 1238 2785 c0llegia
1283 2700 1645 2767 honestare.
1699 2705 1784 2767 Ita
1830 2721 1980 2769 sane
2027 2703 2112 2769 fe-

532 2786 667 2853 licis
738 2787 1195 2855 recordationis
1258 2787 1620 2855 Alexander
1667 2792 1771 2856 VII
1841 2792 2109 2859 Praede-

531 2891 746 2942 cessor
801 2878 1074 2958 Noster,
1124 2873 1332 2942 habita
1400 2894 1610 2943 coram
1656 2897 1727 2943 se
1772 2881 2109 2947 Sacrorum

526 2962 787 3043 Rituum
833 2962 1341 3051 congregatione
1389 2962 1498 3032 die
1543 2967 1766 3033 xxvtl
1814 2969 2106 3054 Septem-

452 3076 463 3080 ·
528 3051 656 3119 bris
701 3053 858 3120 Anni
906 3055 1201 3121 MDCLIX
1247 3057 1597 3120 Decretum
1639 3055 1941 3140 sancivit,
1981 3075 2109 3142 quo

531 3141 709 3227 leges
755 3143 1096 3210 traduntur
1140 3140 1224 3207 de
1272 3161 1390 3208 usu
1424 3141 1883 3230 pontificalium
1929 3149 2109 3210 Prae-

409 3230 419 3242 '
529 3228 669 3295 latis
709 3230 1022 3316 Episcopo
1055 3228 1460 3297 inferioribus
1494 3230 1769 3311 tribut0;
1821 3232 2108 3317 itemque

528 3317 730 3384 felicis
778 3318 1012 3407 pariter
1056 3317 1514 3384 recordationis
1543 3318 1930 3385 Benedictus
1969 3322 2110 3386 xlv

529 3406 1083 3489 constitutionem,
1111 3424 1274 3491 quae
1310 3405 1565 3491 incipit:
1616 3410 1689 3471 Ιη
1724 3407 1967 3473 Throno
1999 3409 2107 3473 Iu-

525 3495 773 3573 stitiae,
807 3493 1008 3562 edidit
1040 3496 1175 3560 XIII
1206 3493 1568 3560 cal.Martii
1603 3495 1765 3561 Anni
1800 3498 2108 3563 MDCCLII

526 3579 602 3646 ad
656 3585 914 3646 Decreta
962 3580 1403 3667 approbanda,
1460 3599 1621 3665 quae
1670 3584 1898 3649 eadem
1945 3587 2105 3651 con·

525 3667 811 3753 gregatio
876 3667 1248 3753 vulgaverat
1291 3670 1376 3735 de
1445 3668 1788 3757 privilegio
1851 3669 2104 3758 pontili-

525 3753 792 3837 calium,
841 3774 968 3841 quo
1036 3753 1453 3823 Urbinatense
1522 3757 1884 3844 Capitulum
1935 3758 2101 3825 haud

527 3841 608 3906 ita
655 3841 907 3928 pridem
952 3853 1211 3910 auctum
1258 3845 1486 3912 fuerat.

655 3932 819 3998 Haec
851 3951 1008 3998 vero
1054 3931 1301 4018 aliaque
1334 3931 1399 3997 in
1432 3951 1572 3998 eam
1623 3951 1762 3999 rem
1809 3934 1950 4001 data
1984 3938 2104 4000 De-

524 4028 696 4084 creta
744 4038 823 4085 ex
872 4021 1005 4108 ipso
1057 4030 1422 4107 temporum
1471 4021 1674 4107 lapsu,
1725 4022 2107 4108 quandoque

526 4106 714 4173 etiam
760 4126 842 4173 ex
891 4108 1266 4175 eorumdem
1313 4107 1733 4195 ignoratione,
1769 4129 1879 4176 sua
1910 4110 2104 4176 inter-

523 4194 678 4261 dum
724 4197 1110 4263 executione
1158 4216 1402 4279 carere,
1436 4197 1768 4282 multaque
1813 4196 1890 4262 ab
1938 4197 2104 4284 ipso-

523 4303 666 4350 rum
712 4284 1314 4373 praescriptionibus
1346 4287 1535 4371 plane
1580 4284 1811 4352 absona
1844 4303 2103 4371 percre-

522 4371 821 4438 brescere
863 4372 1218 4439 dolendum
1251 4384 1369 4456 est,
1405 4371 1637 4457 quibus
1670 4373 1733 4439 in
1767 4374 1863 4439 rei
1890 4391 2102 4439 sacrae

522 4460 876 4546 perniciem
923 4461 1211 4527 converti
1259 4459 1768 4547 conspiciuntur,
1818 4480 1979 4547 quae
2026 4461 2103 4527 ab

520 4549 925 4635 Apostolicae
957 4547 1139 4616 Sedis
1169 4547 1570 4633 indulgentia
1604 4549 1679 4614 ad
1722 4550 1970 4616 cultum
2002 4567 2100 4614 re-

522 4635 961 4724 ligionemque
1022 4636 1089 4702 in
1135 4641 1471 4706 Sacrorum
1530 4636 1907 4705 tractatione
1967 4639 2102 4725 ipso

523 4724 710 4791 etiam
780 4736 1120 4794 ornatuum
1187 4726 1534 4812 splendore
1592 4724 1946 4792 liberaliter
1993 4720 2110 4791 ob-'

520 4832 782 4879 venere.
850 4815 1125 4882 crebrae
1172 4814 1412 4882 idcirco
1474 4821 1538 4877 et
1592 4831 1818 4899 graves
1871 4833 2102 4902 quere·

521 4901 617 4965 lae
665 4903 946 4989 perlatae
991 4903 1068 4968 ad
1114 4905 1238 4969 Nos
1285 4912 1458 4985 sunt,
1495 4911 1565 4965 ut
1616 4911 1681 4968 et
1715 4901 2103 4990 Episcopalis

520 4988 769 5054 Ordinis
813 4989 1113 5056 Maiestati
1168 4992 1572 5057 consulamus
1625 4990 1930 5059 adversus
1994 5010 2103 5057 eos

520 5073 631 5162 qui
680 5093 760 5140 ex
806 5075 1284 5161 communione,
1322 5095 1511 5164 quam
1545 5078 1927 5160 obtrudunt,
1977 5080 2105 5167 pri-

520 5161 906 5248 vilegiorum
951 5172 1176 5228 cuncta
1220 5181 1414 5250 pene,
1450 5166 1681 5251 quibus
1715 5168 2104 5253 Episcopalis

521 5251 800 5337 Dignitas
837 5250 1256 5337 splendescit,
1289 5252 1408 5319 sibi
1454 5250 1771 5320 adtributa
1799 5252 2102 5320 arbitran-

518 5353 662 5425 tur,
714 5349 779 5406 et
836 5348 1194 5406 accuratam
1261 5340 1603 5407 Sacrorum
1669 5338 1932 5406 Ritnum
1987 5341 2098 5408 ob-

2215 1382 2692 1470 Metropolitana
2724 1384 2974 1449 Barensi
3008 1385 3173 1452 nacti
3209 1402 3480 1465 eramus,
3516 1384 3594 1451 ad
3625 1402 3805 1469 prae·

2211 1472 2460 1538 stitntas
2506 1471 2588 1538 de
2639 1490 2714 1537 eo
2762 1472 3015 1557 regulas
3063 1473 3300 1539 iterum
3347 1469 3800 1558 iniungendas.

2213 1561 2452 1643 Quare,
2503 1578 2649 1625 cum
2711 1559 3023 1627 rationem
3091 1561 3186 1626 rei
3250 1559 3616 1627 universam
3663 1578 3804 1626 me-

2216 1659 2497 1713 moratae
2541 1648 2803 1715 Rituum
2847 1648 3336 1734 congregationi
3388 1646 3806 1733 perpenden-

2215 1735 2361 1801 dam
2408 1735 3036 1818 demandaverimus,
3071 1740 3414 1802 Decretum
3447 1735 3524 1801 ab
3570 1735 3802 1803 eadem

2215 1824 2533 1914 prolatum
2580 1836 2676 1889 est
2724 1823 2827 1890 die
2874 1828 2957 1891 27
3005 1825 3272 1909 Augusti
3320 1822 3464 1890 anni
3498 1825 3800 1909 proxime

2214 1912 2569 1998 praeteriti.

2343 2002 2471 2066 Hoc
2519 2018 2713 2086 porro
2768 2002 3113 2065 Decretum
3165 2018 3234 2064 ac
3297 1997 3615 2064 rationum
3664 2018 3796 2065 mo·

2212 2096 2426 2154 menta
2472 2098 2849 2172 ceterasque
2895 2089 2964 2153 S.
3015 2087 3198 2154 Sedis
3230 2086 3794 2175 praescriptiones,

2212 2174 2444 2261 quibus
2514 2174 2674 2242 illud
2731 2174 3037 2257 fulcitur,
3087 2175 3435 2260 diligenter
3503 2175 3840 2242 conside--

2211 2263 2512 2347 ravimus,
2548 2282 2825 2349 cumque
2863 2262 3261 2349 experientia
3296 2262 3685 2330 edoceamur
3718 2282 3801 2329 ex

2216 2350 2423 2417 minus
2486 2361 2662 2417 recto
2721 2350 3213 2438 privilegiorum
3259 2349 3633 2418 huiusmodi
3680 2371 3798 2417 usu

2212 2437 2392 2524 plura
2441 2438 2842 2505 incommoda
2875 2439 3263 2523 redundare,
3299 2457 3368 2504 ac
3409 2439 3795 2524 praesertim

2209 2526 2377 2600 haud
2427 2545 2651 2614 parum
2711 2527 2962 2594 detrahi
3022 2525 3353 2612 splendori
3400 2525 3795 2614 Episcopalis

2210 2614 2577 2700 Dignjtatis,
2627 2632 2820 2700 quam
2863 2626 3095 2681 sartam
3153 2613 3394 2700 ubique
3442 2633 3512 2679 ac
3561 2625 3796 2680 tectam

2211 2702 2416 2768 Nostri
2464 2713 2560 2768 est
2606 2703 2888 2770 muneris
2943 2701 3275 2790 protueri,
3337 2700 3513 2768 idem
3561 2705 3794 2768 Decre-

2214 2800 2394 2874 tum,
2444 2800 2515 2855 ut
2561 2790 2734 2857 illius
2786 2790 3115 2876 dispositio
3186 2789 3432 2856 firmins
3496 2789 3795 2856 subsistat

2208 2887 2399 2964 atque
2467 2879 2820 2944 accuratius
2887 2878 3267 2945 observetur
3333 2876 3409 2942 ab
3469 2877 3791 2961 omnibus,

2208 2965 2605 3032 Auctoritate
2651 2965 3011 3052 Apostolica
3065 2977 3289 3034 tenore
3357 2966 3794 3054 praesentium

2208 3054 2632 3140 approbamus
2679 3066 2746 3120 et
2790 3054 3262 3138 confirmamus,
3313 3055 3506 3139 eique
3557 3073 3790 3143 perpe-

2210 3151 2352 3208 tuae
2424 3141 2929 3227 inviolabilisque
2998 3142 3310 3210 firmitatis
3374 3143 3609 3225 robur,
3660 3143 3791 3209 vim

2207 3240 2273 3295 et
2320 3228 2660 3296 efficaciam
2708 3229 3087 3310 adiicimus;
3137 3230 3431 3315 illudque
3477 3228 3556 3296 ab
3601 3228 3677 3294 iis
3724 3249 3789 3295 o-

2208 3318 2462 3384 mnibus
2508 3329 2574 3383 et
2604 3318 2895 3405 singulis,
2931 3320 3006 3385 ad
3056 3338 3213 3404 quos
3259 3328 3503 3404 spectat
3536 3327 3600 3384 et
3633 3336 3788 3404 quo-

2208 3404 2560 3472 modolibet
2587 3408 2899 3493 spectabit
2948 3408 3012 3472 in
3060 3406 3374 3488 futurum,
3419 3403 3696 3472 firmiter
3727 3417 3789 3470 et

2205 3491 2656 3560 inviolabiliter
2713 3495 3032 3562 observari
3096 3508 3158 3561 et
3215 3491 3600 3582 adimpleri,
3670 3511 3787 3559 nec

2202 3581 2278 3647 ab
2327 3580 2496 3647 illius
2544 3580 2939 3650 observantia
2987 3593 3052 3649 et
3096 3581 3606 3667 adimplemento
3655 3580 3783 3647 ullo

2204 3688 2485 3753 unquam
2532 3682 2826 3759 tempore
2858 3671 3075 3737 recedi
3109 3669 3353 3737 debere
3385 3669 3782 3735 mandamus.

2332 3761 2665 3825 Praeterea
2738 3758 2909 3826 bisce
2978 3757 3210 3824 nostris
3256 3757 3639 3843 ApostoIIcis
3691 3755 3786 3822 Li-

2206 3845 2357 3911 teris
2407 3865 2479 3911 ea
2525 3845 2761 3913 iterum
2808 3846 2886 3912 ad
2936 3843 3445 3913 observationem
3498 3844 3785 3915 revocari

2204 3936 2537 4017 volumus,
2587 3954 2657 4002 ac
2703 3946 3017 4020 quatenus
3084 3952 3245 4021 opus
3291 3932 3373 3997 sit
3418 3934 3638 4017 denuo
3683 3954 3787 4021 ap—

2206 4021 2543 4112 probamus
2590 4033 2654 4087 et
2698 4023 3058 4106 sancimus,
3107 4038 3271 4107 quae
3329 4040 3450 4107 per
3516 4024 3787 4091 Praede-

2203 4129 2485 4177 cessores
2546 4111 2803 4176 Nostros
2847 4131 2916 4178 ac
3011 4108 3342 4176 raesertim
3405 4129 3524 4198 per
3584 4110 3790 4179 felicis

2203 4197 2656 4265 recordationis
2702 4198 2944 4266 Alexan
2992 4217 3137 4264 rum
3168 4198 3270 4264 Vll
3321 4196 3384 4263 in
3432 4210 3787 4264 memorate

2203 4290 2473 4352 Decreto
2520 4286 2647 4351 diei
2698 4289 2780 4352 27
2823 4285 3215 4372 Septembris
3254 4289 3445 4368 1659,
3483 4285 3786 4371 illiusque

2204 4373 2634 4440 declaratione
2695 4373 2862 4441 edita
2921 4373 3041 4439 sub
3094 4372 3200 4440 die
3247 4377 3331 4439 20
3378 4372 3518 4439 Iulii
3575 4376 3784 4451 16603

2203 4481 2452 4528 necnon
2498 4480 2613 4549 per
2644 4462 2755 4529 fel.
2795 4480 3003 4528 recor.
3041 4461 3458 4528 Benedictum
3495 4465 3634 4529 xlv
3679 4480 3785 4527 sua

2206 4549 2698 4633 constitutione,
2749 4568 2914 4636 quae
2959 4549 3220 4633 incipit:
3272 4551 3346 4614 In
3400 4547 3649 4615 Thr-ono
3680 4551 3784 4615 Iu-

2204 4641 2481 4718 stitiam,-
2538 4648 2727 4723 atque
2772 4637 2918 4704 alias
2968 4655 3086 4725 per
3140 4641 3477 4703 Sacrorum
3520 4637 3788 4705 Rituum

2202 4725 2776 4813 congregationem
2820 4725 3209 4811 praescripta
3255 4727 3518 4791 fuerunt
3548 4725 3634 4792 de
3665 4744 3786 4791 usn

2203 4812 2661 4900 pontificalium
2695 4814 2989 4881 Praelatis
3020 4812 3335 4900 Episcopo
3373 4812 3785 4881 interioribus

2205 4912 2270 4968 et
2317 4902 2640 4970 canonicis
2686 4901 3016 4971 attributo.

2333 4989 2634 5067 Quocirca
2658 4989 3141 5059 venerabilibus
3174 4988 3494 5057 Fratribus
3524 4989 3786 5055 Patriar·

2207 5078 2365 5159 chis,
2414 5078 2813 5163 Primatibus,
2865 5076 3376 5180 Archiepiscopis
3414 5087 3481 5144 et
3525 5075 3786 5162 Episco-

2209 5165 2302 5253 pis
2347 5165 2613 5252 aliisque
2661 5167 2950 5233 locorum
2980 5165 3322 5235 ordinariis
3369 5184 3488 5255 per
3516 5167 3784 5249 Aposto-

2209 5254 2324 5318 lica
2369 5254 2603 5339 scripta
2664 5253 3066 5338 mandamus,
3118 5267 3190 5322 ut
3243 5263 3611 5342 praesentes
3672 5269 3781 5318 no·

2205 5353 2360 5406 stras
2402 5341 2645 5407 Literas
2689 5353 2880 5427 atque
2926 5341 3136 5409 omnia
3182 5354 3246 5409 et
3284 5341 3535 5429 singula
3581 5341 3645 5408 in
3693 5339 3779 5406 eis
