4042 5950
2047 215 2521 295 ..403-

755 377 850 445 Ad
901 381 999 444 111.
1051 398 1089 441 ι
1120 375 1441 464 Hymnum
1497 374 1750 444 Christe
1819 376 2217 443 Sanctorum

619 465 691 531 in
737 469 924 532 Festo
969 469 1034 535 S.
1069 460 1375 531 Gabrielis
1422 463 1824 531 recitandum
1856 483 1994 531 esse
2028 473 2222 552 prout

633 554 878 639 legitur
935 552 1000 619 in
1067 558 1251 620 Festo
1307 550 1736 618 Dedicationis
1781 555 1845 619 S.
1898 549 2218 620 Michaelis

625 641 1010 727 Archangeli
1045 664 1108 707 ›.

756 729 853 797 Ad
901 731 1004 797 IV.
1056 751 1094 793 ι
1126 728 1462 796 Lectiones
1509 726 1700 813 primi
1747 727 2056 796 Nocturni
2119 747 2216 793 re-

622 816 902 884 citandas
948 837 1086 884 esse
1133 817 1218 884 de
1264 814 1590 900 Scriptura
1636 827 2015 884 occurrente
2060 839 2123 880 ν.

754 909 963 992 Atque
993 905 1075 971 ita
1106 902 1435 990 rescripsit
1480 916 1546 970 et
1590 906 1828 971 servari
1865 902 2210 971 mandavit.

754 994 866 1061 Die
921 998 997 1060 12
1044 991 1443 1081 Septembris
1494 996 1688 1060 1857.

621 1136 878 1205 3061.
1267 1137 1550 1202 ALBEN.

754 1260 1071 1328 Ecclesiae
1095 1260 1486 1328 cathedralis
1521 1255 1814 1329 Albensis
1843 1263 2212 1349 Capitulum

624 1369 699 1416 eo
748 1346 987 1436 gaudet
1036 1349 1280 1415 honore
1328 1359 1399 1415 ut
1446 1349 1738 1417 eiusdem
1766 1351 1972 1437 prima
2004 1351 2215 1438 Digni-

623 1447 753 1520 tas,
802 1436 1245 1504 Archidiaconi
1310 1436 1496 1503 titulo
1556 1438 1890 1521 decorata,
1953 1437 2210 1505 Abbatis

623 1525 812 1592 etiam
859 1524 1120 1592 nomine
1184 1534 1248 1589 et
1310 1524 1663 1613 privilegiis
1724 1527 2211 1610 cohonestetur,

619 1613 852 1698 quibus
900 1611 1052 1678 olim
1099 1611 1429 1678 fruebatur
1473 1613 1678 1680 Abbas
1723 1615 2053 1701 suppressi
2086 1619 2213 1681 Mo-

620 1699 876 1767 nasterii
923 1701 1129 1766 Sancti
1179 1701 1513 1767 Gaudentii
1561 1703 1625 1767 in
1672 1703 1939 1788 regione
1996 1703 2212 1770 Sancti

620 1789 924 1875 Stephani
949 1786 1129 1854 Belbi
1154 1787 1415 1856 Ditionis
1438 1790 1969 1857 Pedemontanae.
2001 1793 2208 1869 Quum

620 1877 791 1942 enim
837 1895 999 1942 anno
1046 1879 1415 1960 unccmx,
1451 1880 1555 1946 Vll
1586 1877 1737 1944 Idus
1781 1877 2206 1965 Septembris,

618 1968 916 2032 Summus
961 1963 1251 2031 Pontifex
1300 1965 1599 2033 Clemens
1646 1968 1782 2033 Xlll
1846 1967 2017 2034 idem
2080 1970 2206 2033 Mo-

617 2051 966 2118 nasterium
1011 2054 1444 2139 suppresserit
1491 2074 1609 2140 per
1653 2053 1899 2121 Bullam
1957 2056 2208 2122 Sollici-

618 2140 908 2207 tudinem
941 2141 1291 2225 Apostolici
1332 2140 1710 2225 Minister-ii,
1759 2142 1955 2231 ipsius
2000 2147 2209 2211 Mona-

613 2226 795 2295 sterii
843 2228 1088 2297 reditus
1136 2239 1201 2295 et
1246 2241 1557 2316 proventa
1611 2230 1902 2318 capitulo
1946 2231 2207 2301 Albensi

613 2315 938 2385 adiunxit:
987 2314 1123 2384 iura
1169 2336 1324 2383 vero
1369 2317 1714 2385 Abbatialia
1744 2319 2205 2387 Archidiacono

614 2421 734 2491 pro
792 2414 1091 2493 tempore
1145 2405 1539 2473 cathedralis
1601 2406 1795 2494 ipsius
1862 2407 2201 2475 concessit.

611 2492 797 2559 Hisce
866 2492 1109 2560 iuribus
1180 2493 1380 2559 fretus
1438 2493 1938 2561 Archidiaconus
1999 2494 2204 2561 Abbas

612 2580 833 2647 Simon
878 2583 1106 2663 Horra,
1156 2602 1187 2645 a
1237 2580 1345 2647 die
1389 2582 1833 2667 possessionis,
1885 2602 2050 2669 quae
2112 2583 2204 2649 lo-

615 2687 762 2734 cum
809 2666 1028 2735 habuit
1074 2688 1236 2739 anno
1283 2670 1728 2753 MDCCCXLII,
1780 2669 1844 2736 in
1875 2670 2204 2757 quibusvis

611 2755 802 2822 sacris
849 2755 1303 2840 functionibus,
1346 2756 1533 2822 etiam
1586 2756 1651 2823 in
1694 2759 1962 2825 solemni
1996 2759 2206 2825 Missa·

612 2862 756 2910 rum
789 2843 1248 2926 celebratione,
1281 2845 1518 2910 annulo
1550 2857 1872 2931 gemmato
1907 2867 2057 2914 usus
2106 2857 2203 2913 est

609 2930 786 2999 iuxta
819 2931 1231 3021 privilegium
1256 2930 1600 3000 Abbatibus
1633 2934 1839 3003 Sancti
1870 2934 2199 3005 Benedicti

611 3031 1025 3109 competens,
1085 3032 1150 3088 et
1203 3023 1710 3109 praerogativam
1763 3025 1843 3092 ad
1890 3024 2199 3091 Abbatem

609 3110 819 3179 Sancti
865 3108 1204 3177 Gaudentii
1250 3110 1403 3177 olim
1434 3122 1863 3196 spectantem,
1899 3112 2058 3198 quin
2095 3112 2203 3177 ali-

608 3197 749 3283 quis
789 3216 989 3284 super
1034 3197 1357 3265 delatione
1406 3198 1718 3266 eiusmodi
1751 3199 1968 3267 annuli
2010 3200 2198 3285 quid-

607 3303 798 3370 quam
868 3286 933 3353 in
1002 3287 1392 3355 contrarium
1462 3286 1737 3373 dixerit,
1801 3289 1905 3354 vel
1974 3288 2199 3354 saltem

608 3375 671 3439 in
734 3374 1002 3442 dubium
1059 3374 1483 3458 revocaverit,
1550 3394 1755 3461 usque
1813 3376 1891 3443 ad
1961 3396 2198 3443 annum

605 3463 1034 3542 MDCCCL1V3
1064 3463 1151 3528 ‘in
1197 3482 1321 3549 quo
1369 3466 1444 3529 R.
1494 3465 1569 3529 D.
1621 3462 1886 3531 Sabinus
1945 3464 2198 3532 Rinaldi

606 3550 888 3615 Vicarius
919 3549 1291 3637 Capitularis
1323 3550 1641 3618 Dioecesis
1673 3551 1986 3635 Albensis‚
2025 3551 2197 3619 Sede

604 3637 711 3703 illa
757 3636 1114 3725 Episcopali
1161 3648 1452 3722 vacante,
1505 3649 1805 3726 reputans
1854 3659 2041 3707 usum
2088 3660 2195 3705 an-

602 3724 739 3793 nuli
784 3742 933 3790 cum
978 3743 1232 3812 gemma
1277 3725 1543 3792 minime
1592 3728 1966 3813 convenire,
2015 3747 2196 3816 prae-

601 3811 825 3878 sertim
875 3812 943 3878 in
983 3812 1175 3880 sacris
1222 3813 1679 3897 functionibus,
1731 3815 2193 3882 Archidiacono

601 3898 861 3967 Albensi
910 3921 1027 3967 ceu
1060 3901 1285 3968 Abbati
1319 3902 1526 3968 Sancti
1559 3903 1920 3987 Gaudentii,
1955 3902 2034 3969 ab
2075 3905 2191 3971 hac

602 3991 820 4055 Sancta
854 3989 1024 4059 Sede
1056 3988 1439 4077 simpliciter
1470 3991 1841 4075 postulavit,
1876 4004 1945 4058 ut
1980 3992 2190 4060 decla-

601 4095 742 4142 rare
790 4077 1199 4163 dignaretur:
1252 4080 1415 4144 Num
1465 4080 1690 4146 liceret
1732 4080 2195 4148 Archidiacono

598 4161 824 4231 Abbati
872 4165 963 4231 uti
1013 4166 1118 4232 tali
1167 4167 1426 4250 annu10,
1465 4166 1845 4257 praesertim
1877 4169 1940 4233 in
1972 4168 2188 4234 Missae

596 4251 1080 4321 celebratione?
1122 4275 1191 4321 ac
1237 4253 1302 4320 in
1350 4274 1497 4323 casu
1542 4255 1879 4341 negativo:
1927 4258 2025 4322 An
2073 4257 2188 4323 hu-

603 4340 875 4408 iusmodi
923 4342 1138 4410 annuli
1185 4343 1424 4425 delatio
1469 4353 1638 4411 esset
1681 4341 2082 4411 inhibenda?

710 4429 1053 4499 Genericae
1078 4431 1228 4498 huic
1255 4430 1783 4520 interpellationi,
1807 4452 1968 4518 quae
1986 4450 2187 4519 quum

593 4517 1117 4606 nuda,proposita
1151 4519 1402 4602 fuisset,
1427 4520 1667 4588 nullam
1694 4519 1837 4588 facti
1870 4522 2189 4606 quaestio-

592 4623 746 4675 nem
813 4605 1144 4675 involvere
1205 4605 1581 4690 videbatur,
1645 4607 1817 4675 illius
1878 4608 2186 4696 temporis

591 4697 815 4762 Sacrae
873 4693 1134 4762 Rituum
1195 4696 1724 4783 congregationis
1789 4699 2184 4765 secretarius

591 4782 764 4848 iuxta
807 4783 1149 4869 generales
1181 4786 1436 4870 regulas
1481 4786 2007 4873 respondendum
2044 4804 2181 4852 esse

589 4879 788 4952 ratus,
840 4890 921 4936 ex
968 4871 1305 4940 Audientia
1355 4873 1744 4941 sanctissimi
1775 4874 2181 4963 Rescriptum

588 4955 886 5041 obtinuit,
935 4961 1109 5045 quod
1158 4960 1373 5028 eidem
1407 4960 1656 5030 vicario
1687 4959 2028 5049 capitulari
2062 4983 2181 5051 per

585 5047 900 5132 appositas
930 5046 1200 5115 Litteras
1233 5050 1407 5116 datas
1439 5053 1487 5116 V
1524 5050 1669 5117 idus
1700 5051 1838 5117 Maii
1888 5050 2181 5119 eiusdem

585 5134 729 5200 anni
764 5137 1155 5204 MDCCCLIV
1187 5136 1725 5205 communicatum
1771 5138 1915 5222 fuit,
1952 5149 2017 5205 et
2049 5158 2178 5224 quo

584 5220 1059 5289 declarabatur:
1109 5227 1288 5291 quta
1331 5227 1597 5292 Decreta
1642 5226 1791 5292 alias
1831 5228 2027 5310 edita,
2060 5227 2178 5293 hu·

580 5307 854 5377 iusmodi
901 5309 1115 5376 annuli
1162 5311 1554 5378 delationem
1603 5332 1742 5380 esse
1775 5316 2035 5379 omnino
2064 5332 2172 5379 ve-

1985 1137 2214 1224 (5253)

2316 373 2495 441 titam
2543 394 2612 441 ac
2660 376 2904 463 pluries
2950 375 3353 462 reprobatam
3402 387 3469 445 et
3527 375 3932 456 ‚inhibitam3

2324 461 2667 549 eidemque
2729 464 2974 533 Vicario
3039 465 3593 552 praecipiebatur,
3668 477 3753 530 ut
3866 487 3935 530 ua

2323 570 2436 638 par
2483 563 2651 618 esset
2699 553 3062 639 prudentia,
3114 553 3656 622 Archidiaconum
3734 552 3841 619 Ab

2321 649 2456 704 tem
2504 641 2707 705 Horra
2753 640 2838 708 de
2882 642 3117 708 annulo
3164 641 3551 730 deponendo
3595 655 3935 709 moneret.

2455 728 2639 795 iussis
2683 729 2858 795 illico
2906 731 3114 814 paruit
3161 730 3670 797 Archidiaconus
3726 729 3940 795 Abbas

2322 817 2546 899 Horra,
2598 818 2708 902 qui
2758 829 2970 884 tamen
3016 833 3164 884 cum
3212 828 3575 906 reputasset
3624 838 3764 907 per
3816 819 3936 882 tale

2320 903 2724 991 Rescriptum
2771 904 2900 972 suis
2933 904 3285 1061 plzivilegiis
3332 905 3437 994 (ad
3469 925 3639 992 quae
3692 904 3939 972 tuenda

2321 992 2672 1059 iuramento
2717 1011 2861 1061 sese
2908 1014 2945 1060 o
3028 995 3333 1061 trinxerat
3379 993 3443 1060 in
3505 992 3939 1062 Archidiaco·

2321 1092 2502 1146 natus
2529 1080 2953 1168 possessione)
2981 1082 3449 1151 detrimentum
3479 1080 3754 1165 inferri,
3791 1100 3938 1168 sup-

2367 1167 2521 1235 lices
2543 1188 2773 1256 preces
2805 1189 2953 1237 cum
2976 1169 3271 1257 pluribus
3301 1169 3728 1237 documentis
3756 1169 3935 1236 exhi·

2363 1256 2456 1321 uit
2482 1256 2885 1324 Sanctissimo
2912 1259 3181 1326 Domino
3205 1260 3432 1324 Nostro
3454 1257 3566 1325 Pio
3582 1263 3811 1345 Papae
3832 1261 3932 1337 tx,

2318 1342 2549 1430 quibus
2593 1349 3063 1413 revocationem
3110 1346 3427 1435 Rescripti
3471 1346 3605 1413 diei
3654 1350 3755 1414 XI
3801 1346 3933 1412 uati

2320 1434 2731 1516 MDCCCLIV,
2768 1444 2832 1500 et
2878 1435 3243 1502 facultatem
3275 1454 3393 1523 pro
3422 1453 3538 1501 suo
3572 1434 3934 1523 privilegio

2318 1520 2704 1587 vindicando
2759 1520 3121 1589 humillime
3184 1521 3588 1610 efflagitabat.
3636 1527 3735 1590 Et
3786 1526 3931 1589 San·

2319 1606 2632 1675 ctissimus
2687 1609 2794 1677 die
2848 1615 2935 1678 24
2980 1610 3120 1677 Iulii
3168 1610 3314 1678 anni
3364 1611 3669 1696 proxime
3732 1611 3929 1697 elapsi

2315 1695 2729 1781 MDCCCLVI,
2778 1699 3039 1767 attentis
3084 1699 3415 1786 expositis,
3451 1701 3580 1766 oris
3612 1699 3931 1788 aperitio·

2315 1802 2467 1851 nem
2528 1786 2867 1866 concessit;
2925 1800 2991 1855 et
3036 1806 3165 1853 non
3222 1785 3510 1853 obstante
3576 1787 3925 1876 Rescripto

2316 1872 2447 1939 diei
2477 1878 2557 1942 Xl
2590 1875 2728 1940 Maii
2758 1879 3173 1960 uncccmv,
3224 1873 3505 1961 benigne
3552 1875 3822 1957 annuit,
3865 1893 3927 1940 ut

2317 1962 2400 2029 de
2434 1962 2572 2028 iure
2605 1963 3043 2032 Archidiaconi
3091 1962 3347 2030 Abbatis
3391 1963 3699 2030 Albensis
3730 1983 3922 2051 agno·

2313 2061 2606 2116 sceretur
2636 2061 2702 2117 et
2732 2051 3113 2121 definiretur
3159 2051 3225 2120 in
3256 2052 3793 2140 congregatione
3828 2055 3923 2118 Sa-

2315 2156 2572 2203 crorum
2616 2138 2878 2208 Rituum
2922 2138 3267 2224 ordinaria,
3316 2140 3533 2207 audito
3581 2139 3780 2228 prius
3830 2139 3921 2206 Vi-

2314 2226 2482 2291 cario
2507 2226 2847 2327 capitulari
2874 2227 3160 2294 Albensi.
3185 2230 3355 2306 Quae
3380 2228 3671 2316 desuper
3696 2240 3920 2294 notatu

2311 2332 2659 2380 necessaria
2705 2316 2916 2400 duxit,
2977 2315 3153 2382 idem
3202 2315 3483 2383 vicarius
3530 2316 3921 2408 capitularis

2310 2420 2428 2490 pro
2458 2422 2574 2469 suo
2616 2422 2887 2471 munere
2933 2404 3228 2493 exposuit
3275 2404 3425 2470 huic
3474 2407 3713 2472 Sacrae
3762 2409 3917 2474 Con·

2311 2491 2704 2577 gregationi;
2732 2511 2894 2579 quae
2931 2505 3170 2575 tamen,
3199 2490 3372 2558 iuxta
3407 2504 3759 2582 receptum
3796 2509 3920 2562 mn-

2315 2598 2477 2663 rem,
2511 2580 2714 2646 voluit
2756 2591 2823 2646 ut
2867 2599 3065 2668 super
3112 2580 3428 2647 eiusmodi
3480 2582 3913 2649 controversia

2308 2670 2471 2734 alter
2517 2687 2600 2733 ex
2647 2668 3153 2756 Apostolicarum
3191 2670 3766 2736 caeremoniarum
3801 2673 3915 2735 Ma-

2308 2756 2521 2844 gistris
2564 2778 2752 2825 suum
2799 2756 2865 2823 in
2909 2755 3161 2844 scriptis
3194 2769 3417 2825 votum
3464 2758 3828 2842 proferret.

2439 2846 2650 2912 Rebus
2710 2845 2799 2911 sic
2860 2845 3190 2932 ordinatis,
3247 2845 3645 2935 subscriptus
3695 2846 3911 2915 Cardi-

2306 2933 2463 3001 nalis
2509 2937 2733 3004 Sacrae
2781 2932 3041 3001 Rituum
3087 2933 3617 3022 congregationis
3662 2935 3903 3003 Praefe-

2307 3033 2485 3106 ctus,
2534 3021 2599 3089 in
2645 3022 2987 3091 ordinariis
3044 3023 3333 3090 Comitiis
3390 3024 3467 3090 ad
3531 3025 3905 3092 Vaticanum

2304 3110 2613 3177 hodierna
2658 3111 2767 3178 die
2815 3111 3069 3195 habitis,
3119 3129 3401 3197 sequens
3446 3113 3726 3181 dubium
3760 3132 3899 3200 pro-

2306 3199 2550 3285 posuit:
2599 3204 2696 3266 An
2745 3200 2933 3266 liceat
2977 3199 3439 3267 Archidiacono
3501 3199 3735 3268 Abbati
3796 3204 3903 3267 Ca·

2305 3288 2613 3354 thedralis
2679 3288 2974 3354 Albensis
3042 3299 3297 3375 gestare
3362 3290 3677 3357 annulum
3754 3307 3896 3357 cum

2304 3393 2556 3462 gemma
2604 3377 2667 3442 in
2715 3376 2892 3442 Missa
2951 3376 3221 3443 solemni
3281 3378 3651 3465 ceterisque
3714 3377 3897 3444 sacris

2303 3463 2738 3531 functionibus
2761 3461 2795 3529 ⁴?

2436 3553 2575 3617 Emi
2610 3563 2674 3619 et
2705 3551 2844 3619 Rmi
2876 3556 3091 3619 Patres
3121 3552 3324 3620 Sacris
3358 3554 3613 3622 tuendis
3650 3552 3892 3623 Ritibus

2301 3640 2670 3729 praepositi,
2720 3640 2986 3728 singulis
3032 3652 3323 3707 accurate
3371 3644 3751 3730 perpensis,
3802 3662 3891 3708 re·

2300 3740 2544 3816 portata
2590 3729 3020 3796 declaratione
3068 3729 3380 3818 Rescripti
3442 3731 3571 3797 diei
3628 3737 3706 3799 11
3758 3730 3887 3798 Maii

2306 3821 2511 3917 1854,
2562 3817 3089 3905 respondendum
3152 3831 3588 3886 censuerunt:
3639 3842 3681 3886 ι
3716 3818 3887 3888 Affir-

2304 3917 2537 3971 mative
2572 3926 2637 3971 ».

2333 4004 2342 4009 ·
2430 3992 2542 4059 Die
2594 3998 2671 4060 12
2719 3993 3116 4079 Septembris
3169 3999 3359 4063 1857.

2429 4085 2519 4147 De
2588 4082 2945 4167 praemissis
3011 4094 3228 4150 autem
3290 4084 3395 4151 die
3458 4087 3535 4151 17
3601 4086 3881 4154 eiusdem

2296 4168 2535 4237 mensis
2567 4181 2631 4236 et
2663 4170 2834 4255 anni,
2869 4191 2904 4235 a
2936 4169 3294 4259 subscripto
3341 4174 3700 4242 Secretario
3735 4175 3880 4242 facta

2296 4257 2701 4326 Sanctissimo
2774 4261 3039 4326 Domino
3100 4262 3328 4327 Nostro
3387 4260 3493 4327 Pio
3560 4266 3764 4350 Papae
3808 4264 3879 4329 tx

2294 4344 2640 4430 relatione,
2691 4347 2993 4414 Sanctitas
3044 4351 3167 4417 Sua
3210 4349 3595 4417 sententiam
3666 4355 3877 4418 Sacrae

2291 4435 2813 4520 congregationis
2844 4442 3041 4502 r‘atam
3083 4436 3301 4504 habuit
3349 4450 3413 4504 et
3460 4439 3873 4506 confirmavit.

2292 4610 2558 4679 3062.
2828 4614 3352 4680 crimmum.
3574 4564 3580 4581 ⁸
3660 4586 3871 4701 (52:54)

2422 4788 2518 4855 Ad
2564 4789 2757 4854 finem
2803 4800 3193 4876 properante
3239 4808 3403 4857 anno
3457 4795 3649 4874 1856,
3684 4788 3869 4859 calari

2285 4876 2351 4943 in
2397 4874 2683 4944 Sardinia
2744 4877 2908 4943 viam
2974 4876 3309 4944 universae
3371 4878 3574 4946 carnis
3639 4880 3867 4966 ingres·

2284 4985 2391 5031 sus
2461 4976 2556 5030 est
2626 4965 2857 5033 nobilis
2926 4965 3024 5031 vir
3092 4968 3377 5033 Salvator
3435 4967 3653 5053 Bessi,
3702 4967 3865 5035 cuius

2284 5051 2400 5118 filii
2446 5054 2968 5140 metropolitanae
3001 5053 3324 5122 Ecclesiae
3371 5056 3737 5143 Capitulum
3782 5054 3863 5121 in·

2282 5149 2523 5206 stanter
2571 5154 2940 5225 exorarunt,
2994 5154 3064 5210 ut
3111 5142 3396 5211 defuncti
3444 5145 3728 5212 Cadaver
3781 5163 3859 5209 as·

2281 5227 2521 5295 sociare
2548 5230 2750 5296 vellet
2783 5230 2859 5297 ad
2890 5231 3239 5299 Ecclesiam
3265 5230 3692 5318 parochialem
3722 5236 3859 5299 San·

2285 5324 2421 5380 ctae
2482 5317 2803 5401 Eulaliae,
2857 5317 3073 5404 ibique
3143 5320 3442 5406 exequias
3509 5320 3852 5389 absolvere.
