4042 5950
2018 278 2494 360 —402-

730 447 812 511 Et
841 445 1023 510 Sacra
1068 442 1330 510 Rituum
1377 444 1827 532 congregatio,
1870 443 1947 511 ad
1990 442 2195 521 Quiri-

597 532 742 598 nale
775 531 840 598 in
870 531 1210 599 Ordinariis
1256 530 1544 599 comitiis
1578 533 1883 600 hodierna
1917 531 2020 600 die
2057 549 2196 597 coa-

597 618 858 703 dunata,
907 619 983 685 ad
1033 619 1414 688 relationem
1467 619 1807 707 subscripti
1856 619 2194 687 secretarii

605 717 669 774 et
702 708 996 776 omnibus
1026 717 1274 775 mature
1306 707 1667 797 perpensis,
1708 706 2194 775 rescribendum

600 797 896 862 censuit:
948 816 986 860 e
1020 794 1188 862 Nihil
1237 795 1492 862 interim
1543 796 1975 863 innovandum
2010 817 2079 862 ».

734 887 898 949 Haec
957 882 1366 970 amplitudini
1413 888 1582 951 Tuae
1628 883 2077 963 communico;
2129 894 2194 950 et

603 975 738 1059 Ipsa
785 971 899 1039 diu
945 971 1105 1039 felix
1153 981 1218 1038 et
1265 971 1602 1040 incolumis
1646 973 1841 1039 vivat.

735 1060 847 1126 Die
893 1063 935 1129 9
981 1058 1115 1126 Maii
1172 1063 1365 1128 ¹857.

605 1198 870 1269 3054.
1153 1203 1636 1270 AVENIONEN.
1964 1202 2193 1288 (5246)

737 1322 1090 1391 eanonicus
1124 1326 1448 1394 Ecclesiae
1481 1324 2006 1412 Metropolitanae
2040 1326 2203 1391 Ave-

604 1409 897 1495 nionen.‚
947 1413 1049 1479 cui
1096 1414 1474 1482 demandata
1525 1424 1622 1480 est
1684 1434 1832 1481 cura
1894 1413 2200 1480 Ordinem

607 1498 811 1565 Divini
879 1499 1077 1567 Officii
1146 1501 1537 1589 peragendi,
1607 1500 1941 1589 sequentia
2008 1500 2202 1569 dubia

608 1587 942 1760 enodand3
985 1607 1187 1675 penes
1233 1594 1298 1658 S.
1349 1595 1428 1658 R.
1477 1592 1548 1656 C.
1600 1590 1970 1678 proposuit;
2021 1588 2202 1656 vide·

635 1673 808 1742 icet:
848 1677 910 1763 (1
1096 1740 1103 1751 ,

744 1767 791 1829 l.
843 1764 912 1849 a)
961 1769 1029 1831 ln
1077 1765 1370 1834 omnibus
1416 1766 1552 1832 fere
1615 1766 1946 1832 Breviariis
1991 1765 2200 1834 Oratio

616 1852 726 1916 SS.
766 1854 1204 1920 innocentium
1250 1853 1349 1921 bis
1395 1853 1806 1921 concluditur
1836 1856 2049 1923 verbis
2083 1857 2205 1920 Per

611 1940 960 2006 Dominum
991 1943 1302 2027 Nostrum
1331 1945 1539 2010 Iesum
1584 1941 1964 2026 Christum,-
2011 1962 2203 2028 quae-

610 2025 755 2090 dam
805 2047 958 2093 vero
1005 2028 1119 2096 alia
1166 2043 1313 2096 sunt
1358 2031 1420 2097 in
1465 2029 1697 2116 quibus
1731 2030 1954 2098 eadem
1990 2032 2202 2098 Oratio

611 2113 769 2180 hanc
816 2114 1007 2183 babet
1049 2118 1568 2186 conclusionem:
1610 2118 1739 2197 Qui
1784 2124 1952 2186 vivis
1997 2130 2059 2187 et
2107 2139 2201 2187 re-

609 2221 768 2286 quae
800 2215 923 2270 etc.
971 2204 1197 2272 Melior
1242 2205 1459 2273 multis
1490 2205 1752 2274 videtur
1781 2208 1938 2275 haec
1981 2207 2205 2275 ultima

612 2291 937 2359 conclusio
1008 2293 1122 2361 hac
1191 2294 1370 2360 fretis
1430 2294 1717 2361 ratione:
1787 2300 1954 2362 Deus
2000 2296 2203 2380 enim,

612 2377 811 2463 aiunt,
859 2381 1042 2447 cuius
1087 2383 1498 2471 praeconium
1554 2386 1933 2450 innocentes
1976 2387 2204 2471 Marty-

614 2485 718 2532 res
749 2476 905 2552 etc.,
943 2468 959 2534 i
1044 2489 1081 2535 e
1115 2479 1212 2536 est
1244 2469 1353 2537 Dei
1386 2469 1606 2537 Filius.
1655 2473 1975 2549 Quaenam
2005 2471 2207 2558 igitur

615 2553 953 2709 praecilfegen
1003 2577 1036 2622 a
1071 2570 1166 2624 est
1199 2553 1568 2637 conclusio?
1608 2559 1811 2645 prima
1842 2579 1926 2627 ne
1956 2561 2063 2626 vel
2108 2578 2205 2625 se·

618 2659 743 2708 cun
792 2661 826 2706 a

742 2728 803 2814 b)
852 2735 922 2797 ln
967 2726 1260 2801 Oratione
1309 2737 1377 2801 S.
1426 2734 1735 2802 Brunonis
1784 2736 1852 2822 (6
1889 2736 2201 2821 Octobris)

545 2817 563 2835 ⁹
616 2817 985 2903 discrepant
1015 2821 1185 2888 inter
1214 2841 1286 2889 se
1318 2822 1669 2889 Breviaria:
1697 2823 1762 2891 in
1795 2823 2013 2891 multis
2037 2825 2209 2891 enim

618 2904 775 2973 baec
842 2909 1148 2995 leguntur
1210 2912 1442 2979 verba:
1518 2914 1593 2979 Ut
1639 2915 1757 2997 qui
1803 2914 2209 2982 Maiestatem

618 3003 802 3061 tetam
844 3000 1136 3081 praviter
1182 2998 1598 3084 delinquendo
1641 3002 2059 3088 offendimus,-
2091 2999 2209 3069 alia

615 3100 772 3149 vero
807 3083 1076 3153 babent:
1140 3090 1215 3154 Ut
1247 3092 1365 3173 qui
1399 3091 1800 3157 Maiestatem
1832 3095 2083 3176 iuqiter
2114 3093 2211 3175 of-

615 3171 968 3255 fendimus.
1017 3177 1113 3241 Ex
1148 3174 1281 3242 istis
1312 3175 1554 3245 duabus
1589 3177 1972 3247 lectionibus
2018 3200 2211 3266 quae·

620 3277 762 3325 nam
811 3261 1147 3330 retinenda
1192 3262 1343 3331 est?

749 3348 807 3435 c)
860 3353 924 3416 [n
978 3353 1164 3419 Festo
1223 3353 1509 3421 omnium
1557 3358 1932 3422 Sanctorum
1991 3357 2082 3422 sic
2143 3356 2208 3423 in

616 3434 909 3522 pluribus
955 3439 1288 3508 Breviariis
1322 3441 1562 3527 legitur
1590 3444 1839 3510 Oratio:
1886 3447 2057 3511 Deus
2089 3448 2208 3528 qui

617 3540 731 3587 :tos
792 3532 1083 3592 omnium
1141 3529 1535 3596 Sanctorum
1598 3534 1833 3600 merita
1892 3532 2005 3598 sub
2073 3552 2207 3599 una

621 3610 915 3679 tribuisti
962 3614 1317 3683 celebritate
1363 3624 1663 3686 venerari
1677 3643 1706 3702 ,·
1752 3621 1907 3687 dum
1956 3620 2019 3687 in
2075 3620 2211 3687 aliis

619 3696 893 3764 dicitur:
942 3704 1056 3769 sub
1118 3723 1255 3770 urta
1306 3706 1568 3774 tribuis.
1629 3713 1716 3775 De
1779 3707 2023 3775 duabus
2074 3708 2208 3774 istis

620 3785 1002 3855 lectionibus
1048 3810 1357 3877 quaenam
1404 3793 1881 3882 praeferenda?

749 3873 816 3959 d)
864 3879 932 3943 In
979 3880 1321 3963 Sequentia
1378 3902 1494 3970 pro
1544 3882 1843 3951 fidelibus
1888 3885 2209 3952 defunctis

622 3962 687 4030 in
748 3981 916 4050 pene
979 3966 1273 4034 omnibus
1336 3970 1683 4038 Missalibus
1748 3973 1986 4060 legitur
2045 3984 2208 4039 stro-

621 4052 794 4138 pbe:
846 4054 978 4120 Rea:
1037 4057 1393 4124 tremendae
1455 4063 1855 4140 maiestatis,
1908 4065 2026 4144 qui
2081 4062 2210 4127 sal-

619 4141 858 4207 vanans
901 4143 1118 4211 salvas
1161 4149 1414 4230 qratis5
1461 4146 1527 4213 in
1571 4146 1949 4232 quibusdam
1995 4159 2209 4215 autem

620 4227 712 4294 sic
741 4246 812 4295 se
843 4231 1034 4299 babet
1066 4233 1221 4300 baec
1250 4234 1550 4322 strophe:
1601 4237 1735 4303 Rex
1768 4238 2206 4304 tremendae...

622 4321 739 4400 qui
783 4320 1177 4388 salvando...
1215 4325 1531 4401 Quaenam
1579 4325 1768 4391 lectio
1816 4325 2208 4394 admittenda

623 4415 719 4472 est
762 4418 835 4474 ut
881 4407 1157 4476 melior?
1201 4410 1404 4500 prima
1451 4430 1535 4478 ne
1579 4411 1684 4479 vel
1730 4411 2065 4480 secunda?

756 4500 834 4563 11.
881 4497 1283 4586 Antiphonae
1327 4501 1598 4566 maiores
1629 4512 1774 4567 ante
1807 4502 2209 4569 Nativitatem

622 4584 871 4651 Domini
920 4588 1263 4654 cantandae
1294 4600 1443 4654 sunt
1474 4587 1646 4654 iuxta
1676 4588 2013 4658 Rubricam
2044 4601 2208 4658 stan-

623 4670 735 4756 do,
771 4673 972 4756 lente,
1007 4675 1289 4760 graviter
1318 4676 1724 4762 solemnique
1768 4678 1998 4746 modo:
2035 4680 2204 4764 quod

621 4779 883 4847 semper
913 4761 1198 4829 fideliter
1227 4762 1627 4831 observatur.
1676 4765 1951 4833 Dubium
1992 4778 2209 4835 tamen

624 4858 838 4916 ortum
868 4862 965 4916 est
998 4850 1163 4918 circa
1193 4853 1522 4920 Canticum
1554 4857 1777 4920 Beatae
1809 4855 2037 4921 Mariae
2072 4855 2209 4922 Vir-

623 4935 809 5028 ginis,
857 4938 1136 5006 scilicet:
1185 4942 1410 5006 Utrum
1456 4941 1520 5008 in
1555 4941 1758 5008 feriali
1802 4942 2015 5010 Officio
2065 4964 2208 5011 can-

624 5023 737 5089 tari
786 5024 1016 5093 debeat
1064 5028 1295 5095 eodem
1342 5031 1610 5096 solemni
1657 5030 1851 5097 modo
1907 5050 2036 5117 quo
2088 5036 2213 5098 An·

472 5116 503 5172 .'
625 5111 922 5197 tiphona;
982 5135 1060 5182 an
1122 5136 1279 5183 vero
1342 5128 1528 5185 cantu
1576 5116 1832 5185 feriali?
1871 5120 1986 5199 Qui
2048 5122 2209 5187 hanc

623 5199 914 5266 ultimam
984 5212 1206 5270 tenent
1263 5207 1684 5291 sententiam,
1745 5206 1906 5273 banc
1964 5209 2206 5273 ratione

762 5392 842 5474 (t)
878 5395 939 5451 n.
978 5397 1118 5455 nub.
1158 5398 1197 5453 1.
1236 5406 1287 5454 οι
1328 5400 1394 5456 11.

2299 442 2472 509 illam
2504 439 2760 530 probari
2792 450 3057 508 censent
3088 459 3369 528 nempe:
3420 439 3712 509 Officium
3759 461 3896 507 ease

2300 529 2383 597 de
2433 529 2588 596 feria
2638 540 2703 596 et
2747 533 2974 597 Preces
3039 528 3287 596 recitari
3349 528 3534 596 flexis
3577 529 3896 617 genibus3

2300 617 2404 684 alii
2447 629 2661 684 autem
2707 627 3035 685 asserunt:
3085 619 3464 704 Magnificat
3509 618 3898 686 cantandum

2299 726 2439 772 esse
2503 706 2884 773 solemniter
2945 706 3110 772 sicut
3162 715 3228 772 et
3284 705 3758 794 Antiphonam,
3823 725 3902 772 eo

2300 796 2475 881 quod
2522 794 2922 881 Antiphonae
2975 794 3024 860 Ο
3071 804 3137 859 et
3202 794 3531 861 Canticum
3578 794 3710 860 sint
3761 814 3898 861 cor·

2303 881 2564 948 relativa
2611 882 2778 948 inter
2834 901 2928 948 se.
2978 880 3140 959 Quid
3198 882 3608 950 sentiendum
3663 881 3761 948 de
3808 883 3904 948 bis

2300 968 2603 1124 {maim
2648 967 3039 1037 sententiis?
3094 968 3257 1048 Quid
3305 970 3370 1036 in
3428 970 3607 1058 praxi
3668 981 3900 1037 tenen-

2351 1077 2461 1125 um
3099 1084 3112 1097 ·

2436 1148 2616 1214 Sacra
2665 1147 2926 1215 Rituum
2971 1147 3423 1235 congregatio,
3456 1146 3521 1212 in
3549 1147 3900 1215 ordinariis

2305 1235 2591 1302 Comitiis
2639 1235 2946 1304 hodierna
2991 1235 3100 1301 die
3145 1235 3224 1302 ad
3290 1233 3608 1313 Quirinale
3663 1234 3902 1302 coadu-

2304 1323 2492 1406 natis,
2518 1324 2848 1391 referente
2880 1321 3238 1410 subscripto
3270 1323 3622 1390 secretario
3651 1333 3730 1388 et
3765 1336 3901 1411 post

2306 1423 2627 1478 maturum
2687 1410 3030 1479 dubiorum
3092 1410 3380 1479 omnium
3435 1430 3754 1495 examen,
3809 1432 3902 1479 re·

2303 1498 2759 1587 spondendum
2806 1497 3106 1567 censuit?

2437 1587 2533 1654 Ad
2594 1591 2732 1671 1.‚‹
2764 1588 3140 1655 Lectiones:
3201 1591 3322 1653 Per
3382 1590 3737 1654 Domina-s
3799 1609 3902 1652 ne·

2302 1686 2517 1742 strum
2564 1675 2627 1742 in
2672 1674 2964 1744 Oratione
3012 1678 3121 1745 SS.
3175 1676 3612 1744 Innocentium
3669 1680 3905 1764 Marty-
3999 1748 4000 1775 χ

2308 1781 2493 1848 rum,
2557 1768 2850 1848 qraviter
2906 1764 3328 1849 delinquendo
3397 1765 3784 1853 offendimus
3847 1766 3904 1830 in
3999 1780 4000 1785 ’

2305 1851 2602 1920 Oratione
2649 1855 2718 1920 S.
2758 1851 3096 1935 Brunonis‚
3143 1852 3256 1919 rub
3304 1872 3442 1921 ana
3491 1854 3802 1921 tribuisti
3847 1854 3904 1919 in

2305 1940 2602 2007 Oratione
2633 1940 2919 2007 omnium
2965 1943 3370 2026 Sanctorum,
3404 1944 3523 2027 qui
3552 1943 3904 2009 salvandas

2305 2027 2521 2094 salvas
2561 2032 2775 2112 gratis
2804 2027 2869 2095 in
2902 2030 3243 2116 Sequentia
3277 2048 3393 2118 pro
3424 2029 3762 2098 Fidelibus
3791 2035 3906 2098 De·

2307 2115 2564 2199 functis,
2592 2117 2953 2183 conformes
2983 2136 3124 2183 esse
3146 2118 3528 2185 authenticis
3552 2119 3909 2186 nissalibus

2310 2208 2380 2272 S.
2427 2204 2515 2270 Pii
2575 2207 2665 2288 V,
2713 2204 3064 2273 Clementis
3111 2209 3243 2274 Vlll
3300 2217 3367 2272 et
3424 2205 3661 2275 Urbani
3733 2211 3905 2287 vlu:

2310 2291 2588 2378 ideoque
2634 2293 3003 2360 retinendas
3036 2314 3104 2360 ν.

2440 2380 2537 2446 Ad
2585 2384 2658 2447 11.
2710 2402 2748 2446 e
2783 2382 3091 2450 Standum
3138 2382 3692 2450 consuetudini».

2443 2467 2553 2536 Die
2600 2471 2642 2537 9
2689 2469 2829 2537 Maii
2882 2473 3074 2539 1857.

2310 2642 2581 2713 3055.
2942 2646 3265 2713 ιΑΝΠΕΝ.
3675 2648 3908 2735 (5247)

2442 2819 2648 2887 Abbas
2693 2830 2758 2887 et
2804 2819 3102 2888 canonici
3148 2821 3471 2889 Ecclesiae
3515 2823 3911 2910 collegiatae

2311 2912 2575 2977 Sanctae
2623 2909 2849 2977 Mariae
2894 2909 2965 2975 de
3013 2910 3339 2994 Remedio,
3389 2931 3554 2979 anno
3610 2916 3784 2982 1796
3849 2915 3911 2981 in
4003 2987 4004 2992 ,

2309 2997 2580 3065 civitate
2627 2999 2917 3066 lanuensi
2966 3009 3247 3083 erectae,
3282 3013 3730 3088 exposuerunt
3761 3002 3910 3069 huic

2313 3090 2577 3156 Sanctae
2623 3085 2774 3154 Sedi
2819 3086 3219 3174 Apostolicae
3265 3107 3300 3151 a
3344 3087 3722 3157 fundatione
3767 3091 3910 3156 Gol-

2312 3174 2581 3260 legiatae
2629 3174 2920 3242 eiusdem
2968 3194 3154 3241 usum
3203 3174 3572 3260 invaluisse,
3606 3188 3680 3244 ut
3712 3197 3910 3264 quan·

2311 3264 2678 3349 documque
2724 3262 2790 3328 in
2836 3261 3066 3330 diebus
3113 3263 3455 3331 Dominicis
3485 3264 3775 3333 celebrat
3813 3286 3912 3332 so-

2311 3351 2615 3418 lemniter
2639 3352 2884 3417 Missam
2916 3349 3143 3438 aliquis
3164 3352 3661 3436 canonicorum,
3690 3374 3910 3442 asper·

2282 3439 2407 3506 *sio
2455 3459 2600 3506 cum
2649 3459 2808 3527 aqua
2853 3439 3194 3507 benedicta
3242 3461 3276 3505 a
3335 3440 3564 3508 Missali
3626 3446 3908 3510 Romano

2313 3528 2704 3618 praescripta
2759 3527 2868 3594 fiat
2912 3548 3041 3595 non
3087 3548 3119 3593 a
3182 3527 3604 3615 Celebrante,
3653 3531 3777 3599 sed
3835 3533 3910 3598 ab

2310 3616 2522 3701 aliquo
2556 3636 2635 3683 ex
2670 3615 3070 3705 cappellanis
3116 3636 3230 3683 seu
3277 3618 3710 3685 mansionariis
3744 3619 3906 3686 eius-

2313 3706 2465 3772 dem
2515 3704 2835 3771 Ecclesiae
2879 3703 3139 3771 servitio
3188 3704 3454 3773 addictis
3500 3707 3773 3792 pluviali
3817 3709 3907 3773 in-

2312 3794 2513 3873 duto;
2564 3792 2671 3878 qui
2720 3802 2904 3860 antea
2949 3792 3375 3881 aspersorium
3436 3794 3698 3862 tradere
3747 3796 3904 3862 solet

2313 3879 2537 3948 Abbati
2600 3882 2808 3949 Choro
2866 3881 3234 3968 praesenti,
3287 3892 3356 3948 ut
3419 3882 3711 3970 seipsum
3760 3903 3899 3951 cum

2314 3970 2546 4037 eodem
2593 3969 2952 4070 aspersorio
3000 3970 3333 4039 benedicat
3361 3990 3431 4036 ac
3461 3970 3705 4039 deinde
3748 3972 3903 4040 illud

2314 4056 2677 4124 Celebrant1
2740 4057 3069 4142 restituat,
3120 4072 3191 4127 ut
3253 4058 3339 4125 de
3399 4077 3580 4127 more
3639 4060 3904 4128 benedi·

2314 4148 2594 4213 ctionem
2628 4145 2944 4231 perficiat.
2975 4146 3182 4224 Quum
3216 4158 3429 4214 autem
3460 4148 3904 4236 superioribus

2313 4234 2489 4301 annis
2535 4233 2909 4334 cappellani
2960 4235 3076 4319 ipsi
3108 4254 3224 4303 seu
3255 4237 3650 4303 Mansionarii
3687 4237 3900 4304 detre-

2314 4332 2561 4389 ctarent
2591 4323 2957 4391 huiusmodi
2988 4341 3177 4390 usum
3207 4343 3490 4409 servare,
3517 4335 3751 4413 utpote
3779 4345 3901 4392 non

2313 4410 2710 4477 conformem
2772 4410 3057 4477 Decretis
3101 4433 3136 4478 a
3181 4415 3363 4481 Sacra
3423 4413 3688 4481 Rituum
3746 4417 3902 4483 Con-

2314 4499 2687 4587 gregatione
2738 4500 2800 4566 in
2845 4497 3156 4567 similibus
3202 4500 3415 4584 editis¹
3453 4512 3745 4570 oratores
3789 4501 3906 4569 bu-

2311 4587 2598 4655 millimis
2645 4587 2944 4677 precibus
2988 4588 3065 4653 ab
3114 4589 3339 4657 eadem
3385 4592 3568 4657 Sacra
3624 4593 3903 4678 Congre-

2313 4676 2566 4765 gatione
2613 4675 3044 4763 postularunt,
3078 4687 3150 4743 ut
3180 4677 3511 4765 vigentem
3559 4690 3900 4745 consuetu·

2313 4765 2531 4832 dinem
2578 4763 2957 4831 confirmare
3002 4762 3400 4852 dignaretur.

2451 4855 2683 4921 Eadem
2730 4872 2922 4941 porro
2956 4853 3139 4919 Sacra
3169 4853 3622 4942 congregatio,
3654 4854 3736 4922 ad
3767 4854 3902 4932 Qui·

2312 4941 2513 5009 rinale
2562 4940 2870 5009 hodierna
2902 4940 3013 5007 die
3043 4942 3108 5008 in
3154 4941 3474 5010 ordinario
3517 4945 3728 5011 Coetu
3766 4963 3899 5010 coa·

2311 5029 2569 5116 dunata,
2617 5031 2694 5097 ad
2742 5028 3119 5097 relationem
3163 5029 3505 5118 subscripti
3565 5031 3897 5100 secretarii

2313 5128 2377 5182 et
2425 5130 2670 5184 mature
2716 5117 3055 5205 perpensis
3101 5117 3364 5206 singulis
3407 5121 3487 5187 ab
3547 5118 3899 5187 oratoribus

2311 5204 2633 5290 deductis,
2683 5223 2804 5273 nec
2849 5225 2976 5274 non
3025 5205 3468 5275 informatione
3524 5208 3663 5277 Rmi
3724 5207 3898 5276 Ordi-
