4042 5950
1959 240 2429 319 -442-

569 389 782 459 ristiae
851 393 1324 465 Sacramentum
1352 444 1371 481 ,
1420 394 1498 462 ab
1555 396 1913 485 Apostolica
1982 398 2152 466 Sede

568 480 875 547 declarari
939 482 1264 570 petierunt
1317 501 1470 550 num
1517 484 1580 552 in
1649 505 1830 571 casu,
1894 485 2150 554 attentis

565 566 1045 637 difficultatibus
1113 580 1177 636 et
1240 572 1667 641 Ecclesiarum
1736 584 2146 675 paupertate,

568 657 711 723 oleo
759 657 1071 725 olivarum
1140 660 1434 727 substitui
1551 661 1746 730 ossint
1815 664 1932 730 alia
1980 663 2149 747 olea,

567 764 727 831 quae
776 764 855 812 ex
901 746 1367 832 vegetabilibus
1428 751 1504 818 ha
1591 759 1786 835 ntur,
1837 751 1974 839 ipso
2020 769 2148 819 non

566 833 826 900 excluso
874 835 1191 921 peti-oleo.

696 924 875 988 Sacra
928 942 1119 1008 porro
1186 923 1446 994 Rituum
1505 930 1760 1015 Gongre
1805 927 1930 994 atio
1960 976 1978 1012 ,
2026 928 2147 994 etsi

562 1027 824 1096 semper
875 1010 1190 1096 sollicita,
1238 1023 1309 1078 ut
1368 1015 1555 1081 etiam
1626 1015 1690 1081 in
1804 1034 1873 1081 ac
1936 1025 2144 1102 parte,

566 1098 737 1184 quod
811 1117 1013 1185 usque
1059 1098 1138 1165 ab
1182 1101 1504 1169 Ecclesiae
1572 1101 1938 1192 primordiis
1982 1104 2146 1172 circa

563 1205 750 1252 usum
796 1186 920 1255 olei
970 1206 1050 1253 ex
1098 1188 1279 1255 olivis
1328 1189 1665 1259 inductum
1712 1203 1832 1276 est,
1882 1190 1964 1258 ob
2008 1211 2145 1280 my-

561 1274 743 1341 sticas
778 1275 1270 1361 significationes
1299 1277 1690 1364 retineatur3
1740 1289 2017 1347 attamen
2063 1281 2147 1348 si-

563 1363 762 1430 lentio
796 1364 1144 1452 praeterire
1173 1366 1435 1433 minime
1468 1370 1714 1435 censuit
1762 1369 2037 1435 rationes
2069 1370 2146 1437 ab

561 1449 787 1519 iisdem
834 1452 1163 1540 Episcopis
1208 1454 1516 1542 prolatas3
1567 1476 1638 1523 ac
1681 1456 1979 1544 proinde,
2031 1476 2143 1525 ex-

561 1539 792 1624 quisito
825 1540 999 1630 prius
1026 1551 1175 1607 voto
1222 1543 1479 1611 alterius
1510 1564 1593 1612 ex
1634 1544 2141 1633 apostolicarum

558 1630 1110 1696 caeremoniarum
1156 1631 1507 1718 Magistris,
1554 1634 1951 1722 subscriptus
1994 1639 2139 1702 car·

558 1714 783 1782 dinalis
829 1719 1184 1784 Praefectus
1250 1719 1539 1788 eiusdem
1585 1724 1808 1788 Sacrae
1859 1723 2139 1810 Congre-

558 1802 825 1888 gationis
856 1824 993 1871 rem
1042 1823 1298 1873 omnem
1347 1810 1677 1897 proposuit
1708 1810 1771 1876 in
1802 1809 2142 1877 ordinariis

557 1892 839 1960 Comitiis
885 1895 959 1960 ad
997 1894 1360 1963 Vaticanum
1409 1896 1711 1965 hodierna
1748 1897 1852 1965 die
1885 1897 2133 1967 habitis.

689 1981 827 2046 Emi
874 1992 1088 2048 autem
1120 1991 1185 2048 et
1209 1984 1345 2050 Rmi
1394 1988 1603 2052 Patres
1634 1987 1835 2052 Sacris
1881 1986 2136 2054 tuendis

558 2067 802 2135 Ritibus
867 2071 1249 2157 praepositi,
1299 2071 1589 2141 omnibus
1657 2085 1946 2142 accurate
1993 2095 2137 2165 per·

555 2156 768 2311 pensis
815 2177 885 2224 ac
932 2157 1412 2246 diligentissime
1460 2162 1863 2244 examinatis,
1914 2164 2141 2231 rescri-

601 2244 841 2312 endum
886 2260 1312 2315 censuerunt:
1361 2272 1398 2315 α
1431 2251 1791 2318 Generatim
1821 2252 2135 2322 utendum

557 2351 699 2399 esse
722 2333 866 2401 oleo
890 2335 1238 2422 olivarum3
1273 2336 1383 2405 ubi
1407 2357 1561 2404 vero
1588 2337 1803 2406 haberi
1833 2352 2135 2427 nequeat,

559 2421 1016 2490 remittendum
1084 2425 1463 2510 prudentiae
1534 2426 1992 2515 Episcoporum
2065 2440 2136 2496 ut

555 2508 881 2596 lampades
926 2516 1285 2580 nutriantur
1331 2532 1412 2579 ex
1441 2513 1578 2581 aliis
1611 2515 1795 2600 oleis,
1828 2526 2134 2601 quantum

555 2596 695 2663 fieri
739 2598 940 2699 possit
986 2599 1445 2687 vegetabilibus
1476 2622 1538 2668 ν.

683 2690 797 2752 Die
843 2689 885 2754 9
929 2685 1068 2752 Iulii
1121 2691 1311 2756 1864.

682 2776 861 2840 Facta
893 2776 1300 2860 postmodum
1343 2776 1430 2844 de
1475 2778 1833 2865 praemissis
1865 2781 2134 2848 Sanctis-

551 2861 711 2928 simo
756 2861 1019 2928 Domino
1053 2863 1319 2931 'Nostro‘
1355 2866 1461 2932 Pio
1505 2871 1702 2954 Papae
1747 2871 1830 2936 IX
1874 2889 1993 2956 per
2040 2870 2132 2937 in-

553 2949 954 3037 frascriptum
1028 2953 1452 3023 Secretarium
1527 2954 1700 3024 fideli
1780 2958 2130 3043 relatione,

553 3039 858 3106 Sanctitas
903 3043 1025 3108 Sua
1070 3042 1450 3110 sententiam
1497 3047 1720 3112 Sacrae
1777 3050 2134 3136 congrega·

551 3125 738 3194 tionis
785 3136 979 3195 ratam
1029 3130 1244 3197 habuit
1292 3141 1356 3199 et
1401 3131 1821 3203 confirmavit.
1886 3136 1997 3201 Die
2053 3139 2131 3203 14

552 3214 778 3286 iisdem
823 3234 1046 3285 mense
1094 3229 1157 3285 et
1202 3238 1391 3289 anno.

550 3395 797 3466 3122.
1050 3399 1323 3465 SANCTI
1368 3400 1617 3466 IAcOBl

1167 3508 1268 3571 DE
1313 3506 1518 3571 CILE.
1559 3496 1573 3509 ’

1899 3401 2126 3489 (casa)

675 3662 881 3739 Quum
909 3660 1201 3728 nonnulli
1231 3661 1622 3749 capitulares
1657 3662 1975 3731 Ecclesiae
2007 3669 2131 3732 Me-

550 3748 963 3835 tropolitanae
1012 3750 1220 3817 Sancti
1265 3750 1466 3817 Iacobi
1515 3751 1599 3817 de
1655 3752 1791 3820 cile
1851 3772 1883 3817 a
1946 3754 2128 3819 Sacra

547 3836 807 3904 Rituum
852 3837 1361 3924 congregatione
1410 3837 1772 3906 humillime
1819 3839 2127 3908 declarari

547 3925 893 4014 petierint:

677 4019 728 4081 l.
778 4016 875 4081 An
919 4013 984 4080 in
1029 4013 1399 4081 recitatione
1443 4017 1749 4082 Horarum
1787 4016 2126 4084 canonica-

547 4121 688 4168 rum
737 4102 801 4170 in
846 4103 1054 4170 cboro
1098 4101 1235 4169 sine
1281 4112 1466 4169 cantu
1516 4116 1851 4171 teneantur
1895 4105 2129 4173 chora-

547 4191 639 4258 les
684 4191 762 4258 ad
807 4191 1176 4258 asteriscum
1221 4208 1479 4278 pausam
1524 4188 1822 4260 servare?
1866 4203 1928 4259 et
1974 4212 2126 4278 qua-

547 4290 734 4345 tenus
780 4280 1177 4364 affirmative,

677 4371 751 4433 ll.
808 4370 906 4434 An
963 4368 1356 4436 consuetudo
1409 4367 1475 4435 in
1525 4368 1916 4435 contrarium
1975 4367 2125 4435 reti·

545 4455 753 4523 nenda
798 4457 880 4521 sit
926 4466 1116 4544 prout
1162 4456 1532 4545 obligatoria
1577 4456 1643 4522 in
1689 4454 1881 4523 casu'?

676 4545 915 4611 Eadem
962 4546 1145 4611 Sacra
1190 4545 1638 4632 congregatio,
1673 4544 1738 4611 in
1783 4544 2125 4613 Ordinariis

543 4632 829 4699 Comitiis
873 4633 951 4700 ad
997 4632 1363 4700 Vaticanum
1395 4634 1703 4702 hodierna
1751 4634 1857 4700 die
1893 4634 2124 4701 coadu-

544 4730 709 4805 nata,
750 4719 1269 4808 respondendum
1317 4723 1395 4790 ad
1439 4734 1788 4808 utrumque
1834 4723 2120 4790 censuit:

544 4828 584 4871 ‹
615 4809 711 4874 Ad
757 4808 1126 4876 asteriscum
1175 4809 1238 4876 in
1267 4808 1639 4876 recitatione
1671 4815 1979 4877 Horarum
2011 4814 2123 4879 ca-

544 4895 913 4963 nonicarum
947 4915 1202 4985 pausam
1248 4898 1504 4965 omnino
1550 4898 1961 4978 servandam;
1994 4919 2123 4965 non

543 4984 831 5138 obgtante
878 5002 1277 5071 quacumque
1326 4986 1391 5054 in
1438 4988 1824 5095 contrarium
1856 5005 2123 5054 consue-

548 5081 614 5137 tu
666 5072 771 5139 ine
804 5096 866 5141 ιν.

546 5247 586 5314 d
674 5163 882 5261 atque
951 5162 1034 5229 ita
1104 5163 1428 5250 rescripsit
1498 5182 1567 5228 ac
1633 5163 1872 5230 servari
1949 5180 2120 5231 man-

593 5257 747 5316 avit.

670 5335 784 5403 Die
828 5338 870 5403 9
916 5337 1053 5402 lulii
1111 5343 1302 5406 1864.

2253 397 2499 469 3123.
2833 399 3252 467 LIBURNEN.

3609 397 3837 485 (5325)

2381 579 2478 642 Ex
2522 575 3052 662 interpretatione
3112 585 3523 662 praepostera
3570 575 3839 642 Littera·

2250 683 2396 731 rum
2459 663 2963 749 Apostolicarum
3021 662 3087 730 in
3153 662 3354 729 forma
3419 663 3637 729 Brevis
3709 662 3837 728 diei

2251 755 2335 818 24
2367 750 2761 837 Septembris
2806 751 2952 818 anni
3004 754 3197 828 1808,
3242 750 3532 819 nonnulli
3565 769 3648 816 ex
3680 754 3836 836 cap-

2249 837 2519 926 pellanis
2576 840 2971 907 Gathedralis
3035 838 3358 907 Ecclesiae
3427 838 3835 906 Libui-nensis

2247 938 2574 994 autumant
2603 927 2719 994 sibi
2767 938 3142 1016 competere
3189 927 3284 994 ius
3328 926 3620 1014 gestandi
3669 945 3834 992 moz-

2248 1025 2484 1083 zettam
2527 1015 2864 1083 choralem
2914 1017 3104 1082 etiam
3152 1025 3333 1081 extra
3362 1015 3563 1103 ipsam
3608 1014 3835 1081 cathe-

2248 1103 2522 1187 dralem,
2570 1122 2977 1190 quocumque
3024 1104 3091 1170 in
3137 1105 3278 1171 loco
3314 1122 3517 1169 sacras
3565 1102 3833 1170 iunctio-

2246 1210 2360 1258 nes
2393 1204 2699 1280 peragant
2730 1192 2835 1258 vel
2867 1192 2942 1258 iis
2986 1193 3313 1271 assistant;
3362 1190 3651 1277 quamvis
3692 1189 3833 1256 fun-

2246 1280 2489 1346 ctiones
2537 1281 2706 1365 ipsae
2752 1299 2879 1346 non
2923 1279 3051 1347 sint
3097 1280 3383 1347 muneris
3415 1277 3833 1366 cappellano·

2246 1387 2418 1434 rum.
2457 1368 2862 1455 Quapropter
2890 1372 3084 1436 Rmus
3116 1373 3188 1435 1).
3227 1367 3651 1454 Hieronymus
3680 1368 3836 1432 Gavi

2248 1456 2601 1543 Episcopus
2665 1454 3153 1523 Administrator
3219 1456 3543 1540 Ecclesiae
3607 1454 3835 1520 Libur—

2246 1562 2428 1628 nen.,
2478 1562 2561 1609 ne
2608 1544 2922 1611 eiusmodi
2970 1544 3178 1633 praxis
3211 1543 3598 1626 invalescat,
3649 1561 3681 1607 a
3725 1544 3834 1608 Sa-

2243 1651 2499 1700 crorum
2531 1630 2792 1699 Rituum
2819 1632 3326 1720 congregatione
3372 1630 3686 1698 declarari
3713 1648 3831 1718 pe-

2241 1720 2377 1786 tiit:
2426 1722 2592 1787 Num
2639 1719 2704 1788 id
2748 1719 3002 1787 tolerari
3047 1719 3270 1807 possit.

2373 1811 2555 1875 Sacra
2588 1816 2799 1875 autem
2832 1808 2960 1896 ipsa
2993 1806 3439 1895 congregatio,
3472 1806 3540 1874 in
3568 1805 3834 1873 Ordina-

2242 1894 2352 1962 riis
2374 1895 2658 1963 comitiis
2692 1896 2999 1963 hodierna
3024 1896 3132 1963 die
3163 1895 3239 1963 ad
3265 1895 3635 1962 Vaticanum
3663 1894 3835 1960 babi-

2242 1984 2348 2067 tis,
2376 1983 2669 2050 omnibus
2692 2003 2762 2050 ac
2785 1983 3164 2070 praesertim
3189 1983 3416 2051 iisdem
3451 1981 3833 2070 Apostolicis

2241 2071 2498 2138 Litteris
2543 2092 2595 2137 s.
2647 2091 2735 2138 m.
2786 2072 2873 2139 Pii
2919 2076 3117 2161 Papae
3164 2075 3270 2139 Vll
3323 2082 3619 2138 accurate
3679 2090 3833 2137 con·

2237 2160 2572 2243 sideratis,
2646 2160 3131 2228 rescribendum
3199 2159 3489 2227 censuit:
3558 2181 3598 2224 ‹
3631 2161 3833 2246 Nega·

2240 2248 2411 2327 tive;
2465 2259 2530 2315 et
2561 2266 2746 2314 usum
2789 2259 3143 2316 mozzettae
3172 2246 3576 2337 cappellanis
3606 2248 3834 2314 cathe-

2239 2337 2431 2405 dralis
2453 2335 2776 2403 Ecclesiae
2797 2334 3206 2403 Liburnensis
3237 2347 3611 2425 competere
3637 2335 3833 2402 dum-

2238 2435 2409 2491 taxat
2456 2424 2617 2492 intra
2650 2424 2848 2512 ipsam
2880 2424 3322 2492 cathedralem
3360 2424 3426 2491 in
3457 2423 3650 2490 sacris
3681 2422 3832 2490 fun-

2240 2511 2588 2581 ctionibus:
2624 2526 2690 2579 et
2713 2522 2890 2580 extra
2914 2512 3356 2582 Cathedralem
3381 2511 3545 2579 iniis
3578 2521 3832 2577 tantum

2238 2599 2709 2685 functionibus,
2758 2600 2989 2687 quibus
3034 2601 3340 2667 interesse
3387 2599 3630 2668 debent
3676 2617 3830 2665 cum

2240 2691 2541 2756 universo
2588 2689 2977 2757 cathedralis
3022 2688 3314 2775 capitulo
3345 2709 3409 2754 ν.

2366 2784 2577 2863 Atque
2655 2780 2734 2844 ita
2808 2777 3130 2865 rescripsit
3204 2776 3573 2864 servarique
3650 2795 3830 2843 man-

2238 2866 2432 2934 davit.

2367 2955 2479 3022 Die
2526 2959 2568 3025 9
2612 2953 2753 3023 Iulii
2806 2957 2998 3023 1864.

2238 3100 2485 3169 3124.
2710 3101 2812 3166 ns
2858 3098 3332 3166 uictimam.
3590 3097 3826 3183 (csse)

2364 3226 2559 3289 Rmus
2603 3219 2905 3288 Dominmi
2949 3219 3305 3287 Beruardus
3351 3218 3525 3285 Pifiol
3561 3219 3827 3306 Episco-

2232 3331 2354 3399 pus
2400 3313 2784 3396 Nicaraguae
2852 3308 3280 3375 vehementer
3341 3306 3653 3374 sollicitus
3682 3357 3701 3392 ,
3752 3319 3827 3374 ut

2235 3418 2397 3485 quae
2445 3397 2522 3464 ad
2555 3415 2791 3464 sacram
2833 3394 3180 3484 Liturgiam
3217 3396 3570 3484 pertinent,
3608 3396 3827 3462 omnia

2232 3487 2356 3552 rite
2401 3506 2470 3553 ac
2517 3485 2872 3553 secundum
2940 3484 3233 3552 ordinem
3286 3485 3438 3552 fiant
3466 3531 3484 3567 ,
3533 3502 3823 3571 cumque

2232 3593 2463 3664 anceps
2524 3575 2820 3642 haereret
2886 3591 3042 3640 num
3103 3573 3415 3658 quaedam
3472 3574 3824 3638 consuetu-

2236 3661 2415 3729 dines
2483 3661 2559 3728 ab
2628 3659 3113 3729 immemorabili
3182 3670 3474 3750 tempore
3522 3658 3587 3725 in
3633 3659 3823 3726 Dioe-

2233 3753 2360 3815 cesi
2407 3770 2516 3818 sua
2563 3752 2910 3818 existentes
2954 3748 3303 3816 continuari
3363 3746 3644 3837 possint3
3712 3751 3822 3815 Sa-

2232 3856 2487 3907 crorum
2518 3838 2775 3906 Rituum
2810 3837 3297 3925 congregationi
3328 3835 3657 3923 sequentia
3698 3835 3820 3902 du·

2231 3924 2328 3993 bia
2378 3927 2706 3995 enodanda
2752 3925 3119 4015 proposuit;
3169 3923 3508 3992 nimirum:

2361 4020 2412 4082 1.
2459 4021 2632 4083 Inter
2703 4024 2917 4080 cetera
2971 4013 3341 4103 privilegia,
3412 4011 3644 4098 quibus
3717 4034 3819 4079 re-

2233 4102 2437 4191 ligiosi
2503 4102 2750 4170 Ordinis
2816 4107 3043 4168 Beatae
3106 4103 3334 4168 Mariae
3385 4100 3661 4187 Virginis
3732 4102 3817 4169 de

2231 4192 2525 4260 Mercede
2572 4189 3052 4279 Redemptionis
3072 4189 3481 4275 Captivorum
3514 4188 3819 4257 frueban-

2230 4292 2361 4362 tur,
2409 4296 2608 4346 unum
2655 4288 2789 4344 erat
2836 4277 3199 4345 celebrandi
3245 4277 3484 4345 Missam
3532 4278 3815 4345 votivam

2228 4370 2584 4435 solemnem
2616 4368 2698 4434 de
2728 4370 2912 4432 Beata
2943 4365 3124 4431 Maria
3159 4365 3450 4434 omnibus
3496 4362 3812 4450 Sabbatis,

2227 4476 2355 4523 non
2401 4456 2688 4522 obstante
2734 4470 3142 4539 quocumque
3209 4456 3396 4520 Festo
3452 4453 3702 4540 duplici
3748 4453 3817 4521 in

2225 4544 2300 4609 iis
2330 4553 2733 4611 occurrente.
2786 4542 2912 4610 Sed
2966 4560 3110 4608 cum
3160 4541 3396 4609 iamdiu
3428 4543 3492 4609 in
3521 4542 3813 4608 omnium

2228 4650 2444 4699 rerum
2491 4630 2969 4733 perturbatione
3017 4630 3294 4697 extincta
3341 4629 3535 4698 luerit
3579 4631 3645 4697 in
3696 4631 3811 4698 hac

2228 4721 2511 4788 Dioecesi
2558 4722 2741 4787 Sacra
2810 4718 3054 4807 Religio
3110 4723 3332 4785 Beatae
3396 4718 3623 4785 Mariae
3671 4719 3811 4786 Vir·

2226 4810 2390 4895 ginis
2435 4807 2521 4874 de
2566 4806 2864 4874 Mercede
2892 4857 2909 4892 ,
2956 4807 3278 4874 nonnullis
3325 4807 3408 4874 de
3460 4809 3649 4874 clero
3696 4811 3811 4874 Se·

2227 4897 2423 4963 culari
2485 4895 2574 4962 fas
2634 4894 2837 4963 visum
2886 4905 2982 4961 est
3026 4893 3117 4961 uti
3169 4894 3399 4962 eodem
3465 4893 3811 4998 privilegio

2225 4985 2292 5051 in
2337 4983 2639 5052 Ecclesiis
2696 4983 2815 5071 ipsi
2860 4987 3083 5049 Beatae
3140 4984 3365 5051 Mariae
3411 4983 3655 5070 Virgini
3723 4984 3809 5050 de

2226 5073 2524 5140 Mercede
2570 5071 2820 5139 dicatis.
2873 5074 3055 5139 Nunc
3118 5082 3333 5139 autem
3376 5071 3452 5138 ad
3502 5070 3807 5138 dirimen-

2223 5160 2370 5226 dam
2420 5161 2532 5228 hac
2581 5161 2663 5228 de
2699 5178 2768 5228 re
2814 5171 3014 5226 ortam
3061 5160 3554 5226 controversiam
3587 5163 3808 5227 Sacro-

2220 5267 2367 5316 rum
2413 5248 2672 5316 Rituum
2717 5248 3289 5335 Congregationem
3334 5248 3512 5314 adire
3553 5249 3805 5315 consul-

2226 5337 2350 5405 tius
2395 5347 2717 5425 censetur,
2754 5348 2822 5402 ut
2854 5339 3180 5404 declarare
3212 5335 3516 5423 dignetur
3558 5335 3681 5403 boc
3721 5357 3803 5403 ne
