4042 5950
2053 303 2157 320 -
2212 260 2525 340 378—

777 412 1051 482 Dubium
1074 419 1138 483 6.
1172 416 1379 496 Quum
1419 418 1758 505 generales
1789 429 2040 485 nostrae
2072 422 2236 486 con·

645 502 1005 573 stitutiones
1051 522 1170 591 pro
1217 505 1534 573 electione
1583 506 1849 575 ninistri
1908 506 2242 574 Generalis

646 590 927 658 facienda
1034 591 1455 677 raescribant,
1519 606 1592 662 ut
1644 615 1678 660 a
1737 595 2236 663 Resurrectione

648 678 893 746 Domini
937 700 969 745 a
1062 681 1235 748 diem
1297 701 1503 768 usque
1565 682 1897 750 electionis
1951 683 2236 769 qualibet

643 766 820 833 Feria
868 769 943 851 V,
980 769 1248 836 solemni
1297 773 1481 837 Festo
1528 788 1658 837 nou
1703 771 2042 858 impedita,
2093 792 2235 839 can·

644 864 817 922 tetur
865 855 927 923 in
972 855 1240 942 singulis
1285 857 1707 926 conventibus
1751 860 1927 926 Missa
1976 860 2061 927 de
2095 859 2234 947 Spi-

644 945 769 1010 ritu
816 947 1092 1023 Sancto;
1155 946 1529 1032 quaeritur:
1592 948 1923 1026 Quodnam
1971 953 2231 1016 Festum

642 1031 819 1099 hisce
868 1032 930 1100 in
968 1033 1455 1101 circumstantiis
1488 1033 1706 1102 haberi
1740 1035 1939 1103 debet
1968 1055 2089 1123 pro
2120 1039 2230 1105 So·

639 1116 863 1205 lemni,
914 1120 994 1186 ita
1041 1133 1138 1206 ut,
1190 1122 1327 1210 ipso
1392 1136 1806 1208 occurrente,
1855 1144 1986 1192 nou
2047 1126 2233 1193 liceat

640 1208 985 1295 praefatam
1034 1209 1277 1278 Missam
1326 1209 1722 1280 decantare?

772 1297 865 1364 Ad
898 1301 968 1365 6.
1007 1321 1043 1363 «
1066 1299 1533 1386 Quodcumque
1564 1319 1690 1366 non
1716 1300 2065 1369 admittens
2088 1302 2231 1370 Mis-

637 1404 766 1451 sam
813 1387 1089 1453 votivam
1138 1406 1256 1474 pro
1305 1407 1375 1456 re
1423 1389 1698 1476 gravi».

767 1474 1041 1542 Dubium
1091 1478 1153 1543 7.
1211 1476 1473 1553 Quando
1537 1477 1854 1564 contingit
1918 1479 2228 1547 celebrari

637 1560 878 1628 Missam
926 1565 1298 1631 solemnem
1346 1565 1409 1630 in
1452 1563 1653 1632 Altari
1701 1566 1967 1651 laterali,
2018 1578 2227 1635 estne

637 1662 789 1717 tnnc
833 1651 1079 1719 chorus
1124 1648 1407 1719 existens
1450 1663 1595 1740 post
1640 1655 1852 1723 Altare
1900 1654 2104 1724 maius
2134 1656 2227 1724 in·

637 1736 1046 1806 censandus‘?

766 1827 862 1895 Ad
910 1831 977 1894 7.
1031 1851 1067 1893 «
1101 1827 1515 1909 Affirmative,
1549 1831 1697 1916 quia
1727 1831 1973 1901 Chorus
2007 1835 2226 1900 Sacer-

633 1915 767 1981 doti
803 1916 1150 1984 celebranti
1199 1918 1595 2006 respondet;
1646 1933 1713 1987 et
1759 1920 1999 1988 idcirco
2033 1920 2225 1989 etiam

633 2002 710 2070 ad
758 2006 1047 2072 osculum
1094 2005 1264 2094 pacis
1310 2008 1407 2073 e'st
1452 2007 1891 2077 admittendus
1925 2032 1986 2076 ι.

764 2092 1038 2161 Dubium
1070 2097 1134 2162 8.
1171 2095 1336 2161 Num
1371 2095 1729 2182 Antiphona
1762 2096 1964 2165 linaiis
1996 2101 2222 2166 Beatae

632 2179 854 2246 Mariae
901 2181 1179 2269 Virginis
1207 2182 1289 2250 sit
1320 2184 1646 2252 recitanda
1689 2186 1942 2271 stando,
1979 2187 2041 2254 in
2074 2188 2224 2254 Sab-

632 2266 786 2334 batis
831 2270 1361 2360 Quadragesimae
1411 2272 1474 2338 in
1522 2273 1867 2361 Vesperis;
1933 2274 2225 2362 quamvis

630 2358 950 2446 Vesperae
994 2371 1139 2426 ante
1186 2359 1527 2428 meridiem
1575 2360 2074 2450 persolvantur?

760 2446 857 2514 Ad
903 2450 967 2514 8.
1019 2468 1058 2514 α
1091 2447 1483 2516 Affirmative
1517 2472 1580 2516 »-

761 2535 1035 2602 Dubium
1066 2540 1136 2605 9.
1170 2540 1238 2603 lu
1269 2537 1644 2624 receptione
1692 2539 1956 2605 Praelati
1988 2539 2066 2606 ad
2104 2543 2219 2607 Ec-

627 2622 889 2689 clesiam
934 2623 1110 2690 hisce
1144 2625 1207 2692 in
1240 2625 1394 2693 locis
1434 2627 1600 2695 solet
1645 2627 1959 2714 Superior
2004 2631 2220 2696 Eccle-

628 2710 758 2777 siae
802 2709 876 2776 ad
928 2711 1175 2779 ianuam
1225 2713 1547 2780 Ecclesiae
1592 2713 1792 2802 ipsius
1851 2734 2001 2782 eum
2051 2717 2219 2784 exci-

629 2814 816 2882 pere,
851 2809 915 2865 et
946 2799 1157 2867 eidem
1190 2801 1525 2889 porrigere
1557 2802 1988 2890 aspersorium
2034 2805 2221 2872 indu-

629 2896 729 2953 tus
790 2889 1267 2977 superpelliceo
1314 2909 1459 2957 cum
1524 2892 1722 2958 Stola.
1783 2892 1964 2959 Nunc
2025 2911 2218 2980 quae-

628 2974 837 3043 ritur:
894 2981 989 3046 An
1033 2979 1399 3066 supradicto
1459 2980 1526 3048 in
1585 2999 1731 3048 casu
1792 3000 1942 3049 usus
2004 2982 2216 3051 Stolae

629 3064 889 3132 tolerari
937 3064 1188 3153 possit?

756 3154 853 3222 Ad
902 3160 972 3225 9.
1018 3177 1058 3220 ι
1091 3157 1400 3242 Negative
1432 3180 1496 3226 ι.

755 3247 836 3310 Et
883 3246 1068 3311 Sacra
1115 3244 1376 3314 Rituum
1423 3246 1875 3335 congregatio,
1912 3246 2215 3335 requisita

628 3331 805 3420 prins
834 3352 1032 3420 super
1059 3333 1404 3487 propositis
1448 3334 1658 3403 dubiis
1702 3340 1775 3403 R.
1813 3339 1878 3403 P.
1916 3340 2217 3403 Procura-

630 3419 783 3486 toris
813 3423 1057 3488 Genera
1089 3422 1139 3487 is
1184 3423 1524 3506 sententia,
1559 3422 1623 3488 in
1653 3422 1981 3491 ordinario
2014 3428 2218 3493 coetu

624 3507 702 3575 ad
722 3507 1090 3576 Vaticanum
1110 3509 1419 3578 hodierna
1437 3510 1544 3578 die
1570 3509 1940 3596 coadunata,
1958 3513 2037 3581 ad
2059 3513 2215 3579 rela-

577 3636 580 3639 -
625 3594 868 3663 tionem
914 3596 1256 3684 subscripti
1289 3598 1654 3683 secretarii,
1686 3601 2214 3687 respondendum

626 3685 900 3768 censuit,
941 3697 1013 3751 ut
1049 3682 1170 3751 sub
1214 3685 1480 3774 singulis
1527 3686 1737 3754 dubiis
1768 3698 2054 3756 notatum
2089 3700 2208 3756 est.

756 3772 967 3874 Atque
1013 3773 1096 3839 ita
1144 3774 1599 3841 declarandum
1633 3786 1698 3842 et
1730 3777 2213 3845 rescribendum

624 3872 899 3927 censuit.
1914 3901 1921 3912 ·

754 3949 869 4015 Die
920 3951 1000 4017 16
1048 3949 1285 4036 Aprilis
1335 3953 1529 4017 1853.

620 4089 884 4160 3010.
1217 4092 1609 4160 mmmm.
1978 4095 2208 4183 (sisa)

753 4212 987 4298 Vigent
1017 4212 1223 4281 adbuc
1256 4215 1319 4282 in
1351 4214 1622 4281 Civitate
1668 4217 1966 4285 Fundana
2001 4229 2066 4285 et
2096 4238 2209 4286 no·

616 4300 890 4368 vissimis
920 4302 1098 4369 hisce
1133 4302 1528 4391 temporibus
1574 4305 1882 4372 excitatae
1913 4319 2062 4374 sunt
2094 4326 2206 4373 ve-

619 4401 792 4457 teres
842 4387 985 4455 illae
1034 4391 1506 4460 controversiae
1550 4393 1720 4460 inter
1763 4394 2050 4480 Capitula
2085 4395 2206 4462 iam

616 4477 1014 4546 Catbedralis
1062 4478 1232 4546 illius
1280 4480 1602 4548 Ecclesiae
1657 4483 1863 4552 Sancti
1924 4484 2092 4550 Petri
2142 4494 2208 4550 et

618 4565 1007 4652 collegiatae
1056 4567 1373 4635 Ecclesiae
1406 4570 1667 4637 Sanctae
1702 4569 1930 4637 Mariae·
1958 4571 2044 4638 de
2077 4571 2207 4638 Pla·

618 4665 744 4738 tea,
793 4674 1070 4741 quorum
1116 4672 1387 4742 germen
1433 4676 1760 4744 nunquam
1806 4656 2059 4746 integre
2089 4679 2208 4746 ,ex-

620 4742 889 4811 tinctum
938 4743 1081 4828 fuit,
1134 4744 1424 4830 quamvis
1469 4746 1863 4835 Episcopalis
1909 4759 1975 4813 et
2019 4748 2211 4815 huius

617 4834 879 4900 Sanctae
926 4832 1113 4902 Sedis
1157 4834 1511 4902 Auctoritas
1560 4835 2009 4904 controversiis
2055 4836 2208 4923 ipsis

617 4921 1030 4989 conciliandis
1083 4941 1426 4990 occurrere
1471 4943 1599 4991 non
1646 4924 1991 4991 destiterit.
2044 4928 2205 4992 con-

621 5008 1034 5079 tendentibus
1069 5012 1241 5079 enim
1265 5011 1593 5079 canonicis
1614 5011 2004 5099 Collegiatae
2033 5012 2206 5081 illius

617 5114 687 5161 se
720 5115 845 5163 non
877 5100 1084 5166 teneri
1117 5101 1196 5168 ad
1228 5101 1608 5202 obsequium
1646 5103 1851 5169 ullum
1883 5112 2204 5188 praestan·

615 5184 771 5250 dum
830 5187 1156 5256 Ecclesiae
1218 5190 1429 5255 Sancti
1483 5187 1653 5255 Petri
1709 5191 1979 5274 eiusque
2027 5187 2205 5276 capi-

615 5272 786 5366 tulo„
826 5272 955 5340 imo
1003 5275 1213 5363 potius
1259 5275 1696 5343 existimantes
1730 5276 1847 5343 sibi
1882 5276 1979 5343 ius
2013 5293 2205 5342 omne

617 5370 991 5448 competere
1023 5364 1100 5430 ad
1138 5381 1208 5427 ea
1255 5365 1387 5451 ipsa
1432 5365 1788 5450 adoptanda
1821 5361 2202 5430 canonicalia

2341 418 2605 507 insignia
2655 420 2837 509 queis
2883 421 3233 510 Dignitates
3276 434 3341 489 et
3370 422 3668 489 canonici
3714 422 3930 489 Eccle-

2335 508 2462 575 siae
2511 510 2718 579 Sancti
2766 509 2935 577 Petri
2982 529 3065 576 ex
3113 510 3475 598 Apostolica
3520 512 3932 577 concessione

2339 615 2540 683 usque
2573 601 2649 666 ab
2681 618 2844 665 anno
2890 602 3058 666 1808
3103 600 3656 668 condecorantur:
3700 618 3930 666 eornm

2337 687 2650 753 voluntati
2695 687 2940 754 obstitit
2984 687 3349 776 Capitulum
3379 687 3593 756 Sancti
3630 686 3828 769 Petri,
3862 707 3928 753 ac

2338 774 2611 860 proinde
2658 779 2841 844 Sacra
2876 774 3133 843 Rituum
3181 773 3608 863 congregatio
3652 776 3742 842 de
3787 795 3929 842 sen·

2338 863 2538 930 tentia
2586 863 2892 951 requisita
2923 862 3248 931 constituit
3279 876 3352 931 ut
3384 863 3607 932 debito
3653 863 3928 930 examini

2336 949 2814 1021 subiicerentur
2857 951 2987 1019 duo
3033 952 3362 1037 sequentia
3410 950 3628 1037 dubia,
3662 963 3928 1038 utraque

2336 1050 2517 1139 parte
2576 1040 2984 1122 informante,
3035 1039 3333 1107 formiter
3373 1041 3790 1119 concor-datu
3840 1039 3926 1106 ni·

2339 1145 2625 1196 mirum}

2470 1221 2531 1284 1.
2568 1219 2665 1284 An
2695 1218 2913 1286 favore
2947 1216 3217 1303 Capituli
3268 1219 3533 1285 Sanctae
3566 1216 3802 1284 Mariae
3829 1218 3924 1283 Ci-

2334 1302 2544 1372 vitatis
2592 1307 2930 1375 Fundanae
2977 1315 3224 1372 constet
3269 1306 3353 1373 de
3401 1305 3542 1372 iure
3586 1304 3924 1372 deferendi

2336 1389 2601 1479 insignia
2624 1396 2858 1480 quibus
2891 1403 3162 1461 utuntur
3190 1413 3360 1461 nunc
3392 1392 3689 1462 canonici
3715 1393 3924 1461 Sancti

2333 1479 2501 1547 Petri
2550 1482 2841 1550 eiusdem
2888 1478 3227 1551 Civitatis?

2465 1573 2530 1637 2.
2585 1571 2680 1637 An
2724 1570 3091 1662 capitulum
3139 1571 3463 1637 Ecclesiae
3505 1569 3718 1638 Sancti
3755 1569 3920 1636 Petri

2331 1658 2669 1726 Fundanae
2727 1658 3013 1729 civitatis
3058 1659 3610 1725 manutenendum
3659 1669 3728 1724 et
3776 1677 3922 1744 qua·

2332 1756 2517 1812 tenus
2587 1767 2749 1836 opus
2815 1748 2937 1830 sit,
3005 1746 3579 1835 redintegrandum
3651 1746 3716 1812 in
3795 1747 3926 1812 iure

2328 1835 2773 1919 praestationis
2820 1834 3275 1921 obsequiorum
3319 1845 3384 1902 et
3414 1853 3742 1902 sacrarum
3793 1835 3924 1900 fun-

2327 1921 2613 1991 ctionum
2676 1923 3184 1993 exercendarum
3257 1943 3341 1990 ex
3409 1932 3590 2009 parte
3647 1922 3924 2009 capituli

2328 2009 2720 2098 collegiatae
2745 2015 3008 2081 Sanctae
3033 2011 3260 2078 Mariae
3281 2011 3364 2078 de
3386 2012 3592 2078 Platea
3628 2011 3926 2078 eiusdem

2328 2097 2611 2168 Civitatis
2654 2100 2729 2167 ad
2779 2102 3050 2168 formam
3096 2099 3476 2167 concordiae
3523 2099 3670 2166 anni
3725 2102 3924 2181 16⁰³,

2325 2195 2391 2264 et
2439 2188 2868 2257 Resolutionis
2913 2192 3138 2257 Sacrae
3183 2187 3712 2274 congregationis
3764 2191 3926 2256 con·

2326 2273 2456 2341 cilii
2505 2278 2648 2343 anui
2706 2274 2927 2346 168οῗ

2454 2365 2738 2445 Quorum
2761 2366 3024 2455 quidem
3048 2364 3398 2432 dubiorum
3425 2383 3726 2448 examen,
3757 2376 3929 2429 utra-

2324 2470 2453 2537 que
2512 2464 2696 2539 parte
2754 2455 2851 2521 ius
2909 2471 3098 2520 sunm
3154 2472 3312 2519 voce
3359 2462 3428 2519 et
3471 2452 3728 2553 scriptis
3779 2472 3928 2541 pro-

2324 2549 2577 2626 tuente,
2612 2543 2770 2610 dum
2800 2542 3119 2630 superiori
3150 2560 3314 2607 anno
3351 2544 3519 2608 1852
3549 2540 3658 2607 die
3689 2546 3790 2608 25
3823 2545 3928 2608 Se·
4011 2546 4012 2571 ¹

2322 2628 2638 2715 ptembris
2686 2636 2880 2698 Emus
2923 2640 2993 2697 et
3036 2634 3235 2698 Rmus
3279 2633 3356 2698 D.
3390 2629 3576 2696 card.
3613 2632 3926 2697 Lambru-

2321 2716 2527 2783 schini
2582 2719 2944 2787 Praefectus
2990 2730 3055 2785 et
3100 2723 3349 2787 Ponens
3409 2735 3527 2805 pro
3617 2730 3821 2784 neret
3867 2718 3924 2782 in

2321 2807 2841 2876 Sacrae-nimum
2870 2806 3402 2894 congregationis
3424 2807 3471 2873 Ο
3553 2803 3777 2871 mariis
3811 2809 3924 2873 co·

2323 2892 2517 2960 mitiis
2550 2894 2627 2964 ad
2661 2896 3034 2965 Vaticanum
3081 2896 3334 2980 habitis,
3372 2892 3608 2985 placuit
3641 2894 3832 2959 Emis
3863 2906 3925 2959 et

2320 2983 2493 3049 Rmis
2539 2984 2822 3053 Patribus
2869 2985 3076 3053 Sacris
3120 2985 3377 3053 tuendis
3438 2982 3682 3050 Ritibus
3733 3001 3926 3070 prae—

2232 3125 2242 3137 .
2318 3070 2539 3171 positis
2588 3072 2819 3141 borum
2864 3072 3255 3141 solutionem
3287 3073 3595 3150 differre;
3645 3091 3722 3137 ac
3775 3090 3924 3160 pro·

2317 3159 2467 3225 inde
2517 3162 2903 3254 rescriptum
2952 3161 3238 3251 prodiit:
3292 3182 3332 3225 ι
3365 3159 3592 3229 Dilata
3639 3159 3728 3225 ad
3773 3180 3925 3245 pro-

2318 3266 2571 3314 xumam
2599 3271 2662 3316 ι.

2447 3337 2639 3404 Novis
2670 3337 2932 3405 interim
2965 3358 3086 3427 per
3115 3338 3451 3423 utriusque
3483 3334 3766 3424 capituli
3804 3340 3921 3403 De·

2313 3425 2603 3493 fensores
2634 3422 3569 3514 distributis,Allegationibns,
3620 3426 3682 3490 in
3734 3426 3919 3494 Ordi-

2315 3511 2491 3580 nario
2535 3515 2740 3582 coetu
2788 3514 2863 3581 ad
2917 3517 3287 3583 Vaticanum
3327 3513 3632 3581 hodierna
3660 3511 3784 3580 die
3817 3533 3919 3580 co-

2314 3599 2616 3687 adunato,
2668 3602 2906 3670 iterum
2951 3602 3277 3692 proposita
3314 3619 3492 3669 causa
3526 3619 3645 3690 per
3671 3604 3918 3668 Emum

2316 3699 2382 3754 et
2428 3693 2659 3758 Rmum
2708 3691 3048 3759 Dominum
3108 3692 3297 3760 card.
3348 3687 3709 3757 Gabrielem
3763 3693 3916 3757 Fer·

2316 3776 2503 3862 retti,
2567 3780 2710 3846 loco
2782 3789 2847 3846 et
2917 3780 3059 3847 vice
3133 3781 3270 3846 Emi
3331 3789 3398 3845 et
3451 3778 3590 3844 Rmi
3657 3778 3914 3845 Domini

2313 3865 2499 3934 Card.
2550 3868 3028 3936 Lambruschini
3076 3867 3385 3935 Praefecti
3443 3876 3508 3931 et
3567 3865 3912 3947 Relatoris,

2311 3954 2711 4040 singulisque
2774 3956 3093 4024 rationum
3157 3954 3497 4023 momentis
3552 3964 3618 4021 et
3662 3953 3912 4021 iuribus

2311 4041 2612 4129 diligenti
2658 4056 3085 4132 accuratoque
3120 4043 3411 4111 examine
3443 4041 3824 4130 perpensis3

2443 4133 2629 4198 Sacra
2695 4131 2958 4200 Rituum
3027 4135 3280 4219 congre
3330 4130 3455 4197 atio
3522 4130 3909 4197 sementim

2310 4238 2487 4286 suam
2534 4220 2830 4305 protulit,
2866 4231 3059 4306 atque
3092 4240 3231 4288 resc
3272 4221 3284 4234 ‘
3339 4218 3578 4287 endum
3608 4219 3902 4286 censuit:
4011 4303 4012 4308 Ἰ

2447 4307 2541 4375 Ad
2596 4313 2659 4375 1.
2707 4329 2747 4372 ‹
2780 4309 3085 4396 Negative
3119 4332 3186 4376 »-

2440 4397 2539 4464 Ad
2590 4400 2654 4465 2.
2707 4417 2746 4463 ‹
2777 4396 3196 4483 Affirmative,
3236 4407 3479 4463 tantum
3513 4395 3724 4482 quoad
3759 4399 3902 4462 Pro·

2307 4483 2624 4552 cessiones
2650 4498 2717 4552 et
2750 4483 2909 4551 ritus
2937 4487 2997 4554 in
3024 4489 3294 4553 Decreto
3319 4483 3465 4552 anni
3502 4486 3665 4552 1821
3701 4503 3902 4551 enun-

2306 4571 2549 4652 ciatos3
2600 4583 2665 4639 et
2711 4573 2787 4640 ad
2839 4576 2911 4641 1).
2949 4572 3532 4642 Pro-secretarium
3568 4590 3717 4639 cum
3757 4576 3903 4640 San·

2311 4658 2586 4728 ctissimo
2622 4683 2685 4729 »-

2439 4749 2551 4816 Die
2602 4753 2639 4818 7
2687 4750 2824 4816 Maii
2877 4753 3075 4818 1883.

2441 4840 2652 4926 Super
2696 4838 3006 4926 expositis
3057 4837 3273 4925 itaque
3319 4837 3429 4906 die
3481 4841 3559 4907 12
3607 4837 3900 4906 eiusdem

2309 4926 2543 4994 mensis
2589 4938 2655 4992 et
2702 4927 2846 4994 anni
2884 4931 3050 4995 1863
3094 4927 3251 4994 facta
3299 4945 3420 5012 per
3465 4927 3898 4994 Pro-Secreta·

2309 5013 2473 5080 rium
2518 5015 2950 5103 subscriptum
2996 5015 3402 5083 Sanctissimo
3462 5014 3735 5082 Domino
3784 5016 3898 5082 No-

2307 5112 2439 5167 stro
2473 5103 2578 5169 Pio
2609 5106 2693 5171 IX
2723 5102 3012 5171 Pontifici
3046 5104 3313 5169 Maximo
3342 5103 3520 5170 fideli
3553 5103 3890 5186 relatione,

2307 5191 2610 5257 Sanctitas
2656 5195 2781 5260 Sua
2827 5192 3213 5281 rescriptum
3268 5194 3491 5259 Sacrae
3537 5194 3898 5278 Congrega·

2309 5278 2495 5345 tionis
2542 5279 2606 5350 in
2653 5279 2945 5347 omnibus
2976 5279 3335 5366 Apostolica
3380 5279 3762 5347 auctoritate
3793 5299 3894 5346 sua

2307 5363 2704 5433 confirmavit
2747 5368 3120 5456 servarique
3168 5368 3530 5458 praecepit.
