4042 5950
1997 224 2311 305 —268
2365 268 2469 286 —

593 393 730 452 tum
772 398 891 473 pro
922 382 1232 471 spirituali
1275 400 1528 450 recessu
1559 396 1786 450 eorum
1816 382 1927 470 qui
1959 383 2036 450 ad
2072 386 2177 452 Sa·

595 491 738 539 cros
791 481 1252 558 promoventur
1309 470 1613 549 Ordines;
1677 472 1839 540 illud
1895 472 2181 559 denique

593 564 725 628 Deo
755 561 1093 628 adiuvante
1126 578 1497 628 concessum
1529 568 1651 644 est,
1680 569 1747 626 et
1778 560 2181 647 adsignatum

593 648 991 716 coenobium
1023 646 1089 714 in
1117 648 1254 735 ipsa
1283 647 1550 717 civitate
1581 649 1992 738 Neapolitana
2022 649 2178 717 olim

592 736 841 804 Ordinis
887 736 1422 819 Discalceatorum
1467 737 1673 804 Sancti
1712 736 2077 825 Augustini,
2112 757 2182 804 ac

596 825 940 892 novissime
971 845 1004 891 a
1033 824 1455 892 carthusianis
1484 824 1844 893 dimissum.
1875 827 2183 905 Quoniam

592 930 747 979 vero
793 932 999 1002 penes
1047 915 1344 981 eamdem
1387 915 1961 1000 congregationem
2015 914 2179 982 illud

594 1000 657 1067 in
705 1019 886 1068 more
931 1002 1213 1090 positum
1261 1012 1379 1087 est,
1415 1012 1483 1069 ut
1528 1002 1781 1088 quando
1812 1003 1975 1070 intra
2009 1021 2180 1069 eam·

593 1089 746 1156 dem
778 1089 1117 1158 Civitatem
1150 1091 1332 1158 binae
1364 1090 1485 1156 sint
1516 1091 1895 1159 constitutae
1922 1093 2178 1175 domus,

599 1177 886 1246 eiusdem
937 1179 1197 1246 Alumni
1256 1180 1332 1247 ad
1391 1180 1746 1266 Superioris
1806 1190 2036 1247 nutum
2095 1179 2182 1244 al-

599 1275 908 1333 terutram
968 1267 1287 1347 incolant3
1356 1277 1826 1354 proptereaque
1887 1266 2184 1336 Visitator

594 1353 883 1421 eiusdem
950 1354 1475 1443 congregationis
1537 1367 1603 1422 et
1669 1354 2036 1422 Provinciae
2101 1356 2179 1422 ad

594 1441 1101 1511 uniformitatem
1133 1442 1567 1528 obtinendam,
1593 1454 1796 1531 utque
1828 1464 1990 1512 nova
2021 1443 2179 1511 haec

592 1534 828 1597 Domus
872 1532 1080 1599 omnia
1129 1531 1237 1597 illa
1285 1540 1671 1618 assequatur,
1707 1552 1870 1619 quae
1921 1551 2001 1598 ex
2048 1532 2178 1618 pri-

590 1618 855 1705 vilegio,
885 1620 1081 1706 gratia
1108 1631 1173 1686 et
1201 1621 1455 1689 indulto
1490 1630 1742 1688 ceterae
1775 1620 2037 1706 habent,
2072 1622 2177 1687 Sa-

592 1726 735 1773 crae
780 1708 1042 1775 Rituum
1084 1708 1576 1796 congregationi
1620 1710 1981 1778 humillime
2028 1725 2177 1793 sup·

636 1794 894 1881 licavit,
965 1807 1038 1862 ut
1096 1796 1416 1884 Tyrocinii
1475 1801 1706 1865 Domus
1766 1795 2176 1886 Neapolitana

592 1815 777 1968 {olim
804 1884 1202 1951 coenobium
1235 1885 1444 1953 Sancti
1474 1886 1735 1974 Nicolai)
1771 1887 1836 1953 in
1873 1903 2174 1973 praesen—

594 1970 823 2038 tiarum
890 1975 1022 2039 con
1076 1974 1415 2059 regationis
1476 1975 1811 2060 Missionis,
1874 1973 2175 2059 sequenti

594 2058 844 2127 indulto
890 2077 1014 2147 gau
1068 2073 1204 2146 eat;
1256 2061 1602 2131 nimirum:

729 2152 788 2214 1.
824 2152 893 2215 In
925 2150 1123 2216 Nocte
1171 2151 1520 2219 Nativitatis
1566 2152 1813 2220 Domini
1846 2151 2008 2218 intra
2040 2148 2179 2215 Mis-

590 2253 802 2301 sarum
833 2238 1158 2305 Solemnia
1185 2258 1422 2306 sacram
1457 2242 1751 2328 Synaxim
1784 2237 2181 2307 ministrandi

593 2324 884 2408 clericis,
934 2327 1369 2394 confratribus
1424 2341 1487 2396 et
1537 2328 1968 2396 Familiaribus
2018 2331 2181 2395 con·-

593 2413 982 2500 gregationis
1014 2434 1143 2482 non
1173 2417 1406 2502 solum,
1441 2436 1664 2484 verum
1696 2417 1889 2484 etiam
1920 2413 2184 2484 Clericis

594 2500 903 2587 externis,
960 2505 1339 2590 praesertim
1382 2505 1901 2593 congregationis
1950 2501 2180 2571 Confe-

597 2588 864 2674 rentiae,
912 2591 1022 2677 qui
1067 2592 1418 2659 Ecclesiam
1449 2614 1518 2661 ea
1547 2604 1734 2661 nocte
1767 2593 2181 2679 frequentare

599 2688 1067 2759 consuescunt;

720 2769 785 2830 2.
821 2769 1100 2836 canendi
1134 2769 1197 2835 in
1228 2770 1437 2838 choro
1467 2773 1780 2859 vesperas
1811 2769 1978 2835 sicut
2007 2767 2170 2834 infra

589 2864 874 2919 octavam
932 2856 1231 2946 corporis
1290 2856 1518 2927 Christi
1587 2857 1907 2927 Dominica
1970 2856 2166 2944 ipsius

587 2943 844 3009 Festum
875 2956 1344 3048 conseguente;
1381 2946 1495 3013 etsi
1526 2965 1647 3035 per
1669 2946 1965 3014 accidens
1994 2944 2165 3013 aliud

590 3042 881 3098 occurrat
925 3032 1216 3102 Officium
1267 3035 1424 3102 ritus
1469 3034 1784 3137 duplicis;
2056 3048 2065 3058 ·

721 3123 789 3187 3.
836 3120 1219 3193 celebrandi
1265 3123 1442 3191 Feria
1473 3126 1527 3191 V
1558 3144 1621 3191 m
1652 3127 1858 3192 Coena
1892 3120 2168 3205 Domini,

594 3207 794 3277 ianuis
841 3211 1092 3296 clausis,
1142 3211 1392 3279 unicam
1437 3212 1680 3280 Missam
1737 3215 1968 3280 lectam
2031 3219 2178 3276 ante

593 3298 1001 3378 Solemnem;
1036 3299 1102 3366 in
1135 3319 1256 3386 qua
1295 3301 1688 3369 ministretur
1718 3304 1902 3369 Sacra
1934 3298 2180 3367 Eucha-

592 3385 763 3451 ristia
783 3388 1222 3456 confratribus
1244 3388 1354 3475 qui
1378 3390 1742 3456 ministeriis
1766 3390 1996 3456 domus
2017 3399 2179 3454 tem·

592 3473 915 3562 poralibus
961 3476 1197 3544 addicti
1241 3486 1416 3544 sunt.

724 3563 788 3628 4.
847 3564 924 3629 Ut
969 3565 1232 3631 Sanctus
1278 3565 1650 3633 Vincentius
1694 3586 1726 3631 a
1774 3565 1966 3633 Paulo
2012 3567 2177 3631 Con-

591 3650 978 3738 gregationis
1008 3651 1318 3720 Missionis
1348 3654 1677 3722 institutor
1706 3653 1937 3722 assumi
1971 3653 2179 3720 valeat

592 3738 1001 3807 c0ntitularis
1046 3758 1247 3806 novae
1293 3741 1652 3821 Ecclesiae;

725 3830 790 3892 6.
841 3829 946 3913 Ut,
996 3828 1298 3912 quoniam
1346 3830 1410 3897 in
1454 3829 1643 3898 huius
1686 3829 2008 3897 Ecclesiae
2054 3833 2175 3895 Ara

595 3915 884 4006 principe
932 3917 1106 3982 nulle
1154 3927 1325 3984 extat
1371 3923 1543 4002 lcon,
1594 3918 1888 3985 collocari
1934 3917 2178 3985 ibidem

594 4003 798 4072 valeat
850 4002 958 4070 illa
1013 4009 1086 4072 B.
1135 4005 1360 4072 Mariae
1406 4006 1681 4094 Virginis
1725 4004 2175 4093 conceptionis

593 4092 807 4176 titulo,
856 4095 969 4162 sed
1016 4093 1093 4160 ad
1143 4094 1317 4160 illam
1366 4094 1631 4161 formam
1678 4094 1943 4182 effigiata
1983 4111 2175 4180 quam

592 4180 792 4248 refert
814 4182 1136 4249 Numisma
1156 4182 1400 4249 Parisiis
1422 4202 1586 4251 anno
1608 4185 1773 4251 1830
1798 4198 2046 4260 cusum3
2073 4182 2169 4269 (1)

722 4273 788 4336 6.
839 4273 921 4337 Ut
953 4270 1017 4337 in
1040 4271 1155 4339 hac
1187 4271 1469 4338 Ecclesia
1500 4271 1796 4356 assignari
1821 4271 2027 4336 valeat
2059 4274 2171 4336 Fe·

592 4370 763 4424 stum
820 4359 1029 4427 Sancti
1075 4359 1389 4429 vincentii
1437 4380 1469 4425 a
1515 4361 1703 4426 Paulo
1766 4360 1868 4428 die
1930 4368 2169 4442 octava,

593 4449 716 4517 hoc
761 4458 857 4513 est
888 4451 973 4514 26
1018 4448 1185 4532 Iulii,
1220 4448 1338 4516 sub
1370 4447 1502 4515 ritu
1532 4448 1809 4538 duplicis
1854 4445 2175 4513 secundae

594 4535 808 4604 classis
853 4534 1207 4637 primisque
1253 4554 1398 4604 cum
1443 4536 1740 4625 vesperis
1785 4536 1872 4603 de
1917 4535 2176 4618 eodem,

596 4623 788 4691 etiam
818 4644 870 4691 si
901 4634 1280 4692 concurrant
1324 4626 1644 4693 secundae
1674 4629 1996 4712 vesperae
2029 4625 2179 4691 San·

594 4712 679 4780 cti
710 4714 914 4782 iacobi
945 4713 1261 4801 Apostoli,
1296 4715 1379 4781 de
1413 4732 1543 4800 quo
1572 4714 1692 4782 hoc
1730 4734 1876 4782 casu
1906 4712 2015 4781 flat
2045 4722 2179 4778 tan-

593 4811 732 4868 tum
777 4802 1338 4883 commemorati03

728 4893 790 4957 7.
841 4894 945 4974 Ut,
981 4891 1281 4977 quoniam
1322 4902 1583 4979 praeter
1616 4893 1802 4958 Aram
1835 4889 2173 4959 maximam

596 4977 885 5046 eiusdem
931 4979 1278 5063 Ecclesiae,
1314 4980 1503 5047 etiam
1540 4980 1711 5047 aliud
1742 4980 1958 5046 Altare
1987 4984 2174 5047 leone

595 5067 1001 5151 destituitur,
1056 5067 1177 5134 hoc
1232 5067 1294 5132 in
1348 5069 1544 5135 Altari
1614 5069 1909 5135 collocari
1971 5068 2174 5134 valeat

594 5161 742 5223 lcon
772 5156 981 5222 Sancti
1013 5155 1330 5222 vincentii
1362 5176 1394 5220 a
1430 5156 1621 5225 Paulo
1669 5153 2080 5243 Fundatoris3

733 5350 814 5424 (t)
850 5352 910 5410 Β.
946 5321 1088 5408 nuh.
1124 5349 1177 5407 e.

2410 387 2477 450 8.
2526 383 2837 471 Denique,
2874 393 2969 469 ut,
3004 382 3303 469 quoniam
3340 383 3835 453 Anniversarium

2281 471 2707 539 Dedicationis
2743 472 2933 540 huius
2979 470 3305 539 Ecclesiae
3334 471 3559 541 incidit
3588 473 3650 539 in
3678 473 3838 540 aliam

2282 560 2455 628 diem
2501 560 2579 627 ab
2625 579 2722 644 ea,
2771 580 2893 646 qua
2937 561 3268 648 peragitur
3312 560 3377 628 in
3421 560 3541 627 alia
3586 560 3841 628 Ecclesia

2283 647 2520 715 veteris
2565 652 2833 727 Domus;
2883 659 2955 714 ut
3001 648 3086 715 de
3119 667 3198 714 eo
3243 650 3343 735 agi
3386 648 3599 714 valeat
3643 649 3841 715 eadem

2283 737 2391 804 die
2423 756 2541 822 pro
2573 736 3010 804 uniformitate
3054 756 3203 804 cum
3235 735 3530 824 primaria
3566 736 3837 804 Ecclesia.

2412 829 2492 891 Et
2538 829 2722 895 Sacra
2769 823 3029 892 Rituum
3075 823 3531 913 congregatio,
3564 824 3639 892 ad
3668 825 3842 903 Quiri-

2279 913 2455 980 nales
2518 915 2728 982 Aedes
2792 912 3188 1001 infrascripta
3245 913 3352 979 die
3414 911 3737 980 ordinario
3785 913 3841 979 in

2280 1005 2485 1069 Coetu
2533 1003 2911 1085 coadunata,
2962 1003 3040 1071 ad
3100 1002 3479 1068 relationem
3535 1001 3842 1101 subscripti

2281 1089 2623 1157 Secretarii
2669 1091 2967 1158 omnibus
3014 1090 3135 1157 rite
3173 1100 3561 1176 matureque
3606 1087 3840 1171 libratis,

2283 1179 2813 1263 respondendum
2860 1178 3155 1247 censuitz

2412 1267 2508 1334 Ad
2561 1273 2620 1335 1.
2659 1273 2728 1334 2.
2763 1277 2828 1334 et
2860 1272 2926 1336 3.
2976 1288 3013 1331 «
3046 1271 3164 1333 Pro
3209 1265 3405 1353 gratia
3440 1266 3509 1333 in
3542 1267 3840 1350 omnibus;

2280 1356 2655 1439 dummodo,
2682 1357 2892 1443 quoad
2917 1358 3229 1443 vesperas
3262 1355 3323 1421 in
3353 1355 3675 1422 Dominica
3705 1355 3843 1422 inira

2276 1446 2571 1511 Octavam
2619 1446 2919 1547 corporis
2961 1442 3221 1526 Christi,
3255 1443 3561 1531 privatim
3602 1444 3846 1511 recitent

2279 1534 2594 1619 vesperas
2640 1534 2768 1601 diet
2829 1531 2941 1619 qui
2999 1532 3076 1599 ad
3136 1536 3334 1599 Horas
3380 1531 3720 1600 canonicas
3768 1541 3843 1598 te-

2281 1632 2522 1688 nentur
2553 1642 2621 1688 ›.

2410 1710 2506 1776 Ad
2558 1713 2621 1777 4.
2674 1730 2711 1773 «
2746 1712 2887 1777 Non
2934 1709 3251 1799 expedire
3282 1730 3350 1777 ν.

2411 1799 2506 1866 Ad
2554 1803 2620 1865 6.
2673 1818 2710 1861 «
2743 1800 3093 1885 Negative3
3147 1808 3213 1865 et
3257 1807 3622 1886 apponatur
3661 1803 3845 1882 imago

2279 1885 2487 1954 Sancti
2535 1887 2774 1953 Nicolai
2821 1886 3117 1954 Titularis
3150 1908 3211 1953 ν.

2414 1975 2510 2042 Ad
2558 1980 2625 2042 6.
2676 1995 2713 2038 «
2747 1979 2865 2042 Pro
2911 1975 3111 2063 gratia
3147 1996 3209 2042 ν.

2409 2063 2505 2131 Ad
2558 2067 2626 2131 7.
2676 2085 2713 2128 «
2746 2063 3167 2148 Affirmative,
3202 2062 3375 2131 iuxta
3408 2062 3724 2148 modum,
3767 2060 3845 2127 ni·

2279 2151 2540 2236 mirum,
2591 2161 2664 2220 ut
2707 2152 3006 2238 quoniam
3067 2151 3132 2218 in
3194 2151 3620 2219 collocatione
3675 2150 3847 2219 lconis

2276 2241 2489 2308 Sancti
2521 2240 2762 2308 Nicolai
2792 2241 2857 2306 in
2888 2242 3009 2307 Ara
3039 2238 3334 2326 principe
3365 2240 3499 2307 duo
3538 2248 3849 2306 remanent

2278 2328 2513 2395 Altaria
2558 2330 2942 2398 collateralia
2987 2347 3204 2413 vacua,
3243 2328 3311 2394 in
3353 2327 3450 2421 his
3480 2327 3637 2416 poni
3668 2328 3849 2394 valeat

2277 2422 2489 2503 lmago
2552 2418 2766 2485 Sancti
2812 2416 3131 2486 vincentii
3192 2436 3269 2483 ex
3331 2436 3496 2501 una,
3549 2426 3618 2483 et
3662 2419 3847 2499 imago

2275 2507 2725 2595 conceptionis
2777 2510 3003 2573 Beatae
3055 2505 3282 2572 Mariae
3327 2505 3614 2591 Virginis
3660 2523 3736 2571 ex
3775 2503 3849 2569 al·

2279 2604 2414 2659 tera
2456 2605 2640 2681 parte
2680 2596 2855 2662 iuxta
2901 2605 3197 2661 veterem
3241 2610 3495 2661 morem
3544 2611 3846 2681 expressa,

2276 2699 2590 2768 nusquam
2636 2702 2794 2750 vero
2849 2682 2926 2750 ad
2996 2683 3193 2749 instar
3249 2681 3603 2768 supradicti
3657 2679 3850 2747 Numi-

2273 2769 2527 2849 smatis;
2562 2771 2912 2839 dummodo
2945 2782 3159 2838 tamen
3190 2769 3418 2838 iisdem
3452 2767 3520 2836 in
3554 2767 3852 2836 Altaribus

2273 2859 2635 2926 collocetur
2667 2860 2731 2926 in
2762 2859 2928 2925 ovali
2960 2858 3166 2944 figura
3211 2877 3410 2945 super
3456 2857 3695 2942 gradus
3726 2873 3850 2922 can·

2274 2946 2686 3015 delabrorum
2714 2948 2904 3015 etiam
2929 2953 3141 3033 Imago
3168 2945 3337 3014 illius
3363 2945 3608 3029 Sancti,
3628 2944 3743 3020 sub
3764 2962 3851 3010 cu-

2274 3034 2372 3102 ius
2406 3036 2591 3104 titulo
2622 3046 2867 3104 constat
2910 3037 3127 3103 Altare
3159 3036 3356 3102 fuisse
3395 3045 3848 3114 consecratum,

2276 3125 2447 3190 iuxta
2493 3129 2760 3192 Decreta
2807 3144 2859 3191 s.
2898 3144 2987 3192 m.
3024 3124 3371 3192 Alexandri
3419 3127 3628 3209 Papae
3670 3126 3767 3190 Vll
3798 3143 3848 3185 ›.

2408 3212 2504 3279 Ad
2554 3216 2618 3280 8.
2671 3234 2708 3277 «
2743 3212 3056 3299 Negative
3091 3235 3154 3279 ».

2407 3304 2617 3387 Atque
2662 3301 2747 3369 ita
2788 3301 3115 3388 rescripsit
3144 3321 3215 3368 ac
3246 3298 3489 3368 servari
3518 3296 3847 3366 mandavit.

2274 3387 2390 3456 Die
2421 3392 2504 3456 27
2536 3390 2807 3476 Augusti
2845 3394 3041 3458 1836.

2277 3567 2526 3637 2753.
2777 3569 3349 3635 PRAENESTINA.
3641 3559 3848 3653 (4704)

2408 3745 2489 3809 Ut
2544 3740 2608 3808 in
2662 3740 3104 3808 ecclesiasticis
3159 3740 3595 3808 functionibus
3652 3739 3851 3807 sacris-

2275 3850 2403 3917 que
2448 3829 2866 3896 caeremoniis
2912 3830 3119 3897 omnia
3168 3830 3292 3896 rite
3333 3832 3718 3917 procedant,
3748 3831 3847 3896 Ca·

2275 3918 2556 4005 pitulum
2613 3917 3008 3986 Cathedralis
3069 3917 3367 3986 Basilicae
3424 3917 3849 3985 Praenestinae

2274 4011 2500 4076 Sacrae
2532 4006 2793 4073 Rituum
2830 4007 3325 4094 congregationi
3355 4006 3691 4092 sequentia
3720 4023 3851 4093 pro·

2272 4095 2486 4182 posuit
2531 4094 2723 4161 dubia
2765 4114 2882 4183 pro
2929 4106 3290 4183 opportuna
3334 4096 3763 4163 declaratione
3790 4109 3849 4156 ac

2273 4182 2632 4262 solutione;
2682 4183 3027 4250 nimirum:

2410 4276 2470 4339 1.
2522 4274 2618 4337 An
2662 4272 3065 4339 Gubernator
3125 4283 3190 4338 et
3247 4271 3651 4357 Magistratus
3708 4266 3851 4337 Civi-

2276 4359 2416 4425 tatis
2463 4361 2618 4428 dum
2665 4359 2948 4427 vestibus
2993 4359 3446 4428 consularibus
3476 4359 3685 4428 induti
3719 4374 3849 4425 con·

2270 4448 2470 4515 suetis
2515 4448 2746 4514 diebus
2778 4448 2854 4514 ad
2888 4448 3342 4516 cathedralem
3387 4448 3724 4532 accedunt,
3760 4462 3853 4510 ex·

2275 4536 2402 4624 cipi
2448 4536 2729 4604 debeant
2775 4537 2850 4604 ab
2897 4536 3209 4604 alterutro
3259 4553 3341 4602 ex
3386 4535 3717 4603 canonicis
3758 4531 3848 4598 vel

2273 4623 2743 4713 capitularibus
2795 4644 2996 4778 cappa
3059 4624 3313 4708 induto,
3364 4625 3472 4710 qui
3520 4621 3848 4712 aspergillo

2274 4713 2426 4800 ipsis
2471 4732 2697 4799 aquam
2743 4711 2910 4779 bene
2961 4712 3149 4780 ictam
3196 4709 3535 4802 porrigat?

2405 4806 2475 4868 2.
2508 4804 2611 4870 An
2639 4800 2813 4867 idem
2844 4802 3237 4887 Magistratus
3283 4801 3481 4888 possit
3512 4809 3726 4888 tapete
3754 4794 3848 4862 vel

2272 4900 2470 4956 strato
2518 4909 2745 4956 ornare
2794 4889 3128 4978 proprium
3174 4907 3532 4973 scamnum,
3565 4888 3754 4955 situm
3793 4885 3846 4950 in

2275 4978 2492 5044 medio
2538 4978 2893 5062 Ecclesiae,
2927 4998 2995 5044 ac
3026 4977 3232 5044 serica
3277 4977 3635 5065 pulvinaria
3666 4991 3847 5064 genu·

2275 5065 2546 5133 flexerio
2594 5063 3185 5168 superimponere?

2410 5158 2477 5222 3.
2525 5158 2622 5221 An
2666 5155 2962 5223 canonici
3008 5154 3246 5241 aliique
3292 5153 3708 5241 capitulareS,
3753 5148 3843 5217 vel
