4042 5950
1535 255 2006 334 -331—

134 413 398 502 debeat;
450 413 554 481 vel
626 413 837 502 potius
890 412 1241 499 transferri,
1291 413 1482 480 etiam
1546 412 1708 479 intra

137 513 380 587 tempus
427 500 774 571 Paschale?

257 594 322 656 2.
378 595 475 658 Au
523 590 693 656 idem
736 590 1023 659 Officium
1070 608 1417 658 occurrens
1447 591 1554 657 die
1590 590 1713 656 An·

134 677 537 746 nuntiationis
581 678 885 766 Deiparae
934 676 1259 746 transferri
1307 674 1551 765 possit?

256 769 319 833 3.
372 774 471 834 An
517 768 637 835 hoc
703 767 910 854 ipsum
970 766 1257 834 Officium
1316 765 1397 833 sit
1446 766 1711 834 transfe-

137 854 430 938 rendum,
468 855 718 942 quoties
749 856 1021 922 occurrit
1067 873 1214 921 cum
1248 858 1432 922 Festo
1465 853 1712 921 Patroni

136 944 229 1009 vel
276 943 574 1010 'titularis
622 943 940 1010 Ecclesiae
971 945 1089 1010 sub
1134 944 1263 1009 ritu
1308 942 1552 1029 duplici
1585 942 1712 1031 pri-

134 1049 264 1096 mae
311 1029 575 1100 classis?

258 1121 323 1186 4.
373 1122 472 1188 An
517 1119 805 1188 Officium
852 1121 1190 1205 Sacrorum
1236 1119 1520 1205 quinque
1568 1118 1715 1187 Vul-

135 1226 358 1274 nerum
406 1207 654 1276 Domini
710 1205 918 1274 Nostri
979 1213 1119 1275 lesu
1172 1207 1404 1275 Christi
1470 1207 1717 1294 primae

135 1314 210 1360 ex
254 1295 456 1362 Feriis
503 1299 581 1364 Vl
628 1295 866 1362 mensis
910 1295 1107 1363 Martii
1164 1296 1546 1382 assignatum
1593 1294 1711 1362 sub

137 1384 254 1449 ritu
298 1383 550 1472 duplici
597 1383 846 1467 maiori,
894 1383 1185 1452 incidens
1230 1382 1296 1450 in
1340 1382 1583 1486 duplici
1615 1403 1711 1451 se-

136 1470 374 1539 cundae
431 1472 679 1554 classis,
737 1472 1061 1539 transferri
1110 1470 1333 1562 possit,
1383 1482 1574 1538 etiam
1636 1473 1713 1541 ad

136 1569 382 1644 tempus
419 1560 741 1645 paschate,
776 1559 1122 1628 deficiente
1168 1558 1273 1629 die
1323 1559 1520 1626 libera
1554 1560 1716 1627 intra

134 1646 680 1735 Quadragesimam
703 1646 736 1715 ⁴?

257 1740 320 1802 tt.
369 1740 470 1803 Au
521 1737 854 1805 enunciata
886 1736 1017 1804 duo
1047 1735 1260 1803 Officia
1309 1735 1372 1802 in
1420 1756 1565 1803 casu
1600 1735 1713 1802 im·

138 1822 486 1908 pedimenti
529 1827 649 1894 sub
696 1825 823 1892 ritu
857 1825 976 1891 iam
1013 1842 1339 1906 concesso,
1389 1823 1716 1912 anticipari

136 1913 475 2067 {ueaquin
519 1913 657 1980 aliis
704 1911 900 1981 Feriis
946 1916 1050 1992 vt,
1102 1912 1290 1979 etiam
1323 1911 1557 1979 mensis
1602 1916 1716 1980 Fe·

176 2017 360 2078 maru

259 2091 335 2153 Et
379 2092 567 2158 Sacra
613 2091 870 2160 Rituum
919 2088 1369 2177 congregatio,
1418 2089 1494 2157 ad
1545 2088 1715 2159 Vati·-

137 2193 353 2243 canum
385 2176 750 2267 subsignata
781 2177 886 2248 die
918 2178 1259 2245 coadunata
1294 2176 1358 2243 in
1386 2178 1716 2246 ordinario

138 2266 353 2350 Coetu,
406 2265 733 2334 referente
786 2265 1166 2349 Secretario,
1214 2265 1553 2353 propositis
1600 2267 1714 2335 du·

141 2351 244 2417 biis
301 2366 552 2421 maturo
610 2355 902 2423 examine
963 2353 1047 2436 de
1107 2371 1287 2421 more
1355 2353 1711 2442 perpensis,

142 2439 616 2510 rescribendum
663 2443 957 2511 censuit:

260 2528 351 2595 Ad
411 2533 470 2595 1.
526 2553 564 2596 c
594 2531 1038 2607 omittendum
1090 2530 1153 2597 in
1199 2550 1347 2598 casu
1381 2553 1443 2596 ».

261 2616 353 2682 Ad
405 2622 473 2684 2.
527 2641 565 2684 c
597 2619 1172 2704 Transferendum,
1223 2621 1382 2687 intra
1443 2620 1715 2699 Quadra·

142 2704 431 2788 gesimam
483 2719 751 2793 tantum,
799 2707 852 2774 si
895 2707 1059 2773 adsit
1102 2708 1423 2776 indultum
1458 2731 1521 2776 ».

259 2794 353 2862 Ad
400 2798 472 2862 3.
521 2817 559 2859 ς
592 2796 1091 2864 Praeterendum
1136 2796 1427 2865 Officium
1471 2796 1716 2862 Patroni

143 2882 235 2946 vel
280 2882 577 2951 Titularis
609 2907 676 2951 ».

260 2970 351 3038 Ad
402 2977 471 3040 4.
522 2993 561 3036 «
594 2974 943 3042 servandas
1006 2976 1261 3061 regulas
1318 2973 1383 3041 in
1440 2974 1715 3043 'fabellis

145 3060 570 3128 occurrentiae
616 3071 680 3128 et
724 3063 1212 3130 concurrentiae
1260 3062 1614 3149 expositas;
1651 3076 1715 3130 et

143 3143 414 3214 Officium
465 3151 800 3217 Sacrorum
849 3152 1135 3237 quinque
1183 3150 1536 3218 vulnerum
1584 3170 1712 3218 non

146 3244 231 3329 est
259 3236 770 3306 transferendum
804 3240 972 3307 ultra
994 3238 1568 3326 Quadragesimam‚
1597 3239 1708 3307 sed

145 3337 202 3384 in
242 3341 382 3391 casu
430 3325 858 3394 omittendum
893 3350 956 3395 ».

260 3412 352 3479 Ad
399 3418 471 3481 ὅ.
520 3435 558 3478 c
593 3416 934 3504 Negative3
998 3417 1111 3485 sed
1171 3415 1555 3484 servandum
1621 3417 1712 3485 in·

145 3494 380 3566 dultum
407 3523 474 3568 ι».

195 3672 204 3682 ·
260 3589 471 3675 Atque
503 3592 587 3658 ita
620 3593 946 3683 rescripsit
976 3615 1046 3661 ac
1076 3593 1313 3660 servari
1365 3593 1709 3663 mandavit.

148 3674 247 3739 Die
299 3678 376 3743 ta
421 3678 581 3748 Iunii
635 3682 825 3748 1845.

149 3815 393 3887 2903.
747 3823 1094 3890 ROMANA.
1482 3823 1706 3910 (5028)

265 3943 607 4031 Collegiata
668 3944 732 4012 in
788 3944 1041 4012 Basilica
1092 3958 1156 4013 et
1200 3946 1541 4014 Parochiali
1598 3952 1713 4015 Ec-

151 4026 321 4095 clesia
367 4032 578 4099 Sancti
626 4033 809 4100 Marci
842 4033 1027 4101 Urbis
1059 4053 1193 4100 mos
1229 4033 1579 4102 invaluerat
1608 4040 1714 4101 Pa-

149 4115 324 4184 schali
352 4131 647 4210 tempore
670 4122 839 4188 inter
868 4123 1103 4207 gradus
1128 4141 1207 4188 ex
1234 4134 1503 4208 utraque
1533 4136 1716 4212 parte

152 4205 296 4271 Arae
337 4208 644 4295 principis
684 4211 947 4296 positos,
985 4231 1104 4298 per
1134 4229 1294 4295 quos
1325 4212 1403 4278 ad
1433 4211 1715 4278 Chorum

152 4301 210 4354 et
239 4293 309 4359 ad
341 4298 526 4362 Aram
562 4297 759 4384 ipsam
788 4299 1177 4383 ascenditur,
1225 4298 1580 4367 collocandi
1616 4300 1717 4365 Al·

154 4387 271 4473 tare
314 4386 639 4471 portatile,
675 4398 739 4452 et
786 4406 979 4474 super
1025 4386 1136 4453 illo
1184 4387 1711 4473 'rabel-naculum,

154 4484 209 4562 ιι)
249 4489 369 4567 quo
417 4473 889 4542 recondebatur
933 4475 1408 4542 Sanctissimum
1471 4477 1713 4544 Eucha-

156 4566 343 4624 ristiae
372 4562 878 4648 Sacramentum,
919 4582 1035 4649 pro
1061 4563 1511 4631 commoditate
1546 4582 1715 4632 com-

156 4646 510 4740 municantis
570 4651 833 4739 populi;
882 4651 1042 4718 adeo
1090 4662 1160 4717 ut
1213 4670 1295 4719 ex
1355 4651 1451 4718 his
1497 4672 1716 4719 rerum

153 4729 440 4802 adiunctis
502 4738 660 4806 illud
721 4739 1175 4807 inconveniens
1237 4750 1582 4829 exurgeret
1645 4751 1717 4806 ut

152 4815 347 4888 Altare
412 4824 622 4913 ipsum
693 4828 1063 4895 Aediculam
1141 4848 1256 4916 pro
1326 4828 1716 4916 repositione

154 4903 514 4980 Sanctissimi
576 4916 957 4983 sacramenti
1021 4935 1148 4982 non
1212 4915 1575 4982 efformaret
1638 4916 1715 4983 ad

158 4997 452 5069 tramitem
482 5004 971 5071 caeremonialis
1002 5004 1467 5106 Episcoporum
1500 5003 1612 5071 lib.
1657 5008 1715 5089 l,

156 5097 280 5168 cap.
318 5092 417 5175 12,
455 5092 492 5176 9
524 5096 593 5176 8,
628 5112 749 5159 nec
794 5093 1124 5161 decentiae
1172 5093 1342 5159 illius
1389 5092 1536 5160 satis
1568 5112 1719 5160 con-

153 5170 485 5246 suleretur:
536 5199 619 5246 ex
666 5200 742 5247 eo
807 5180 1206 5269 potissimum
1267 5182 1443 5267 quod
1503 5201 1717 5249 mensa

155 5254 362 5329 altaris
390 5267 699 5353 portatilis
737 5269 928 5357 plano
959 5268 1150 5337 Chori
1179 5271 1377 5356 plene
1409 5289 1716 5357 coaequa·

153 5355 347 5435 retur,
395 5365 461 5421 et
506 5354 572 5422 in
618 5357 809 5425 huius
867 5368 1213 5445 conspectu
1266 5359 1500 5447 passim
1546 5358 1715 5427 cele.-

1815 414 2109 481 braretur
2153 416 2437 499 Sacrum,
2489 432 2557 478 ac
2604 415 2785 480 Sacra
2847 412 3111 501 synaxis
3172 422 3396 503 peten-

1818 502 1984 570 tibus
2033 512 2099 567 et
2144 500 2595 568 accedentibus
2643 499 3132 584 ministraretur,
3179 512 3397 567 contra

1818 590 1914 658 ius
1936 588 2168 676 passim
2200 589 2449 657 editum
2481 588 2543 655 in
2576 587 2857 655 Decretis
2879 590 3101 657 Sacrae
3133 588 3396 656 Rituum

1816 677 2361 765 congregationis.
2433 682 2781 765 Eaproptet·
2827 677 2947 744 hoc
2992 666 3398 744 adve'rteutes

1816 764 2112 833 canonici
2148 764 2805 849 hodierniSaci-istse,
2832 767 3130 833 decorem
3163 770 3398 834 Domus

1817 853 1925 922 Dei
1963 853 2193 921 sedulo
2227 873 2424 940 quum
2459 852 2843 940 provehant,
2878 865 2947 920 ut
2981 853 3184 920 omnia
3221 862 3398 919 recto

1818 940 2045 1008 ordine
2084 942 2322 1028 ,eadem
2369 940 2433 1008 in
2481 942 2763 1007 Ecclesia
2808 951 3169 1025 serventur,
3208 953 3397 1026 atque

1821 1040 1890 1096 ut
1937 1029 2395 1099 offendiculum
2445 1030 2634 1096 unius
2687 1030 2788 1095 vel
2854 1028 3114 1096 alterius
3159 1028 3397 1097 dissen-

1821 1118 2037 1184 tientis
2082 1128 2147 1184 et
2195 1138 2309 1219 pro
2354 1117 2819 1186 consuetudine
2871 1116 3176 1184 servanda
3236 1127 3420 1183 stan-¹

1819 1204 1921 1289 tis,
1960 1205 2214 1272 decenti
2249 1207 2440 1274 modo
2473 1206 2797 1273 declinare
2828 1206 3102 1290 valeant,
3136 1205 3219 1273 de
3253 1222 3401 1271 con-

1818 1312 2011 1360 sensu
2074 1296 2149 1361 R.
2201 1298 2267 1361 P.
2324 1297 2394 1361 D.
2450 1294 2759 1361 Praesulis
2802 1292 3122 1378 Basilicae,
3173 1291 3400 1361 Vicarii

1819 1381 2318 1448 Eminentissimi
2372 1380 3024 1451 et.Reverendissimi
3059 1386 3160 1451 D.
3207 1380 3395 1448 Card.

1820 1468 2158 1549 Titularis3
2224 1470 2437 1537 eidem
2483 1474 2707 1539 Sacrae
2753 1471 3010 1537 Rituum
3041 1471 3400 1557 congrega·

1822 1557 1977 1625 tioni
2026 1557 2387 1635 humillime
2425 1560 2889 1647 supplicarunt,
2923 1567 3236 1644 quatenus
3279 1576 3399 1646 pro
3500 1618 3508 1625 .

1818 1665 1930 1713 sua
1953 1646 2328 1713 auctoritate
2355 1648 2431 1715 ad
2459 1648 2702 1715 futuras
2774 1646 3191 1714 raecavendas
3213 1664 3403 1732 quae-

1818 1733 2060 1800 stiones
2102 1750 2297 1836 super
2344 1735 2650 1823 expositis
2745 1745 3106 1801 ecerueret.

1954 1826 2032 1888 Et
2064 1823 2563 1891 Eminentissimi
2612 1842 2681 1890 ac
2731 1820 3264 1903 Reverendissimj
3296 1824 3403 1887 Pa-

1823 1923 1949 1978 tres
1982 1911 2184 1979 Sacris
2230 1910 2485 1978 tuendis
2529 1910 2776 1981 Ritibus
2823 1909 3191 1999 praepositi,
3223 1907 3407 1989 Ordi-

1820 1999 2077 2067 dinariis
2138 1998 2202 2065 in
2256 1998 2543 2067 comitiis
2597 2000 2764 2086 apud
2813 1998 3133 2067 vaticauas
3196 1996 3404 2063 Aedes

1818 2086 2093 2176 septimo
2141 2088 2287 2156 Idus
2332 2087 2701 2155 Decembris
2744 2106 2907 2154 anno
2947 2083 3260 2175 superiori
3302 2104 3403 2151 co·

1822 2175 2104 2260 adunati,
2154 2174 2301 2242 visis
2348 2175 2668 2259 omnibus,
2719 2173 3205 2242 rescribendum
3254 2191 3404 2240 cen-

1819 2282 2056 2331 suere:
2106 2284 2144 2327 «
2178 2263 2510 2351 Exquisito
2556 2274 2705 2331 voto
2751 2263 3024 2350 Magistri
3073 2264 3404 2330 Caeremo·

1818 2351 2091 2435 niarum‚
2143 2363 2418 2442 ponatur
2461 2352 2527 2420 in
2571 2352 2748 2421 Folio
2779 2375 2844 2417 ν.
3149 2408 3152 2417 .

1952 2440 2156 2517 Quum
2204 2451 2420 2511 autem
2466 2440 2778 2530 praedicti
2818 2438 3111 2508 canonici
3160 2439 3288 2506 suis
3338 2436 3403 2504 in

1820 2528 2107 2615 allegatis
2153 2528 2548 2598 addidissent
2577 2540 2801 2597 votum
2832 2526 3092 2595 alterius
3125 2545 3202 2595 ex
3239 2531 3404 2612 Apo-

1818 2619 2189 2685 stolicarum
2236 2617 2794 2687 caeremoniarum
2842 2614 3174 2703 magistris,
3230 2615 3401 2702 quod

1822 2726 1901 2772 ex
1932 2705 2028 2773 sui
2063 2718 2281 2773 natura
2330 2706 2828 2774 controversiam
2876 2721 3132 2772 omnem
3163 2704 3245 2772 de
3272 2722 3406 2771 me-

1818 2795 1923 2861 dio
1971 2794 2178 2872 tollit;
2212 2805 2558 2880 propterea
2604 2794 2830 2862 iterato
2917 2790 3231 2879 ropositae
3259 2801 3407 2860 sunt

1817 2899 2088 2969 preces;
2139 2881 2371 2968 quibus
2416 2881 2481 2948 in
2526 2883 2725 2949 altera
2767 2886 2850 2950 Or
2900 2880 3093 2949 inaria
3125 2883 3405 2969 Congre-

1820 2970 2074 3059 gatione
2136 2970 2251 3038 hac
2298 2969 2407 3038 die
2436 2970 2605 3073 apud
2640 2970 2806 3060 ipsas
2838 2969 3158 3039 Vaticanas
3197 2968 3407 3037 Aedes

1816 3068 2055 3144 coacta,
2088 3057 2589 3126 Eminentissimi
2638 3070 2703 3127 et
2735 3057 3271 3128 Reverendissimi
3301 3060 3407 3124 Pa-

1820 3160 1949 3214 tres
1995 3148 2199 3215 Sacris
2227 3145 2472 3214 Ritibus
2514 3146 2886 3249 praepositi,
2921 3146 2996 3214 ad
3030 3143 3407 3212 relationem

1814 3234 2157 3325 subscripti
2217 3239 2579 3319 Secretarn,
2644 3232 3053 3303 consideratis
3111 3232 3406 3300 omnibus

1816 3334 2189 3412 attenteque
2250 3323 2529 3408 libratis,
2584 3322 3082 3391 rescribendum
3141 3340 3406 3389 censue-

1817 3423 2012 3481 runtz

1948 3524 1986 3566 ι
2022 3506 2199 3569 quta
2258 3506 2525 3570 Decreta
2577 3501 2726 3567 alias
2772 3499 2941 3568 edita
2988 3509 3055 3567 et
3102 3496 3405 3588 praescri·

1814 3601 2001 3693 ptum
2028 3589 2515 3658 caeremonialis
2543 3587 3032 3677 Episcoporum,
3064 3598 3407 3676 reponatur

1815 3699 1878 3746 in
1910 3698 2060 3747 casu
2089 3677 2566 3746 Sanctissimum
2593 3676 3023 3745 Eucharistiae
3047 3678 3410 3745 Sacramen-

1821 3779 1954 3833 tum
1987 3787 2105 3856 pro
2139 3766 2594 3834 commoditate
2626 3764 3149 3833 communicantis
3180 3763 3406 3851 populi

1818 3855 1881 3921 in
1927 3856 2233 3922 alterutra
2283 3874 2376 3921 ex‘
2409 3853 2776 3921 lateralibus
2833 3853 3194 3935 Aediculis,
3245 3870 3407 3937 quae

1818 3963 1943 4012 uon
1989 3943 2073 4009 sit
2120 3963 2156 4009 e
2204 3952 2552 4032 conspectu
2599 3943 2789 4011 Ghori
2819 3964 2882 4009 ».

1950 4035 2160 4118 Atque
2208 4030 2290 4098 ita
2337 4031 2810 4118 rescripserunt
2856 4050 2926 4097 ac
2971 4028 3210 4096 servari
3242 4047 3410 4096 man-

1818 4121 2047 4189 darunt
2098 4119 2159 4187 in
2208 4119 2532 4206 praedicta
2577 4117 2927 4206 collegiata
2973 4116 3257 4185 Basilica.

1953 4207 2063 4275 Die
2119 4210 2197 4274 14
2244 4206 2402 4274 lunii
2456 4209 2646 4274 1845.

1822 4352 2086 4422 2904.
2331 4351 2898 4440 ΝΕΑΡοιιΤΑΝΑ.
3179 4349 3406 4436 (5029)

1953 4475 2260 4544 Sacerdos
2327 4478 2552 4541 Petrus
2612 4472 2882 4541 Aleisius
2937 4477 3025 4540 De
3079 4472 3406 4557 Licteriis,

1820 4563 2217 4664 Praepositus
2263 4563 2585 4629 Ecclesiae
2624 4561 2875 4648 Regalis
2909 4561 3268 4630 Sodalitatis
3299 4563 3408 4630 Pe·

1824 4669 2226 4741 regrinorum
2273 4649 2555 4718 Civitatis
2601 4648 2922 4736 Neapolis,
2974 4648 3269 4736 exposuit
3308 4669 3407 4715 ea-

1821 4741 1971 4808 dem
2005 4738 2068 4805 in
2103 4737 2384 4805 Ecclesia
2414 4758 2531 4825 per
2561 4756 2793 4804 annum
2831 4748 3164 4804 consuetas
3189 4737 3407 4824 peragi

1821 4848 2021 4894 sacras
2047 4827 2405 4894 functiones
2430 4826 2735 4912 peculiari
2765 4826 2867 4892 illa
2894 4824 3226 4911 diligentia
3247 4843 3408 4910 quae

1822 4935 1959 4982 rem
1993 4913 2273 4983 divinam
2306 4915 2565 4993 deceat;
2599 4925 2790 4998 atque
2821 4914 2898 4981 ab
2921 4912 3408 4982 immemorabili

1823 5000 2359 5071 cousuetudinem
2408 5002 2581 5070 illam
2626 5000 2874 5087 vigere,
2909 5014 2979 5069 ut
3015 5012 3160 5089 post
3204 5013 3410 5069 matu-

1768 5103 1773 5108 ’
1826 5092 2026 5159 tinum
2087 5088 2377 5158 Officium
2425 5090 2645 5157 Feriae
2695 5096 2747 5160 V
2796 5089 2858 5157 in
2904 5094 3113 5158 Coena
3162 5089 3408 5158 Domini

1825 5179 2014 5248 clavis
2063 5180 2355 5264 capsulae
2403 5178 2468 5245 in
2515 5197 2638 5264 qua
2684 5178 3058 5246 reconditur
3088 5178 3411 5246 Sanctissi-

1825 5288 1999 5335 mum
2046 5271 2522 5335 Sacramentum
2567 5268 2850 5336 tradatur
2895 5265 3259 5333 Primicerio
3307 5270 3411 5334 So·

1823 5355 2096 5426 dalitatis
2143 5354 2462 5424 eiusdem.
2514 5354 2896 5443 Pet-cupiens
2945 5374 3097 5422 vero
3144 5366 3216 5422 ut
3260 5375 3411 5423 con·
