4042 5950
2087 321 2345 397 --t)4
2399 364 2500 379 ...

783 482 940 542 ltem
1007 478 1068 543 in
1133 476 1354 543 eadem
1424 497 1606 543 causa
1672 496 1866 563 super
1933 476 2223 561 ingressu
2326 476 2565 563 duplici
2613 476 2929 543 secundae
2978 477 3190 543 classis
3222 498 3368 545 cum
3400 492 3619 548 octava
3652 480 3898 546 univer·
3998 537 3999 558 ἶ

653 563 1092 641 Processionis,
1133 564 1457 651 proposito
1503 583 1622 649 per
1653 564 1957 631 eumdem
2003 569 2231 630 Emum

660 664 724 718 et
755 656 982 718 Binum
1017 657 1194 717 Dom.
1233 653 1419 719 Card.
1455 656 1804 717 Ponentem
1836 651 2231 737 infrascripto

655 739 851 805 dubio
899 741 1064 804 inter
1112 751 1322 826 partes
1372 740 1778 821 concordate,
1825 757 2106 827 nempe:

785 832 904 909 An,
955 847 1081 893 non
1131 829 1548 894 interessente
1595 830 1752 892 Rmo
1785 827 2124 914 EpiscopO,
2162 826 2235 891 li-

655 927 794 979 ceat
840 919 915 981 R.
953 919 1025 979 D.
1075 915 1672 1001 Archipresbytero,
1721 915 2137 998 Dignitatibus
2170 924 2236 979 et

654 1001 983 1067 canonicis
1017 1003 1337 1069 Ecclesiae
1368 1002 1761 1069 cathedralis
1794 1004 2097 1087 Veglen„
2134 1021 2233 1066 oc-

656 1088 903 1154 casione
952 1090 1252 1157 solemnis
1313 1101 1377 1155 et
1444 1088 1760 1176 generalis
1821 1088 2236 1155 processionis

657 1177 830 1244 88ῶί
904 1179 1202 1264 Corporis
1258 1177 1531 1260 Christi,
1604 1177 1855 1261 ingredi
1925 1177 2237 1243 Ecclesias

655 1264 1032 1351 Collegiatas
1077 1269 1451 1332 Sanctorum
1498 1265 1809 1347 Audoeni,
1846 1265 2136 1332 Matthaei
2172 1273 2237 1329 et

656 1352 892 1418 Nicolai
943 1354 1228 1420 eiusdem
1276 1351 1580 1432 Civitatis,
1616 1372 1685 1417 ac
1734 1354 1797 1419 in
1844 1353 1933 1418 eis
1982 1352 2238 1419 benedi-

658 1460 806 1507 cere
853 1442 1165 1526 populum
1187 1439 1220 1505 ’ἓ

789 1533 858 1596 8.
896 1530 1117 1595 eadem
1148 1531 1223 1595 R.
1251 1533 1353 1612 c.‚
1391 1527 1671 1615 partibus
1702 1528 1951 1616 scriptis
1982 1540 2048 1594 et
2077 1548 2234 1592 voce

661 1615 1139 1682 informantibus
1172 1614 1426 1697 auditis,
1455 1614 1935 1683 rescribendum
1963 1616 2231 1684 censuit:

658 1726 695 1767 ‹
729 1702 1156 1788 Affirmative3
1209 1715 1272 1768 et
1304 1704 1574 1790 amplius
1606 1724 1672 1768 ».
1722 1708 1801 1769 Et
1833 1704 1913 1770 ita
1944 1704 2235 1769 decrevit

659 1811 728 1856 ac
759 1791 996 1856 servari
1027 1791 1370 1857 mandavit.
1397 1791 1511 1857 Die
1542 1794 1616 1857 17
1643 1791 2008 1858 Decembris
2040 1794 2232 1856 1746.

663 1967 892 2035 2395
905 2013 921 2032 .
1311 1971 1592 2035 LlGIEN.

1225 2059 1678 2142 eumenum.

2008 1967 2233 2053 (4187)

791 2232 1009 2297 Habito
1054 2254 1086 2296 a
1137 2238 1360 2299 loanne
1408 2232 1599 2297 Barba
1642 2232 1870 2318 Oppidi
1935 2232 2238 2298 caballini

661 2319 973 2386 Dioecesis
1017 2320 1252 2387 Licien.
1291 2319 1367 2385 ad
1401 2322 1469 2386 S.
1504 2323 1580 2385 R.
1613 2322 1687 2386 C.
1723 2337 1985 2385 recursu
2015 2320 2242 2385 adver-

658 2429 764 2475 sus
811 2409 1447 2495 Archipresbyterum
1508 2418 1572 2472 et
1628 2407 2002 2473 Sacerdotes
2059 2428 2240 2493 paro-

660 2495 874 2563 chialis
921 2495 1240 2561 Ecclesiae
1293 2495 1578 2562 eiusdem
1621 2494 1895 2581 Oppidi,
1944 2497 2051 2577 qui
2080 2542 2097 2577 ,
2146 2497 2240 2559 vi-

661 2601 818 2670 gore
866 2595 1138 2648 assertae
1184 2580 1703 2648 immemorabilis
1734 2582 2237 2666 consuetudiniS,

662 2671 914 2755 quando
975 2670 1274 2736 cadavera
1334 2669 1749 2736 Sacerdotum
1811 2669 2240 2757 processiona-

665 2759 809 2823 liter
852 2758 927 2823 ad
966 2757 1307 2824 Ecclesiam
1341 2756 1767 2843 parochialem
1815 2761 2239 2824 tumulantem

661 2845 989 2928 deferunt,
1023 2846 1407 2911 transeundo
1440 2863 1557 2930 per
1604 2856 1733 2910 tres
1781 2845 2093 2911 Ecclesias
2124 2865 2238 2911 sen

661 2934 994 3020 Cappellas
1040 2932 1197 2999 intra
1246 2932 1413 3000 illius
1457 2932 1762 2999 ambitum
1808 2932 1977 3018 sitas,
2011 2934 2243 3000 sistunt

660 3032 804 3086 ante
852 3038 1071 3086 earum
1105 3022 1338 3102 ianuas,
1375 3020 1588 3107 ibique
1620 3022 1956 3088 nonnullas
1987 3042 2237 3109 preces,

658 3127 894 3196 nempe
930 3109 1155 3176 Libera
1185 3130 1279 3174 me
1311 3113 1573 3175 Domine
1602 3121 1720 3175 etc.
1761 3128 1907 3175 cum
1939 3121 2241 3176 consueta

658 3196 952 3263 Oratione
997 3197 1062 3263 in
1106 3196 1473 3283 suffragium
1507 3197 1748 3263 animae
1782 3197 2066 3264 defuncti
2101 3202 2242 3263 Pre-

660 3284 899 3372 sbyteri
934 3285 1339 3371 persolvunt3
1375 3287 1450 3351 ad
1488 3285 1841 3351 tollendum
1876 3285 2238 3352 huiusmodi

660 3372 953 3454 abusum,
990 3373 1460 3459 infrascriptum
1506 3372 1799 3457 dubium,
1836 3390 2048 3439 coram
2076 3377 2238 3438 Eme

662 3472 728 3527 et
797 3465 952 3526 Rmo
1022 3466 1205 3526 Dom.
1270 3461 1457 3528 card.
1523 3461 1899 3529 cavalchino
1958 3464 2240 3527 Ponente

665 3549 834 3613 inter
863 3558 1073 3633 partes
1106 3550 1588 3632 concordatum,
1615 3548 2067 3615 declarandum
2095 3568 2241 3633 pro-

662 3636 945 3720 positum
993 3636 1112 3702 fuit
1144 3656 1160 3699 ι

797 3726 888 3788 An
954 3724 1254 3788 cadavera
1314 3724 1727 3790 sacerdotum
1787 3724 2240 3790 defunctorum

664 3810 890 3895 Oppidi
938 3810 1243 3877 caballini
1290 3820 1467 3876 recto
1515 3811 1765 3877 tramite
1796 3812 2087 3878 ducenda
2119 3813 2241 3878 sint

664 3896 741 3961 ad
794 3899 1138 3964 Ecclesiam
1188 3899 1635 3980 tumulantem,
1671 3900 1774 3965 vel
1809 3899 2016 3985 potins
2056 3901 2242 3965 liceat

668 3984 771 4048 illa
838 3987 1014 4072 prius
1077 3986 1417 4052 transferre
1482 4005 1599 4072 per
1657 4005 1878 4053 omnes
1926 3988 2244 4073 cappellas

668 4073 818 4171 dicti
866 4074 1122 4227 Oppidi,
1158 4086 1221 4139 et
1268 4076 1331 4141 in
1378 4075 1468 4138 eis
1515 4076 1853 4162 decantare
1898 4093 2124 4160 preces
2175 4085 2243 4140 ut

672 4181 732 4226 in
781 4181 927 4227 casu
1827 4206 1832 4213 -

797 4252 858 4316 S.
900 4253 977 4315 R.
1004 4253 1103 4334 c.‚
1138 4250 1346 4316 audita
1391 4251 1569 4336 prius
1614 4250 2061 4317 informatione
2095 4250 2242 4335 Epi-

665 4338 865 4422 scopi,
913 4356 983 4402 ac
1027 4339 1175 4403 visis
1222 4338 1463 4405 iuribus
1511 4339 1657 4404 hinc
1704 4340 1855 4404 inde
1921 4338 2243 4419 deductiS,

667 4426 741 4491 ad
793 4425 1166 4491 relationem
1214 4426 1498 4492 eiusdem
1569 4426 1703 4491 Emi
1762 4426 2097 4508 PonentiS,
2148 4447 2247 4492 re·

665 4514 1074 4579 scribendum
1110 4515 1393 4580 censuit:
1444 4536 1481 4577 ‹
1516 4518 1823 4579 Servetur
1853 4514 2144 4598 solitum3
2181 4528 2245 4579 et

667 4602 940 4686 amplius
973 4623 1036 4666 ».
1089 4606 1164 4666 Et
1212 4602 1290 4668 ita
1337 4603 1626 4667 decrevit
1669 4624 1738 4667 ac
1791 4604 2029 4667 servari
2075 4620 2246 4667 man-

669 4689 864 4755 davit.
917 4691 1027 4757 Die
1083 4694 1156 4757 17
1204 4691 1569 4757 Decembris
1622 4693 1812 4756 1746.

1102 4808 1113 4835 Ι

672 4864 934 4931 2396.
1288 4870 1630 4934 VENETA.
2020 4868 2244 4954 (4190)

801 5044 959 5107 Cum
1007 5042 1313 5110 Plebanus
1361 5057 1426 5109 et
1456 5046 1679 5112 Clerus
1712 5045 2094 5132 collegiatae
2136 5050 2247 5111 Ec-

674 5128 902 5195 clesiae
948 5129 1216 5196 matricis
1263 5135 1330 5198 S.
1379 5133 1604 5198 Mariae
1650 5133 2115 5200 Tubenicorum
2150 5133 2247 5198 Ci-

673 5216 880 5282 vitatis
927 5217 1333 5284 Venetiarum
1384 5220 1841 5307 exposuerint,
1891 5221 2060 5304 quod
2108 5220 2245 5285 Offi-

673 5306 840 5371 cium
890 5305 1266 5372 Sanctissimi
1316 5306 1761 5391 Redemptoris
1821 5328 1851 5370 a
1915 5311 2093 5371 Sacra
2150 5305 2247 5371 Ri-

682 5408 856 5459 tuum
925 5394 1433 5480 congregatione
1505 5412 1870 5458 concessum
1942 5395 2063 5458 sub
2123 5394 2247 5456 ritu

2334 583 2439 629 sae
2474 564 2642 629 illius
2673 564 3084 650 Reipublicae
3117 566 3404 632 Dominio
3440 587 3558 653 pro
3598 568 3911 633 Dominica

2335 651 2519 717 tertia
2566 651 2706 717 lulii
2754 652 3094 719 cuiuslibet
3141 655 3323 737 anni,
3370 677 3406 719 a
3462 657 3648 722 Clero
3712 655 3910 721 dictae

2334 740 2657 806 Ecclesiae
2705 742 2931 807 eadem
2978 742 3086 807 die
3132 741 3214 807 ob
3255 742 3721 809 occurrentiam
3758 743 3911 808 Festi

2338 827 2509 895 illius
2555 828 2980 893 Dedicationis
3036 831 3300 901 minime
3357 831 3610 896 recitari
3669 830 3908 917 possit;

2338 935 2508 983 nunc
2566 917 2824 981 nomine
2891 916 3048 983 dicti
3116 919 3370 985 Plebani
3422 931 3486 984 et
3531 918 3703 985 Cleri
3752 921 3909 1004 apud

2337 1007 2406 1070 S.
2455 1008 2533 1070 R.
2581 1004 2649 1069 C.
2701 1003 2974 1070 demisse
3020 1006 3450 1092 supplicatum
3498 1008 3644 1090 fuit,
3686 1017 3761 1072 ut
3809 1026 3914 1092 pro

2337 1093 2488 1179 ipsis
2532 1090 2819 1157 Officium
2865 1094 3037 1157 88ῶί
3101 1095 3553 1179 Redemptoris
3600 1094 3663 1159 in
3708 1105 3914 1180 poste-

2340 1199 2479 1245 rum
2519 1180 2583 1246 in
2614 1180 2858 1244 Feriam
2889 1181 3238 1246 secundam
3272 1193 3414 1267 post
3447 1183 3680 1249 dictam
3714 1182 3915 1247 Domi·

2337 1268 2543 1333 nicam
2592 1268 2841 1346 tertiam
2890 1278 3211 1353 tamquam
3259 1269 3327 1334 in
3373 1270 3550 1335 diem
3597 1270 3917 1356 propriam
3998 1259 3999 1278 ¹

2340 1355 2563 1441 reponi
2609 1354 2841 1420 valeat.

2469 1445 2546 1507 Et
2592 1445 2657 1508 S.
2712 1445 2938 1509 eadem
2985 1448 3065 1510 R.
3112 1447 3215 1526 c.‚
3265 1444 3482 1511 audito
3542 1445 3722 1531 prius
3779 1458 3917 1510 voto

2339 1528 2526 1595 unius
2558 1548 2637 1594 ex
2670 1531 3176 1614 Apostolicarum
3208 1536 3773 1600 caeremoniarum
3808 1539 3917 1598 hla-

2338 1618 2575 1704 gistris,
2612 1617 3094 1684 rescribendum
3126 1620 3410 1685 censuit:
3461 1644 3498 1685 (
3534 1626 3604 1690 ln
3637 1643 3810 1704 casu,
3844 1622 3915 1687 de

2339 1724 2465 1788 quo
2524 1705 2769 1790 agitur,
2826 1717 3174 1793 reponatur
3229 1706 3517 1774 Officium
3583 1711 3762 1778 SSmi
3810 1715 3915 1774 Re-

2338 1791 2692 1879 demptoris
2726 1793 2788 1858 in
2821 1794 2997 1859 Feria
3042 1797 3317 1862 secunda
3347 1807 3494 1881 post
3534 1797 3914 1863 Dominicam
3998 1811 3999 1818 ’

2340 1880 2592 1945 tertiam
2639 1880 2779 1946 lulii
2827 1880 2988 1948 illud
3034 1883 3420 1948 celebrando
3466 1886 3589 1951 sub
3636 1885 3767 1949 ritu
3812 1885 3915 1950 du·

2342 1967 2487 2054 plici
2533 1969 2854 2034 secundae
2899 1969 3115 2034 classis
3144 1971 3283 2034 sine
3313 1971 3916 2038 commemoratione

2341 2068 2593 2120 octavae
2641 2056 3087 2138 Dedicationis,
3121 2057 3203 2122 de
3243 2076 3365 2142 qua
3403 2059 3669 2145 reliquis
3698 2059 3915 2125 diebus

2339 2142 2445 2207 fiat
2474 2142 2763 2209 Officium
2796 2163 2941 2210 cnm
2973 2147 3579 2213 commemoratione
3604 2147 3780 2215 88ῶί
3804 2151 3913 2211 Re·

2342 2231 2722 2318 demptoriS,
2772 2233 2951 2297 cuius
2999 2243 3214 2296 octava
3273 2234 3520 2300 desinat
3575 2255 3723 2302 cum
3780 2233 3913 2298 sim·
3998 2273 3999 2280 κ

2344 2318 2492 2405 plici
2541 2320 3147 2385 commemoratione
3196 2323 3257 2385 in
3305 2322 3411 2388 die
3458 2335 3678 2388 octava
3743 2319 3913 2385 Dedi-

2343 2406 2598 2471 cationis
2644 2406 2964 2473 Ecclesiae
2995 2430 3056 2471 ».
3113 2411 3189 2473 Et
3238 2409 3319 2473 ita
3375 2409 3751 2475 declaravit.
3814 2407 3911 2473 Die

2343 2498 2426 2560 22
2475 2494 2710 2581 Aprilis
2762 2498 2957 2561 1747.

2348 2633 2595 2701 2397.
2892 2636 3343 2703 AVENIONEN
3353 2683 3369 2702 .
3696 2637 3909 2724 (4193)

2470 2762 2539 2823 In
2586 2776 2767 2822 cansa
2828 2757 3224 2823 functionum
3278 2769 3343 2823 et
3387 2759 3933 2842 praeeminentia-‚
3998 2769 3999 2790 ³

2342 2863 2483 2912 rum
2528 2845 3040 2910 vertenteinter
3083 2848 3312 2911 limum
3352 2847 3911 2935 Archiepiscopum
3998 2907 3999 2920 ,

2341 2934 2742 3001 Avenionen.
2806 2931 3097 2999 eiusdem
3157 2933 3434 3001 Civitatis
3489 2955 3573 3000 ex
3632 2955 3797 3020 una,
3858 2946 3913 3001 et
3998 2998 3999 3003 ,

2338 3021 2702 3107 Capitulum
2776 3022 3094 3087 Ecclesiae
3156 3023 3671 3108 metropolitanae
3732 3025 3912 3124 parti·
3998 3022 3999 3059 ³

2342 3112 2458 3177 bus
2520 3128 2601 3174 ex
2661 3110 2898 3193 altera,
2962 3109 3115 3174 ortis
3150 3108 3615 3175 ‘controversiis
3669 3112 3910 3196 illisque

2344 3200 2419 3264 ad
2469 3201 2535 3264 S.
2570 3201 2643 3263 R.
2680 3202 2751 3264 C.
2790 3195 3041 3280 delatis,
3079 3200 3271 3262 Exitus
3317 3210 3383 3263 et
3430 3201 3623 3265 Rmus
3671 3203 3744 3264 D.
3784 3204 3912 3264 Car·
3998 3214 3999 3237 l

2343 3286 2568 3352 dinalis
2614 3288 2841 3351 Tanara
2891 3289 3133 3350 Ponens
3166 3285 3555 3372 infrascripta
3588 3286 3783 3352 dubia
3824 3304 3913 3350 co·
3998 3318 3999 3321 ¹

2343 3392 2477 3439 ram
2545 3392 2616 3438 se
2684 3372 3057 3439 concordata
3130 3372 3485 3439 decidenda
3562 3374 3913 3462 proposuit,
3998 3408 3999 3423 ι

2345 3479 2628 3545 nempe:

2479 3552 2541 3614 1.
2591 3551 2685 3613 An
2716 3548 3237 3636 ArchiepiscopO,
3270 3551 3403 3615 sive
3448 3550 3830 3615 solemniter
3856 3568 3913 3610 ac

2344 3635 2791 3723 pontificaliter
2838 3636 3184 3701 celebranti
3234 3637 3297 3701 in
3342 3638 3448 3703 die
3503 3649 3721 3703 octava
3776 3642 3911 3704 Cor-

2346 3727 2516 3812 poris
2560 3724 2793 3790 cbristi
2842 3724 2903 3788 in
2953 3725 3232 3790 Ecclesia
3264 3725 3608 3811 collegiata
3643 3729 3713 3791 S.
3748 3722 3915 3809 Agri-

2345 3812 2560 3895 colae,
2608 3813 2740 3877 sive
2786 3812 2904 3877 alia
2961 3812 3245 3896 qualibet
3303 3813 3685 3880 Pontificalia
3742 3830 3911 3877 exer·

2346 3902 2542 3982 centi,
2592 3910 2728 3965 tum
2776 3901 2837 3964 in
2885 3903 3107 3965 eadem
3162 3901 3435 3965 Ecclesia
3485 3914 3618 3967 tum
3668 3916 3913 3985 quoque

2346 3989 2409 4053 in
2453 3989 2587 4055 aliis
2632 3987 3137 4073 quibuscumque
3183 3987 3462 4053 Civitatis
3494 3988 3911 4065 Avenionen.,

2347 4076 2654 4143 debeatur
2700 4076 3048 4141 assistentia
3095 4097 3127 4139 a
3174 4075 3588 4159 Dignitatibus
3630 4086 3695 4139 et
3730 4081 3913 4142 Cano·

2348 4165 2505 4230 nicis
2564 4163 2882 4229 Ecclesiae
2943 4164 3378 4241 cathedralis3
3450 4163 3551 4229 vel
3626 4164 3840 4250 potius
3887 4180 3913 4222 a

2344 4250 2760 4405 Dignitatjbus
2804 4264 2870 4317 et
2916 4251 3240 4319 canonicis
3289 4252 3660 4317 earumdem
3706 4252 3911 4317 Eccle-

2347 4359 2577 4405 siarum

2480 4428 2542 4493 2.
2594 4432 2689 4493 An
2737 4427 2950 4495 eidem
2984 4427 3474 4515 Archiepiscopo
3508 4428 3693 4494 liceat
3724 4444 3912 4493 sacras

2348 4515 2679 4600 generales
2742 4517 3178 4582 Ordinationes
3240 4526 3419 4580 extra
3460 4514 3911 4583 ‚Cathedralem

2348 4603 2694 4669 Ecclesiam
2748 4602 3112 4689 peragere?
3170 4615 3232 4669 et
3290 4612 3598 4688 quatenus
3660 4603 3913 4669 affirma·

2352 4691 2508 4773 tive,

2481 4782 2548 4844 3.
2597 4783 2691 4843 An
2749 4778 3094 4864 Dignitates
3154 4790 3218 4844 et
3274 4779 3568 4844 Canonici
3634 4778 3910 4844 eiusdem

2351 4865 2741 4934 Catbedralis
2786 4876 2852 4931 et
2899 4865 3413 4954 metropolitanae
3459 4866 3780 4932 Ecclesiae
3832 4876 3911 4930 te·

2350 4966 2658 5037 neantur,
2710 4954 2895 5021 etiam
2944 4954 3163 5037 inviti,
3212 4955 3384 5021 dicto
3431 4954 3912 5041 Archiepiscopo

2350 5045 2497 5109 alibi
2528 5043 2963 5109 Ordinationes
3008 5043 3351 5110 celebranti
3398 5041 3689 5106 assistere
3720 5052 3785 5106 et
3812 5042 3909 5107 de·

2350 5130 2646 5197 servire?

2486 5224 2562 5283 Et
2609 5221 2673 5284 S.
2712 5223 2787 5285 Β.
2824 5223 2923 5302 c.‚
2959 5221 3104 5284 visis
3154 5218 3392 5285 iuribus
3427 5237 3503 5282 ex
3536 5228 3717 5303 parte
3752 5236 3907 5305 prae-

2354 5307 2459 5370 fati
2506 5306 2776 5389 Capituli
2830 5308 3146 5372 Ecclesiae
3178 5305 3692 5392 Metropolitanae
3725 5305 3907 5371 dedu·

2353 5394 2492 5472 ctis,
2543 5410 2661 5455 nec
2707 5410 2834 5456 non
2878 5395 3128 5478 scriptis
3174 5414 3243 5459 ac
3287 5412 3451 5459 voce
3495 5393 3666 5460 illius
3701 5398 3905 5460 Procu-
