4042 5950
1523 270 1996 358 ..381-

229 437 331 506 Ad
388 443 461 508 3.
510 462 549 503 ι
584 441 896 509 Servetur
940 432 1174 507 eodem
1216 438 1413 506 modo
1442 436 1715 506 Rubrica

98 527 498 595 pontificatis
544 527 908 597 Romani».

226 616 416 695 Quae
462 617 712 704 singula
759 614 1186 705 Amplitudini
1218 618 1387 682 Tuae
1433 632 1715 681 commu-

98 704 283 783 nico;
339 716 413 771 et
464 705 589 774 diu'
622 704 781 772 felix
828 716 894 773 et
939 703 1281 771 incolumis
1328 703 1519 770 vivat.

226 796 481 861 Romae
526 797 570 863 9
616 792 778 862 lunii
835 796 1025 861 1853.

98 933 366 1005 3015.
678 936 1148 1003 msam-mn.
1479 930 1708 1020 (sies)

232 1061 410 1124 Dum
446 1057 567 1125 hoc
599 1056 737 1146 ipso
763 1066 1059 1124 vertente
1092 1074 1258 1124 anno
1287 1056 1395 1124 die
1419 1060 1506 1124 28
1529 1056 1713 1147 Apri·

105 1145 175 1212 lis
207 1149 423 1213 limus
453 1144 808 1235 Episcopus
841 1143 1183 1211 Eistetten.
1211 1145 1574 1247 Apostolico
1604 1165 1711 1212 au-

102 1235 384 1320 gebatur
436 1233 689 1301 indulto
735 1231 1204 1321 subdelegandi
1250 1233 1369 1300 sibi
1415 1232 1713 1300 commis-

100 1341 202 1388 sos
248 1322 666 1405 Sacerdotes,
703 1321 764 1388 in
797 1319 1002 1407 aliqua
1048 1321 1371 1388 Ecclesiae
1402 1320 1714 1409 dignitate

104 1409 520 1495 constitutos,
546 1410 624 1476 ad
652 1408 1175 1476 benedictionem
1197 1410 1524 1493 Nolamm,
1552 1428 1715 1496 quae

103 1516 222 1585 pro
256 1517 387 1565 usu
421 1497 852 1565 Ecclesiarum
882 1497 1032 1564 satis
1062 1501 1311 1586 amplae
1341 1517 1493 1565 suae
1525 1498 1710 1566 Dioe-

108 1604 331 1653 ceseos
379 1597 685 1654 recenter
731 1583 1203 1672 fundebantur,
1253 1595 1529 1653 attamen
1594 1585 1715 1653 sub

107 1694 188 1740 ex
237 1692 414 1741 ressa
464 1673 742 1741 clausula
776 1685 846 1740 ιιι
879 1674 1258 1741 Sacerdotes
1290 1673 1408 1762 ipsi
1453 1674 1713 1741 omnino

108 1762 181 1829 ad
231 1761 500 1829 iberent
558 1763 828 1828 formam
889 1762 975 1845 in,
1022 1761 1378 1830 Pontificali·
1431 1766 1714 1830 Romano

107 1850 618 1940 praescriptam3
666 1869 863 1939 super
910 1852 1029 1917 hoc
1072 1850 1210 1941 ipso
1243 1850 1496 1918 indulto
1531 1851 1714 1939 plura

110 1939 316 2006 adhuc
368 1938 761 2026 requirenda
807 1939 1057 2005 censuit
1105 1950 1176 2005 ut
1222 1939 1467 2007 dandae
1498 1959 1532 2003 a
1564 1941 1714 2006 San·

112 2036 205 2091 cta
254 2027 436 2095 Sede
495 2025 859 2113 Apostolica
908 2026 1384 2094 declarationes
1430 2027 1715 2094 cuicum-

108 2132 235 2199 que
284 2114 592 2183 ulteriori
653 2113 955 2181 anxietati
1017 2116 1185 2181 viam
1232 2116 1488 2204 integre
1535 2134 1715 2218 prae-

113 2202 401 2270 cludant.
469 2202 777 2282 Quocirca
831 2203 1115 2270 Vicarius
1168 2204 1494 2271 Generalis
1541 2202 1715 2271 illins

113 2290 465 2376 Dioecesis,
512 2290 775 2358 nomine
837 2289 1131 2359 eiusdem
1177 2292 1715 2360 Reverendissimi

114 2379 445 2469 Episcopi,
480 2379 885 2447 Sanctissimo
917 2382 1184 2447 Domino
1214 2381 1444 2448 Nostro
1475 2382 1581 2447 Pio
1614 2384 1721 2448 Pa-

118 2486 231 2554 pae
277 2470 365 2536 IX
413 2468 750 2554 sequentia
794 2467 989 2535 dubia
1033 2469 1417 2557 proposuit:

247 2560 312 2623 1.
362 2557 465 2623 An
514 2556 708 2622 liceat
752 2557 1083 2624 Sacerdoti
1118 2560 1194 2625 ab
1226 2558 1543 2645 Episcopo
1573 2559 1719 2626 sub-

118 2641 423 2731 delegato
468 2645 547 2712 ad
597 2644 1119 2713 benedictionem
1147 2646 1453 2714 Nolarum
1484 2648 1715 2734 (quum

119 2731 348 2799 debeat
405 2734 678 2800 formam
738 2750 995 2799 servare
1056 2733 1122 2801 in
1180 2735 1528 2802 Pontificali
1594 2738 1716 2802 Ro·

120 2838 304 2887 mano
346 2821 840 2910 praescriptam)
889 2822 1227 2890 unctiones
1269 2821 1623 2891 adhibere?
1654 2835 1719 2891 et

121 2907 170 2973 si
214 2910 545 2996 negative,

247 3002 312 3066 2.
365 3005 467 3067 An
513 2999 679 3066 ritus
723 2999 801 3067 ad
850 2999 1036 3067 istam
1082 3001 1606 3070 benedictionem
1654 3002 1718 3070 in

124 3085 468 3155 Pontificali
499 3091 780 3155 Romano
804 3089 1236 3178 praescriptus
1264 3089 1559 3157 mutilato
1582 3110 1719 3157 mo-

124 3173 203 3239 do
247 3175 546 3244 adbiberi
589 3175 847 3261 debeat,
884 3178 1046 3245 adeo
1077 3189 1150 3244 ut
1178 3177 1509 3245 Orationes
1542 3179 1714 3263 illae,

123 3279 278 3417 ἕλοιο
326 3264 406 3419 ⁸¹?
456 3265 796 3421 unctiogies
841 3267 1199 3422 pertinent,
1232 3266 1493 3334 omnino
1531 3267 1720 3335 omit·

254 3372 333 3419 ur
429 3371 466 3419 e
541 3371 590 3419 si
637 3372 671 3420 a
748 3371 1041 3440 rmatve,

249 3445 314 3507 3.
364 3441 467 3508 An
524 3443 688 3509 ritus
756 3444 1062 3511 Nolarum
1130 3443 1718 3513 benedicendarum

127 3527 383 3596 fortasse
431 3529 522 3597 sic
568 3527 1001 3599 instituendus
1047 3532 1129 3600 sit
1174 3552 1206 3597 a
1266 3532 1721 3601 Sacerdotibus

125 3616 590 3706 subdelegatis,
624 3629 697 3685 ut
728 3620 1074 3687 conformis
1096 3621 1246 3687 ritui
1279 3621 1344 3687 in
1368 3621 1716 3689 pontificati

126 3704 402 3774 Romano
435 3726 577 3774 esse
608 3707 926 3788 videatur3
949 3710 1123 3776 iuxta
1157 3727 1350 3795 quem
1381 3714 1444 3777 1.
1470 3710 1719 3777 Psalmi

133 3793 248 3892 oo,
285 3799 401 3881 53,
449 3800 560 3880 56,
609 3797 719 3880 66,
772 3799 882 3883 89,
926 3802 1037 3885 83,
1090 3801 1257 3882 129,
1318 3797 1529 3884 primo
1592 3799 1719 3865 sint

129 3886 465 3969 recitandi,
517 3898 668 3952 tunc
717 3886 948 3952 ceteris
996 3887 1257 3954 Psalmis
1303 3896 1371 3951 et
1413 3884 1719 3954 Orationi·

130 3963 238 4032 bus
268 3973 555 4054 omissis;
606 3977 670 4041 2.
706 3973 956 4040 dicatur
987 3974 1221 4042 deinde
1251 3974 1459 4042 Oratio
1498 3975 1717 4041 Ornat·-

125 4065 336 4137 poteits
400 4061 770 4130 dominator
834 4061 1119 4145 Christe,
1185 4082 1315 4149 quo
1369 4065 1720 4130 seeundum

135 4153 350 4214 corais
382 4153 885 4235 assumptionem
914 4152 1269 4218 dormiente
1298 4155 1372 4219 iu
1403 4157 1565 4219 viaet·
1595 4164 1716 4219 ete.

136 4234 192 4296 3.
224 4237 381 4303 Nola
424 4257 543 4305 seu
572 4242 887 4325 Campana
919 4258 1066 4306 cum
1097 4259 1256 4327 aqna
1287 4240 1366 4307 ab
1400 4239 1718 4329 Episcopo

134 4318 464 4418 benedicta
507 4329 904 4416 aspergenda
948 4340 1051 4413 et,
1109 4327 1412 4416 imposito
1460 4331 1521 4395 in
1572 4328 1717 4395 thu-

138 4409 334 4479 ribulo
383 4415 816 4502 thymiamate,
867 4416 1251 4484 incensanda
1294 4415 1429 4483 sit?

258 4503 324 4568 t.
373 4506 441 4569 ln
487 4522 635 4570 casu
679 4505 1111 4592 responsionis
1140 4505 1475 4593 negativae
1509 4504 1715 4593 quoad

138 4581 285 4654 banc
360 4593 701 4658 formulam
777 4594 1259 4677 benedicendi,
1338 4595 1715 4681 quaeritur:

137 4674 457 4749 Quomodo
518 4682 791 4748 formula
853 4700 972 4749 seu
1027 4682 1188 4748 ritus
1253 4685 1333 4748 ab
1402 4680 1718 4770 Episcopo

139 4765 521 4836 ordinandus
546 4769 653 4855 sit,
685 4782 759 4836 ut
802 4780 1103 4837 servetur
1148 4769 1346 4837 forma
1396 4770 1461 4839 in
1507 4770 1718 4837 Ponti-

141 4847 289 4919 ficali
334 4862 616 4926 Romano
665 4857 1113 4948 praescripta?

258 4946 318 5010 b.
368 4950 469 5013 An
516 4948 705 5013 liceat
750 4949 1077 5016 Sacerdoti
1125 4949 1202 5017 ad
1253 4949 1374 5017 hoc
1406 4948 1715 5035 deputato

141 5021 644 5126 benedictionem
691 5053 883 5124 agere
928 5038 1308 5106 solemniter
1345 5038 1537 5104 etiam
1568 5053 1716 5103 cum

143 5115 394 5194 Diacono
438 5125 632 5191 sacris
672 5124 958 5191 vestibus
1005 5126 1258 5210 induto,
1316 5127 1425 5213 qui
1475 5128 1540 5192 in
1586 5124 1715 5191 fine

146 5203 548 5301 Evangelium
594 5213 854 5280 solitum
898 5226 1117 5296 canat3
1164 5216 1315 5302 quia
1344 5227 1521 5281 actus
1552 5214 1717 5280 sole-

146 5298 297 5362 mnis
338 5302 752 5394 privilegium
796 5303 1261 5393 Episcoporum
1300 5317 1543 5375 tantam
1576 5323 1716 5372 esse

146 5383 434 5465 videtur?
479 5403 545 5460 et
591 5404 907 5480 quatenus
950 5393 1280 5482 negative,

1946 442 2012 504 θ.
2063 440 2162 504 An
2207 446 2359 505 tunc
2399 436 2724 506 Sacerdos
2785 430 2923 526 ipse
2978 431 3402 524 Evangelinm
3495 480 3506 511 ι

1814 525 1982 594 istud
2034 544 2264 593 canere
2310 525 2414 593 vel
2462 544 2725 614 prorsus
2768 524 3071 593 omittere
3126 523 3412 594 debeat?

1945 618 2026 680 Et
2056 613 2364 681 Sanctitas
2395 618 2541 697 Sua,
2579 613 2656 680 ad
2705 612 3086 682 relationem
3130 612 3406 680 subscri-

1694 748 1706 762 .
1812 703 1905 791 pti
1938 706 2002 771 S.
2033 705 2106 768 R.
2140 705 2211 769 C.
2247 701 2780 787 Pro-secretarii,
2805 701 3127 769 mandavit
3156 712 3229 768 ut
3260 720 3407 788 pro·

1813 789 2036 878 positis
2102 788 2576 876 quaestionibus
2651 790 3159 881 responderetur
3233 788 3408 857 iuxta

1814 878 1965 946 alias
2011 878 2311 957 decreta;
2361 878 2715 946 videlicet:

1949 968 2046 1036 Ad
2099 970 2159 1034 1.
2207 989 2247 1032 e
2282 965 2673 1035 Affirmative
2707 989 2770 1033 ι».

1948 1056 2043 1123 Ad
2093 1061 2161 1123 2.
2209 1077 2249 1120 e
2283 1056 2614 1123 Provisum
2661 1056 2725 1122 in
2770 1056 2982 1143 primo
3016 1078 3080 1124 a.

1949 1145 2045 1212 Ad
2095 1149 2163 1212 3.
2211 1166 2250 1207 ι
2283 1144 2637 1229 Provisum,
2687 1154 2759 1211 ut
2802 1160 3038 1235 supra;
3088 1154 3156 1211 et
3201 1144 3293 1212 nil
3341 1165 3410 1212 o-

1815 1232 2205 1300 mittendum
2238 1255 2302 1299 ι.

1950 1322 2045 1389 Ad
2095 1325 2158 1388 t.
2208 1343 2248 1386 ι
2281 1324 2379 1388 Ex
2424 1320 2786 1408 praemissis
2833 1341 2961 1389 non
3006 1320 3303 1423 indigere
3339 1344 3402 1388 ι.

1948 1410 2045 1477 Ad
2096 1415 2158 1477 5.
2212 1431 2248 1473 α
2284 1409 3408 1498 Affirmativ03quoniaminindulto

1818 1500 1882 1567 id
1916 1498 2494 1586 comprehenditur
2524 1497 2589 1564 in
2621 1497 2861 1581 verbis,
2895 1499 3168 1565 Servata
3196 1501 3409 1585 soma

1814 1588 2230 1674 Pontificalt‘c
2275 1588 2554 1652 Romani
2586 1607 2650 1653 ›.

1949 1676 2045 1743 Ad
2094 1679 2160 1743 6.
2209 1697 2249 1740 e
2283 1674 2612 1742 Provisum
2658 1675 2724 1742 in
2770 1675 3186 1762 praecedenti
3222 1698 3283 1743 a.

1948 1763 2063 1830 Die
2108 1767 2192 1831 23
2241 1763 2401 1831 lunii
2455 1766 2647 1830 1853.

1817 1904 2076 1975 3016.
2376 1904 2852 1973 musonem.
3181 1903 3410 1994 (siae)

1944 2029 2156 2107 Quum
2179 2030 2374 2095 limus
2397 2027 2812 2115 Limburgen.
2852 2026 3227 2117 Episcopus,
3262 2032 3413 2096 San·

1817 2116 2168 2184 ctissimum
2198 2115 2542 2183 Dominum
2576 2117 2877 2182 Nostrum
2908 2114 3088 2182 Pium
3113 2118 3192 2183 {X
3225 2121 3408 2186 Pont.

1819 2207 1979 2272 Max.
2033 2203 2410 2271 humillimis
2477 2201 2780 2291 precibus
2845 2202 3091 2290 adiens,
3138 2224 3413 2293 sequen·

1819 2292 1980 2394 tium
2029 2292 2373 2360 dubiorum
2430 2289 2929 2359 declarationem
2992 2292 3269 2379 rogarit3
3318 2294 3416 2362 ni-

1822 2398 2106 2449 mirum:
2153 2430 2158 2435 ,

1954 2475 2016 2538 1.
2066 2470 2275 2548 Quum
2322 2488 2404 2535 ex
2450 2472 2678 2538 Sacrae
2723 2468 2986 2537 Rituum
3049 2471 3415 2557 congrega·

1816 2559 2005 2626 tionis
2042 2559 2328 2625 Decretis
2359 2555 2729 2626 benedictio
2758 2557 3141 2645 Nuptiarum
3173 2578 3207 2625 a
3238 2559 3414 2625 Missa

1816 2647 2096 2735 disiungi
2145 2645 2321 2714 licite
2367 2646 2590 2736 possit,
2642 2657 2709 2713 et
2754 2646 2980 2734 Sponsi
3026 2646 3103 2714 ad
3155 2646 3415 2714 benedi·

1816 2737 2099 2804 ctionem
2134 2734 2196 2802 in
2229 2735 2447 2802 Missae
2495 2733 2930 2801 celebratione
2976 2734 3413 2824 recipiendam

1819 2823 1988 2911 adigi
2050 2841 2180 2891 non
2247 2822 2563 2903 debeant;
2626 2822 2998 2909 quaeritur:
3060 2825 3290 2891 Utrum
3359 2822 3414 2890 si

1821 2913 2052 2981 eadem
2099 2911 2467 2980 benedictio
2497 2932 2530 2979 a
2564 2904 2742 2979 Missa
2774 2911 3054 2999 disiungi
3087 2922 3151 2979 et
3183 2912 3416 2981 tardio-

1823 3002 1998 3069 ribus
2046 2999 2173 3068 diei
2220 3000 2396 3067 horis
2439 3018 2588 3068 cum
2619 2999 2747 3067 ritu
2794 2999 3164 3068 celebrandi
3211 3002 3416 3069 Hatri-

1819 3088 2019 3157 monii
2067 3089 2472 3155 coniunctam
2517 3087 2836 3176 impertiri
2885 3088 3253 3174 contingat;
3298 3090 3412 3156 sed

1818 3179 1903 3247 de
1966 3196 2196 3261 mane,
2266 3176 2635 3265 petentibus
2695 3176 2990 3264 Sponsis,
3058 3179 3234 3243 Missa
3294 3195 3414 3263 pro

1824 3267 1916 3335 eis
1961 3263 2360 3350 celebretur,
2407 3265 2572 3331 sumi
2620 3264 2736 3331 ista
2781 3263 2992 3330 valeat
3036 3264 3248 3331 votiva
3296 3284 3414 3353 pro

1823 3358 2069 3456 Sponso
2101 3365 2168 3421 et
2199 3355 2438 3441 Sponsa
2469 3372 2616 3421 cum
2649 3351 2880 3420 iisdem
2926 3352 3307 3442 privilegiis,
3344 3372 3415 3419 ac

1819 3445 2007 3522 alias3
2058 3461 2137 3509 an
2182 3459 2340 3508 vero
2388 3452 2453 3508 et
2497 3441 2563 3509 in
2613 3439 2763 3542 ipsis
2809 3441 3000 3507 etiam
3035 3441 3277 3508 votivas
3307 3441 3413 3509 ad-

1819 3531 2225 3599 mittentibus
2276 3529 2533 3614 diebus,
2566 3534 2744 3597 missa
2791 3547 3085 3613 currens,
3120 3537 3230 3597 aut
3271 3529 3415 3611 alia,

1823 3620 2081 3687 exclusa
2127 3619 2305 3686 Missa
2363 3637 2485 3707 pro
2544 3621 2792 3720 Sponso
2841 3627 2908 3684 et
2954 3621 3218 3705 Sponsa,
3284 3617 3412 3705 (cui

1818 3709 1985 3775 forte
2034 3707 2341 3774 abstracta
2389 3707 2844 3774 benedictione
2903 3707 3083 3774 locus
3142 3707 3415 3795 amplius

1820 3815 1950 3864 nen
1995 3794 2105 3882 sit)
2152 3795 2282 3863 dici
2328 3793 2612 3863 debeat?

1953 3887 2019 3951 2.
2040 3887 2245 3965 Quum
2270 3883 2532 3970 Agenda
2552 3882 2818 3951 Limbur
2866 3883 3036 3951 ensis
3057 3901 3222 3952 anno
3249 3886 3418 3952 1838

1815 3975 1936 4042 sub
1996 3972 2497 4040 Praedecessere
2556 3991 2701 4040 meo
2855 3972 2940 4039 ita
2985 3971 3416 4040 benedicendi

1818 4059 2197 4130 Matrimonii
2250 4060 2444 4129 ritum
2491 4061 2819 4150 duplicem
2855 4059 3185 4146 exhibeat,
3216 4078 3413 4162 quem

1821 4151 1885 4218 in
1931 4149 2182 4235 Pegella
2230 4149 2479 4216 adnexa
2523 4149 2747 4217 videre
2796 4148 2994 4228 licet;
3043 4158 3411 4234 quaeritur:

1816 4242 2048 4306 Utrum
2092 4239 2346 4325 quoties
2402 4237 2949 4321 benedictionem,
2999 4247 3073 4303 ut
3117 4255 3333 4323 supra,
3381 4255 3414 4302 a

1816 4327 1992 4394 Missa
2041 4326 2415 4414 disiungere
2474 4326 2827 4413 contingat,
2893 4324 3065 4392 hunc
3112 4327 3414 4411 Agendae

1820 4417 2016 4482 ritum
2063 4414 2346 4482 retinere
2392 4413 2618 4499 liceat;
2669 4433 2747 4480 an
2777 4430 2934 4480 vero
2965 4413 3162 4481 ritum
3196 4414 3415 4480 Missae

1817 4522 1937 4593 pro
1968 4506 2218 4591 Sponso
2249 4512 2314 4569 et
2344 4504 2583 4592 Sponsa
2630 4499 2965 4589 insertum,
3010 4502 3203 4569 etiam
3237 4512 3413 4579 extra

1823 4591 2095 4678 nissam,
2138 4591 2399 4659 omnino
2446 4589 2756 4658 adhibere
2804 4587 3154 4678 oporteat?

1951 4686 2018 4747 3.
2068 4681 2360 4768 Denique
2424 4680 2487 4746 in
2546 4677 2662 4745 hae
2722 4679 3048 4764 Dioecesi,
3095 4677 3284 4746 sicuti
3350 4678 3416 4746 in

1818 4767 2115 4856 pluribus
2161 4769 2557 4851 Germaniae,
2593 4779 2890 4856 tempore
2917 4768 3242 4835 Feriarum
3287 4785 3414 4833 non

1819 4857 2034 4923 solum
2090 4857 2472 4944 Nuptiarum
2532 4855 3014 4938 solemnitates,
3062 4856 3178 4923 sed
3239 4856 3413 4942 ipsae

1818 4945 2011 5013 etiam
2041 4947 2301 5033 nuptiae
2335 4964 2415 5012 ex
2450 4944 2916 5013 consuetudine
2962 4943 3414 5034 probibentur,

1818 5034 1939 5102 nisi
1972 5034 2136 5103 adsit
2168 5034 2554 5121 dispensatio
2583 5032 2912 5121 Episcopi.
2957 5035 3126 5099 Hanc
3158 5032 3414 5119 dispen-

1817 5123 2130 5189 sationem
2179 5121 2258 5188 ab
2305 5121 2619 5210 Episcopo
2665 5121 3042 5188 auctoritate
3095 5120 3415 5189 ordinaria

1819 5211 2087 5278 concedi
2133 5230 2352 5300 posse,
2399 5209 2751 5277 dummodo
2796 5210 3003 5277 adsint
3031 5229 3254 5277 causae
3282 5208 3414 5276 sut·

1823 5299 2143 5387 ficientes,
2205 5310 2383 5366 certe
2442 5298 2510 5366 in
2576 5300 2844 5367 dubium
2906 5299 3118 5365 vocari
3162 5297 3412 5385 nequit,

1822 5408 2025 5476 quum
2056 5389 2144 5457 de
2172 5388 2306 5456 sola
2351 5387 2820 5458 consuetudine
2866 5387 3232 5479 particulari
3271 5403 3414 5478 aga·
