<?xml version="1.0" encoding="UTF-8"?>
<!DOCTYPE html PUBLIC "-//W3C//DTD XHTML 1.0 Transitional//EN"
    "http://www.w3.org/TR/xhtml1/DTD/xhtml1-transitional.dtd">
<html xmlns="http://www.w3.org/1999/xhtml" xml:lang="en" lang="en">
 <head>
  <title>
</title>
<meta http-equiv="Content-Type" content="text/html;charset=utf-8" />
  <meta name='ocr-system' content='tesseract 3.04.00' />
  <meta name='ocr-capabilities' content='ocr_page ocr_carea ocr_par ocr_line ocrx_word'/>
</head>
<body>
  <div class='ocr_page' id='page_1' title='image "./decretaauthenti00ritugoog_0177.png"; bbox 0 0 4042 5950; ppageno 0'>
   <div class='ocr_carea' id='block_1_1' title="bbox 1567 277 2034 350">
    <p class='ocr_par' dir='ltr' id='par_1_1' title="bbox 1567 277 2034 350">
     <span class='ocr_line' id='line_1_1' title="bbox 1567 277 2034 350; baseline 0 0"><span class='ocrx_word' id='word_1_1' title='bbox 1567 277 2034 350; x_wconf 81' lang='lat'>-141-</span> 
     </span>
    </p>
   </div>
   <div class='ocr_carea' id='block_1_2' title="bbox 173 409 3446 518">
    <p class='ocr_par' dir='ltr' id='par_1_2' title="bbox 173 409 3446 518">
     <span class='ocr_line' id='line_1_2' title="bbox 173 409 3446 518; baseline 0.001 -21"><span class='ocrx_word' id='word_1_2' title='bbox 173 433 302 508; x_wconf 85' lang='lat' dir='ltr'>bia;</span> <span class='ocrx_word' id='word_1_3' title='bbox 350 430 708 497; x_wconf 88' lang='lat' dir='ltr'>humillime</span> <span class='ocrx_word' id='word_1_4' title='bbox 741 450 945 518; x_wconf 86' lang='lat' dir='ltr'>penes</span> <span class='ocrx_word' id='word_1_5' title='bbox 972 433 1037 498; x_wconf 89' lang='lat' dir='ltr'><strong>S.</strong></span> <span class='ocrx_word' id='word_1_6' title='bbox 1067 436 1234 499; x_wconf 84' lang='lat' dir='ltr'><strong>R.C.</strong></span> <span class='ocrx_word' id='word_1_7' title='bbox 1273 431 1744 517; x_wconf 77' lang='lat' dir='ltr'>supplicarunt,</span> <span class='ocrx_word' id='word_1_8' title='bbox 1843 431 2009 498; x_wconf 88' lang='lat' dir='ltr'>solet</span> <span class='ocrx_word' id='word_1_9' title='bbox 2044 433 2105 497; x_wconf 91' lang='lat' dir='ltr'>in</span> <span class='ocrx_word' id='word_1_10' title='bbox 2132 433 2404 499; x_wconf 88' lang='lat' dir='ltr'>Civitate</span> <span class='ocrx_word' id='word_1_11' title='bbox 2427 433 2742 499; x_wconf 77' lang='lat' dir='ltr'>Bononiae</span> <span class='ocrx_word' id='word_1_12' title='bbox 2771 433 2931 499; x_wconf 78' lang='lat' dir='ltr'>infra</span> <span class='ocrx_word' id='word_1_13' title='bbox 2966 409 3249 500; x_wconf 80' lang='lat' dir='ltr'>octavam</span> <span class='ocrx_word' id='word_1_14' title='bbox 3279 436 3446 502; x_wconf 89' lang='lat' dir='ltr'>eius-</span> 
     </span>
    </p>
   </div>
   <div class='ocr_carea' id='block_1_3' title="bbox 166 518 1750 2437">
    <p class='ocr_par' dir='ltr' id='par_1_3' title="bbox 167 518 1743 605">
     <span class='ocr_line' id='line_1_3' title="bbox 167 518 1743 605; baseline -0.002 -21"><span class='ocrx_word' id='word_1_15' title='bbox 167 530 469 605; x_wconf 78' lang='lat' dir='ltr'>quatenus</span> <span class='ocrx_word' id='word_1_16' title='bbox 515 537 586 582; x_wconf 90' lang='lat' dir='ltr'>ea</span> <span class='ocrx_word' id='word_1_17' title='bbox 639 518 913 604; x_wconf 76' lang='lat' dir='ltr'>benigne</span> <span class='ocrx_word' id='word_1_18' title='bbox 947 519 1305 585; x_wconf 76' lang='lat' dir='ltr'>decernere</span> <span class='ocrx_word' id='word_1_19' title='bbox 1337 519 1743 605; x_wconf 79' lang='lat' dir='ltr'>dignaretur:</span> 
     </span>
    </p>

    <p class='ocr_par' dir='ltr' id='par_1_4' title="bbox 166 605 1750 1399">
     <span class='ocr_line' id='line_1_4' title="bbox 301 605 1746 693; baseline 0.001 -21"><span class='ocrx_word' id='word_1_20' title='bbox 301 612 351 672; x_wconf 93' lang='grc'><strong>1.</strong></span> <span class='ocrx_word' id='word_1_21' title='bbox 401 609 521 688; x_wconf 83' lang='lat' dir='ltr'>An,</span> <span class='ocrx_word' id='word_1_22' title='bbox 569 606 677 672; x_wconf 86' lang='lat' dir='ltr'>ubi</span> <span class='ocrx_word' id='word_1_23' title='bbox 729 605 927 693; x_wconf 87' lang='lat' dir='ltr'>prima</span> <span class='ocrx_word' id='word_1_24' title='bbox 975 607 1292 674; x_wconf 90' lang='lat' dir='ltr'>Dominica</span> <span class='ocrx_word' id='word_1_25' title='bbox 1346 607 1746 693; x_wconf 82' lang='lat' dir='ltr'>singulorum</span> 
     </span>
     <span class='ocr_line' id='line_1_5' title="bbox 167 695 1746 778; baseline 0.001 -19"><span class='ocrx_word' id='word_1_26' title='bbox 167 695 498 775; x_wconf 80' lang='lat' dir='ltr'>mensium,</span> <span class='ocrx_word' id='word_1_27' title='bbox 552 695 615 760; x_wconf 95' lang='lat' dir='ltr'>in</span> <span class='ocrx_word' id='word_1_28' title='bbox 663 713 786 778; x_wconf 90' lang='lat' dir='ltr'>qua</span> <span class='ocrx_word' id='word_1_29' title='bbox 834 695 1122 761; x_wconf 76' lang='lat' dir='ltr'>facienda</span> <span class='ocrx_word' id='word_1_30' title='bbox 1169 709 1266 759; x_wconf 92' lang='lat' dir='ltr'>est</span> <span class='ocrx_word' id='word_1_31' title='bbox 1298 696 1601 761; x_wconf 90' lang='lat' dir='ltr'>solemnis</span> <span class='ocrx_word' id='word_1_32' title='bbox 1633 715 1746 760; x_wconf 83' lang='lat' dir='ltr'>ex-</span> 
     </span>
     <span class='ocr_line' id='line_1_6' title="bbox 169 782 1748 871; baseline 0.001 -24"><span class='ocrx_word' id='word_1_33' title='bbox 169 783 387 868; x_wconf 75' lang='lat' dir='ltr'>positio</span> <span class='ocrx_word' id='word_1_34' title='bbox 436 783 615 848; x_wconf 74' lang='lat' dir='ltr'>ssmi</span> <span class='ocrx_word' id='word_1_35' title='bbox 663 784 1077 867; x_wconf 89' lang='lat' dir='ltr'>Sacramenti,</span> <span class='ocrx_word' id='word_1_36' title='bbox 1116 782 1308 849; x_wconf 79' lang='lat' dir='ltr'>luerit</span> <span class='ocrx_word' id='word_1_37' title='bbox 1350 784 1748 871; x_wconf 83' lang='lat' dir='ltr'>privilegiata</span> 
     </span>
     <span class='ocr_line' id='line_1_7' title="bbox 167 871 1750 958; baseline 0.002 -24"><span class='ocrx_word' id='word_1_38' title='bbox 167 871 398 958; x_wconf 81' lang='lat' dir='ltr'>primae</span> <span class='ocrx_word' id='word_1_39' title='bbox 441 871 546 935; x_wconf 81' lang='lat' dir='ltr'>vel</span> <span class='ocrx_word' id='word_1_40' title='bbox 609 872 928 937; x_wconf 87' lang='lat' dir='ltr'>secundae</span> <span class='ocrx_word' id='word_1_41' title='bbox 998 872 1252 953; x_wconf 89' lang='lat' dir='ltr'>classis,</span> <span class='ocrx_word' id='word_1_42' title='bbox 1321 874 1625 938; x_wconf 87' lang='lat' dir='ltr'>cantanda</span> <span class='ocrx_word' id='word_1_43' title='bbox 1671 872 1750 937; x_wconf 90' lang='lat' dir='ltr'>sit</span> 
     </span>
     <span class='ocr_line' id='line_1_8' title="bbox 169 959 1743 1045; baseline 0.001 -21"><span class='ocrx_word' id='word_1_44' title='bbox 169 959 334 1024; x_wconf 66' lang='lat' dir='ltr'>Missa</span> <span class='ocrx_word' id='word_1_45' title='bbox 399 963 484 1028; x_wconf 88' lang='lat' dir='ltr'>de</span> <span class='ocrx_word' id='word_1_46' title='bbox 553 961 666 1026; x_wconf 89' lang='lat' dir='ltr'><strong>SS.</strong></span> <span class='ocrx_word' id='word_1_47' title='bbox 718 960 1161 1044; x_wconf 78' lang='lat' dir='ltr'>Sacrament03</span> <span class='ocrx_word' id='word_1_48' title='bbox 1230 962 1333 1025; x_wconf 79' lang='lat' dir='ltr'>vel</span> <span class='ocrx_word' id='word_1_49' title='bbox 1401 960 1615 1045; x_wconf 87' lang='lat' dir='ltr'>potius</span> <span class='ocrx_word' id='word_1_50' title='bbox 1662 960 1743 1025; x_wconf 86' lang='lat' dir='ltr'>de</span> 
     </span>
     <span class='ocr_line' id='line_1_9' title="bbox 169 1046 1745 1134; baseline 0.001 -23"><span class='ocrx_word' id='word_1_51' title='bbox 169 1049 472 1115; x_wconf 86' lang='lat' dir='ltr'>Dominica</span> <span class='ocrx_word' id='word_1_52' title='bbox 525 1046 925 1134; x_wconf 85' lang='lat' dir='ltr'>privilegiata</span> <span class='ocrx_word' id='word_1_53' title='bbox 974 1048 1222 1134; x_wconf 81' lang='lat' dir='ltr'>primae</span> <span class='ocrx_word' id='word_1_54' title='bbox 1275 1050 1377 1114; x_wconf 83' lang='lat' dir='ltr'>vel</span> <span class='ocrx_word' id='word_1_55' title='bbox 1419 1048 1745 1128; x_wconf 35' lang='lat' dir='ltr'>‚secundae</span> 
     </span>
     <span class='ocr_line' id='line_1_10' title="bbox 169 1134 1746 1203; baseline 0.001 -5"><span class='ocrx_word' id='word_1_56' title='bbox 169 1135 368 1202; x_wconf 78' lang='lat' dir='ltr'>elassis</span> <span class='ocrx_word' id='word_1_57' title='bbox 406 1153 552 1203; x_wconf 87' lang='lat' dir='ltr'>cum</span> <span class='ocrx_word' id='word_1_58' title='bbox 602 1134 887 1200; x_wconf 87' lang='lat' dir='ltr'>oratione</span> <span class='ocrx_word' id='word_1_59' title='bbox 935 1136 1056 1202; x_wconf 87' lang='lat' dir='ltr'>sub</span> <span class='ocrx_word' id='word_1_60' title='bbox 1101 1135 1284 1202; x_wconf 87' lang='lat' dir='ltr'>unica</span> <span class='ocrx_word' id='word_1_61' title='bbox 1334 1136 1746 1202; x_wconf 78' lang='lat' dir='ltr'>conclusione</span> 
     </span>
     <span class='ocr_line' id='line_1_11' title="bbox 166 1222 1743 1310; baseline 0 -24"><span class='ocrx_word' id='word_1_62' title='bbox 166 1223 242 1286; x_wconf 89' lang='lat' dir='ltr'>de</span> <span class='ocrx_word' id='word_1_63' title='bbox 285 1226 478 1294; x_wconf 80' lang='lat' dir='ltr'>SSmo</span> <span class='ocrx_word' id='word_1_64' title='bbox 502 1222 970 1291; x_wconf 73' lang='lat' dir='ltr'>sacramento?</span> <span class='ocrx_word' id='word_1_65' title='bbox 1014 1235 1080 1288; x_wconf 92' lang='lat' dir='ltr'>et</span> <span class='ocrx_word' id='word_1_66' title='bbox 1104 1237 1417 1310; x_wconf 86' lang='lat' dir='ltr'>quatenus</span> <span class='ocrx_word' id='word_1_67' title='bbox 1449 1223 1743 1309; x_wconf 74' lang='lat' dir='ltr'>negative</span> 
     </span>
     <span class='ocr_line' id='line_1_12' title="bbox 173 1311 879 1399; baseline 0 -24"><span class='ocrx_word' id='word_1_68' title='bbox 173 1311 236 1375; x_wconf 78' lang='lat' dir='ltr'>ad</span> <span class='ocrx_word' id='word_1_69' title='bbox 285 1315 551 1397; x_wconf 84' lang='lat' dir='ltr'>primam</span> <span class='ocrx_word' id='word_1_70' title='bbox 606 1323 879 1399; x_wconf 86' lang='lat' dir='ltr'>partem,</span> 
     </span>
    </p>

    <p class='ocr_par' dir='ltr' id='par_1_5' title="bbox 168 1399 1744 1555">
     <span class='ocr_line' id='line_1_13' title="bbox 282 1399 1744 1487; baseline -0.002 -23"><span class='ocrx_word' id='word_1_71' title='bbox 282 1403 345 1465; x_wconf 85' lang='grc'>2.</span> <span class='ocrx_word' id='word_1_72' title='bbox 393 1402 736 1479; x_wconf 80' lang='lat' dir='ltr'>Quaeritur</span> <span class='ocrx_word' id='word_1_73' title='bbox 797 1399 1027 1484; x_wconf 84' lang='lat' dir='ltr'>quibus</span> <span class='ocrx_word' id='word_1_74' title='bbox 1099 1400 1379 1466; x_wconf 87' lang='lat' dir='ltr'>vestibus</span> <span class='ocrx_word' id='word_1_75' title='bbox 1441 1409 1507 1464; x_wconf 90' lang='lat' dir='ltr'>et</span> <span class='ocrx_word' id='word_1_76' title='bbox 1571 1417 1744 1487; x_wconf 89' lang='lat' dir='ltr'>para·</span> 
     </span>
     <span class='ocr_line' id='line_1_14' title="bbox 168 1485 1440 1555; baseline 0.003 -6"><span class='ocrx_word' id='word_1_77' title='bbox 168 1488 384 1555; x_wconf 86' lang='lat' dir='ltr'>mentis</span> <span class='ocrx_word' id='word_1_78' title='bbox 429 1489 526 1555; x_wconf 87' lang='lat' dir='ltr'>uti</span> <span class='ocrx_word' id='word_1_79' title='bbox 573 1488 850 1554; x_wconf 87' lang='lat' dir='ltr'>debeant</span> <span class='ocrx_word' id='word_1_80' title='bbox 901 1488 1161 1554; x_wconf 71' lang='lat' dir='ltr'>ministri</span> <span class='ocrx_word' id='word_1_81' title='bbox 1209 1485 1440 1555; x_wconf 73' lang='lat' dir='ltr'>Sacri?</span> 
     </span>
    </p>

    <p class='ocr_par' dir='ltr' id='par_1_6' title="bbox 171 1577 1749 2083">
     <span class='ocr_line' id='line_1_15' title="bbox 291 1577 1739 1663; baseline -0.002 -23"><span class='ocrx_word' id='word_1_82' title='bbox 291 1580 360 1640; x_wconf 87' lang='lat' dir='ltr'>Et</span> <span class='ocrx_word' id='word_1_83' title='bbox 406 1579 470 1644; x_wconf 90' lang='lat' dir='ltr'><strong>S.</strong></span> <span class='ocrx_word' id='word_1_84' title='bbox 509 1581 587 1642; x_wconf 85' lang='lat' dir='ltr'><strong>R.</strong></span> <span class='ocrx_word' id='word_1_85' title='bbox 621 1579 723 1658; x_wconf 87' lang='lat' dir='ltr'>C.,</span> <span class='ocrx_word' id='word_1_86' title='bbox 759 1577 975 1642; x_wconf 91' lang='lat' dir='ltr'>audito</span> <span class='ocrx_word' id='word_1_87' title='bbox 1024 1579 1201 1663; x_wconf 89' lang='lat' dir='ltr'>prius</span> <span class='ocrx_word' id='word_1_88' title='bbox 1247 1589 1396 1640; x_wconf 89' lang='lat' dir='ltr'>voto</span> <span class='ocrx_word' id='word_1_89' title='bbox 1446 1577 1629 1642; x_wconf 90' lang='lat' dir='ltr'>unius</span> <span class='ocrx_word' id='word_1_90' title='bbox 1664 1593 1739 1639; x_wconf 77' lang='lat' dir='ltr'>ex</span> 
     </span>
     <span class='ocr_line' id='line_1_16' title="bbox 174 1662 1749 1749; baseline -0.001 -22"><span class='ocrx_word' id='word_1_91' title='bbox 174 1665 662 1746; x_wconf 82' lang='lat' dir='ltr'>Apostolicarum</span> <span class='ocrx_word' id='word_1_92' title='bbox 690 1666 1245 1731; x_wconf 80' lang='lat' dir='ltr'>caeremoniarum</span> <span class='ocrx_word' id='word_1_93' title='bbox 1271 1665 1580 1749; x_wconf 70' lang='lat' dir='ltr'>magistris</span> <span class='ocrx_word' id='word_1_94' title='bbox 1601 1662 1749 1728; x_wconf 91' lang='lat' dir='ltr'>scri-</span> 
     </span>
     <span class='ocr_line' id='line_1_17' title="bbox 171 1752 1745 1839; baseline 0.001 -26"><span class='ocrx_word' id='word_1_95' title='bbox 171 1761 270 1835; x_wconf 91' lang='lat' dir='ltr'>pto</span> <span class='ocrx_word' id='word_1_96' title='bbox 315 1763 568 1817; x_wconf 84' lang='lat' dir='ltr'>exarato</span> <span class='ocrx_word' id='word_1_97' title='bbox 619 1752 915 1839; x_wconf 85' lang='lat' dir='ltr'>typisque</span> <span class='ocrx_word' id='word_1_98' title='bbox 966 1756 1292 1838; x_wconf 86' lang='lat' dir='ltr'>evulgat0,</span> <span class='ocrx_word' id='word_1_99' title='bbox 1319 1754 1398 1818; x_wconf 88' lang='lat' dir='ltr'>ad</span> <span class='ocrx_word' id='word_1_100' title='bbox 1432 1752 1745 1819; x_wconf 69' lang='lat' dir='ltr'>infrascri-</span> 
     </span>
     <span class='ocr_line' id='line_1_18' title="bbox 175 1838 1741 1923; baseline 0.001 -23"><span class='ocrx_word' id='word_1_101' title='bbox 175 1839 250 1923; x_wconf 89' lang='lat' dir='ltr'>pti</span> <span class='ocrx_word' id='word_1_102' title='bbox 293 1840 628 1905; x_wconf 79' lang='lat' dir='ltr'>secretarii</span> <span class='ocrx_word' id='word_1_103' title='bbox 677 1841 1082 1923; x_wconf 80' lang='lat' dir='ltr'>relationem,</span> <span class='ocrx_word' id='word_1_104' title='bbox 1134 1843 1276 1907; x_wconf 89' lang='lat' dir='ltr'>loco</span> <span class='ocrx_word' id='word_1_105' title='bbox 1323 1842 1461 1906; x_wconf 77' lang='grc' dir='ltr'>Εῐῖιί</span> <span class='ocrx_word' id='word_1_106' title='bbox 1498 1853 1563 1905; x_wconf 86' lang='lat' dir='ltr'>et</span> <span class='ocrx_word' id='word_1_107' title='bbox 1607 1838 1741 1906; x_wconf 76' lang='lat' dir='ltr'>Rmi</span> 
     </span>
     <span class='ocr_line' id='line_1_19' title="bbox 174 1926 1746 2011; baseline 0.002 -22"><span class='ocrx_word' id='word_1_108' title='bbox 174 1929 330 1991; x_wconf 77' lang='lat' dir='ltr'>nom.</span> <span class='ocrx_word' id='word_1_109' title='bbox 381 1927 732 1994; x_wconf 85' lang='lat' dir='ltr'>Cardinalis</span> <span class='ocrx_word' id='word_1_110' title='bbox 776 1930 973 1994; x_wconf 88' lang='lat' dir='ltr'>Calini</span> <span class='ocrx_word' id='word_1_111' title='bbox 1022 1929 1342 2011; x_wconf 85' lang='lat' dir='ltr'>Ponentis,</span> <span class='ocrx_word' id='word_1_112' title='bbox 1392 1926 1746 1994; x_wconf 86' lang='lat' dir='ltr'>rescriben-</span> 
     </span>
     <span class='ocr_line' id='line_1_20' title="bbox 173 2012 639 2083; baseline 0.015 -7"><span class='ocrx_word' id='word_1_113' title='bbox 173 2012 308 2078; x_wconf 91' lang='lat' dir='ltr'>dum</span> <span class='ocrx_word' id='word_1_114' title='bbox 353 2016 639 2083; x_wconf 81' lang='lat' dir='ltr'>censuit:</span> 
     </span>
    </p>

    <p class='ocr_par' dir='ltr' id='par_1_7' title="bbox 175 2104 1742 2279">
     <span class='ocr_line' id='line_1_21' title="bbox 287 2104 1742 2192; baseline 0.001 -25"><span class='ocrx_word' id='word_1_115' title='bbox 287 2105 376 2169; x_wconf 84' lang='lat' dir='ltr'>Ad</span> <span class='ocrx_word' id='word_1_116' title='bbox 427 2108 485 2171; x_wconf 85' lang='lat'><strong>1.</strong></span> <span class='ocrx_word' id='word_1_117' title='bbox 542 2105 958 2191; x_wconf 80' lang='lat' dir='ltr'>«Negative,</span> <span class='ocrx_word' id='word_1_118' title='bbox 1009 2109 1217 2191; x_wconf 91' lang='lat' dir='ltr'>quoad</span> <span class='ocrx_word' id='word_1_119' title='bbox 1269 2104 1534 2192; x_wconf 82' lang='lat' dir='ltr'>primam</span> <span class='ocrx_word' id='word_1_120' title='bbox 1598 2123 1742 2190; x_wconf 90' lang='lat' dir='ltr'>par-</span> 
     </span>
     <span class='ocr_line' id='line_1_22' title="bbox 175 2193 1548 2279; baseline 0.003 -27"><span class='ocrx_word' id='word_1_121' title='bbox 175 2201 322 2267; x_wconf 66' lang='lat' dir='ltr'>tem</span> <span class='ocrx_word' id='word_1_122' title='bbox 372 2193 794 2277; x_wconf 80' lang='lat' dir='ltr'>Affirmative,</span> <span class='ocrx_word' id='word_1_123' title='bbox 844 2196 1052 2279; x_wconf 89' lang='lat' dir='ltr'>quoad</span> <span class='ocrx_word' id='word_1_124' title='bbox 1101 2195 1450 2261; x_wconf 86' lang='lat' dir='ltr'>secundam</span> <span class='ocrx_word' id='word_1_125' title='bbox 1488 2217 1548 2257; x_wconf 59' lang='grc' dir='ltr'><strong>ν.</strong></span> 
     </span>
    </p>

    <p class='ocr_par' dir='ltr' id='par_1_8' title="bbox 286 2281 1400 2369">
     <span class='ocr_line' id='line_1_23' title="bbox 286 2281 1400 2369; baseline 0.003 -26"><span class='ocrx_word' id='word_1_126' title='bbox 286 2281 373 2346; x_wconf 88' lang='lat' dir='ltr'>Ad</span> <span class='ocrx_word' id='word_1_127' title='bbox 420 2286 483 2346; x_wconf 94' lang='grc'>2.</span> <span class='ocrx_word' id='word_1_128' title='bbox 538 2302 577 2345; x_wconf 65' lang='lat'><strong>⁴</strong></span> <span class='ocrx_word' id='word_1_129' title='bbox 610 2285 939 2347; x_wconf 82' lang='lat' dir='ltr'>Provisum</span> <span class='ocrx_word' id='word_1_130' title='bbox 985 2283 1048 2349; x_wconf 90' lang='lat' dir='ltr'>in</span> <span class='ocrx_word' id='word_1_131' title='bbox 1099 2282 1305 2369; x_wconf 88' lang='lat' dir='ltr'>primo</span> <span class='ocrx_word' id='word_1_132' title='bbox 1341 2305 1400 2346; x_wconf 82' lang='lat'><strong>».</strong></span> 
     </span>
    </p>

    <p class='ocr_par' dir='ltr' id='par_1_9' title="bbox 287 2369 1739 2437">
     <span class='ocr_line' id='line_1_24' title="bbox 287 2369 1739 2437; baseline 0.003 -5"><span class='ocrx_word' id='word_1_133' title='bbox 287 2370 357 2433; x_wconf 86' lang='lat' dir='ltr'>Et</span> <span class='ocrx_word' id='word_1_134' title='bbox 406 2369 486 2433; x_wconf 83' lang='lat' dir='ltr'>ita</span> <span class='ocrx_word' id='word_1_135' title='bbox 535 2370 912 2435; x_wconf 77' lang='lat' dir='ltr'>declaravit.</span> <span class='ocrx_word' id='word_1_136' title='bbox 960 2371 1075 2436; x_wconf 87' lang='lat' dir='ltr'>Die</span> <span class='ocrx_word' id='word_1_137' title='bbox 1122 2374 1203 2437; x_wconf 99' lang='grc'><strong>27</strong></span> <span class='ocrx_word' id='word_1_138' title='bbox 1241 2370 1504 2437; x_wconf 82' lang='lat' dir='ltr'>Ianuarii</span> <span class='ocrx_word' id='word_1_139' title='bbox 1550 2374 1739 2436; x_wconf 90' lang='grc'><strong>1778.</strong></span> 
     </span>
    </p>
   </div>
   <div class='ocr_carea' id='block_1_4' title="bbox 182 2506 1748 2615">
    <p class='ocr_par' dir='ltr' id='par_1_10' title="bbox 182 2506 1748 2615">
     <span class='ocr_line' id='line_1_25' title="bbox 182 2506 1748 2615; baseline 0.006 -43"><span class='ocrx_word' id='word_1_140' title='bbox 182 2506 399 2578; x_wconf 78' lang='lat'><strong>2:510.</strong></span> <span class='ocrx_word' id='word_1_141' title='bbox 763 2513 1140 2578; x_wconf 61' lang='lat' dir='ltr'>assisinis.</span> <span class='ocrx_word' id='word_1_142' title='bbox 1517 2513 1748 2615; x_wconf 76' lang='lat'>(4388)</span> 
     </span>
    </p>
   </div>
   <div class='ocr_carea' id='block_1_5' title="bbox 175 2632 1744 5078">
    <p class='ocr_par' dir='ltr' id='par_1_11' title="bbox 175 2632 1744 4303">
     <span class='ocr_line' id='line_1_26' title="bbox 289 2632 1744 2720; baseline 0.001 -22"><span class='ocrx_word' id='word_1_143' title='bbox 289 2637 346 2698; x_wconf 88' lang='lat' dir='ltr'>ln</span> <span class='ocrx_word' id='word_1_144' title='bbox 385 2634 662 2699; x_wconf 77' lang='lat' dir='ltr'>Ecclesia</span> <span class='ocrx_word' id='word_1_145' title='bbox 698 2632 1323 2720; x_wconf 82' lang='lat' dir='ltr'>Archipresbyterali</span> <span class='ocrx_word' id='word_1_146' title='bbox 1364 2639 1596 2700; x_wconf 85' lang='lat' dir='ltr'>Terrae</span> <span class='ocrx_word' id='word_1_147' title='bbox 1631 2642 1744 2702; x_wconf 88' lang='lat' dir='ltr'>Be·</span> 
     </span>
     <span class='ocr_line' id='line_1_27' title="bbox 182 2721 1737 2807; baseline 0.005 -25"><span class='ocrx_word' id='word_1_148' title='bbox 182 2721 463 2787; x_wconf 86' lang='lat' dir='ltr'>ctoneusis</span> <span class='ocrx_word' id='word_1_149' title='bbox 511 2722 834 2788; x_wconf 83' lang='lat' dir='ltr'>Dioeceeis</span> <span class='ocrx_word' id='word_1_150' title='bbox 881 2723 1185 2788; x_wconf 88' lang='lat' dir='ltr'>Assisien.</span> <span class='ocrx_word' id='word_1_151' title='bbox 1231 2724 1535 2807; x_wconf 80' lang='lat' dir='ltr'>religiose</span> <span class='ocrx_word' id='word_1_152' title='bbox 1590 2725 1737 2790; x_wconf 88' lang='lat' dir='ltr'>coli-</span> 
     </span>
     <span class='ocr_line' id='line_1_28' title="bbox 183 2809 1740 2895; baseline 0.004 -25"><span class='ocrx_word' id='word_1_153' title='bbox 183 2819 266 2872; x_wconf 84' lang='lat' dir='ltr'>tur</span> <span class='ocrx_word' id='word_1_154' title='bbox 288 2809 593 2894; x_wconf 86' lang='lat' dir='ltr'>quaedam</span> <span class='ocrx_word' id='word_1_155' title='bbox 619 2815 830 2895; x_wconf 82' lang='lat' dir='ltr'>Imago</span> <span class='ocrx_word' id='word_1_156' title='bbox 865 2813 934 2877; x_wconf 88' lang='lat' dir='ltr'><strong>S.</strong></span> <span class='ocrx_word' id='word_1_157' title='bbox 961 2813 1175 2876; x_wconf 82' lang='lat' dir='ltr'>Annae</span> <span class='ocrx_word' id='word_1_158' title='bbox 1201 2812 1412 2876; x_wconf 74' lang='lat' dir='ltr'>Hatris</span> <span class='ocrx_word' id='word_1_159' title='bbox 1437 2816 1509 2876; x_wconf 89' lang='grc' dir='ltr'>Β.</span> <span class='ocrx_word' id='word_1_160' title='bbox 1529 2815 1606 2876; x_wconf 80' lang='grc' dir='ltr'><strong>Μ.</strong></span> <span class='ocrx_word' id='word_1_161' title='bbox 1635 2816 1740 2895; x_wconf 88' lang='lat' dir='ltr'>V.,</span> 
     </span>
     <span class='ocr_line' id='line_1_29' title="bbox 181 2895 1738 2985; baseline 0.004 -26"><span class='ocrx_word' id='word_1_162' title='bbox 181 2895 330 2961; x_wconf 86' lang='lat' dir='ltr'>cuius</span> <span class='ocrx_word' id='word_1_163' title='bbox 372 2902 517 2963; x_wconf 90' lang='lat' dir='ltr'>lcon</span> <span class='ocrx_word' id='word_1_164' title='bbox 550 2917 676 2963; x_wconf 91' lang='lat' dir='ltr'>non</span> <span class='ocrx_word' id='word_1_165' title='bbox 710 2898 982 2982; x_wconf 83' lang='lat' dir='ltr'>exiguae</span> <span class='ocrx_word' id='word_1_166' title='bbox 1027 2899 1481 2985; x_wconf 84' lang='lat' dir='ltr'>magnitudinis</span> <span class='ocrx_word' id='word_1_167' title='bbox 1528 2899 1738 2966; x_wconf 86' lang='lat' dir='ltr'>inhae-</span> 
     </span>
     <span class='ocr_line' id='line_1_30' title="bbox 182 2984 1739 3073; baseline 0.004 -26"><span class='ocrx_word' id='word_1_168' title='bbox 182 2998 263 3047; x_wconf 87' lang='lat' dir='ltr'>ret</span> <span class='ocrx_word' id='word_1_169' title='bbox 303 2984 493 3050; x_wconf 86' lang='lat' dir='ltr'>Altari</span> <span class='ocrx_word' id='word_1_170' title='bbox 543 2996 762 3052; x_wconf 90' lang='lat' dir='ltr'>erecto</span> <span class='ocrx_word' id='word_1_171' title='bbox 813 2988 875 3051; x_wconf 90' lang='lat' dir='ltr'>in</span> <span class='ocrx_word' id='word_1_172' title='bbox 923 2989 1157 3073; x_wconf 82' lang='lat' dir='ltr'>angulo</span> <span class='ocrx_word' id='word_1_173' title='bbox 1186 2988 1359 3065; x_wconf 88' lang='lat' dir='ltr'>illius</span> <span class='ocrx_word' id='word_1_174' title='bbox 1390 2988 1739 3070; x_wconf 85' lang='lat' dir='ltr'>Ecclesiae,</span> 
     </span>
     <span class='ocr_line' id='line_1_31' title="bbox 182 3072 1742 3160; baseline 0.003 -25"><span class='ocrx_word' id='word_1_175' title='bbox 182 3072 242 3136; x_wconf 81' lang='lat' dir='ltr'>ad</span> <span class='ocrx_word' id='word_1_176' title='bbox 281 3090 475 3137; x_wconf 87' lang='lat' dir='ltr'>sacras</span> <span class='ocrx_word' id='word_1_177' title='bbox 521 3072 673 3138; x_wconf 88' lang='lat' dir='ltr'>inibi</span> <span class='ocrx_word' id='word_1_178' title='bbox 723 3075 1086 3139; x_wconf 81' lang='lat' dir='ltr'>functiones</span> <span class='ocrx_word' id='word_1_179' title='bbox 1128 3077 1521 3160; x_wconf 84' lang='lat' dir='ltr'>peragendas</span> <span class='ocrx_word' id='word_1_180' title='bbox 1555 3074 1742 3140; x_wconf 89' lang='lat' dir='ltr'>nimis</span> 
     </span>
     <span class='ocr_line' id='line_1_32' title="bbox 182 3157 1736 3250; baseline 0.004 -29"><span class='ocrx_word' id='word_1_181' title='bbox 182 3157 595 3235; x_wconf 82' lang='lat' dir='ltr'>incommodo;</span> <span class='ocrx_word' id='word_1_182' title='bbox 647 3172 988 3247; x_wconf 89' lang='lat' dir='ltr'>propterea</span> <span class='ocrx_word' id='word_1_183' title='bbox 1016 3163 1363 3229; x_wconf 88' lang='lat' dir='ltr'>modernus</span> <span class='ocrx_word' id='word_1_184' title='bbox 1399 3162 1736 3250; x_wconf 84' lang='lat' dir='ltr'>Archipre-</span> 
     </span>
     <span class='ocr_line' id='line_1_33' title="bbox 180 3247 1738 3337; baseline 0.004 -27"><span class='ocrx_word' id='word_1_185' title='bbox 180 3247 367 3334; x_wconf 79' lang='lat' dir='ltr'>sbyter</span> <span class='ocrx_word' id='word_1_186' title='bbox 410 3249 619 3315; x_wconf 90' lang='lat' dir='ltr'>dictae</span> <span class='ocrx_word' id='word_1_187' title='bbox 667 3249 1017 3330; x_wconf 84' lang='lat' dir='ltr'>Ecclesiae,</span> <span class='ocrx_word' id='word_1_188' title='bbox 1053 3250 1320 3337; x_wconf 89' lang='lat' dir='ltr'>cupiens</span> <span class='ocrx_word' id='word_1_189' title='bbox 1372 3269 1498 3315; x_wconf 93' lang='lat' dir='ltr'>non</span> <span class='ocrx_word' id='word_1_190' title='bbox 1547 3253 1738 3317; x_wconf 91' lang='lat' dir='ltr'>modo</span> 
     </span>
     <span class='ocr_line' id='line_1_34' title="bbox 181 3337 1736 3424; baseline 0.005 -30"><span class='ocrx_word' id='word_1_191' title='bbox 181 3353 305 3399; x_wconf 75' lang='lat' dir='ltr'>suae</span> <span class='ocrx_word' id='word_1_192' title='bbox 347 3338 455 3403; x_wconf 90' lang='lat' dir='ltr'>sed</span> <span class='ocrx_word' id='word_1_193' title='bbox 523 3337 719 3402; x_wconf 91' lang='lat' dir='ltr'>totius</span> <span class='ocrx_word' id='word_1_194' title='bbox 790 3338 1010 3423; x_wconf 87' lang='lat' dir='ltr'>populi</span> <span class='ocrx_word' id='word_1_195' title='bbox 1057 3338 1382 3403; x_wconf 88' lang='lat' dir='ltr'>devotioni</span> <span class='ocrx_word' id='word_1_196' title='bbox 1445 3339 1736 3424; x_wconf 87' lang='lat' dir='ltr'>obsequi,</span> 
     </span>
     <span class='ocr_line' id='line_1_35' title="bbox 179 3424 1739 3512; baseline 0.002 -25"><span class='ocrx_word' id='word_1_197' title='bbox 179 3424 319 3508; x_wconf 83' lang='lat' dir='ltr'>apud</span> <span class='ocrx_word' id='word_1_198' title='bbox 363 3428 425 3489; x_wconf 88' lang='lat' dir='ltr'>S.</span> <span class='ocrx_word' id='word_1_199' title='bbox 464 3429 538 3490; x_wconf 86' lang='lat' dir='ltr'><strong>R.</strong></span> <span class='ocrx_word' id='word_1_200' title='bbox 578 3428 648 3491; x_wconf 89' lang='lat' dir='ltr'>C.</span> <span class='ocrx_word' id='word_1_201' title='bbox 682 3425 1049 3491; x_wconf 84' lang='lat' dir='ltr'>humillime</span> <span class='ocrx_word' id='word_1_202' title='bbox 1095 3425 1477 3510; x_wconf 86' lang='lat' dir='ltr'>supplicavit</span> <span class='ocrx_word' id='word_1_203' title='bbox 1511 3445 1625 3512; x_wconf 89' lang='lat' dir='ltr'>pro</span> <span class='ocrx_word' id='word_1_204' title='bbox 1653 3424 1739 3490; x_wconf 78' lang='lat' dir='ltr'>fa-</span> 
     </span>
     <span class='ocr_line' id='line_1_36' title="bbox 181 3511 1737 3600; baseline 0.004 -28"><span class='ocrx_word' id='word_1_205' title='bbox 181 3511 384 3577; x_wconf 86' lang='lat' dir='ltr'>cultate</span> <span class='ocrx_word' id='word_1_206' title='bbox 434 3512 728 3600; x_wconf 85' lang='lat' dir='ltr'>erigendi</span> <span class='ocrx_word' id='word_1_207' title='bbox 779 3514 840 3578; x_wconf 93' lang='lat' dir='ltr'>in</span> <span class='ocrx_word' id='word_1_208' title='bbox 888 3514 1102 3579; x_wconf 86' lang='lat' dir='ltr'>medio</span> <span class='ocrx_word' id='word_1_209' title='bbox 1163 3512 1454 3580; x_wconf 86' lang='lat' dir='ltr'>eiusdem</span> <span class='ocrx_word' id='word_1_210' title='bbox 1521 3515 1737 3580; x_wconf 86' lang='lat' dir='ltr'>Eccle-</span> 
     </span>
     <span class='ocr_line' id='line_1_37' title="bbox 180 3597 1740 3688; baseline 0.007 -30"><span class='ocrx_word' id='word_1_211' title='bbox 180 3597 284 3661; x_wconf 79' lang='lat' dir='ltr'>siae</span> <span class='ocrx_word' id='word_1_212' title='bbox 341 3602 553 3666; x_wconf 88' lang='lat' dir='ltr'>Altare</span> <span class='ocrx_word' id='word_1_213' title='bbox 619 3602 901 3686; x_wconf 87' lang='lat' dir='ltr'>ligneum</span> <span class='ocrx_word' id='word_1_214' title='bbox 954 3621 1097 3668; x_wconf 88' lang='lat' dir='ltr'>cum</span> <span class='ocrx_word' id='word_1_215' title='bbox 1147 3620 1246 3666; x_wconf 84' lang='lat' dir='ltr'>ara</span> <span class='ocrx_word' id='word_1_216' title='bbox 1298 3602 1571 3688; x_wconf 90' lang='lat' dir='ltr'>lapidea,</span> <span class='ocrx_word' id='word_1_217' title='bbox 1628 3603 1740 3669; x_wconf 86' lang='lat' dir='ltr'>ibi-</span> 
     </span>
     <span class='ocr_line' id='line_1_38' title="bbox 177 3689 1733 3776; baseline 0.003 -27"><span class='ocrx_word' id='word_1_218' title='bbox 177 3703 284 3768; x_wconf 87' lang='lat' dir='ltr'>que</span> <span class='ocrx_word' id='word_1_219' title='bbox 327 3689 666 3776; x_wconf 73' lang='lat' dir='ltr'>praefatam</span> <span class='ocrx_word' id='word_1_220' title='bbox 721 3694 976 3756; x_wconf 84' lang='lat' dir='ltr'>leonem</span> <span class='ocrx_word' id='word_1_221' title='bbox 1032 3690 1314 3776; x_wconf 88' lang='lat' dir='ltr'>aptandi,</span> <span class='ocrx_word' id='word_1_222' title='bbox 1367 3702 1430 3754; x_wconf 92' lang='lat' dir='ltr'>et</span> <span class='ocrx_word' id='word_1_223' title='bbox 1472 3694 1733 3757; x_wconf 89' lang='lat' dir='ltr'>Sacrum</span> 
     </span>
     <span class='ocr_line' id='line_1_39' title="bbox 183 3772 1735 3864; baseline 0.006 -31"><span class='ocrx_word' id='word_1_224' title='bbox 183 3772 308 3838; x_wconf 83' lang='lat' dir='ltr'>inibi</span> <span class='ocrx_word' id='word_1_225' title='bbox 354 3777 628 3842; x_wconf 79' lang='lat' dir='ltr'>faciendi</span> <span class='ocrx_word' id='word_1_226' title='bbox 677 3796 796 3864; x_wconf 89' lang='lat' dir='ltr'>per</span> <span class='ocrx_word' id='word_1_227' title='bbox 840 3795 1283 3863; x_wconf 88' lang='lat' dir='ltr'>quoscumque</span> <span class='ocrx_word' id='word_1_228' title='bbox 1331 3780 1735 3863; x_wconf 85' lang='lat' dir='ltr'>Sacerdotes,</span> 
     </span>
     <span class='ocr_line' id='line_1_40' title="bbox 180 3865 1734 3950; baseline 0.004 -25"><span class='ocrx_word' id='word_1_229' title='bbox 180 3874 284 3927; x_wconf 87' lang='lat' dir='ltr'>tam</span> <span class='ocrx_word' id='word_1_230' title='bbox 329 3865 390 3929; x_wconf 91' lang='lat' dir='ltr'>in</span> <span class='ocrx_word' id='word_1_231' title='bbox 437 3865 549 3931; x_wconf 89' lang='lat' dir='ltr'>die</span> <span class='ocrx_word' id='word_1_232' title='bbox 596 3869 782 3931; x_wconf 81' lang='lat' dir='ltr'>Festo</span> <span class='ocrx_word' id='word_1_233' title='bbox 834 3866 1124 3933; x_wconf 88' lang='lat' dir='ltr'>eiusdem</span> <span class='ocrx_word' id='word_1_234' title='bbox 1176 3869 1241 3932; x_wconf 90' lang='lat' dir='ltr'>S.</span> <span class='ocrx_word' id='word_1_235' title='bbox 1279 3869 1498 3931; x_wconf 80' lang='lat' dir='ltr'>Annae</span> <span class='ocrx_word' id='word_1_236' title='bbox 1545 3886 1734 3950; x_wconf 89' lang='lat' dir='ltr'>quam</span> 
     </span>
     <span class='ocr_line' id='line_1_41' title="bbox 175 3952 1736 4039; baseline 0.002 -24"><span class='ocrx_word' id='word_1_237' title='bbox 175 3968 276 4033; x_wconf 89' lang='lat' dir='ltr'>per</span> <span class='ocrx_word' id='word_1_238' title='bbox 314 3952 713 4039; x_wconf 81' lang='lat' dir='ltr'>praecedens</span> <span class='ocrx_word' id='word_1_239' title='bbox 757 3953 1161 4020; x_wconf 82' lang='lat' dir='ltr'>novemdiale</span> <span class='ocrx_word' id='word_1_240' title='bbox 1193 3954 1459 4038; x_wconf 83' lang='lat' dir='ltr'>aliisque</span> <span class='ocrx_word' id='word_1_241' title='bbox 1489 3965 1736 4039; x_wconf 89' lang='lat' dir='ltr'>tempo-</span> 
     </span>
     <span class='ocr_line' id='line_1_42' title="bbox 178 4039 1737 4122; baseline 0.003 -21"><span class='ocrx_word' id='word_1_242' title='bbox 178 4052 297 4105; x_wconf 88' lang='lat' dir='ltr'>rum</span> <span class='ocrx_word' id='word_1_243' title='bbox 341 4039 860 4122; x_wconf 75' lang='lat' dir='ltr'>circumstantiis,</span> <span class='ocrx_word' id='word_1_244' title='bbox 895 4044 971 4109; x_wconf 89' lang='lat' dir='ltr'>ad</span> <span class='ocrx_word' id='word_1_245' title='bbox 1007 4044 1315 4108; x_wconf 74' lang='lat' dir='ltr'>auxilinm</span> <span class='ocrx_word' id='word_1_246' title='bbox 1349 4043 1559 4108; x_wconf 89' lang='lat' dir='ltr'>dictae</span> <span class='ocrx_word' id='word_1_247' title='bbox 1585 4045 1737 4108; x_wconf 92' lang='lat' dir='ltr'>San-</span> 
     </span>
     <span class='ocr_line' id='line_1_43' title="bbox 177 4127 1735 4215; baseline 0.003 -26"><span class='ocrx_word' id='word_1_248' title='bbox 177 4137 291 4192; x_wconf 85' lang='lat' dir='ltr'>ctae</span> <span class='ocrx_word' id='word_1_249' title='bbox 338 4127 596 4215; x_wconf 87' lang='lat' dir='ltr'>publice</span> <span class='ocrx_word' id='word_1_250' title='bbox 645 4130 1160 4214; x_wconf 87' lang='lat' dir='ltr'>implorandum,</span> <span class='ocrx_word' id='word_1_251' title='bbox 1215 4132 1410 4195; x_wconf 88' lang='lat' dir='ltr'>etiam</span> <span class='ocrx_word' id='word_1_252' title='bbox 1460 4148 1581 4213; x_wconf 91' lang='lat' dir='ltr'>per</span> <span class='ocrx_word' id='word_1_253' title='bbox 1629 4129 1735 4194; x_wconf 86' lang='lat' dir='ltr'>tri-</span> 
     </span>
     <span class='ocr_line' id='line_1_44' title="bbox 177 4214 1203 4303; baseline 0.004 -25"><span class='ocrx_word' id='word_1_254' title='bbox 177 4214 348 4282; x_wconf 89' lang='lat' dir='ltr'>duum</span> <span class='ocrx_word' id='word_1_255' title='bbox 399 4216 660 4303; x_wconf 86' lang='lat' dir='ltr'>aliquod</span> <span class='ocrx_word' id='word_1_256' title='bbox 711 4218 1203 4284; x_wconf 87' lang='lat' dir='ltr'>celebrandum.</span> 
     </span>
    </p>

    <p class='ocr_par' dir='ltr' id='par_1_12' title="bbox 175 4305 1744 5078">
     <span class='ocr_line' id='line_1_45' title="bbox 286 4305 1737 4394; baseline 0 -24"><span class='ocrx_word' id='word_1_257' title='bbox 286 4309 360 4370; x_wconf 86' lang='lat' dir='ltr'>Et</span> <span class='ocrx_word' id='word_1_258' title='bbox 409 4307 479 4371; x_wconf 90' lang='lat' dir='ltr'>S.</span> <span class='ocrx_word' id='word_1_259' title='bbox 513 4308 588 4370; x_wconf 86' lang='lat' dir='ltr'><strong>R.</strong></span> <span class='ocrx_word' id='word_1_260' title='bbox 624 4309 724 4390; x_wconf 94' lang='lat' dir='ltr'>C.,</span> <span class='ocrx_word' id='word_1_261' title='bbox 770 4306 976 4372; x_wconf 84' lang='lat' dir='ltr'>habita</span> <span class='ocrx_word' id='word_1_262' title='bbox 1021 4307 1200 4392; x_wconf 86' lang='lat' dir='ltr'>prius</span> <span class='ocrx_word' id='word_1_263' title='bbox 1248 4306 1389 4372; x_wconf 73' lang='lat' dir='ltr'>Rmi</span> <span class='ocrx_word' id='word_1_264' title='bbox 1439 4305 1737 4394; x_wconf 81' lang='lat' dir='ltr'>Episcopi</span> 
     </span>
     <span class='ocr_line' id='line_1_46' title="bbox 176 4390 1736 4474; baseline 0.003 -20"><span class='ocrx_word' id='word_1_265' title='bbox 176 4390 633 4474; x_wconf 76' lang='lat' dir='ltr'>informatione,</span> <span class='ocrx_word' id='word_1_266' title='bbox 697 4392 774 4459; x_wconf 90' lang='lat' dir='ltr'>ad</span> <span class='ocrx_word' id='word_1_267' title='bbox 844 4394 1223 4461; x_wconf 89' lang='lat' dir='ltr'>relationem</span> <span class='ocrx_word' id='word_1_268' title='bbox 1295 4393 1433 4459; x_wconf 77' lang='lat' dir='ltr'>Emi</span> <span class='ocrx_word' id='word_1_269' title='bbox 1482 4404 1545 4460; x_wconf 92' lang='lat' dir='ltr'>et</span> <span class='ocrx_word' id='word_1_270' title='bbox 1596 4394 1736 4460; x_wconf 77' lang='lat' dir='ltr'>Rmi</span> 
     </span>
     <span class='ocr_line' id='line_1_47' title="bbox 177 4482 1736 4563; baseline 0.002 -18"><span class='ocrx_word' id='word_1_271' title='bbox 177 4483 332 4547; x_wconf 83' lang='lat' dir='ltr'>Dom.</span> <span class='ocrx_word' id='word_1_272' title='bbox 379 4483 568 4548; x_wconf 89' lang='lat' dir='ltr'>Card.</span> <span class='ocrx_word' id='word_1_273' title='bbox 611 4482 832 4547; x_wconf 84' lang='lat' dir='ltr'>Boschi</span> <span class='ocrx_word' id='word_1_274' title='bbox 860 4483 1201 4563; x_wconf 70' lang='lat' dir='ltr'>Ponentis,</span> <span class='ocrx_word' id='word_1_275' title='bbox 1255 4482 1736 4549; x_wconf 83' lang='lat' dir='ltr'>rescribendum</span> 
     </span>
     <span class='ocr_line' id='line_1_48' title="bbox 175 4570 1741 4657; baseline 0.003 -26"><span class='ocrx_word' id='word_1_276' title='bbox 175 4573 398 4636; x_wconf 85' lang='lat' dir='ltr'>censuit</span> <span class='ocrx_word' id='word_1_277' title='bbox 429 4593 443 4635; x_wconf 79' lang='lat' dir='ltr'><strong><em>z</em></strong></span> <span class='ocrx_word' id='word_1_278' title='bbox 497 4593 534 4634; x_wconf 82' lang='lat'>‹</span> <span class='ocrx_word' id='word_1_279' title='bbox 570 4570 849 4636; x_wconf 79' lang='lat' dir='ltr'>Arbitrio</span> <span class='ocrx_word' id='word_1_280' title='bbox 894 4570 1227 4655; x_wconf 86' lang='lat' dir='ltr'>Ordinarii,</span> <span class='ocrx_word' id='word_1_281' title='bbox 1271 4590 1388 4657; x_wconf 89' lang='lat' dir='ltr'>pro</span> <span class='ocrx_word' id='word_1_282' title='bbox 1417 4572 1643 4638; x_wconf 86' lang='lat' dir='ltr'>diebus</span> <span class='ocrx_word' id='word_1_283' title='bbox 1676 4583 1741 4636; x_wconf 89' lang='lat' dir='ltr'>et</span> 
     </span>
     <span class='ocr_line' id='line_1_49' title="bbox 175 4658 1740 4743; baseline 0.002 -21"><span class='ocrx_word' id='word_1_284' title='bbox 175 4658 585 4723; x_wconf 80' lang='lat' dir='ltr'>occasionibus</span> <span class='ocrx_word' id='word_1_285' title='bbox 618 4659 696 4724; x_wconf 89' lang='lat' dir='ltr'>ab</span> <span class='ocrx_word' id='word_1_286' title='bbox 728 4677 804 4723; x_wconf 92' lang='lat' dir='ltr'>eo</span> <span class='ocrx_word' id='word_1_287' title='bbox 837 4658 1128 4725; x_wconf 88' lang='lat' dir='ltr'>indicatis</span> <span class='ocrx_word' id='word_1_288' title='bbox 1162 4661 1518 4743; x_wconf 84' lang='lat' dir='ltr'>dumtaxat;</span> <span class='ocrx_word' id='word_1_289' title='bbox 1555 4662 1740 4725; x_wconf 90' lang='lat' dir='ltr'>dum·</span> 
     </span>
     <span class='ocr_line' id='line_1_50' title="bbox 175 4745 1738 4835; baseline 0.004 -28"><span class='ocrx_word' id='word_1_290' title='bbox 175 4747 365 4827; x_wconf 90' lang='lat' dir='ltr'>modo,</span> <span class='ocrx_word' id='word_1_291' title='bbox 420 4751 754 4833; x_wconf 89' lang='lat' dir='ltr'>perpensis</span> <span class='ocrx_word' id='word_1_292' title='bbox 804 4745 1122 4829; x_wconf 86' lang='lat' dir='ltr'>omnibus,</span> <span class='ocrx_word' id='word_1_293' title='bbox 1171 4747 1329 4813; x_wconf 87' lang='lat' dir='ltr'>absit</span> <span class='ocrx_word' id='word_1_294' title='bbox 1378 4749 1738 4835; x_wconf 88' lang='lat' dir='ltr'>periculum</span> 
     </span>
     <span class='ocr_line' id='line_1_51' title="bbox 175 4833 1740 4919; baseline 0.001 -24"><span class='ocrx_word' id='word_1_295' title='bbox 175 4833 616 4919; x_wconf 85' lang='lat' dir='ltr'>cuiuscumque</span> <span class='ocrx_word' id='word_1_296' title='bbox 640 4834 919 4899; x_wconf 88' lang='lat' dir='ltr'>scandali</span> <span class='ocrx_word' id='word_1_297' title='bbox 945 4846 1050 4900; x_wconf 77' lang='lat' dir='ltr'>ant</span> <span class='ocrx_word' id='word_1_298' title='bbox 1084 4834 1567 4913; x_wconf 86' lang='lat' dir='ltr'>irreverentiae;</span> <span class='ocrx_word' id='word_1_299' title='bbox 1595 4836 1740 4900; x_wconf 86' lang='lat' dir='ltr'>alias</span> 
     </span>
     <span class='ocr_line' id='line_1_52' title="bbox 176 4921 1744 4989; baseline 0.006 -9"><span class='ocrx_word' id='word_1_300' title='bbox 176 4921 443 4986; x_wconf 79' lang='lat' dir='ltr'>collocari</span> <span class='ocrx_word' id='word_1_301' title='bbox 472 4922 732 4988; x_wconf 91' lang='lat' dir='ltr'>mandet</span> <span class='ocrx_word' id='word_1_302' title='bbox 760 4921 821 4987; x_wconf 90' lang='lat' dir='ltr'>in</span> <span class='ocrx_word' id='word_1_303' title='bbox 848 4923 1043 4988; x_wconf 87' lang='lat' dir='ltr'>Altari</span> <span class='ocrx_word' id='word_1_304' title='bbox 1069 4925 1291 4989; x_wconf 89' lang='lat' dir='ltr'>maiori</span> <span class='ocrx_word' id='word_1_305' title='bbox 1317 4923 1454 4989; x_wconf 87' lang='lat' dir='ltr'>sive</span> <span class='ocrx_word' id='word_1_306' title='bbox 1479 4925 1603 4988; x_wconf 90' lang='lat' dir='ltr'>alio</span> <span class='ocrx_word' id='word_1_307' title='bbox 1627 4936 1744 4989; x_wconf 89' lang='lat' dir='ltr'>sta-</span> 
     </span>
     <span class='ocr_line' id='line_1_53' title="bbox 177 5005 1731 5078; baseline 0.004 -8"><span class='ocrx_word' id='word_1_308' title='bbox 177 5005 262 5072; x_wconf 83' lang='lat' dir='ltr'>bili</span> <span class='ocrx_word' id='word_1_309' title='bbox 294 5009 584 5076; x_wconf 86' lang='lat' dir='ltr'>eiusdem</span> <span class='ocrx_word' id='word_1_310' title='bbox 633 5012 955 5075; x_wconf 84' lang='lat' dir='ltr'>Ecclesiae</span> <span class='ocrx_word' id='word_1_311' title='bbox 989 5033 1052 5076; x_wconf 78' lang='lat'><strong>».</strong></span> <span class='ocrx_word' id='word_1_312' title='bbox 1104 5012 1218 5078; x_wconf 86' lang='lat' dir='ltr'>Die</span> <span class='ocrx_word' id='word_1_313' title='bbox 1251 5017 1332 5078; x_wconf 86' lang='grc'><strong>23</strong></span> <span class='ocrx_word' id='word_1_314' title='bbox 1368 5011 1504 5076; x_wconf 71' lang='lat' dir='ltr'>Maii</span> <span class='ocrx_word' id='word_1_315' title='bbox 1543 5016 1731 5078; x_wconf 88' lang='grc'><strong>1778.</strong></span> 
     </span>
    </p>
   </div>
   <div class='ocr_carea' id='block_1_6' title="bbox 179 5146 1734 5237">
    <p class='ocr_par' dir='ltr' id='par_1_13' title="bbox 179 5146 1734 5237">
     <span class='ocr_line' id='line_1_54' title="bbox 179 5146 1734 5237; baseline 0.004 -26"><span class='ocrx_word' id='word_1_316' title='bbox 179 5146 386 5218; x_wconf 77' lang='lat'><strong>2511.</strong></span> <span class='ocrx_word' id='word_1_317' title='bbox 750 5151 1158 5216; x_wconf 77' lang='lat' dir='ltr'>eoNoNfflN.</span> <span class='ocrx_word' id='word_1_318' title='bbox 1509 5152 1734 5237; x_wconf 79' lang='lat'>(4389)</span> 
     </span>
    </p>
   </div>
   <div class='ocr_carea' id='block_1_7' title="bbox 182 5272 1734 5446">
    <p class='ocr_par' dir='ltr' id='par_1_14' title="bbox 182 5272 1734 5446">
     <span class='ocr_line' id='line_1_55' title="bbox 289 5272 1733 5358; baseline -0.003 -18"><span class='ocrx_word' id='word_1_319' title='bbox 289 5275 531 5340; x_wconf 79' lang='lat' dir='ltr'>Exortis</span> <span class='ocrx_word' id='word_1_320' title='bbox 578 5272 1028 5338; x_wconf 86' lang='lat' dir='ltr'>controversiis</span> <span class='ocrx_word' id='word_1_321' title='bbox 1059 5292 1256 5358; x_wconf 84' lang='lat' dir='ltr'>super</span> <span class='ocrx_word' id='word_1_322' title='bbox 1289 5272 1733 5358; x_wconf 83' lang='lat' dir='ltr'>praecedentia</span> 
     </span>
     <span class='ocr_line' id='line_1_56' title="bbox 182 5358 1734 5446; baseline 0.003 -25"><span class='ocrx_word' id='word_1_323' title='bbox 182 5358 230 5424; x_wconf 86' lang='lat' dir='ltr'>in</span> <span class='ocrx_word' id='word_1_324' title='bbox 249 5362 643 5429; x_wconf 71' lang='lat' dir='ltr'>processione</span> <span class='ocrx_word' id='word_1_325' title='bbox 670 5364 780 5427; x_wconf 90' lang='lat' dir='ltr'><strong>SS.</strong></span> <span class='ocrx_word' id='word_1_326' title='bbox 804 5360 1099 5446; x_wconf 86' lang='lat' dir='ltr'>Corporis</span> <span class='ocrx_word' id='word_1_327' title='bbox 1123 5360 1382 5442; x_wconf 82' lang='lat' dir='ltr'>Christi,</span> <span class='ocrx_word' id='word_1_328' title='bbox 1409 5379 1572 5445; x_wconf 86' lang='lat' dir='ltr'>quae</span> <span class='ocrx_word' id='word_1_329' title='bbox 1598 5360 1734 5426; x_wconf 87' lang='lat' dir='ltr'>fieri</span> 
     </span>
    </p>
   </div>
   <div class='ocr_carea' id='block_1_8' title="bbox 1847 519 3450 1312">
    <p class='ocr_par' dir='ltr' id='par_1_15' title="bbox 1847 519 3450 1135">
     <span class='ocr_line' id='line_1_57' title="bbox 1847 519 3447 602; baseline 0.001 -16"><span class='ocrx_word' id='word_1_330' title='bbox 1847 519 2025 602; x_wconf 87' lang='lat' dir='ltr'>dem,</span> <span class='ocrx_word' id='word_1_331' title='bbox 2077 521 2247 586; x_wconf 88' lang='lat' dir='ltr'>inter</span> <span class='ocrx_word' id='word_1_332' title='bbox 2293 521 2555 587; x_wconf 87' lang='lat' dir='ltr'>Clerum</span> <span class='ocrx_word' id='word_1_333' title='bbox 2605 522 2969 588; x_wconf 88' lang='lat' dir='ltr'>Secularem</span> <span class='ocrx_word' id='word_1_334' title='bbox 3031 523 3238 588; x_wconf 86' lang='lat' dir='ltr'>dictae</span> <span class='ocrx_word' id='word_1_335' title='bbox 3285 524 3447 589; x_wconf 86' lang='lat' dir='ltr'>Civi-</span> 
     </span>
     <span class='ocr_line' id='line_1_58' title="bbox 1853 607 3449 691; baseline 0.003 -18"><span class='ocrx_word' id='word_1_336' title='bbox 1853 607 1994 673; x_wconf 86' lang='lat' dir='ltr'>tatis</span> <span class='ocrx_word' id='word_1_337' title='bbox 2029 627 2109 673; x_wconf 81' lang='lat' dir='ltr'>ex</span> <span class='ocrx_word' id='word_1_338' title='bbox 2142 628 2288 691; x_wconf 88' lang='lat' dir='ltr'>una,</span> <span class='ocrx_word' id='word_1_339' title='bbox 2320 623 2383 674; x_wconf 88' lang='lat' dir='ltr'>et</span> <span class='ocrx_word' id='word_1_340' title='bbox 2412 611 2744 676; x_wconf 74' lang='lat' dir='ltr'>Monachos</span> <span class='ocrx_word' id='word_1_341' title='bbox 2776 609 3178 676; x_wconf 78' lang='lat' dir='ltr'>cassinenses</span> <span class='ocrx_word' id='word_1_342' title='bbox 3211 614 3273 678; x_wconf 91' lang='lat' dir='ltr'>S.</span> <span class='ocrx_word' id='word_1_343' title='bbox 3305 617 3449 678; x_wconf 90' lang='lat' dir='ltr'>Pro-</span> 
     </span>
     <span class='ocr_line' id='line_1_59' title="bbox 1847 697 3447 784; baseline 0.002 -23"><span class='ocrx_word' id='word_1_344' title='bbox 1847 697 1974 761; x_wconf 90' lang='lat' dir='ltr'>culi</span> <span class='ocrx_word' id='word_1_345' title='bbox 2026 697 2393 782; x_wconf 80' lang='lat' dir='ltr'>praedictae</span> <span class='ocrx_word' id='word_1_346' title='bbox 2439 697 2720 764; x_wconf 86' lang='lat' dir='ltr'>Civitatis</span> <span class='ocrx_word' id='word_1_347' title='bbox 2766 717 2846 762; x_wconf 81' lang='lat' dir='ltr'>ex</span> <span class='ocrx_word' id='word_1_348' title='bbox 2893 699 3089 763; x_wconf 87' lang='lat' dir='ltr'>altera</span> <span class='ocrx_word' id='word_1_349' title='bbox 3137 700 3447 784; x_wconf 88' lang='lat' dir='ltr'>partibus,</span> 
     </span>
     <span class='ocr_line' id='line_1_60' title="bbox 1853 783 3449 868; baseline 0.002 -20"><span class='ocrx_word' id='word_1_350' title='bbox 1853 783 2111 868; x_wconf 90' lang='lat' dir='ltr'>illisque</span> <span class='ocrx_word' id='word_1_351' title='bbox 2161 785 2235 850; x_wconf 90' lang='lat' dir='ltr'>ad</span> <span class='ocrx_word' id='word_1_352' title='bbox 2286 788 2349 850; x_wconf 90' lang='lat' dir='ltr'><strong>S.</strong></span> <span class='ocrx_word' id='word_1_353' title='bbox 2380 789 2457 851; x_wconf 86' lang='lat' dir='ltr'><strong>R.</strong></span> <span class='ocrx_word' id='word_1_354' title='bbox 2487 789 2555 851; x_wconf 91' lang='lat' dir='ltr'>C.</span> <span class='ocrx_word' id='word_1_355' title='bbox 2594 787 2861 860; x_wconf 84' lang='lat' dir='ltr'>delatis;</span> <span class='ocrx_word' id='word_1_356' title='bbox 2917 791 3109 851; x_wconf 75' lang='lat' dir='ltr'>Effius</span> <span class='ocrx_word' id='word_1_357' title='bbox 3158 800 3222 852; x_wconf 91' lang='lat' dir='ltr'>et</span> <span class='ocrx_word' id='word_1_358' title='bbox 3256 791 3449 854; x_wconf 74' lang='lat' dir='ltr'>Rfflus</span> 
     </span>
     <span class='ocr_line' id='line_1_61' title="bbox 1850 872 3448 941; baseline 0.002 -3"><span class='ocrx_word' id='word_1_359' title='bbox 1850 872 2155 938; x_wconf 86' lang='lat' dir='ltr'>Dominus</span> <span class='ocrx_word' id='word_1_360' title='bbox 2191 873 2539 939; x_wconf 89' lang='lat' dir='ltr'>Cardinalis</span> <span class='ocrx_word' id='word_1_361' title='bbox 2589 873 2933 940; x_wconf 80' lang='lat' dir='ltr'>Archintus</span> <span class='ocrx_word' id='word_1_362' title='bbox 2981 879 3228 940; x_wconf 91' lang='lat' dir='ltr'>Ponens</span> <span class='ocrx_word' id='word_1_363' title='bbox 3263 876 3448 941; x_wconf 77' lang='lat' dir='ltr'>intra-</span> 
     </span>
     <span class='ocr_line' id='line_1_62' title="bbox 1851 960 3441 1049; baseline 0.004 -26"><span class='ocrx_word' id='word_1_364' title='bbox 1851 960 2162 1045; x_wconf 89' lang='lat' dir='ltr'>scriptum</span> <span class='ocrx_word' id='word_1_365' title='bbox 2224 960 2493 1026; x_wconf 88' lang='lat' dir='ltr'>dubium</span> <span class='ocrx_word' id='word_1_366' title='bbox 2554 961 2987 1028; x_wconf 86' lang='lat' dir='ltr'>decidendum</span> <span class='ocrx_word' id='word_1_367' title='bbox 3061 965 3441 1049; x_wconf 82' lang='lat' dir='ltr'>proposuit=</span> 
     </span>
     <span class='ocr_line' id='line_1_63' title="bbox 1853 1049 3450 1135; baseline 0.003 -23"><span class='ocrx_word' id='word_1_368' title='bbox 1853 1050 1973 1131; x_wconf 89' lang='lat' dir='ltr'>An,</span> <span class='ocrx_word' id='word_1_369' title='bbox 2011 1058 2077 1112; x_wconf 91' lang='lat' dir='ltr'>et</span> <span class='ocrx_word' id='word_1_370' title='bbox 2124 1049 2225 1114; x_wconf 90' lang='lat' dir='ltr'>cui</span> <span class='ocrx_word' id='word_1_371' title='bbox 2276 1060 2600 1135; x_wconf 88' lang='lat' dir='ltr'>competat</span> <span class='ocrx_word' id='word_1_372' title='bbox 2651 1050 3093 1135; x_wconf 87' lang='lat' dir='ltr'>praecedentia</span> <span class='ocrx_word' id='word_1_373' title='bbox 3145 1052 3207 1116; x_wconf 90' lang='lat' dir='ltr'>in</span> <span class='ocrx_word' id='word_1_374' title='bbox 3257 1050 3450 1117; x_wconf 73' lang='lat' dir='ltr'>casu?</span> 
     </span>
    </p>

    <p class='ocr_par' dir='ltr' id='par_1_16' title="bbox 1854 1136 3447 1312">
     <span class='ocr_line' id='line_1_64' title="bbox 1989 1136 3443 1222; baseline 0.005 -22"><span class='ocrx_word' id='word_1_375' title='bbox 1989 1140 2065 1200; x_wconf 85' lang='lat' dir='ltr'>Et</span> <span class='ocrx_word' id='word_1_376' title='bbox 2125 1140 2192 1203; x_wconf 88' lang='lat' dir='ltr'>S.</span> <span class='ocrx_word' id='word_1_377' title='bbox 2243 1140 2315 1202; x_wconf 90' lang='lat' dir='ltr'>R.</span> <span class='ocrx_word' id='word_1_378' title='bbox 2368 1142 2470 1219; x_wconf 91' lang='lat' dir='ltr'>C.,</span> <span class='ocrx_word' id='word_1_379' title='bbox 2521 1136 2731 1202; x_wconf 88' lang='lat' dir='ltr'>habita</span> <span class='ocrx_word' id='word_1_380' title='bbox 2776 1140 2955 1222; x_wconf 89' lang='lat' dir='ltr'>prius</span> <span class='ocrx_word' id='word_1_381' title='bbox 3005 1137 3144 1203; x_wconf 72' lang='lat' dir='ltr'>Emi</span> <span class='ocrx_word' id='word_1_382' title='bbox 3193 1151 3259 1204; x_wconf 87' lang='lat' dir='ltr'>et</span> <span class='ocrx_word' id='word_1_383' title='bbox 3305 1142 3443 1207; x_wconf 77' lang='lat' dir='ltr'>Rmi</span> 
     </span>
     <span class='ocr_line' id='line_1_65' title="bbox 1854 1223 3447 1312; baseline 0.002 -22"><span class='ocrx_word' id='word_1_384' title='bbox 1854 1223 2100 1290; x_wconf 87' lang='lat' dir='ltr'>Domini</span> <span class='ocrx_word' id='word_1_385' title='bbox 2176 1225 2521 1291; x_wconf 86' lang='lat' dir='ltr'>Cardinalis</span> <span class='ocrx_word' id='word_1_386' title='bbox 2591 1225 3066 1312; x_wconf 84' lang='lat' dir='ltr'>Arcbiepiscopi</span> <span class='ocrx_word' id='word_1_387' title='bbox 3151 1226 3447 1293; x_wconf 84' lang='lat' dir='ltr'>inl&#39;orma-</span> 
     </span>
    </p>
   </div>
   <div class='ocr_carea' id='block_1_9' title="bbox 1758 1312 3448 1397">
    <p class='ocr_par' dir='ltr' id='par_1_17' title="bbox 1758 1312 3448 1397">
     <span class='ocr_line' id='line_1_66' title="bbox 1758 1312 3448 1397; baseline 0.002 -20"><span class='ocrx_word' id='word_1_388' title='bbox 1758 1340 1768 1351; x_wconf 95' lang='lat'><em>·</em></span> <span class='ocrx_word' id='word_1_389' title='bbox 1851 1312 2061 1394; x_wconf 89' lang='lat' dir='ltr'>tione,</span> <span class='ocrx_word' id='word_1_390' title='bbox 2126 1312 2475 1397; x_wconf 86' lang='lat' dir='ltr'>auditoque</span> <span class='ocrx_word' id='word_1_391' title='bbox 2534 1313 2703 1379; x_wconf 84' lang='lat' dir='ltr'>Cleri</span> <span class='ocrx_word' id='word_1_392' title='bbox 2776 1313 3092 1380; x_wconf 83' lang='lat' dir='ltr'>Secularis</span> <span class='ocrx_word' id='word_1_393' title='bbox 3152 1318 3448 1381; x_wconf 86' lang='lat' dir='ltr'>Procura-</span> 
     </span>
    </p>
   </div>
   <div class='ocr_carea' id='block_1_10' title="bbox 1839 1401 3448 5450">
    <p class='ocr_par' dir='ltr' id='par_1_18' title="bbox 1851 1401 3447 1909">
     <span class='ocr_line' id='line_1_67' title="bbox 1851 1401 3444 1486; baseline 0.003 -22"><span class='ocrx_word' id='word_1_394' title='bbox 1851 1412 2015 1482; x_wconf 86' lang='lat' dir='ltr'>tore,</span> <span class='ocrx_word' id='word_1_395' title='bbox 2052 1401 2319 1485; x_wconf 88' lang='lat' dir='ltr'>eiusque</span> <span class='ocrx_word' id='word_1_396' title='bbox 2362 1402 2607 1467; x_wconf 88' lang='lat' dir='ltr'>iuribus</span> <span class='ocrx_word' id='word_1_397' title='bbox 2636 1402 2874 1486; x_wconf 89' lang='lat' dir='ltr'>scripto</span> <span class='ocrx_word' id='word_1_398' title='bbox 2912 1413 2976 1466; x_wconf 88' lang='lat' dir='ltr'>et</span> <span class='ocrx_word' id='word_1_399' title='bbox 3010 1422 3164 1469; x_wconf 88' lang='lat' dir='ltr'>voce</span> <span class='ocrx_word' id='word_1_400' title='bbox 3200 1413 3444 1469; x_wconf 85' lang='lat' dir='ltr'>tantum</span> 
     </span>
     <span class='ocr_line' id='line_1_68' title="bbox 1851 1489 3443 1576; baseline 0.004 -25"><span class='ocrx_word' id='word_1_401' title='bbox 1851 1489 2028 1569; x_wconf 79' lang='lat' dir='ltr'>visiS,</span> <span class='ocrx_word' id='word_1_402' title='bbox 2071 1508 2216 1555; x_wconf 89' lang='lat' dir='ltr'>cum</span> <span class='ocrx_word' id='word_1_403' title='bbox 2268 1509 2410 1574; x_wconf 87' lang='lat' dir='ltr'>pars</span> <span class='ocrx_word' id='word_1_404' title='bbox 2459 1491 2655 1555; x_wconf 88' lang='lat' dir='ltr'>altera</span> <span class='ocrx_word' id='word_1_405' title='bbox 2702 1508 2829 1554; x_wconf 88' lang='lat' dir='ltr'>non</span> <span class='ocrx_word' id='word_1_406' title='bbox 2877 1492 3331 1576; x_wconf 85' lang='lat' dir='ltr'>comparuerit,</span> <span class='ocrx_word' id='word_1_407' title='bbox 3369 1495 3443 1558; x_wconf 88' lang='lat' dir='ltr'>ad</span> 
     </span>
     <span class='ocr_line' id='line_1_69' title="bbox 1852 1575 3444 1664; baseline 0.003 -24"><span class='ocrx_word' id='word_1_408' title='bbox 1852 1575 2228 1641; x_wconf 89' lang='lat' dir='ltr'>relationem</span> <span class='ocrx_word' id='word_1_409' title='bbox 2278 1578 2545 1664; x_wconf 77' lang='lat' dir='ltr'>praefati</span> <span class='ocrx_word' id='word_1_410' title='bbox 2600 1577 3091 1643; x_wconf 81' lang='lat' dir='ltr'>Eminentissimi</span> <span class='ocrx_word' id='word_1_411' title='bbox 3125 1581 3444 1662; x_wconf 71' lang='lat' dir='ltr'>ponentis,</span> 
     </span>
     <span class='ocr_line' id='line_1_70' title="bbox 1853 1664 3445 1737; baseline 0.002 -8"><span class='ocrx_word' id='word_1_412' title='bbox 1853 1664 2339 1737; x_wconf 86' lang='lat' dir='ltr'>rescribendum</span> <span class='ocrx_word' id='word_1_413' title='bbox 2369 1665 2650 1731; x_wconf 87' lang='lat' dir='ltr'>censuit:</span> <span class='ocrx_word' id='word_1_414' title='bbox 2682 1688 2719 1729; x_wconf 82' lang='lat'>‹</span> <span class='ocrx_word' id='word_1_415' title='bbox 2738 1666 3250 1732; x_wconf 76' lang='lat' dir='ltr'>praecedentiam</span> <span class='ocrx_word' id='word_1_416' title='bbox 3278 1687 3445 1732; x_wconf 85' lang='lat' dir='ltr'>com-</span> 
     </span>
     <span class='ocr_line' id='line_1_71' title="bbox 1856 1753 3447 1837; baseline 0.003 -20"><span class='ocrx_word' id='word_1_417' title='bbox 1856 1764 2082 1837; x_wconf 89' lang='lat' dir='ltr'>petere</span> <span class='ocrx_word' id='word_1_418' title='bbox 2129 1753 2320 1818; x_wconf 90' lang='lat' dir='ltr'>Clero</span> <span class='ocrx_word' id='word_1_419' title='bbox 2354 1755 2636 1819; x_wconf 91' lang='lat' dir='ltr'>Seculari</span> <span class='ocrx_word' id='word_1_420' title='bbox 2666 1776 2728 1819; x_wconf 82' lang='lat'><strong>».</strong></span> <span class='ocrx_word' id='word_1_421' title='bbox 2774 1757 2851 1818; x_wconf 87' lang='lat' dir='ltr'>Et</span> <span class='ocrx_word' id='word_1_422' title='bbox 2887 1755 2965 1818; x_wconf 91' lang='lat' dir='ltr'>ita</span> <span class='ocrx_word' id='word_1_423' title='bbox 3000 1756 3343 1820; x_wconf 83' lang='lat' dir='ltr'>declaravit</span> <span class='ocrx_word' id='word_1_424' title='bbox 3376 1777 3447 1821; x_wconf 88' lang='lat' dir='ltr'>ac</span> 
     </span>
     <span class='ocr_line' id='line_1_72' title="bbox 1853 1840 3309 1909; baseline 0.001 -5"><span class='ocrx_word' id='word_1_425' title='bbox 1853 1840 2093 1906; x_wconf 85' lang='lat' dir='ltr'>servari</span> <span class='ocrx_word' id='word_1_426' title='bbox 2140 1842 2485 1907; x_wconf 85' lang='lat' dir='ltr'>mandavit.</span> <span class='ocrx_word' id='word_1_427' title='bbox 2541 1841 2651 1907; x_wconf 89' lang='lat' dir='ltr'>Die</span> <span class='ocrx_word' id='word_1_428' title='bbox 2693 1847 2776 1908; x_wconf 86' lang='grc'><strong>23</strong></span> <span class='ocrx_word' id='word_1_429' title='bbox 2828 1842 2964 1906; x_wconf 81' lang='lat' dir='ltr'>Maii</span> <span class='ocrx_word' id='word_1_430' title='bbox 3006 1846 3207 1909; x_wconf 75' lang='grc'><strong>1778.</strong></span> <span class='ocrx_word' id='word_1_431' title='bbox 3300 1867 3309 1874; x_wconf 86' lang='grc'><em>·</em></span> 
     </span>
    </p>

    <p class='ocr_par' dir='ltr' id='par_1_19' title="bbox 1856 2015 3443 2104">
     <span class='ocr_line' id='line_1_73' title="bbox 1856 2015 3443 2104; baseline 0.004 -22"><span class='ocrx_word' id='word_1_432' title='bbox 1856 2015 2103 2083; x_wconf 77' lang='grc'><strong>2512.</strong></span> <span class='ocrx_word' id='word_1_433' title='bbox 2428 2018 2866 2082; x_wconf 83' lang='lat' dir='ltr'>ASCULANA.</span> <span class='ocrx_word' id='word_1_434' title='bbox 3219 2020 3443 2104; x_wconf 73' lang='lat'>(4390)</span> 
     </span>
    </p>

    <p class='ocr_par' dir='ltr' id='par_1_20' title="bbox 1847 2188 3448 3051">
     <span class='ocr_line' id='line_1_74' title="bbox 1987 2188 3446 2261; baseline 0.005 -7"><span class='ocrx_word' id='word_1_435' title='bbox 1987 2188 2238 2254; x_wconf 78' lang='lat' dir='ltr'>Exortis</span> <span class='ocrx_word' id='word_1_436' title='bbox 2300 2192 2466 2254; x_wconf 88' lang='lat' dir='ltr'>inter</span> <span class='ocrx_word' id='word_1_437' title='bbox 2521 2191 2827 2256; x_wconf 82' lang='lat' dir='ltr'>Parochos</span> <span class='ocrx_word' id='word_1_438' title='bbox 2887 2195 3220 2258; x_wconf 88' lang='lat' dir='ltr'>Seculares</span> <span class='ocrx_word' id='word_1_439' title='bbox 3281 2196 3446 2261; x_wconf 87' lang='lat' dir='ltr'>Civi-</span> 
     </span>
     <span class='ocr_line' id='line_1_75' title="bbox 1856 2278 3446 2358; baseline 0.004 -14"><span class='ocrx_word' id='word_1_440' title='bbox 1856 2278 1995 2344; x_wconf 83' lang='lat' dir='ltr'>tatis</span> <span class='ocrx_word' id='word_1_441' title='bbox 2054 2278 2265 2342; x_wconf 82' lang='lat' dir='ltr'>Asculi</span> <span class='ocrx_word' id='word_1_442' title='bbox 2328 2298 2409 2343; x_wconf 86' lang='lat' dir='ltr'>ex</span> <span class='ocrx_word' id='word_1_443' title='bbox 2470 2298 2624 2358; x_wconf 90' lang='lat' dir='ltr'>una,</span> <span class='ocrx_word' id='word_1_444' title='bbox 2691 2291 2754 2344; x_wconf 90' lang='lat' dir='ltr'>et</span> <span class='ocrx_word' id='word_1_445' title='bbox 2813 2281 3261 2347; x_wconf 69' lang='lat' dir='ltr'>monasterium</span> <span class='ocrx_word' id='word_1_446' title='bbox 3331 2303 3446 2350; x_wconf 89' lang='lat' dir='ltr'>seu</span> 
     </span>
     <span class='ocr_line' id='line_1_76' title="bbox 1853 2365 3448 2456; baseline 0.001 -23"><span class='ocrx_word' id='word_1_447' title='bbox 1853 2374 1916 2433; x_wconf 88' lang='lat' dir='ltr'>P.</span> <span class='ocrx_word' id='word_1_448' title='bbox 1950 2365 2269 2432; x_wconf 79' lang='lat' dir='ltr'>vicarium</span> <span class='ocrx_word' id='word_1_449' title='bbox 2320 2369 2390 2434; x_wconf 89' lang='lat' dir='ltr'>S.</span> <span class='ocrx_word' id='word_1_450' title='bbox 2423 2368 2654 2452; x_wconf 85' lang='lat' dir='ltr'>Angeli</span> <span class='ocrx_word' id='word_1_451' title='bbox 2690 2369 2888 2452; x_wconf 78' lang='lat' dir='ltr'>Magni</span> <span class='ocrx_word' id='word_1_452' title='bbox 2922 2372 3448 2456; x_wconf 85' lang='lat' dir='ltr'>Congregationis</span> 
     </span>
     <span class='ocr_line' id='line_1_77' title="bbox 1848 2455 3441 2542; baseline 0.001 -20"><span class='ocrx_word' id='word_1_453' title='bbox 1848 2456 2212 2522; x_wconf 88' lang='lat' dir='ltr'>Olivetanae</span> <span class='ocrx_word' id='word_1_454' title='bbox 2239 2455 2446 2521; x_wconf 89' lang='lat' dir='ltr'>dictae</span> <span class='ocrx_word' id='word_1_455' title='bbox 2472 2456 2754 2522; x_wconf 84' lang='lat' dir='ltr'>Civitatis</span> <span class='ocrx_word' id='word_1_456' title='bbox 2788 2475 2868 2520; x_wconf 84' lang='lat' dir='ltr'>ex</span> <span class='ocrx_word' id='word_1_457' title='bbox 2902 2456 3099 2523; x_wconf 90' lang='lat' dir='ltr'>altera</span> <span class='ocrx_word' id='word_1_458' title='bbox 3131 2459 3441 2542; x_wconf 83' lang='lat' dir='ltr'>partibus,</span> 
     </span>
     <span class='ocr_line' id='line_1_78' title="bbox 1849 2541 3445 2630; baseline 0.002 -21"><span class='ocrx_word' id='word_1_459' title='bbox 1849 2541 2303 2610; x_wconf 87' lang='lat' dir='ltr'>controversiis</span> <span class='ocrx_word' id='word_1_460' title='bbox 2334 2563 2532 2629; x_wconf 91' lang='lat' dir='ltr'>super</span> <span class='ocrx_word' id='word_1_461' title='bbox 2563 2544 2889 2610; x_wconf 85' lang='lat' dir='ltr'>delatione</span> <span class='ocrx_word' id='word_1_462' title='bbox 2924 2546 3170 2630; x_wconf 86' lang='lat' dir='ltr'>Caputii</span> <span class='ocrx_word' id='word_1_463' title='bbox 3207 2548 3267 2611; x_wconf 91' lang='lat' dir='ltr'>in</span> <span class='ocrx_word' id='word_1_464' title='bbox 3302 2548 3445 2612; x_wconf 80' lang='lat' dir='ltr'>lun-</span> 
     </span>
     <span class='ocr_line' id='line_1_79' title="bbox 1849 2630 3443 2720; baseline 0.003 -24"><span class='ocrx_word' id='word_1_465' title='bbox 1849 2630 2171 2698; x_wconf 90' lang='lat' dir='ltr'>ctionibus</span> <span class='ocrx_word' id='word_1_466' title='bbox 2230 2631 2672 2698; x_wconf 88' lang='lat' dir='ltr'>ecclesiasticis</span> <span class='ocrx_word' id='word_1_467' title='bbox 2727 2634 3137 2719; x_wconf 82' lang='lat' dir='ltr'>peragendis,</span> <span class='ocrx_word' id='word_1_468' title='bbox 3190 2635 3443 2720; x_wconf 87' lang='lat' dir='ltr'>illisque</span> 
     </span>
     <span class='ocr_line' id='line_1_80' title="bbox 1847 2719 3440 2808; baseline 0.002 -23"><span class='ocrx_word' id='word_1_469' title='bbox 1847 2723 1924 2787; x_wconf 90' lang='lat' dir='ltr'>ad</span> <span class='ocrx_word' id='word_1_470' title='bbox 1974 2722 2043 2786; x_wconf 89' lang='lat' dir='ltr'>S.</span> <span class='ocrx_word' id='word_1_471' title='bbox 2081 2725 2153 2786; x_wconf 83' lang='lat' dir='ltr'><strong>R.</strong></span> <span class='ocrx_word' id='word_1_472' title='bbox 2193 2724 2263 2785; x_wconf 91' lang='lat' dir='ltr'>C.</span> <span class='ocrx_word' id='word_1_473' title='bbox 2318 2719 2578 2805; x_wconf 69' lang='lat' dir='ltr'>delatis,</span> <span class='ocrx_word' id='word_1_474' title='bbox 2630 2720 3101 2808; x_wconf 76' lang='lat' dir='ltr'>infrascriptum</span> <span class='ocrx_word' id='word_1_475' title='bbox 3143 2722 3440 2804; x_wconf 87' lang='lat' dir='ltr'>dubium,</span> 
     </span>
     <span class='ocr_line' id='line_1_81' title="bbox 1847 2810 3442 2876; baseline -0.001 -3"><span class='ocrx_word' id='word_1_476' title='bbox 1847 2827 2060 2874; x_wconf 89' lang='lat' dir='ltr'>coram</span> <span class='ocrx_word' id='word_1_477' title='bbox 2112 2812 2271 2872; x_wconf 76' lang='grc' dir='ltr'>Εῶο</span> <span class='ocrx_word' id='word_1_478' title='bbox 2303 2821 2370 2872; x_wconf 90' lang='lat' dir='ltr'>et</span> <span class='ocrx_word' id='word_1_479' title='bbox 2404 2812 2560 2873; x_wconf 76' lang='lat' dir='ltr'>Rmo</span> <span class='ocrx_word' id='word_1_480' title='bbox 2609 2814 2682 2875; x_wconf 92' lang='lat' dir='ltr'>D.</span> <span class='ocrx_word' id='word_1_481' title='bbox 2719 2810 2904 2875; x_wconf 88' lang='lat' dir='ltr'>Card.</span> <span class='ocrx_word' id='word_1_482' title='bbox 2945 2811 3294 2876; x_wconf 77' lang='lat' dir='ltr'>Marelusco</span> <span class='ocrx_word' id='word_1_483' title='bbox 3336 2815 3442 2875; x_wconf 85' lang='lat' dir='ltr'>Po-</span> 
     </span>
     <span class='ocr_line' id='line_1_82' title="bbox 1848 2897 3440 2987; baseline 0.001 -25"><span class='ocrx_word' id='word_1_484' title='bbox 1848 2907 2043 2962; x_wconf 89' lang='lat' dir='ltr'>uente</span> <span class='ocrx_word' id='word_1_485' title='bbox 2071 2897 2551 2979; x_wconf 88' lang='lat' dir='ltr'>concordatum,</span> <span class='ocrx_word' id='word_1_486' title='bbox 2581 2897 3017 2963; x_wconf 88' lang='lat' dir='ltr'>decidendum</span> <span class='ocrx_word' id='word_1_487' title='bbox 3044 2899 3440 2987; x_wconf 87' lang='lat' dir='ltr'>propositum</span> 
     </span>
     <span class='ocr_line' id='line_1_83' title="bbox 1849 2987 2005 3051; baseline -0.013 0"><span class='ocrx_word' id='word_1_488' title='bbox 1849 2987 2005 3051; x_wconf 79' lang='lat' dir='ltr'>tuit:</span> 
     </span>
    </p>

    <p class='ocr_par' dir='ltr' id='par_1_21' title="bbox 1842 3073 3439 3510">
     <span class='ocr_line' id='line_1_84' title="bbox 1979 3073 3439 3143; baseline 0.001 -5"><span class='ocrx_word' id='word_1_489' title='bbox 1979 3078 2074 3139; x_wconf 88' lang='lat' dir='ltr'>An</span> <span class='ocrx_word' id='word_1_490' title='bbox 2108 3073 2299 3138; x_wconf 86' lang='lat' dir='ltr'>liceat</span> <span class='ocrx_word' id='word_1_491' title='bbox 2326 3074 2604 3139; x_wconf 84' lang='lat' dir='ltr'>Parocho</span> <span class='ocrx_word' id='word_1_492' title='bbox 2639 3077 2802 3139; x_wconf 86' lang='lat' dir='ltr'>Ven.</span> <span class='ocrx_word' id='word_1_493' title='bbox 2826 3075 3182 3139; x_wconf 81' lang='lat' dir='ltr'>Monasterii</span> <span class='ocrx_word' id='word_1_494' title='bbox 3217 3080 3287 3143; x_wconf 89' lang='grc'>8.</span> <span class='ocrx_word' id='word_1_495' title='bbox 3315 3078 3439 3140; x_wconf 86' lang='lat' dir='ltr'>An-</span> 
     </span>
     <span class='ocr_line' id='line_1_85' title="bbox 1846 3161 3439 3248; baseline 0.001 -22"><span class='ocrx_word' id='word_1_496' title='bbox 1846 3161 1975 3247; x_wconf 84' lang='lat' dir='ltr'>geli</span> <span class='ocrx_word' id='word_1_497' title='bbox 2025 3161 2225 3246; x_wconf 78' lang='lat' dir='ltr'>Magni</span> <span class='ocrx_word' id='word_1_498' title='bbox 2273 3161 2800 3248; x_wconf 89' lang='lat' dir='ltr'>Congregationis</span> <span class='ocrx_word' id='word_1_499' title='bbox 2831 3162 3196 3228; x_wconf 86' lang='lat' dir='ltr'>Olivetanae</span> <span class='ocrx_word' id='word_1_500' title='bbox 3228 3164 3439 3227; x_wconf 82' lang='lat' dir='ltr'>Asculi</span> 
     </span>
     <span class='ocr_line' id='line_1_86' title="bbox 1847 3248 3436 3315; baseline 0.001 -2"><span class='ocrx_word' id='word_1_501' title='bbox 1847 3249 2103 3315; x_wconf 75' lang='lat' dir='ltr'>deferre</span> <span class='ocrx_word' id='word_1_502' title='bbox 2151 3249 2215 3315; x_wconf 89' lang='lat' dir='ltr'>in</span> <span class='ocrx_word' id='word_1_503' title='bbox 2263 3248 2708 3314; x_wconf 83' lang='lat' dir='ltr'>ecclesiasticis</span> <span class='ocrx_word' id='word_1_504' title='bbox 2751 3268 2901 3315; x_wconf 88' lang='lat' dir='ltr'>suae</span> <span class='ocrx_word' id='word_1_505' title='bbox 2958 3250 3286 3315; x_wconf 73' lang='lat' dir='ltr'>paroeciae</span> <span class='ocrx_word' id='word_1_506' title='bbox 3332 3252 3436 3314; x_wconf 89' lang='lat' dir='ltr'>vel</span> 
     </span>
     <span class='ocr_line' id='line_1_87' title="bbox 1844 3336 3430 3424; baseline 0 -23"><span class='ocrx_word' id='word_1_507' title='bbox 1844 3336 1981 3401; x_wconf 84' lang='lat' dir='ltr'>aliis</span> <span class='ocrx_word' id='word_1_508' title='bbox 2011 3336 2471 3419; x_wconf 76' lang='lat' dir='ltr'>functionibus,</span> <span class='ocrx_word' id='word_1_509' title='bbox 2496 3356 2694 3424; x_wconf 90' lang='lat' dir='ltr'>super</span> <span class='ocrx_word' id='word_1_510' title='bbox 2725 3336 2960 3403; x_wconf 89' lang='lat' dir='ltr'>amictu</span> <span class='ocrx_word' id='word_1_511' title='bbox 2991 3338 3187 3423; x_wconf 87' lang='lat' dir='ltr'>vulgo</span> <span class='ocrx_word' id='word_1_512' title='bbox 3219 3342 3430 3417; x_wconf 79' lang='lat' dir='ltr'>Cotta,</span> 
     </span>
     <span class='ocr_line' id='line_1_88' title="bbox 1842 3424 3057 3510; baseline 0.001 -22"><span class='ocrx_word' id='word_1_513' title='bbox 1842 3424 2100 3508; x_wconf 89' lang='lat' dir='ltr'>signum</span> <span class='ocrx_word' id='word_1_514' title='bbox 2151 3436 2585 3509; x_wconf 87' lang='lat' dir='ltr'>nuncupatum</span> <span class='ocrx_word' id='word_1_515' title='bbox 2642 3425 3057 3510; x_wconf 69' lang='lat' dir='ltr'>cappuccior</span> 
     </span>
    </p>

    <p class='ocr_par' dir='ltr' id='par_1_22' title="bbox 1840 3515 3441 4218">
     <span class='ocr_line' id='line_1_89' title="bbox 1976 3515 3439 3599; baseline 0.002 -23"><span class='ocrx_word' id='word_1_516' title='bbox 1976 3516 2055 3577; x_wconf 85' lang='lat' dir='ltr'>Et</span> <span class='ocrx_word' id='word_1_517' title='bbox 2087 3516 2153 3578; x_wconf 91' lang='lat' dir='ltr'>S.</span> <span class='ocrx_word' id='word_1_518' title='bbox 2179 3516 2251 3577; x_wconf 85' lang='lat' dir='ltr'><strong>R.</strong></span> <span class='ocrx_word' id='word_1_519' title='bbox 2273 3515 2373 3594; x_wconf 88' lang='lat' dir='ltr'>C.,</span> <span class='ocrx_word' id='word_1_520' title='bbox 2404 3525 2674 3599; x_wconf 86' lang='lat' dir='ltr'>utraque</span> <span class='ocrx_word' id='word_1_521' title='bbox 2701 3524 2885 3599; x_wconf 90' lang='lat' dir='ltr'>parte</span> <span class='ocrx_word' id='word_1_522' title='bbox 2917 3515 3155 3599; x_wconf 89' lang='lat' dir='ltr'>scripto</span> <span class='ocrx_word' id='word_1_523' title='bbox 3192 3526 3256 3579; x_wconf 88' lang='lat' dir='ltr'>et</span> <span class='ocrx_word' id='word_1_524' title='bbox 3280 3533 3439 3580; x_wconf 88' lang='lat' dir='ltr'>voce</span> 
     </span>
     <span class='ocr_line' id='line_1_90' title="bbox 1844 3600 3441 3687; baseline 0.003 -25"><span class='ocrx_word' id='word_1_525' title='bbox 1844 3600 2230 3665; x_wconf 74' lang='lat' dir='ltr'>informante</span> <span class='ocrx_word' id='word_1_526' title='bbox 2263 3600 2473 3665; x_wconf 88' lang='lat' dir='ltr'>audita</span> <span class='ocrx_word' id='word_1_527' title='bbox 2508 3603 2786 3687; x_wconf 86' lang='lat' dir='ltr'>visisque</span> <span class='ocrx_word' id='word_1_528' title='bbox 2822 3601 3065 3666; x_wconf 85' lang='lat' dir='ltr'>iuribus</span> <span class='ocrx_word' id='word_1_529' title='bbox 3098 3602 3242 3668; x_wconf 88' lang='lat' dir='ltr'>hinc</span> <span class='ocrx_word' id='word_1_530' title='bbox 3292 3604 3441 3669; x_wconf 87' lang='lat' dir='ltr'>inde</span> 
     </span>
     <span class='ocr_line' id='line_1_91' title="bbox 1843 3687 3433 3770; baseline 0 -16"><span class='ocrx_word' id='word_1_531' title='bbox 1843 3687 2166 3770; x_wconf 90' lang='lat' dir='ltr'>deductis,</span> <span class='ocrx_word' id='word_1_532' title='bbox 2216 3688 2291 3753; x_wconf 92' lang='lat' dir='ltr'>ad</span> <span class='ocrx_word' id='word_1_533' title='bbox 2347 3689 2723 3754; x_wconf 89' lang='lat' dir='ltr'>relationem</span> <span class='ocrx_word' id='word_1_534' title='bbox 2783 3690 2918 3755; x_wconf 72' lang='lat' dir='ltr'>Emi</span> <span class='ocrx_word' id='word_1_535' title='bbox 2964 3701 3027 3755; x_wconf 87' lang='lat' dir='ltr'>et</span> <span class='ocrx_word' id='word_1_536' title='bbox 3065 3691 3204 3756; x_wconf 65' lang='lat' dir='ltr'>Reii</span> <span class='ocrx_word' id='word_1_537' title='bbox 3254 3696 3433 3757; x_wconf 81' lang='lat' dir='ltr'>Dom.</span> 
     </span>
     <span class='ocr_line' id='line_1_92' title="bbox 1841 3775 3436 3866; baseline 0 -23"><span class='ocrx_word' id='word_1_538' title='bbox 1841 3775 2189 3843; x_wconf 85' lang='lat' dir='ltr'>Cardinalis</span> <span class='ocrx_word' id='word_1_539' title='bbox 2224 3777 2547 3853; x_wconf 83' lang='lat' dir='ltr'>Ponentis,</span> <span class='ocrx_word' id='word_1_540' title='bbox 2588 3778 3113 3866; x_wconf 88' lang='lat' dir='ltr'>respondendum</span> <span class='ocrx_word' id='word_1_541' title='bbox 3149 3780 3436 3843; x_wconf 81' lang='lat' dir='ltr'>censuit:</span> 
     </span>
     <span class='ocr_line' id='line_1_93' title="bbox 1840 3865 3439 3950; baseline 0.004 -24"><span class='ocrx_word' id='word_1_542' title='bbox 1840 3885 1879 3926; x_wconf 65' lang='grc' dir='ltr'>σι</span> <span class='ocrx_word' id='word_1_543' title='bbox 1914 3865 2289 3948; x_wconf 83' lang='lat' dir='ltr'>Negative;·</span> <span class='ocrx_word' id='word_1_544' title='bbox 2315 3876 2379 3928; x_wconf 88' lang='lat' dir='ltr'>et</span> <span class='ocrx_word' id='word_1_545' title='bbox 2424 3865 2697 3950; x_wconf 88' lang='lat' dir='ltr'>amplius</span> <span class='ocrx_word' id='word_1_546' title='bbox 2731 3890 2792 3931; x_wconf 61' lang='grc' dir='ltr'><strong>ι.</strong></span> <span class='ocrx_word' id='word_1_547' title='bbox 2848 3871 2926 3932; x_wconf 83' lang='lat' dir='ltr'>Et</span> <span class='ocrx_word' id='word_1_548' title='bbox 2962 3868 3043 3931; x_wconf 88' lang='lat' dir='ltr'>ita</span> <span class='ocrx_word' id='word_1_549' title='bbox 3090 3868 3439 3934; x_wconf 87' lang='lat' dir='ltr'>declaravit</span> 
     </span>
     <span class='ocr_line' id='line_1_94' title="bbox 1841 3952 3432 4038; baseline -0.001 -22"><span class='ocrx_word' id='word_1_550' title='bbox 1841 3972 1911 4016; x_wconf 90' lang='lat' dir='ltr'>ac</span> <span class='ocrx_word' id='word_1_551' title='bbox 1934 3952 2172 4017; x_wconf 82' lang='lat' dir='ltr'>servari</span> <span class='ocrx_word' id='word_1_552' title='bbox 2202 3954 2548 4020; x_wconf 88' lang='lat' dir='ltr'>mandavit.</span> <span class='ocrx_word' id='word_1_553' title='bbox 2570 3953 2679 4019; x_wconf 85' lang='lat' dir='ltr'>Die</span> <span class='ocrx_word' id='word_1_554' title='bbox 2714 3959 2789 4020; x_wconf 86' lang='grc'><strong>12</strong></span> <span class='ocrx_word' id='word_1_555' title='bbox 2817 3957 3212 4038; x_wconf 84' lang='lat' dir='ltr'>Septembris</span> <span class='ocrx_word' id='word_1_556' title='bbox 3247 3959 3432 4021; x_wconf 88' lang='grc'><strong>1778.</strong></span> 
     </span>
     <span class='ocr_line' id='line_1_95' title="bbox 1846 4132 3434 4218; baseline 0.002 -20"><span class='ocrx_word' id='word_1_557' title='bbox 1846 4132 2557 4199; x_wconf 72' lang='lat' dir='ltr'>2513.·NUCER1AE</span> <span class='ocrx_word' id='word_1_558' title='bbox 2610 4135 3109 4199; x_wconf 80' lang='lat' dir='ltr'>PAGANORUM.</span> <span class='ocrx_word' id='word_1_559' title='bbox 3209 4134 3434 4218; x_wconf 74' lang='lat'>(4392)</span> 
     </span>
    </p>

    <p class='ocr_par' dir='ltr' id='par_1_23' title="bbox 1839 4306 3438 5450">
     <span class='ocr_line' id='line_1_96' title="bbox 1975 4306 3437 4394; baseline 0.001 -22"><span class='ocrx_word' id='word_1_560' title='bbox 1975 4312 2135 4372; x_wconf 88' lang='lat' dir='ltr'>Cum</span> <span class='ocrx_word' id='word_1_561' title='bbox 2171 4307 2232 4372; x_wconf 91' lang='lat' dir='ltr'>in</span> <span class='ocrx_word' id='word_1_562' title='bbox 2270 4307 2545 4371; x_wconf 86' lang='lat' dir='ltr'>Ecclesia</span> <span class='ocrx_word' id='word_1_563' title='bbox 2580 4306 2929 4394; x_wconf 86' lang='lat' dir='ltr'>Collegiata</span> <span class='ocrx_word' id='word_1_564' title='bbox 2964 4310 3030 4372; x_wconf 88' lang='lat' dir='ltr'>S.</span> <span class='ocrx_word' id='word_1_565' title='bbox 3052 4309 3294 4373; x_wconf 86' lang='lat' dir='ltr'>loannis</span> <span class='ocrx_word' id='word_1_566' title='bbox 3327 4313 3437 4375; x_wconf 86' lang='lat' dir='ltr'>Ba-</span> 
     </span>
     <span class='ocr_line' id='line_1_97' title="bbox 1845 4393 3438 4482; baseline 0 -23"><span class='ocrx_word' id='word_1_567' title='bbox 1845 4395 2075 4482; x_wconf 88' lang='lat' dir='ltr'>ptistae</span> <span class='ocrx_word' id='word_1_568' title='bbox 2099 4399 2328 4460; x_wconf 83' lang='lat' dir='ltr'>Terrae</span> <span class='ocrx_word' id='word_1_569' title='bbox 2356 4397 2629 4480; x_wconf 87' lang='lat' dir='ltr'>Angriae</span> <span class='ocrx_word' id='word_1_570' title='bbox 2656 4393 2971 4460; x_wconf 84' lang='lat' dir='ltr'>Dioecesis</span> <span class='ocrx_word' id='word_1_571' title='bbox 2997 4396 3303 4460; x_wconf 83' lang='lat' dir='ltr'>Nuceriae</span> <span class='ocrx_word' id='word_1_572' title='bbox 3332 4401 3438 4461; x_wconf 78' lang='lat' dir='ltr'>Pa-</span> 
     </span>
     <span class='ocr_line' id='line_1_98' title="bbox 1842 4482 3436 4570; baseline 0 -24"><span class='ocrx_word' id='word_1_573' title='bbox 1842 4501 2154 4569; x_wconf 85' lang='lat' dir='ltr'>ganorum</span> <span class='ocrx_word' id='word_1_574' title='bbox 2190 4483 2447 4549; x_wconf 89' lang='lat' dir='ltr'>inducta</span> <span class='ocrx_word' id='word_1_575' title='bbox 2478 4482 2669 4548; x_wconf 78' lang='lat' dir='ltr'>fuerit</span> <span class='ocrx_word' id='word_1_576' title='bbox 2695 4482 3122 4563; x_wconf 82' lang='lat' dir='ltr'>consuetude,</span> <span class='ocrx_word' id='word_1_577' title='bbox 3151 4502 3271 4568; x_wconf 83' lang='lat' dir='ltr'>qua</span> <span class='ocrx_word' id='word_1_578' title='bbox 3310 4486 3436 4570; x_wconf 89' lang='lat' dir='ltr'>pri-</span> 
     </span>
     <span class='ocr_line' id='line_1_99' title="bbox 1841 4571 3435 4657; baseline 0.001 -22"><span class='ocrx_word' id='word_1_579' title='bbox 1841 4589 1940 4635; x_wconf 89' lang='lat' dir='ltr'>ma</span> <span class='ocrx_word' id='word_1_580' title='bbox 1975 4571 2151 4636; x_wconf 87' lang='lat' dir='ltr'>Feria</span> <span class='ocrx_word' id='word_1_581' title='bbox 2184 4575 2226 4635; x_wconf 91' lang='lat' dir='ltr'>ll</span> <span class='ocrx_word' id='word_1_582' title='bbox 2278 4571 2619 4635; x_wconf 85' lang='lat' dir='ltr'>cuiuslibet</span> <span class='ocrx_word' id='word_1_583' title='bbox 2670 4571 2929 4653; x_wconf 87' lang='lat' dir='ltr'>mensis,</span> <span class='ocrx_word' id='word_1_584' title='bbox 2968 4571 3030 4635; x_wconf 94' lang='lat' dir='ltr'>in</span> <span class='ocrx_word' id='word_1_585' title='bbox 3064 4572 3435 4657; x_wconf 76' lang='lat' dir='ltr'>suffragium</span> 
     </span>
     <span class='ocr_line' id='line_1_100' title="bbox 1839 4658 3436 4725; baseline 0 -1"><span class='ocrx_word' id='word_1_586' title='bbox 1839 4658 2297 4724; x_wconf 77' lang='lat' dir='ltr'>defunctorum</span> <span class='ocrx_word' id='word_1_587' title='bbox 2360 4659 2749 4724; x_wconf 77' lang='lat' dir='ltr'>confratrum</span> <span class='ocrx_word' id='word_1_588' title='bbox 2800 4670 2866 4724; x_wconf 89' lang='lat' dir='ltr'>et</span> <span class='ocrx_word' id='word_1_589' title='bbox 2921 4679 3212 4723; x_wconf 83' lang='lat' dir='ltr'>sororum</span> <span class='ocrx_word' id='word_1_590' title='bbox 3275 4664 3436 4725; x_wconf 89' lang='lat' dir='ltr'>Con·</span> 
     </span>
     <span class='ocr_line' id='line_1_101' title="bbox 1841 4744 3433 4833; baseline 0.001 -23"><span class='ocrx_word' id='word_1_591' title='bbox 1841 4744 2231 4833; x_wconf 84' lang='lat' dir='ltr'>gregationis</span> <span class='ocrx_word' id='word_1_592' title='bbox 2284 4746 2399 4809; x_wconf 88' lang='lat' dir='ltr'>sub</span> <span class='ocrx_word' id='word_1_593' title='bbox 2462 4745 2651 4811; x_wconf 89' lang='lat' dir='ltr'>titulo</span> <span class='ocrx_word' id='word_1_594' title='bbox 2709 4751 2771 4811; x_wconf 89' lang='lat' dir='ltr'><strong>S.</strong></span> <span class='ocrx_word' id='word_1_595' title='bbox 2818 4747 3092 4812; x_wconf 85' lang='lat' dir='ltr'>Caietani</span> <span class='ocrx_word' id='word_1_596' title='bbox 3152 4761 3433 4825; x_wconf 79' lang='lat' dir='ltr'>erectae,</span> 
     </span>
     <span class='ocr_line' id='line_1_102' title="bbox 1841 4833 3432 4919; baseline 0.001 -22"><span class='ocrx_word' id='word_1_597' title='bbox 1841 4835 2209 4900; x_wconf 86' lang='lat' dir='ltr'>celebratur</span> <span class='ocrx_word' id='word_1_598' title='bbox 2242 4833 2452 4915; x_wconf 80' lang='lat' dir='ltr'>funus,</span> <span class='ocrx_word' id='word_1_599' title='bbox 2484 4834 2585 4898; x_wconf 90' lang='lat' dir='ltr'>cui</span> <span class='ocrx_word' id='word_1_600' title='bbox 2619 4836 2877 4900; x_wconf 89' lang='lat' dir='ltr'>additur</span> <span class='ocrx_word' id='word_1_601' title='bbox 2911 4835 3229 4919; x_wconf 83' lang='lat' dir='ltr'>expositio</span> <span class='ocrx_word' id='word_1_602' title='bbox 3261 4838 3432 4902; x_wconf 78' lang='lat' dir='ltr'>SSfiii</span> 
     </span>
     <span class='ocr_line' id='line_1_103' title="bbox 1841 4922 3433 5009; baseline -0.001 -21"><span class='ocrx_word' id='word_1_603' title='bbox 1841 4922 2264 5004; x_wconf 88' lang='lat' dir='ltr'>Sacramenti,</span> <span class='ocrx_word' id='word_1_604' title='bbox 2314 4940 2525 4986; x_wconf 89' lang='lat' dir='ltr'>coram</span> <span class='ocrx_word' id='word_1_605' title='bbox 2575 4942 2702 5005; x_wconf 80' lang='lat' dir='ltr'>quo</span> <span class='ocrx_word' id='word_1_606' title='bbox 2750 4936 2897 4987; x_wconf 84' lang='lat' dir='ltr'>ante</span> <span class='ocrx_word' id='word_1_607' title='bbox 2944 4922 3433 5009; x_wconf 85' lang='lat' dir='ltr'>suppedaneum</span> 
     </span>
     <span class='ocr_line' id='line_1_104' title="bbox 1841 5008 3436 5094; baseline 0.001 -22"><span class='ocrx_word' id='word_1_608' title='bbox 1841 5008 2070 5074; x_wconf 83' lang='lat' dir='ltr'>Altaris</span> <span class='ocrx_word' id='word_1_609' title='bbox 2105 5009 2376 5094; x_wconf 86' lang='lat' dir='ltr'>erigitur</span> <span class='ocrx_word' id='word_1_610' title='bbox 2402 5013 2687 5076; x_wconf 88' lang='lat' dir='ltr'>tumulus</span> <span class='ocrx_word' id='word_1_611' title='bbox 2723 5025 3122 5075; x_wconf 84' lang='lat' dir='ltr'>mortuorum</span> <span class='ocrx_word' id='word_1_612' title='bbox 3157 5012 3436 5076; x_wconf 88' lang='lat' dir='ltr'>accensis</span> 
     </span>
     <span class='ocr_line' id='line_1_105' title="bbox 1845 5096 3429 5173; baseline 0.001 -11"><span class='ocrx_word' id='word_1_613' title='bbox 1845 5096 2194 5163; x_wconf 90' lang='lat' dir='ltr'>luminibus</span> <span class='ocrx_word' id='word_1_614' title='bbox 2241 5097 2710 5173; x_wconf 49' lang='lat' dir='ltr'>circumdatum</span> <span class='ocrx_word' id='word_1_615' title='bbox 2762 5118 2829 5162; x_wconf 87' lang='lat' dir='ltr'>ac</span> <span class='ocrx_word' id='word_1_616' title='bbox 2865 5098 3137 5164; x_wconf 88' lang='lat' dir='ltr'>durante</span> <span class='ocrx_word' id='word_1_617' title='bbox 3174 5099 3429 5165; x_wconf 88' lang='lat' dir='ltr'>interim</span> 
     </span>
     <span class='ocr_line' id='line_1_106' title="bbox 1841 5184 3432 5273; baseline 0.001 -22"><span class='ocrx_word' id='word_1_618' title='bbox 1841 5186 2008 5251; x_wconf 88' lang='lat' dir='ltr'>dicta</span> <span class='ocrx_word' id='word_1_619' title='bbox 2062 5184 2501 5269; x_wconf 82' lang='lat' dir='ltr'>Angustissimi</span> <span class='ocrx_word' id='word_1_620' title='bbox 2569 5188 2953 5252; x_wconf 77' lang='lat' dir='ltr'>sacramenti</span> <span class='ocrx_word' id='word_1_621' title='bbox 3004 5189 3432 5273; x_wconf 81' lang='lat' dir='ltr'>expositione,</span> 
     </span>
     <span class='ocr_line' id='line_1_107' title="bbox 1842 5271 3427 5341; baseline 0.001 -4"><span class='ocrx_word' id='word_1_622' title='bbox 1842 5295 1872 5337; x_wconf 91' lang='lat' dir='ltr'>a</span> <span class='ocrx_word' id='word_1_623' title='bbox 1905 5272 2236 5340; x_wconf 82' lang='lat' dir='ltr'>Canonicis</span> <span class='ocrx_word' id='word_1_624' title='bbox 2285 5271 2346 5337; x_wconf 92' lang='lat' dir='ltr'>in</span> <span class='ocrx_word' id='word_1_625' title='bbox 2395 5275 2604 5340; x_wconf 84' lang='lat' dir='ltr'>Choro</span> <span class='ocrx_word' id='word_1_626' title='bbox 2650 5275 2938 5340; x_wconf 80' lang='lat' dir='ltr'>Officium</span> <span class='ocrx_word' id='word_1_627' title='bbox 2973 5275 3427 5341; x_wconf 75' lang='lat' dir='ltr'>defunctorum</span> 
     </span>
     <span class='ocr_line' id='line_1_108' title="bbox 1843 5362 3431 5450; baseline 0 -23"><span class='ocrx_word' id='word_1_628' title='bbox 1843 5372 2158 5443; x_wconf 89' lang='lat' dir='ltr'>cantatur,</span> <span class='ocrx_word' id='word_1_629' title='bbox 2202 5362 2537 5448; x_wconf 88' lang='lat' dir='ltr'>pulsantur</span> <span class='ocrx_word' id='word_1_630' title='bbox 2568 5381 2905 5450; x_wconf 88' lang='lat' dir='ltr'>campanae</span> <span class='ocrx_word' id='word_1_631' title='bbox 2937 5363 3014 5429; x_wconf 92' lang='lat' dir='ltr'>ad</span> <span class='ocrx_word' id='word_1_632' title='bbox 3052 5363 3431 5441; x_wconf 80' lang='lat' dir='ltr'>moestitiam</span> 
     </span>
    </p>
   </div>
  </div>
 </body>
</html>
