4042 5950
1963 277 2486 356 .—422—

600 435 877 503 matione
907 448 971 504 et
1002 447 1152 504 voto
1186 441 1341 504 Eme
1374 448 1441 504 et
1471 440 1631 505 Rmo
1665 439 1739 503 D.
1772 437 1957 504 Gard.
1993 441 2182 504 Fran-

600 522 764 591 cisco
811 524 894 591 de
938 523 1122 591 Paula
1169 525 1399 593 Arcbie
1448 525 1662 614 iscopo
1708 528 2089 609 messanen„
2125 525 2189 592 in

457 637 474 654 ·
599 610 943 679 ordinariis
988 612 1273 681 comitiis
1317 545 1623 680 hogierna
1669 614 1777 680 die
1823 614 1898 680 ad
1947 614 2189 682 Vatica-

602 718 758 765 num
781 701 1150 786 coadunata,
1179 701 1570 790 respondere
1602 713 1666 767 et
1691 701 2017 769 declarare
2041 720 2187 769 cen·

601 787 766 853 suit:
816 811 855 854 a
888 793 958 855 In
1004 809 1191 872 casu,
1241 789 1323 856 de
1370 807 1495 876 quo
1542 788 1791 874 agitur,
1841 790 2190 857 Ecclesiam

605 893 730 941 non
774 876 1070 964 indigere
1126 896 1287 946 nova
1351 877 1822 944 consecratione
1855 901 1913 942 ».
1978 880 2187 964 Atque

479 961 483 965 ’
603 960 688 1028 ita
735 964 1084 1051 rescripsit.

737 1053 853 1119 Die
903 1055 984 1121 19
1029 1053 1423 1143 Septembris
1476 1057 1667 1123 1859.

607 1195 875 1266 3092.
1186 1199 1627 1266 canonem.
1963 1199 2189 1284 (ussa)

737 1318 1019 1386 vicarius
1073 1321 1399 1388 Generalis
1453 1322 1747 1410 Episcopi
1796 1321 2186 1404 cadurcen„

606 1403 769 1472 scire
815 1407 1079 1494 cupiens
1123 1411 1450 1507 quomodo
1475 1430 1617 1479 sese
1648 1428 1881 1497 gerere
1913 1408 2194 1476 debeant

607 1494 866 1561 Parocbi
915 1496 1201 1564 eiusdem
1249 1496 1563 1565 Dioecesis
1625 1497 1689 1564 in
1744 1496 2191 1565 benedictione

608 1581 822 1647 Fontis
868 1584 1258 1670 Baptismalis
1320 1587 1383 1652 in
1443 1585 1710 1654 Sabbato
1769 1587 1997 1653 Sancto
2044 1601 2194 1670 per·

608 1669 888 1754 agenda:
938 1691 1065 1758 qno
1097 1692 1241 1739 casu
1274 1674 1354 1740 ob
1400 1692 1688 1761 magnam
1736 1672 2073 1740 Parochiae
2115 1673 2193 1739 ab

607 1757 770 1823 urbe
816 1758 1172 1846 Episcopali
1208 1761 1564 1829 distantiam
1595 1782 1764 1828 sacra
1804 1760 1977 1843 Olea,
2014 1778 2196 1848 prae-

610 1844 863 1913 cedenti
911 1845 1089 1913 Feria
1136 1851 1189 1916 V
1235 1848 1301 1915 in
1343 1853 1553 1918 Coena
1612 1849 1858 1918 Domini
1920 1848 2192 1936 ab·Epi-

607 1950 802 2018 scopo
848 1945 1246 2020 consecrata,
1298 1937 1360 2004 in
1421 1948 1722 2025 promptu
1780 1937 2015 2006 babere
2085 1955 2194 2003 ne-

610 2032 892 2105 queunt;
941 2043 973 2088 a
1005 2024 1186 2091 Sacra
1218 2025 1477 2094 Rituum
1524 2026 2034 2113 congregatione
2080 2024 2193 2090 de-

612 2107 831 2176 clarari
877 2109 1111 2196 petiit:
1897 2147 1911 2160 ·

742 2200 970 2266 Utrum
1030 2198 1226 2267 iidem
1287 2202 1546 2269 Parocbi
1606 2220 1860 2269 servare
1918 2200 2196 2270 debeant

608 2288 951 2354 Decretum
1013 2287 1140 2356 diei
1205 2294 1286 2357 12
1332 2290 1567 2380 Aprilis
1614 2293 1785 2357 1755
1829 2290 1896 2359 in
1949 2294 2195 2357 Lucana

608 2372 688 2439 ad
733 2374 1002 2442 dubium
1035 2379 1098 2460 3,
1133 2377 1308 2446 iuxta
1352 2378 1524 2466 quod
1568 2377 1783 2445 Fontis
1829 2376 2193 2445 benedictio

608 2459 750 2527 fleri
820 2482 1006 2550 posse
1065 2465 1127 2532 in
1186 2485 1331 2532 casu
1393 2465 1649 2533 videtur
1707 2464 1944 2565 absque
2003 2466 2197 2531 sacris

606 2547 799 2633 (Meis,
851 2548 1144 2637 privatim
1189 2553 1460 2621 subinde
1495 2572 1564 2619 ac
1596 2565 1934 2643 separatim
1983 2551 2192 2618 infun-

610 2632 842 2703 dendis
870 2648 1204 2724 postquam
1236 2640 1473 2708 fuerint
1504 2650 1795 2726 recepta3
1843 2642 1947 2707 vel
1980 2641 2195 2727 potius

608 2720 780 2789 aliud
829 2728 1173 2794 Decretum
1220 2728 1283 2796 in
1312 2728 1593 2797 Oriolen.
1631 2728 1759 2795 diei
1792 2733 1875 2797 23
1900 2731 2195 2829 Septem-

611 2808 742 2876 bris
792 2815 985 2896 1837,
1028 2814 1138 2881 ubi
1184 2816 1635 2903 praescribitur
1682 2815 2195 2884 benedictionem

608 2899 825 2965 Fontis
871 2901 934 2966 in
983 2922 1128 2970 casu
1174 2905 1625 2976 celebrandam
1673 2923 1820 2973 cum
1877 2904 2193 2973 infusione

609 3006 934 3056 sacrorum
978 2990 1278 3061 oleorum
1325 2994 1468 3083 anni
1515 2992 2010 3082 praecedentis?

743 3077 925 3144 Sacra
973 3099 1164 3165 porro
1209 3083 1470 3150 Rituum
1505 3088 1753 3170 congre
1803 3081 1953 3165 atio,
1987 3082 2054 3148 in
2084 3084 2193 3150 Or-

611 3160 869 3231 dinariis
914 3168 1194 3236 comitiis
1240 3171 1547 3239 hodierna
1577 3173 1684 3239 die
1714 3192 1746 3235 a
1826 3172 2196 3240 Vaticanum

611 3252 981 3339 coadunata,
1031 3257 1357 3326 referente
1403 3260 1646 3327 subscri
1698 3269 1760 3324 to
1789 3258 2191 3341 secretario,

609 3350 754 3428 post
798 3355 1164 3411 accuratum
1210 3346 1518 3435 propositi
1550 3348 1638 3416 du
1688 3347 1727 3414 ii
1755 3365 2058 3429 examen,
2094 3366 2196 3412 re-

608 3428 1060 3514 spondendum
1107 3434 1394 3502 censuit:
1444 3457 1483 3500 s
1518 3436 1919 3505 servandum
1952 3435 2017 3500 in
2048 3452 2195 3500 casu

611 3525 1008 3614 postremum
1040 3522 1262 3588 Sacrae
1296 3522 1821 3610 congregationis
1854 3526 2195 3590 Decretum

611 3620 676 3691 in
719 3602 1000 3703 Oriolen.
1051 3607 1178 3675 diei
1226 3614 1309 3678 23
1340 3611 1737 3698 Septembris
1771 3613 1934 3681 1837
1972 3634 2039 3676 ».
2086 3612 2195 3677 At-

610 3707 738 3775 que
785 3702 868 3758 1ta
917 3696 1266 3783 rescripsit.

742 3777 854 3847 Die
904 3785 986 3851 19
1032 3783 1426 3872 Septembris
1481 3791 1673 3857 1859.

612 3920 879 3991 3093.
1136 3927 1672 3995 SYRACUSANA.
1967 3929 2192 4017 (5296)

741 4044 1255 4132 metropolitanae
1289 4048 1610 4115 Ecclesiae
1642 4053 2063 4138 Syracusanae
2093 4052 2194 4119 Di-

609 4129 923 4216 gnitatum
955 4144 1020 4200 et
1050 4136 1511 4203 canonicorum
1542 4138 1707 4204 votis
1740 4137 2193 4224 benignissime

608 4237 894 4286 annuens
923 4224 1151 4290 SSmus
1181 4222 1484 4291 Dominus
1508 4229 1738 4293 Noster
1766 4225 1909 4293 Pius
1931 4230 2089 4315 Papa
2113 4233 2194 4298 lx

695 4325 729 4371 r
770 4312 1160 4396 Apostolicas
1220 4311 1523 4380 Litteras:
1594 4314 1806 4390 Quum
1865 4320 2194 4384 sanctita-

650 4396 857 4477 incm,
931 4399 1100 4466 datas
1158 4399 1265 4466 die
1325 4404 1364 4467 2
1426 4402 1625 4469 Martii
1691 4406 1894 4488 1850,
1965 4405 2192 4473 iisdem

607 4501 734 4551 non
782 4485 974 4552 modo
1023 4487 1464 4555 concessiones
1511 4493 1634 4557 iam
1680 4492 1867 4558 factas
1912 4513 1943 4557 a
1991 4515 2049 4559 s.
2099 4513 2187 4560 m.

607 4571 1103 4642 Praedecessore
1149 4594 1264 4642 sno
1296 4577 1402 4642 Pio
1436 4580 1509 4643 Pa
1626 4583 1729 4647 vn
1777 4599 1897 4664 per
1925 4585 2195 4669 Aposto-

606 4658 757 4726 licas
817 4659 971 4729 item
1030 4664 1334 4731 Litteras:
1387 4667 1511 4732 Ecc
1539 4670 1828 4735 esiarum
1890 4674 2190 4754 nitorem,

604 4746 724 4813 sub
771 4748 876 4815 die
922 4754 963 4817 8
1011 4751 1145 4818 Maii
1199 4754 1390 4838 1816,
1426 4755 1823 4823 confirmavit
1876 4759 2074 4845 (salvo
2107 4768 2193 4825 ta·

606 4852 755 4901 men
823 4841 1192 4907 earumdem
1260 4841 1639 4911 Litterarum
1702 4856 1925 4913 tenore
1989 4857 2083 4914 etx
2113 4848 2190 4915 ad

604 4925 923 4993 tramitem
947 4928 1450 4996 Constitutionisz
1479 4934 1662 4998 Dccct
1692 4935 2006 5000 Romanos
2027 4937 2193 5000 Pon-

608 5012 829 5098 tifices,
863 5017 945 5083 IV
989 5018 1192 5084 Nonas
1237 5016 1422 5084 Iulias
1472 5023 1692 5107 1823),
1742 5041 1970 5089 verum
2003 5022 2193 5090 etiam

604 5116 763 5199 nova
823 5104 1096 5191 antiquis
1157 5105 1398 5173 addens
1460 5108 1832 5210 privilegia,
1897 5111 2195 5197 permisit

604 5205 696 5252 eis
743 5207 928 5256 usum
975 5192 1442 5279 pontificalium
1491 5197 1836 5284 insignium
1882 5199 1960 5265 ad
2000 5199 2196 5265 instar

604 5272 860 5343 Abbatis
905 5279 1134 5347 Montis
1181 5282 1451 5367 Cossini,
1499 5284 1831 5352 faldistorii
1891 5285 2192 5353 nimirum

612 5381 758 5431 cum
805 5366 1242 5452 suppedaneo,
1273 5370 1535 5437 absente
1564 5373 1669 5439 vel
1701 5382 2039 5459 praesente
2078 5376 2190 5437 Ar-

2289 435 2696 522 chiepiscopo
2763 444 2870 503 aut
2934 437 3105 505 Sede
3172 436 3713 525 Arcbiepiscopali
3774 457 3879 502 va-

2295 534 2503 608 cante,
2554 539 2619 591 et
2664 525 2869 592 baculi
2916 526 3243 613 pastoralis
3288 544 3434 592 cum
3480 524 3661 593 velo.

2428 613 2740 680 Nonnulla
2785 623 2998 680 autem
3044 633 3240 701 super
3284 613 3647 682 huiusmodi
3685 613 3881 702 privi-

2295 699 2507 787 legiis,
2555 700 2695 768 sive
2739 702 3012 788 antiquis
3056 701 3192 768 sive
3239 700 3731 786 recentioribus,
3775 721 3885 769 ex·

2296 787 2481 855 citata
2540 799 2689 855 sunt
2748 788 2961 858 dubia.
3026 793 3103 855 Et
3162 790 3372 875 primo
3429 789 3637 877 quoad
3690 809 3887 857 usum

2298 876 2757 964 pontificalium
2814 877 3192 965 insignium,
3243 897 3404 966 quae
3463 896 3677 967 nuper
3736 897 3887 946 con·

2295 984 2467 1031 cessa
2511 975 2686 1046 sunt,
2723 969 2917 1033 Rmus
2949 963 3479 1068 Arcbiepiscopus
3511 966 3745 1033 iisdem
3788 968 3884 1034 Di·

2295 1052 2641 1207 {nitatibus
2672 1065 2740 1119 et
2770 1054 3096 1121 canonicis
3125 1074 3253 1121 non
3298 1055 3482 1122 aliter
3525 1055 3885 1142 proceden-

2346 1159 2452 1206 um
2501 1160 2640 1208 esse
2685 1140 3096 1229 significavit,
3146 1160 3336 1228 quam
3389 1142 3566 1209 iuxta
3626 1143 3887 1228 regulas

2295 1230 2631 1314 generales
2689 1250 2719 1292 a
2786 1230 3031 1297 laudata
3079 1229 3542 1298 Constitutione
3588 1231 3671 1296 Pii
3728 1234 3882 1300 vll:

2298 1318 2479 1383 Docet
2512 1320 2824 1384 Ronmnos
2857 1319 3223 1405 Pontifices,
3260 1317 3553 1395 traditas3
3587 1340 3619 1383 a
3649 1317 3889 1403 quibus

2295 1404 2360 1471 in
2408 1423 2484 1471 eo
2533 1405 3018 1493 privilegiorum
3065 1426 3185 1473 usu
3233 1405 3400 1474 inter
3428 1407 3547 1471 alia
3586 1408 3891 1493 Episcopi

2294 1513 2592 1559 assensus
2622 1505 2683 1561 ct
2720 1494 3017 1579 Capituli
3063 1498 3462 1562 interventus
3495 1496 3766 1562 omnino
3796 1515 3891 1560 re·

2297 1580 2594 1667 quiritur.
2647 1584 2892 1670 Negant
2938 1582 3282 1668 Dignitates
3332 1592 3397 1648 et
3440 1581 3743 1650 canonici
3795 1603 3892 1649 re-

2297 1669 2576 1736 strictiva
2612 1670 2725 1737 bac
2757 1671 3121 1738 conditione
3148 1691 3219 1738 se
3247 1672 3482 1754 teneri,
3516 1690 3712 1756 quam
3744 1670 3893 1738 sub-

2299 1758 2487 1823 latam
2570 1758 2969 1826 contendunt
3051 1779 3167 1847 per
3232 1759 3577 1846 Apostolici
3650 1759 3889 1827 indulti

2299 1843 2523 1931 verba,
2574 1865 2734 1932 qnae
2797 1865 3245 1915 concessorum
3292 1847 3637 1934 insignium
3700 1866 3891 1915 usum

2296 1933 2548 2019 quoties
2593 1939 2751 2019 ipsis
2781 1934 3049 2003 libuerit
3094 1933 3428 2005 indefinite
3471 1935 3888 2023 permittunt.

2299 2021 2455 2089 Hinc
2487 2040 2605 2108 pro
2637 2033 2819 2109 parte
2867 2024 3238 2092 earumdem
3268 2023 3656 2112 Dignitatum
3692 2037 3764 2091 et
3795 2029 3897 2092 Ca·

2300 2109 2702 2195 nonicornm‚
2752 2123 2825 2178 ut
2869 2122 3045 2178 certo
3093 2123 3159 2179 et
3207 2110 3585 2180 immutabili
3633 2113 3897 2180 oraculo
4006 2129 4007 2152 ²

2298 2196 2642 2266 definiatur
2690 2209 2831 2267 utra
2876 2218 2958 2265 ex
3005 2200 3247 2269 duabus
3292 2201 3707 2289 opinionibus
3771 2220 3897 2268 ma·

2299 2285 2395 2373 gis
2444 2286 2693 2353 veritati
2738 2288 2821 2354 sit
2866 2301 3308 2375 consentanea,
3360 2308 3442 2355 ex
3489 2288 3652 2356 Aula
3716 2289 3899 2378 Capi·

2299 2374 2487 2440 tulari
2535 2375 2644 2443 die
2697 2380 2774 2443 16
2821 2376 3019 2446 Hartii
3069 2381 3238 2448 1869
3283 2376 3609 2466 Syracusis
3654 2378 3904 2465 prodiit

2300 2463 2576 2550 supplex
2640 2462 2934 2550 libelluS,
2985 2483 3132 2533 cum
3195 2466 3441 2533 duobus
3498 2464 3722 2532 dubiis
3780 2466 3901 2532 sub

2299 2568 2482 2617 num.
2530 2555 2554 2619 1
2602 2563 2666 2618 et
2711 2557 2760 2620 11
2811 2564 2874 2619 et
2919 2573 3068 2620 cum
3115 2553 3438 2621 nonnullis
3490 2554 3903 2621 Observatio-

2296 2639 2526 2722 m’bas‚
2577 2641 2759 2727 queis
2821 2641 3275 2708 resolutionem
3336 2640 3502 2708 votis
3556 2654 3903 2710 consenta-

2298 2745 2487 2793 neam
2529 2730 2660 2795 suis
2705 2730 2988 2797 studiose
3034 2749 3384 2819 provocare
3413 2728 3751 2798 nituntur.
3784 2734 3905 2796 De-

2300 2814 2451 2882 inde
2498 2836 2650 2884 vero
2697 2818 2900 2905 quoad
2950 2819 3233 2905 antiquas
3263 2819 3352 2885 Pii
3385 2822 3488 2886 Vll
3536 2819 3904 2886 concessio-

2300 2922 2416 2969 nes
2463 2906 2781 2994 potissima
2828 2907 3114 2993 quaestio
3160 2919 3451 2976 versatur
3482 2905 3649 2975 circa
3687 2906 3903 2975 latitu-

2300 2993 2520 3061 dinem
2577 2994 2915 3081 genericae
2976 2996 3302 3063 cuiusdam
3364 2996 3684 3064 formulae
3711 3045 3732 3080 ,
3781 3015 3905 3083 qua

2299 3083 2685 3168 Syracusano
2708 3084 3025 3171 capitulo,
3053 3096 3308 3173 praeter
3339 3085 3482 3167 alia,
3511 3084 3905 3173 indulgetur

2301 3168 2394 3234 uti
2440 3187 2626 3255 posse
2673 3182 2735 3238 et
2783 3174 3095 3257 gaudere,
3145 3178 3370 3241 ceteris
3416 3174 3577 3240 aliis
3630 3173 3905 3239 hostori-

2297 3259 2435 3340 bus,
2467 3263 2996 3343 praeeminemus
3039 3271 3100 3328 ct
3130 3262 3616 3343 decoramentis,
3662 3262 3905 3347 quibus

2301 3346 2790 3415 Gatbcdraliam
2811 3349 3247 3416 Ecclesiarum
3276 3353 3722 3433 cataniensis,
3744 3351 3905 3417 ua-

2296 3438 2591 3501 sanensis
2646 3446 2707 3502 ct
2768 3440 3282 3505 Pauor-mitanas
3345 3438 3659 3539 Capitula
3736 3449 3905 3504 tnnc

2297 3524 2658 3608 pandebant
2674 3548 2701 3606 ,·
2749 3544 2825 3590 ex
2876 3545 3004 3613 quo
3051 3527 3358 3594 nonnulla
3406 3527 3523 3595 sibi
3560 3527 3768 3594 licere
3802 3546 3903 3592 ar·

2301 3612 2637 3696 bitrantur‚
2672 3632 2835 3698 quae
2878 3614 3048 3702 apud
3097 3616 3416 3702 praedicta
3447 3614 3743 3716 capitula
3774 3613 3903 3681 iam

2300 3710 2436 3766 tum
2505 3700 2570 3767 in
2629 3720 2745 3767 usu
2809 3701 3006 3769 fuisse
3065 3716 3389 3788 asserunt,
3449 3722 3608 3790 quin
3680 3715 3902 3770 tamen

2301 3799 2549 3856 constet
2597 3807 2667 3855 ea
2736 3789 3058 3877 (quoniam
3119 3810 3264 3857 cum
3323 3789 3569 3879 regulis
3627 3808 3903 3878 genera·

2299 3875 2464 3942 libus
2500 3886 2565 3943 et
2595 3895 2741 3943 cum
2767 3878 3050 3945 Decretis
3080 3881 3419 3947 Sacrorum
3444 3880 3711 3947 Rituum
3735 3883 3901 3948 Gon-

2300 3965 2684 4051 gregationis
2717 3966 2979 4033 minime
3011 3967 3455 4057 conciliantur)
3485 3968 3565 4035 ad
3597 3968 3902 4036 eamdem

2303 4056 2552 4121 Sacram
2621 4055 3200 4142 congregationem
3269 4056 3544 4123 deducta
3609 4074 3901 4144 unquam

2299 4139 2521 4224 fuisse,
2570 4162 2640 4209 ac
2699 4142 3108 4209 favorabilem
3155 4146 3232 4212 ab
3280 4164 3379 4229 ea,
3435 4154 3506 4211 ut
3565 4162 3682 4232 par
3730 4155 3897 4229 erat,

2303 4226 2650 4296 obtinuisse
2695 4231 3099 4297 sententiam.

2433 4320 2643 4402 Super
2688 4318 2762 4384 iis
2793 4322 2985 4386 Rmns
3019 4320 3552 4408 Archiepiscopus
3597 4319 3789 4388 dedit
3820 4322 3901 4388 ad

2306 4405 2609 4472 eumdem
2670 4407 3144 4476 sanctissimum
3206 4413 3277 4475 D.
3330 4411 3405 4475 N.
3469 4410 3740 4476 Litteras
3790 4410 3903 4478 die

2308 4497 2386 4561 14
2413 4495 2779 4563 Decembris
2810 4498 2979 4564 1859
3011 4498 3190 4584 (quas
3219 4498 3569 4586 Dignitates
3603 4508 3670 4563 et
3695 4501 3901 4566 Cano·

2297 4582 2421 4649 nici
2469 4584 2791 4670 appellant
2823 4587 3165 4673 consulta)
3208 4587 3438 4673 quibus
3470 4586 3735 4673 quidem
3776 4586 3902 4673 ipsi

2301 4690 2380 4737 ex
2428 4672 2585 4738 Aula
2632 4670 2973 4757 Capitulari
3023 4675 3127 4742 die
3176 4679 3259 4742 30
3307 4674 3596 4741 eiusdem
3652 4673 3900 4740 mensis

2298 4767 2365 4824 et
2396 4760 2565 4843 anni,
2602 4761 2936 4826 nonnullas
2971 4762 3441 4829 observationes
3465 4762 3895 4829 addiderunt.

2300 4850 2379 4913 Et
2424 4848 2721 4934 quoniam
2770 4861 2905 4915 tum
2953 4850 3016 4918 in
3064 4851 3319 4917 Litteris
3357 4868 3546 4938 quam
3578 4850 3640 4915 in
3674 4849 3901 4917 obser-

2294 4936 2651 5003 vationibus
2720 4937 3087 5025 praedictis,
3143 4958 3270 5005 non
3338 4939 3530 5006 modo
3585 4950 3895 5005 veterum

2298 5024 2782 5110 privilegiorum
2809 5029 3317 5114 eorumdemque
3343 5026 3529 5094 liberi
3557 5047 3708 5094 usus
3740 5044 3897 5093 con-

2298 5112 2597 5199 firmatio,
2637 5133 2864 5182 verum
2897 5117 3085 5182 etiam
3125 5115 3450 5203 ampliatio
3498 5114 3712 5182 effusis
3742 5133 3897 5200 pre·

2298 5199 2476 5268 cibus
2538 5204 3025 5291 expostulatum
3097 5204 3243 5271 binc
3313 5203 3428 5271 alia
3500 5201 3897 5271 effluxerunt

2297 5286 2488 5354 dubia
2519 5308 2680 5375 quae
2712 5291 2832 5359 sub
2863 5310 3044 5359 num.
3074 5296 3149 5360 111
3184 5301 3245 5358 et
3278 5295 3360 5360 {V
3392 5291 3534 5359 heic
3567 5292 3895 5379 proposita

2296 5373 2628 5458 leguntur.
2675 5382 2792 5443 Pro
2838 5380 3133 5447 omnibus
3182 5379 3395 5466 itaque
3430 5377 3887 5468 praecidendis
