4042 5950
1539 271 2009 352 „477-

271 432 542 502 Dubium
585 435 691 501 vl.
743 432 836 498 An
879 431 962 498 sit
1007 449 1168 498 onus
1196 430 1565 520 impositum
1607 433 1719 499 Ca·

134 522 378 590 nonicis
427 523 529 589 vel
575 520 792 610 potius
841 516 1210 586 Ecclesiae?

269 609 540 677 Dubium
598 613 729 678 Vll.
801 613 869 674 ln
939 608 1279 691 Ecclesiis,
1338 606 1717 695 praesertim

136 697 747 780 Sanctimonialium',
796 695 861 761 in
907 693 1139 781 quibus
1182 695 1437 763 attentis
1469 705 1716 783 tempo-

131 805 279 853 rum
323 785 803 853 circumstantiis
848 803 974 849 una
1019 782 1196 851 Missa
1225 783 1331 851 vix
1372 791 1584 870 potest
1614 801 1716 848 ce-

135 874 401 959 lebrari,
449 872 605 960 quid
652 871 790 942 fleri
837 868 1124 939 debeat?
1166 889 1480 957 quaenam
1540 871 1718 938 Missa

134 959 540 1029 omittenda?

266 1049 537 1117 Dubium
596 1052 753 1117 Vm.
823 1053 920 1115 An
988 1046 1255 1115 collecta
1325 1046 1410 1113 de
1478 1046 1718 1136 Spiritu

131 1141 361 1206 Sancto
406 1135 637 1205 debeat
681 1134 890 1203 omitti
948 1135 1013 1202 in
1076 1134 1304 1202 diebus
1359 1135 1604 1224 primae
1652 1143 1719 1200 et

132 1226 453 1295 secundae
500 1221 766 1292 classis?

265 1316 427 1380 Haec
475 1324 687 1380 autem
719 1310 911 1380 dubia
950 1330 1152 1397 quum
1182 1310 1575 1398 subscriptus
1605 1314 1715 1379 Se·

130 1402 436 1470 cretarius
485 1400 807 1468 retulisset
864 1400 928 1467 in
980 1400 1321 1469 ordinariis
1381 1401 1717 1467 Sacrorum

127 1490 394 1557 Rituum
443 1489 725 1558 Comitiis
770 1489 1131 1574 subsignata
1177 1487 1283 1555 die
1342 1488 1418 1555 ad
1475 1487 1715 1554 Vatica-

126 1597 288 1645 num
355 1577 623 1661 habitis,
687 1576 824 1643 Emi
892 1597 963 1644 ac
1028 1576 1164 1645 Emi
1235 1579 1446 1642 Patres
1513 1575 1715 1644 Sacris

127 1663 388 1733 tuendis
428 1664 674 1732 Ritibus
707 1663 1076 1752 praepositi,
1111 1664 1326 1731 audito
1357 1664 1536 1752 prius
1567 1673 1716 1729 voto

125 1753 392 1820 alterius
457 1772 539 1821 ex
600 1753 1106 1842 Apostolicarum
1158 1752 1713 1820 caeremoniarum

129 1842 440 1929 Magistris
483 1840 720 1929 scripto
769 1850 1023 1907 exarato
1058 1842 1355 1929 typisque
1389 1840 1716 1927 evulgato,

127 1927 619 1997 rescribendum
668 1938 1101 1995 censuerunt:

264 2019 358 2085 Ad
405 2021 455 2085 1.
524 2039 562 2082 a
596 2022 663 2084 ln
731 2013 1024 2083 omnibus
1094 2014 1577 2084 Gatbedralibus
1645 2025 1715 2081 et

127 2106 503 2193 collegiatis
550 2105 654 2173 ubi
698 2105 986 2192 quotidie
1034 2105 1282 2172 canitur
1327 2105 1497 2172 Missa
1552 2108 1715 2172 Con-

126 2194 469 2278 ventualis,
518 2193 753 2260 cantari
799 2191 993 2260 debet
1033 2194 1222 2260 etiam
1255 2194 1431 2260 Missa
1462 2193 1545 2259 de
1579 2191 1719 2280 Spi-

127 2284 263 2350 ritu
295 2283 521 2348 Sancto
550 2295 570 2361 ;
619 2281 684 2348 in
715 2279 851 2348 aliis
885 2281 1209 2364 Ecclesiis,
1243 2280 1309 2347 in
1340 2281 1524 2348 Brevi
1558 2283 1721 2370 Apo-

126 2369 358 2436 stolico
405 2368 773 2461 designatis,
808 2367 963 2435 haec
997 2370 1174 2436 mssa
1219 2368 1416 2437 debet
1448 2370 1573 2455 legi
1607 2379 1715 2436 aut

128 2458 267 2525 cani
317 2468 508 2546 prout
555 2458 797 2546 legitur
856 2458 959 2523 vel
1028 2456 1276 2525 canitur
1334 2456 1510 2524 Missa
1554 2461 1716 2526 Con·

131 2544 452 2613 ventualis
485 2567 553 2612 ν.

261 2634 358 2701 Ad
404 2637 481 2700 11.
545 2639 682 2701 «ln
750 2652 931 2717 casu,
999 2644 1123 2699 tam
1190 2634 1255 2701 in
1321 2633 1496 2700 Missa
1565 2651 1712 2700 cum

124 2733 320 2789 cantu
372 2740 562 2808 quam
624 2721 688 2788 in
749 2722 925 2789 Missa
983 2720 1120 2788 sine
1181 2733 1402 2807 cantu,
1451 2721 1719 2790 addatur

131 2809 359 2877 Gloria
408 2819 474 2875 et
524 2811 718 2876 Credo
748 2831 812 2876 ›.

261 2897 356 2964 Ad
390 2900 493 2964 lu.
528 2919 566 2962 ι
592 2898 902 2966 Standum
936 2908 1033 2965 est
1051 2898 1548 2999 praescriptioni
1573 2903 1718 2965 Bre-

124 2987 256 3067 vis3
293 2986 574 3073 ideoque
603 2988 872 3075 singulis
901 2987 1099 3054 Feriis
1124 2990 1202 3071 V,
1231 2987 1294 3053 in
1327 2986 1554 3073 quibus
1585 3004 1714 3055 non

125 3084 421 3142 occurrat
452 3075 703 3163 Duplex
738 3076 979 3163 primae
1006 3075 1111 3140 vel
1133 3075 1455 3142 secundae
1478 3075 1716 3160 classis,

123 3173 229 3230 est
273 3163 680 3248 celebranda,
715 3162 958 3230 etiamsi
1005 3162 1371 3230 celebretur
1417 3164 1668 3232 lecta».

262 3251 357 3318 Ad
404 3253 508 3319 1v.
560 3272 598 3315 a
629 3255 937 3320 Cantetur
980 3259 1088 3317 aut
1135 3250 1392 3337 legatur
1422 3261 1565 3340 post
1594 3255 1717 3320 No-

121 3352 305 3419 nam;
357 3350 422 3405 et
452 3339 643 3406 etiam
675 3350 820 3428 post
853 3358 1077 3407 omnes
1109 3340 1318 3405 Missas
1349 3359 1381 3404 a
1429 3339 1718 3408 Rubricis

124 3427 353 3494 eadem
401 3427 506 3495 die
551 3428 973 3515 praescriptas
1003 3449 1069 3494 »-

33 3586 54 3599 ,
259 3514 357 3581 Ad
405 3517 480 3581 V.
533 3535 571 3578 ι
604 3520 674 3584 ln
719 3536 868 3583 casu
911 3515 1035 3584 dici
1083 3515 1284 3583 debet
1313 3535 1434 3583 una
1465 3526 1716 3584 tantum

120 3604 369 3687 Oratio,
420 3614 545 3672 tam
603 3604 670 3671 in
730 3603 908 3672 Missa
963 3623 1108 3673 cum
1164 3614 1351 3672 cantu
1414 3623 1606 3691 quam
1652 3604 1718 3673 in

121 3691 305 3758 Missa
349 3692 490 3758 sine
535 3703 724 3760 cantu
759 3715 824 3759 a».

260 3781 356 3847 Ad
404 3782 509 3847 Vl.
553 3790 597 3846 ⁸«
630 3785 740 3848 Est
786 3799 944 3849 onus
990 3781 1338 3866 Ecclesiae,
1387 3791 1453 3848 et
1497 3781 1714 3850 baberi

121 3868 324 3936 debet
370 3877 443 3935 ut
486 3888 633 3957 pars
676 3870 920 3937 servitii
964 3868 1250 3937 choralis
1279 3891 1344 3936 ν.

260 3957 356 4024 Ad
389 3960 518 4025 vn.
570 3978 608 4021 ι
641 3957 942 4025 Honiales
973 3976 1100 4026 non
1147 3958 1610 4047 comprehendi
1643 3980 1707 4025 ιι.

260 4045 357 4114 Ad
404 4047 559 4113 Vlll.
608 4068 649 4113 c
679 4047 1024 4132 Negative;
1072 4054 1140 4112 et
1194 4045 1260 4112 in
1322 4048 1522 4113 Festis
1586 4047 1713 4135 pri·

123 4153 269 4201 mae
329 4133 541 4201 classis
607 4134 733 4203 dici
789 4134 986 4202 debet
1044 4134 1164 4201 sub
1229 4134 1412 4201 unica
1458 4136 1714 4203 conclu·

118 4221 330 4307 sione,
379 4222 444 4289 in
491 4223 686 4290 Festis
732 4241 887 4288 vero
931 4222 1252 4289 secundae
1299 4222 1512 4291 classis
1568 4241 1713 4290 cum

121 4311 385 4398 propria
432 4311 841 4379 conclusione
875 4333 939 4377 ».

261 4403 467 4489 Atque
515 4399 599 4466 ita
646 4399 1137 4488 rescripserunt.

258 4490 372 4557 Die
418 4493 458 4558 3
504 4488 643 4556 Iulii
697 4490 890 4556 1869.

258 4584 438 4647 Facta
484 4587 698 4644 autem
746 4595 866 4665 per
911 4575 1336 4645 secretarium
1387 4576 1472 4643 de
1529 4594 1714 4665 prae·

120 4668 333 4736 missis
379 4663 783 4734 Sanctissimo
843 4664 1109 4731 Domino
1172 4665 1397 4730 Nostro
1451 4664 1558 4731 Pio
1603 4668 1710 4731 Pa·

117 4774 248 4845 pae
293 4757 375 4823 lx
421 4753 756 4837 relatione,
807 4752 1110 4820 Sanctitas
1140 4754 1261 4819 Sua
1292 4753 1516 4820 Sacrae
1547 4755 1710 4820 Gon-

119 4840 513 4933 gregationis
545 4859 846 4931 responsa
876 4838 1277 4941 approbavit,
1318 4838 1714 4939 confirmavit

119 4951 196 4999 ac
237 4931 477 4999 servari
523 4928 870 4998 mandavit.
921 4931 1034 4994 Dte
1061 4931 1103 4995 8
1135 4928 1361 4997 iisdem
1393 4946 1614 4997 mense
1646 4938 1712 4995 et

119 5037 316 5088 anno·

119 5164 373 5237 3212.
752 5167 1095 5234 nauum.
1483 5162 1711 5251 (stat)

258 5292 452 5356 Rmus
497 5292 570 5355 D.
607 5288 1029 5375 Hieronymus
1062 5285 1324 5356 Verzeri
1358 5284 1712 5376 Episcopus

121 5375 404 5445 Brixien.
485 5379 823 5445 Sacrorum
887 5376 1150 5445 Rituum
1215 5372 1705 5464 Congregationi

1823 428 2123 517 exposuit
2164 429 2234 496 in
2276 428 2714 517 Longobardia
2758 448 3008 497 morem
3040 429 3409 516 inolevisse,

1825 518 2090 587 Statutis
2134 515 2617 607 municipalibus
2648 518 2990 603 firmatum,
3024 518 3197 606 quod
3242 537 3411 586 mor·

1823 616 2082 672 tuorum
2130 606 2434 674 cadavera
2481 625 2515 671 a
2559 607 2752 674 domo
2810 607 2887 674 ad
2949 606 3300 674 Ecclesiam
3346 617 3413 674 et

1820 694 1898 760 ab
1930 693 2047 760 hac
2077 694 2153 761 ad
2188 694 2664 763 coemeterium
2696 695 2761 761 in
2791 693 3177 782 sarcophago
3218 714 3411 762 curru

1819 780 2119 869 imposito
2166 781 2242 848 ab
2288 784 2468 868 equis
2500 781 2841 849 vehantur.
2890 785 2984 849 Ne
3015 793 3229 849 autem
3272 784 3410 852 Cle-

1821 889 1931 936 rus
1974 870 2166 937 sacris
2212 870 2494 938 vestibus
2540 870 2804 937 indutus
2852 889 2999 938 cum
3028 872 3233 938 Cruce
3264 882 3408 939 ante

1821 976 2020 1044 equos
2069 959 2423 1045 procedere
2468 970 2770 1044 cogatur,
2820 970 3031 1025 orator
3084 957 3411 1026 constitnit

1819 1056 1889 1112 ut
1936 1046 2188 1133 quoties
2248 1047 2314 1113 in
2363 1046 2640 1126 ,Civitate
2701 1046 3008 1113 Brixiensi
3074 1065 3299 1116 currus
3344 1046 3410 1113 in

1820 1133 2149 1202 funeribus
2196 1134 2510 1203 ducendis
2554 1133 2963 1218 adhibeatur,
3005 1137 3230 1202 Clerus
3259 1154 3407 1203 cum

1818 1225 2025 1290 Cruce
2055 1241 2182 1290 non
2214 1223 2558 1289 comitetur
2600 1221 2819 1306 funus,
2853 1224 2967 1290 sed
3017 1222 3281 1311 recipiat
3311 1244 3410 1291 ca-

1820 1311 2017 1378 daver
2073 1310 2461 1400 sarcophago
2527 1310 2839 1377 inclusum
2901 1310 2980 1379 ad
3037 1312 3246 1379 ianuas
3296 1315 3410 1379 Ec-

1820 1398 2077 1483 clesiae,
2128 1399 2597 1487 persolutisque
2642 1399 2971 1485 Exequiis,
3021 1400 3072 1468 si
3118 1401 3198 1467 ad
3252 1403 3411 1468 Coe-

1822 1488 2169 1554 meterium
2243 1506 2440 1574 super
2513 1506 2708 1554 curru
2783 1487 3213 1556 deferendum
3281 1489 3406 1573 sit,

1821 1577 1836 1642 i
1919 1594 2032 1642 um
2086 1575 2163 1642 ad
2232 1575 2404 1642 fores
2461 1574 2781 1642 Ecclesiae
2844 1576 3207 1644 vectoribus
3263 1578 3411 1647 red-

1866 1675 1950 1730 at.
2003 1666 2244 1731 Verum
2275 1681 2475 1749 quum
2507 1662 2569 1730 id
2613 1682 2804 1751 aegre
2854 1664 3055 1732 terant
3099 1666 3409 1753 permulti

1820 1773 1891 1820 ac
1935 1751 2364 1838 querimonias
2414 1752 2732 1835 excitent,
2788 1752 3079 1819 Parocbis
3122 1772 3410 1842 praeser-

1825 1841 1938 1907 tim
1986 1838 2481 1924 molestissimas,
2531 1851 2868 1926 antequam
2932 1860 3050 1929 per
3105 1844 3408 1929 generale

1821 1933 2167 1996 Decretum
2215 1928 2570 2015 quidquam
2617 1929 2980 2017 praedictus
3025 1942 3237 1996 orator
3289 1941 3404 1997 sta·

1823 2027 1997 2101 tuat,
2046 2019 2124 2085 ab
2186 2018 2409 2084 eadem
2470 2020 2655 2086 Sacra
2724 2016 3234 2105 congregatione
3293 2017 3409 2086 hu-

1821 2106 2097 2173 millime
2128 2104 2600 2192 insequentium
2632 2104 2976 2173 dubiorum
3022 2105 3407 2174 solutionem

1821 2192 2288 2282 expostulavit3
2336 2192 2682 2260 nimirum:

1956 2281 2225 2349 Dubium
2272 2286 2320 2349 1.
2371 2283 2535 2348 Num
2584 2280 2649 2348 in
2706 2281 3038 2350 funeribus
3098 2282 3408 2352 ducendis

1823 2371 2082 2438 tolerari
2131 2379 2321 2455 queat
2366 2390 2517 2437 usus
2563 2389 2811 2455 currus,
2857 2388 3056 2458 super
3099 2389 3226 2458 quo
3291 2373 3407 2439 im-

1820 2468 2096 2547 ponatur
2142 2458 2451 2526 feretrum
2512 2457 2690 2545 equis
2733 2459 3103 2527 vehendum
3167 2459 3245 2528 ad
3290 2464 3407 2528 Ec·

1819 2548 2078 2650 clesiam
2112 2558 2177 2614 et
2207 2542 2735 2613 coemeterium?
2779 2557 2844 2613 et
2889 2557 3204 2635 quatenus
3246 2548 3410 2617 affir-

1825 2648 2088 2720 mative,

1951 2724 2230 2791 Dubium
2292 2727 2367 2790 11.
2438 2724 2604 2790 Num
2671 2725 2984 2792 Parochus
3051 2736 3121 2793 et
3181 2726 3406 2795 Glerus

1820 2814 2013 2881 funus
2059 2813 2305 2879 ducere
2352 2810 2595 2900 possint
2639 2812 2831 2879 sacris
2875 2812 3160 2881 vestibus
3196 2812 3404 2883 induti

1821 2911 2165 2986 erectaque
2218 2895 2474 2968 cruce?
2524 2899 2629 2966 vel
2677 2901 2889 2988 potius
2948 2901 3026 2968 ad
3084 2902 3407 2970 Ecclesiae

1822 2992 2032 3056 ianuas
2068 2991 2378 3057 feretrum
2428 2990 2754 3077 excipere,
2788 3009 2859 3056 ac
2904 3001 3049 3076 post
3094 2991 3408 3078 Exequias

1821 3079 1994 3145 iuxta
2040 3075 2288 3144 Rituale
2333 3081 2685 3144 Romanum
2733 3076 2977 3145 ibidem
3023 3080 3403 3165 persolutas,

1817 3163 2102 3232 reddere
2149 3164 2427 3233 debeant
2482 3182 2683 3254 super
2730 3184 2922 3233 curru
2961 3166 3037 3233 ad
3071 3169 3404 3235 coemete-

1821 3254 1987 3320 rium
2034 3252 2402 3321 vehendum

1950 3344 2135 3410 Sacra
2180 3360 2337 3408 vero
2398 3342 2623 3409 eadem
2680 3344 3145 3428 congregatio,
3192 3346 3404 3413 audita

1869 3430 1998 3497 rius
2061 3429 2378 3498 sententia
2432 3430 2695 3498 alterius
2754 3449 2838 3496 ex
2896 3432 3403 3518 Apostolicarnm

1815 3452 2376 3588 gaeremoniarum
2399 3518 2732 3606 Magistris,
2754 3519 2831 3586 ad
2855 3518 3229 3590 relationem
3256 3520 3403 3589 sub-

1817 3605 2036 3695 scripti
2084 3605 2419 3674 Secretarii
2465 3605 2951 3674 rescribendum
2998 3610 3282 3678 censuitz

1949 3695 2045 3762 Ad
2095 3698 2145 3761 1.
2193 3716 2231 3759 ι
2262 3694 2654 3763 Affirmative
2691 3716 2755 3761 ι.

1946 3783 2044 3850 Ad
2090 3786 2166 3849 11.
2215 3804 2253 3847 a
2286 3783 2714 3869 Affirmative,
2785 3782 2861 3851 ad
2931 3784 3203 3873 primam
3260 3805 3402 3875 par-

1820 3883 1990 3958 tem;
2041 3871 2373 3958 Negative,
2421 3872 2498 3939 ad
2546 3872 2892 3940 secundam
2925 3896 2990 3942 υ.

1945 3963 2155 4046 Atque
2186 3958 2268 4025 ita
2300 3960 2625 4049 rescripsit
2665 3971 2732 4027 et
2776 3961 3014 4029 servari
3054 3961 3397 4032 mandavit.

1946 4048 2062 4115 Die
2109 4052 2150 4114 ὅ
2195 4047 2395 4115 Martii
2451 4052 2643 4117 1870.

1815 4190 2062 4259 3213.
2390 4190 2836 4258 omnnem.
3172 4192 3400 4281 (stas)

1946 4315 2029 4381 Ut
2059 4313 2126 4379 in
2154 4310 2346 4379 sacris
2376 4312 2801 4381 caeremoniis
2833 4314 3402 4403 ecclesiasticisque

1813 4399 2246 4469 functionibus
2291 4400 2499 4467 omnia
2544 4401 2834 4469 ordinate
2882 4412 2948 4468 et
2995 4402 3165 4470 iuxta
3221 4424 3402 4492 prae-

1813 4489 2053 4556 finitam
2103 4487 2479 4556 methodum
2527 4488 2901 4578 procedant,
2949 4490 3244 4579 Hagister
3300 4491 3402 4561 Ri-

1813 4586 1995 4645 tuum
2044 4577 2109 4644 in
2172 4574 2646 4645 Archidioecesi
2702 4576 3107 4647 olomucensi
3165 4580 3396 4648 humil·

1813 4665 1964 4733 lime
2010 4668 2346 4733 Sacrorum
2390 4664 2650 4734 Rituum
2680 4666 3258 4769 congregationem
3299 4686 3400 4736 ro-

1811 4753 1983 4840 gavit
2011 4765 2084 4820 ut
2106 4772 2302 4842 super
2328 4754 2748 4840 sequentibus
2776 4755 2987 4823 dubins
3017 4757 3400 4825 sententiam

1811 4860 1990 4909 suam
2037 4842 2277 4909 elicere
2322 4842 2732 4929 dignaretur;
2784 4842 3132 4913 nimirum:

1941 4928 2215 4998 Dubium
2261 4933 2314 4996 1.
2362 4933 2430 4997 ln
2478 4930 2950 5000 Archidioecesi
2997 4932 3399 5001 olomucensi

1813 5036 1897 5084 ex
1941 5019 2237 5085 mandato
2284 5016 2785 5120 Arcbiepiscopi
2811 5019 3102 5105 quotidie
3147 5020 3213 5088 in
3271 5021 3399 5089 sin-

1810 5106 1979 5192 gulis
2025 5106 2225 5174 Missis
2266 5107 2659 5174 solemnibus
2709 5117 2774 5174 et
2851 5107 3088 5192 rivatis,
3121 5127 3283 5196 quae
3316 5129 3400 5177 ex

1808 5193 2225 5262 Rubricatum
2247 5194 2663 5296 dispositione
2686 5194 2801 5262 Col
2831 5205 3000 5262 ectas
3028 5197 3394 5284 admittunt,

1811 5283 1937 5351 dici
1983 5281 2181 5351 debet
2210 5286 2423 5352 Oratio
2455 5302 2573 5385 pro
2603 5286 2785 5372 Papa.
2835 5287 2996 5352 Cum
3041 5296 3258 5354 autem
3289 5286 3399 5355 die

1810 5370 2230 5439 anniversaria
2275 5371 2623 5440 mannonis
2657 5382 2722 5439 et
2751 5374 3254 5443 consecrationis
3282 5377 3397 5447 Ar-
