<?xml version="1.0" encoding="UTF-8"?>
<!DOCTYPE html PUBLIC "-//W3C//DTD XHTML 1.0 Transitional//EN"
    "http://www.w3.org/TR/xhtml1/DTD/xhtml1-transitional.dtd">
<html xmlns="http://www.w3.org/1999/xhtml" xml:lang="en" lang="en">
 <head>
  <title>
</title>
<meta http-equiv="Content-Type" content="text/html;charset=utf-8" />
  <meta name='ocr-system' content='tesseract 3.04.00' />
  <meta name='ocr-capabilities' content='ocr_page ocr_carea ocr_par ocr_line ocrx_word'/>
</head>
<body>
  <div class='ocr_page' id='page_1' title='image "./decretaauthenti00ritugoog_0228.png"; bbox 0 0 4042 5950; ppageno 0'>
   <div class='ocr_carea' id='block_1_1' title="bbox 2061 254 2530 332">
    <p class='ocr_par' dir='ltr' id='par_1_1' title="bbox 2061 254 2530 332">
     <span class='ocr_line' id='line_1_1' title="bbox 2061 254 2530 332; baseline -0.004 -16"><span class='ocrx_word' id='word_1_1' title='bbox 2061 254 2530 332; x_wconf 75' lang='grc'><strong>...188-</strong></span> 
     </span>
    </p>
   </div>
   <div class='ocr_carea' id='block_1_2' title="bbox 665 411 3902 1204">
    <p class='ocr_par' dir='ltr' id='par_1_2' title="bbox 665 411 3902 1204">
     <span class='ocr_line' id='line_1_2' title="bbox 665 411 2238 501; baseline 0 -23"><span class='ocrx_word' id='word_1_2' title='bbox 665 412 785 479; x_wconf 87' lang='lat' dir='ltr'><strong>sim</strong></span> <span class='ocrx_word' id='word_1_3' title='bbox 831 412 937 479; x_wconf 90' lang='lat' dir='ltr'><strong>lici</strong></span> <span class='ocrx_word' id='word_1_4' title='bbox 982 411 1256 501; x_wconf 88' lang='lat' dir='ltr'><strong>gossipio</strong></span> <span class='ocrx_word' id='word_1_5' title='bbox 1302 413 1606 480; x_wconf 79' lang='lat' dir='ltr'><strong>coniecta.</strong></span> <span class='ocrx_word' id='word_1_6' title='bbox 1663 413 1758 479; x_wconf 77' lang='lat' dir='ltr'><strong>Ad</strong></span> <span class='ocrx_word' id='word_1_7' title='bbox 1805 414 1970 480; x_wconf 87' lang='lat' dir='ltr'><strong>hanc</strong></span> <span class='ocrx_word' id='word_1_8' title='bbox 2017 431 2238 479; x_wconf 89' lang='lat' dir='ltr'><strong>corru-</strong></span> 
     </span>
     <span class='ocr_line' id='line_1_3' title="bbox 668 499 2238 586; baseline -0.002 -19"><span class='ocrx_word' id='word_1_9' title='bbox 668 511 781 586; x_wconf 85' lang='lat' dir='ltr'><strong>pte</strong></span> <span class='ocrx_word' id='word_1_10' title='bbox 809 519 956 585; x_wconf 89' lang='lat' dir='ltr'><strong>am,</strong></span> <span class='ocrx_word' id='word_1_11' title='bbox 1026 519 1215 586; x_wconf 86' lang='lat' dir='ltr'><strong>quam</strong></span> <span class='ocrx_word' id='word_1_12' title='bbox 1278 499 1441 566; x_wconf 90' lang='lat' dir='ltr'><strong>bene</strong></span> <span class='ocrx_word' id='word_1_13' title='bbox 1510 500 1693 569; x_wconf 88' lang='lat' dir='ltr'><strong>multi</strong></span> <span class='ocrx_word' id='word_1_14' title='bbox 1761 499 2238 567; x_wconf 81' lang='lat' dir='ltr'><strong>consuetudinis</strong></span> 
     </span>
     <span class='ocr_line' id='line_1_4' title="bbox 670 587 2237 671; baseline -0.001 -17"><span class='ocrx_word' id='word_1_15' title='bbox 670 589 928 656; x_wconf 87' lang='lat' dir='ltr'><strong>nomine</strong></span> <span class='ocrx_word' id='word_1_16' title='bbox 981 589 1397 656; x_wconf 76' lang='lat' dir='ltr'><strong>cohonestare</strong></span> <span class='ocrx_word' id='word_1_17' title='bbox 1449 589 1761 671; x_wconf 90' lang='lat' dir='ltr'><strong>nituntur,</strong></span> <span class='ocrx_word' id='word_1_18' title='bbox 1826 587 2126 655; x_wconf 71' lang='lat' dir='ltr'><strong>radicitus</strong></span> <span class='ocrx_word' id='word_1_19' title='bbox 2170 608 2237 653; x_wconf 90' lang='lat' dir='ltr'><strong>e-</strong></span> 
     </span>
     <span class='ocr_line' id='line_1_5' title="bbox 668 673 2237 760; baseline -0.002 -17"><span class='ocrx_word' id='word_1_20' title='bbox 668 676 1056 760; x_wconf 79' lang='lat' dir='ltr'><strong>vellendam,</strong></span> <span class='ocrx_word' id='word_1_21' title='bbox 1102 675 1307 742; x_wconf 90' lang='lat' dir='ltr'><strong>studia</strong></span> <span class='ocrx_word' id='word_1_22' title='bbox 1354 685 1810 743; x_wconf 80' lang='lat' dir='ltr'><strong>converterunt</strong></span> <span class='ocrx_word' id='word_1_23' title='bbox 1854 673 2237 742; x_wconf 85' lang='lat' dir='ltr'><strong>Eminentis-</strong></span> 
     </span>
     <span class='ocr_line' id='line_1_6' title="bbox 669 761 2239 832; baseline -0.003 -2"><span class='ocrx_word' id='word_1_24' title='bbox 669 764 810 831; x_wconf 89' lang='lat' dir='ltr'><strong>simi</strong></span> <span class='ocrx_word' id='word_1_25' title='bbox 857 774 922 831; x_wconf 92' lang='lat' dir='ltr'><strong>et</strong></span> <span class='ocrx_word' id='word_1_26' title='bbox 979 763 1508 832; x_wconf 82' lang='lat' dir='ltr'><strong>Reverendissimi</strong></span> <span class='ocrx_word' id='word_1_27' title='bbox 1576 764 1818 830; x_wconf 86' lang='lat' dir='ltr'><strong>Domini</strong></span> <span class='ocrx_word' id='word_1_28' title='bbox 1878 761 2239 830; x_wconf 77' lang='lat' dir='ltr'><strong>cardinales</strong></span> 
     </span>
     <span class='ocr_line' id='line_1_7' title="bbox 671 848 2240 939; baseline -0.004 -20"><span class='ocrx_word' id='word_1_29' title='bbox 671 851 872 919; x_wconf 88' lang='lat' dir='ltr'><strong>Sacris</strong></span> <span class='ocrx_word' id='word_1_30' title='bbox 933 851 1186 922; x_wconf 88' lang='lat' dir='ltr'><strong>tuendis</strong></span> <span class='ocrx_word' id='word_1_31' title='bbox 1245 850 1489 919; x_wconf 83' lang='lat' dir='ltr'><strong>Ritibus</strong></span> <span class='ocrx_word' id='word_1_32' title='bbox 1556 850 1941 939; x_wconf 77' lang='lat' dir='ltr'><strong>praepositi:</strong></span> <span class='ocrx_word' id='word_1_33' title='bbox 2012 848 2240 916; x_wconf 86' lang='lat' dir='ltr'><strong>soliciti</strong></span> 
     </span>
     <span class='ocr_line' id='line_1_8' title="bbox 671 937 3897 1027; baseline 0.001 -21"><span class='ocrx_word' id='word_1_34' title='bbox 671 940 947 1023; x_wconf 86' lang='lat' dir='ltr'><strong>idcirco,</strong></span> <span class='ocrx_word' id='word_1_35' title='bbox 996 950 1068 1006; x_wconf 92' lang='lat' dir='ltr'><strong>ut</strong></span> <span class='ocrx_word' id='word_1_36' title='bbox 1114 940 1285 1027; x_wconf 84' lang='lat' dir='ltr'><strong>quod</strong></span> <span class='ocrx_word' id='word_1_37' title='bbox 1348 958 1549 1025; x_wconf 86' lang='lat' dir='ltr'><strong>usque</strong></span> <span class='ocrx_word' id='word_1_38' title='bbox 1610 939 1687 1004; x_wconf 90' lang='lat' dir='ltr'><strong>ab</strong></span> <span class='ocrx_word' id='word_1_39' title='bbox 1733 937 2057 1004; x_wconf 83' lang='lat' dir='ltr'><strong>Ecclesiae</strong></span> <span class='ocrx_word' id='word_1_40' title='bbox 2112 938 2237 1024; x_wconf 87' lang='lat' dir='ltr'><strong>pri·</strong></span> <span class='ocrx_word' id='word_1_41' title='bbox 2478 943 2534 1005; x_wconf 84' lang='lat' dir='ltr'><strong>l.</strong></span> <span class='ocrx_word' id='word_1_42' title='bbox 2586 940 2897 1008; x_wconf 85' lang='lat' dir='ltr'><strong>Statuitur</strong></span> <span class='ocrx_word' id='word_1_43' title='bbox 2961 951 3034 1006; x_wconf 90' lang='lat' dir='ltr'><strong>ut</strong></span> <span class='ocrx_word' id='word_1_44' title='bbox 3091 940 3490 1008; x_wconf 68' lang='lat' dir='ltr'><strong>primicerius</strong></span> <span class='ocrx_word' id='word_1_45' title='bbox 3550 951 3736 1009; x_wconf 88' lang='lat' dir='ltr'><strong>curet</strong></span> <span class='ocrx_word' id='word_1_46' title='bbox 3791 961 3897 1008; x_wconf 84' lang='lat' dir='ltr'><strong>una</strong></span> 
     </span>
     <span class='ocr_line' id='line_1_9' title="bbox 670 1026 3898 1116; baseline 0 -21"><span class='ocrx_word' id='word_1_47' title='bbox 670 1026 931 1095; x_wconf 86' lang='lat' dir='ltr'><strong>mordiis</strong></span> <span class='ocrx_word' id='word_1_48' title='bbox 976 1030 1180 1113; x_wconf 86' lang='lat' dir='ltr'><strong>quoad</strong></span> <span class='ocrx_word' id='word_1_49' title='bbox 1226 1047 1394 1094; x_wconf 89' lang='lat' dir='ltr'><strong>sacra</strong></span> <span class='ocrx_word' id='word_1_50' title='bbox 1442 1028 1809 1095; x_wconf 90' lang='lat' dir='ltr'><strong>indumenta</strong></span> <span class='ocrx_word' id='word_1_51' title='bbox 1854 1037 1921 1092; x_wconf 90' lang='lat' dir='ltr'><strong>et</strong></span> <span class='ocrx_word' id='word_1_52' title='bbox 1957 1026 2237 1112; x_wconf 88' lang='lat' dir='ltr'><strong>supelle·</strong></span> <span class='ocrx_word' id='word_1_53' title='bbox 2340 1047 2489 1094; x_wconf 90' lang='lat' dir='ltr'><strong>cum</strong></span> <span class='ocrx_word' id='word_1_54' title='bbox 2535 1027 2824 1113; x_wconf 79' lang='lat' dir='ltr'><strong>capitulo</strong></span> <span class='ocrx_word' id='word_1_55' title='bbox 2871 1027 3122 1113; x_wconf 79' lang='lat' dir='ltr'><strong>ingredi</strong></span> <span class='ocrx_word' id='word_1_56' title='bbox 3150 1029 3470 1110; x_wconf 81' lang='lat' dir='ltr'><strong>Cborum3</strong></span> <span class='ocrx_word' id='word_1_57' title='bbox 3519 1030 3616 1098; x_wconf 89' lang='lat' dir='ltr'><strong>sin</strong></span> <span class='ocrx_word' id='word_1_58' title='bbox 3664 1047 3785 1116; x_wconf 89' lang='lat' dir='ltr'><strong>per</strong></span> <span class='ocrx_word' id='word_1_59' title='bbox 3810 1051 3898 1095; x_wconf 86' lang='lat' dir='ltr'><strong>ac·</strong></span> 
     </span>
     <span class='ocr_line' id='line_1_10' title="bbox 673 1113 3902 1204; baseline 0 -22"><span class='ocrx_word' id='word_1_60' title='bbox 673 1114 838 1183; x_wconf 87' lang='lat' dir='ltr'><strong>ctilia</strong></span> <span class='ocrx_word' id='word_1_61' title='bbox 899 1114 981 1180; x_wconf 90' lang='lat' dir='ltr'><strong>ob</strong></span> <span class='ocrx_word' id='word_1_62' title='bbox 1027 1119 1227 1182; x_wconf 87' lang='lat' dir='ltr'><strong>reales</strong></span> <span class='ocrx_word' id='word_1_63' title='bbox 1275 1125 1341 1182; x_wconf 92' lang='lat' dir='ltr'><strong>et</strong></span> <span class='ocrx_word' id='word_1_64' title='bbox 1399 1116 1688 1204; x_wconf 84' lang='lat' dir='ltr'><strong>mysticas</strong></span> <span class='ocrx_word' id='word_1_65' title='bbox 1749 1113 2244 1201; x_wconf 82' lang='lat' dir='ltr'><strong>significationes</strong></span> <span class='ocrx_word' id='word_1_66' title='bbox 2339 1114 2559 1181; x_wconf 83' lang='lat' dir='ltr'><strong>cidens</strong></span> <span class='ocrx_word' id='word_1_67' title='bbox 2617 1134 2694 1180; x_wconf 91' lang='lat' dir='ltr'><strong>eo</strong></span> <span class='ocrx_word' id='word_1_68' title='bbox 2740 1115 3037 1198; x_wconf 77' lang='lat' dir='ltr'><strong>accedat,</strong></span> <span class='ocrx_word' id='word_1_69' title='bbox 3088 1125 3379 1204; x_wconf 85' lang='lat' dir='ltr'><strong>tempore</strong></span> <span class='ocrx_word' id='word_1_70' title='bbox 3437 1117 3698 1184; x_wconf 81' lang='lat' dir='ltr'><strong>divinae</strong></span> <span class='ocrx_word' id='word_1_71' title='bbox 3757 1119 3902 1203; x_wconf 87' lang='lat' dir='ltr'><strong>psal·</strong></span> 
     </span>
    </p>
   </div>
   <div class='ocr_carea' id='block_1_3' title="bbox 2906 414 3334 481">
    <p class='ocr_par' dir='ltr' id='par_1_3' title="bbox 2906 414 3334 481">
     <span class='ocr_line' id='line_1_11' title="bbox 2906 414 3334 481; baseline 0.005 -3"><span class='ocrx_word' id='word_1_72' title='bbox 2906 414 3334 481; x_wconf 62' lang='lat' dir='ltr'><strong>concumbit</strong></span> 
     </span>
    </p>
   </div>
   <div class='ocr_carea' id='block_1_4' title="bbox 2463 623 3896 866">
    <p class='ocr_par' dir='ltr' id='par_1_4' title="bbox 2463 623 3896 866">
     <span class='ocr_line' id='line_1_12' title="bbox 2463 623 3894 711; baseline 0.003 -23"><span class='ocrx_word' id='word_1_73' title='bbox 2463 623 3184 690; x_wconf 72' lang='lat' dir='ltr'><strong>batoni-Primiccrium</strong></span> <span class='ocrx_word' id='word_1_74' title='bbox 3226 637 3287 693; x_wconf 77' lang='lat' dir='ltr'><strong>et</strong></span> <span class='ocrx_word' id='word_1_75' title='bbox 3345 628 3645 693; x_wconf 66' lang='lat' dir='ltr'><strong>Revmum</strong></span> <span class='ocrx_word' id='word_1_76' title='bbox 3717 627 3894 711; x_wconf 82' lang='lat' dir='ltr'><strong>Capi·</strong></span> 
     </span>
     <span class='ocr_line' id='line_1_13' title="bbox 2467 712 3896 866; baseline 0.005 -93"><span class='ocrx_word' id='word_1_77' title='bbox 2467 712 2684 866; x_wconf 48' lang='lat' dir='ltr'><strong>‘32¹2‘ss</strong></span> <span class='ocrx_word' id='word_1_78' title='bbox 2743 713 3143 795; x_wconf 71' lang='lat' dir='ltr'><strong>Pariusiynia</strong></span> <span class='ocrx_word' id='word_1_79' title='bbox 3208 714 3596 796; x_wconf 74' lang='lat' dir='ltr'><strong>Colleqiatae</strong></span> <span class='ocrx_word' id='word_1_80' title='bbox 3657 715 3729 779; x_wconf 88' lang='lat' dir='ltr'><strong>S.</strong></span> <span class='ocrx_word' id='word_1_81' title='bbox 3791 718 3896 780; x_wconf 72' lang='lat' dir='ltr'><strong>Pc-</strong></span> 
     </span>
    </p>
   </div>
   <div class='ocr_carea' id='block_1_5' title="bbox 2333 537 3984 605">
    <p class='ocr_par' dir='ltr' id='par_1_5' title="bbox 2333 537 3984 605">
     <span class='ocr_line' id='line_1_14' title="bbox 2333 537 3984 605; baseline 0.001 -3"><span class='ocrx_word' id='word_1_82' title='bbox 2333 539 2505 602; x_wconf 78' lang='lat' dir='ltr'><strong>inter</strong></span> <span class='ocrx_word' id='word_1_83' title='bbox 2553 537 2852 603; x_wconf 70' lang='lat' dir='ltr'><strong>Haemum</strong></span> <span class='ocrx_word' id='word_1_84' title='bbox 2900 537 3274 603; x_wconf 78' lang='lat' dir='ltr'><strong>Antistitem</strong></span> <span class='ocrx_word' id='word_1_85' title='bbox 3349 537 3651 603; x_wconf 76' lang='lat' dir='ltr'><strong>Tkomam</strong></span> <span class='ocrx_word' id='word_1_86' title='bbox 3704 540 3899 605; x_wconf 75' lang='lat' dir='ltr'><strong>ciam-</strong></span> <span class='ocrx_word' id='word_1_87' title='bbox 3983 561 3984 572; x_wconf 55' lang='lat'>2</span> 
     </span>
    </p>
   </div>
   <div class='ocr_carea' id='block_1_6' title="bbox 550 4011 929 4081">
    <p class='ocr_par' dir='ltr' id='par_1_6' title="bbox 550 4011 929 4081">
     <span class='ocr_line' id='line_1_15' title="bbox 550 4011 929 4081; baseline -0.011 1"><span class='ocrx_word' id='word_1_88' title='bbox 550 4048 557 4055; x_wconf 95' lang='lat'>·</span> <span class='ocrx_word' id='word_1_89' title='bbox 678 4011 929 4081; x_wconf 79' lang='lat'><strong>2601.</strong></span> 
     </span>
    </p>
   </div>
   <div class='ocr_carea' id='block_1_7' title="bbox 671 1201 2246 2871">
    <p class='ocr_par' dir='ltr' id='par_1_7' title="bbox 672 1201 2242 2166">
     <span class='ocr_line' id='line_1_16' title="bbox 672 1201 2237 1288; baseline -0.003 -18"><span class='ocrx_word' id='word_1_90' title='bbox 672 1204 1005 1270; x_wconf 87' lang='lat' dir='ltr'><strong>inductum</strong></span> <span class='ocrx_word' id='word_1_91' title='bbox 1051 1215 1170 1288; x_wconf 90' lang='lat' dir='ltr'><strong>est,</strong></span> <span class='ocrx_word' id='word_1_92' title='bbox 1219 1204 1596 1285; x_wconf 83' lang='lat' dir='ltr'><strong>retineatur,</strong></span> <span class='ocrx_word' id='word_1_93' title='bbox 1647 1201 2015 1267; x_wconf 86' lang='lat' dir='ltr'><strong>restituatur</strong></span> <span class='ocrx_word' id='word_1_94' title='bbox 2062 1213 2128 1267; x_wconf 91' lang='lat' dir='ltr'><strong>et</strong></span> <span class='ocrx_word' id='word_1_95' title='bbox 2174 1201 2237 1266; x_wconf 91' lang='lat' dir='ltr'><strong>in</strong></span> 
     </span>
     <span class='ocr_line' id='line_1_17' title="bbox 674 1288 2240 1380; baseline -0.001 -25"><span class='ocrx_word' id='word_1_96' title='bbox 674 1300 999 1380; x_wconf 87' lang='lat' dir='ltr'><strong>posterum</strong></span> <span class='ocrx_word' id='word_1_97' title='bbox 1044 1291 1300 1359; x_wconf 90' lang='lat' dir='ltr'><strong>omnino</strong></span> <span class='ocrx_word' id='word_1_98' title='bbox 1346 1301 1678 1373; x_wconf 77' lang='lat' dir='ltr'><strong>servetur,</strong></span> <span class='ocrx_word' id='word_1_99' title='bbox 1726 1288 2127 1355; x_wconf 88' lang='lat' dir='ltr'><strong>declararunt</strong></span> <span class='ocrx_word' id='word_1_100' title='bbox 2175 1298 2240 1356; x_wconf 93' lang='lat' dir='ltr'><strong>et</strong></span> 
     </span>
     <span class='ocr_line' id='line_1_18' title="bbox 673 1377 2239 1462; baseline -0.003 -16"><span class='ocrx_word' id='word_1_101' title='bbox 673 1380 1137 1446; x_wconf 81' lang='lat' dir='ltr'><strong>decreverunt:</strong></span> <span class='ocrx_word' id='word_1_102' title='bbox 1188 1398 1224 1441; x_wconf 60' lang='grc' dir='ltr'><strong><em>α</em></strong></span> <span class='ocrx_word' id='word_1_103' title='bbox 1258 1377 1354 1444; x_wconf 77' lang='grc' dir='ltr'><strong>ΑΙ)</strong></span> <span class='ocrx_word' id='word_1_104' title='bbox 1397 1377 1653 1462; x_wconf 87' lang='lat' dir='ltr'><strong>antiquo</strong></span> <span class='ocrx_word' id='word_1_105' title='bbox 1699 1396 1903 1460; x_wconf 90' lang='lat' dir='ltr'><strong>more,</strong></span> <span class='ocrx_word' id='word_1_106' title='bbox 1936 1377 2058 1441; x_wconf 86' lang='lat' dir='ltr'><strong>sub</strong></span> <span class='ocrx_word' id='word_1_107' title='bbox 2087 1395 2239 1462; x_wconf 78' lang='lat' dir='ltr'><strong>quo-</strong></span> 
     </span>
     <span class='ocr_line' id='line_1_19' title="bbox 673 1465 2239 1553; baseline -0.001 -21"><span class='ocrx_word' id='word_1_108' title='bbox 673 1465 830 1532; x_wconf 91' lang='lat' dir='ltr'><strong>libet</strong></span> <span class='ocrx_word' id='word_1_109' title='bbox 876 1477 1241 1553; x_wconf 79' lang='lat' dir='ltr'><strong>praetextu,</strong></span> <span class='ocrx_word' id='word_1_110' title='bbox 1291 1465 1502 1532; x_wconf 90' lang='lat' dir='ltr'><strong>colore</strong></span> <span class='ocrx_word' id='word_1_111' title='bbox 1548 1485 1617 1531; x_wconf 93' lang='lat' dir='ltr'><strong>ac</strong></span> <span class='ocrx_word' id='word_1_112' title='bbox 1665 1465 1877 1549; x_wconf 89' lang='lat' dir='ltr'><strong>titulo,</strong></span> <span class='ocrx_word' id='word_1_113' title='bbox 1923 1483 2052 1530; x_wconf 91' lang='lat' dir='ltr'><strong>non</strong></span> <span class='ocrx_word' id='word_1_114' title='bbox 2101 1483 2239 1530; x_wconf 88' lang='lat' dir='ltr'><strong>esse</strong></span> 
     </span>
     <span class='ocr_line' id='line_1_20' title="bbox 674 1552 2236 1631; baseline -0.003 -11"><span class='ocrx_word' id='word_1_115' title='bbox 674 1554 1149 1631; x_wconf 83' lang='lat' dir='ltr'><strong>recedendum;</strong></span> <span class='ocrx_word' id='word_1_116' title='bbox 1215 1564 1279 1619; x_wconf 93' lang='lat' dir='ltr'><strong>et</strong></span> <span class='ocrx_word' id='word_1_117' title='bbox 1342 1553 1564 1618; x_wconf 90' lang='lat' dir='ltr'><strong>eadem</strong></span> <span class='ocrx_word' id='word_1_118' title='bbox 1628 1572 1797 1619; x_wconf 88' lang='lat' dir='ltr'><strong>sacra</strong></span> <span class='ocrx_word' id='word_1_119' title='bbox 1868 1552 2236 1619; x_wconf 83' lang='lat' dir='ltr'><strong>indumenta</strong></span> 
     </span>
     <span class='ocr_line' id='line_1_21' title="bbox 672 1639 2242 1708; baseline -0.003 0"><span class='ocrx_word' id='word_1_120' title='bbox 672 1661 741 1708; x_wconf 91' lang='lat' dir='ltr'><strong>ac</strong></span> <span class='ocrx_word' id='word_1_121' title='bbox 786 1660 860 1706; x_wconf 88' lang='lat' dir='ltr'><strong>su</strong></span> <span class='ocrx_word' id='word_1_122' title='bbox 911 1640 1211 1708; x_wconf 89' lang='lat' dir='ltr'><strong>ellectilia</strong></span> <span class='ocrx_word' id='word_1_123' title='bbox 1243 1640 1631 1707; x_wconf 84' lang='lat' dir='ltr'><strong>conficienda</strong></span> <span class='ocrx_word' id='word_1_124' title='bbox 1675 1660 1813 1706; x_wconf 88' lang='lat' dir='ltr'><strong>esse</strong></span> <span class='ocrx_word' id='word_1_125' title='bbox 1845 1661 1924 1707; x_wconf 76' lang='lat' dir='ltr'><strong>ex</strong></span> <span class='ocrx_word' id='word_1_126' title='bbox 1971 1639 2101 1706; x_wconf 88' lang='lat' dir='ltr'><strong>lino</strong></span> <span class='ocrx_word' id='word_1_127' title='bbox 2133 1649 2242 1705; x_wconf 91' lang='lat' dir='ltr'><strong>aut</strong></span> 
     </span>
     <span class='ocr_line' id='line_1_22' title="bbox 673 1728 2238 1814; baseline -0.003 -19"><span class='ocrx_word' id='word_1_128' title='bbox 673 1749 831 1795; x_wconf 88' lang='lat' dir='ltr'><strong>cann</strong></span> <span class='ocrx_word' id='word_1_129' title='bbox 914 1749 974 1813; x_wconf 88' lang='lat' dir='ltr'><strong>e,</strong></span> <span class='ocrx_word' id='word_1_130' title='bbox 1012 1748 1139 1795; x_wconf 90' lang='lat' dir='ltr'><strong>non</strong></span> <span class='ocrx_word' id='word_1_131' title='bbox 1169 1739 1380 1795; x_wconf 89' lang='lat' dir='ltr'><strong>autem</strong></span> <span class='ocrx_word' id='word_1_132' title='bbox 1414 1747 1492 1794; x_wconf 82' lang='lat' dir='ltr'><strong>ex</strong></span> <span class='ocrx_word' id='word_1_133' title='bbox 1524 1728 1637 1797; x_wconf 87' lang='lat' dir='ltr'><strong>alia</strong></span> <span class='ocrx_word' id='word_1_134' title='bbox 1677 1747 2077 1814; x_wconf 88' lang='lat' dir='ltr'><strong>quacumque</strong></span> <span class='ocrx_word' id='word_1_135' title='bbox 2111 1746 2238 1792; x_wconf 87' lang='lat' dir='ltr'><strong>ma·</strong></span> 
     </span>
     <span class='ocr_line' id='line_1_23' title="bbox 677 1815 2240 1899; baseline -0.002 -16"><span class='ocrx_word' id='word_1_136' title='bbox 677 1818 859 1899; x_wconf 89' lang='lat' dir='ltr'><strong>teria,</strong></span> <span class='ocrx_word' id='word_1_137' title='bbox 909 1817 1027 1882; x_wconf 90' lang='lat' dir='ltr'><strong>etsi</strong></span> <span class='ocrx_word' id='word_1_138' title='bbox 1075 1816 1413 1899; x_wconf 84' lang='lat' dir='ltr'><strong>munditie,</strong></span> <span class='ocrx_word' id='word_1_139' title='bbox 1464 1817 1737 1883; x_wconf 89' lang='lat' dir='ltr'><strong>candore</strong></span> <span class='ocrx_word' id='word_1_140' title='bbox 1781 1837 1850 1883; x_wconf 90' lang='lat' dir='ltr'><strong>ac</strong></span> <span class='ocrx_word' id='word_1_141' title='bbox 1899 1815 2240 1882; x_wconf 88' lang='lat' dir='ltr'><strong>tenacitate</strong></span> 
     </span>
     <span class='ocr_line' id='line_1_24' title="bbox 674 1903 2234 1989; baseline -0.001 -19"><span class='ocrx_word' id='word_1_142' title='bbox 674 1903 876 1971; x_wconf 88' lang='lat' dir='ltr'><strong>linum</strong></span> <span class='ocrx_word' id='word_1_143' title='bbox 906 1915 1015 1971; x_wconf 88' lang='lat' dir='ltr'><strong>aut</strong></span> <span class='ocrx_word' id='word_1_144' title='bbox 1044 1904 1384 1971; x_wconf 86' lang='lat' dir='ltr'><strong>cannabem</strong></span> <span class='ocrx_word' id='word_1_145' title='bbox 1415 1908 1771 1971; x_wconf 86' lang='lat' dir='ltr'><strong>aemulante</strong></span> <span class='ocrx_word' id='word_1_146' title='bbox 1804 1915 1871 1970; x_wconf 91' lang='lat' dir='ltr'><strong>et</strong></span> <span class='ocrx_word' id='word_1_147' title='bbox 1900 1913 2234 1989; x_wconf 86' lang='lat' dir='ltr'><strong>aequante.</strong></span> 
     </span>
     <span class='ocr_line' id='line_1_25' title="bbox 672 1991 2238 2080; baseline -0.003 -20"><span class='ocrx_word' id='word_1_148' title='bbox 672 1993 895 2078; x_wconf 82' lang='lat' dir='ltr'><strong>Aliqua</strong></span> <span class='ocrx_word' id='word_1_149' title='bbox 953 2003 1163 2059; x_wconf 90' lang='lat' dir='ltr'><strong>tamen</strong></span> <span class='ocrx_word' id='word_1_150' title='bbox 1223 1992 1614 2079; x_wconf 83' lang='lat' dir='ltr'><strong>indulgentia</strong></span> <span class='ocrx_word' id='word_1_151' title='bbox 1660 2003 1950 2077; x_wconf 87' lang='lat' dir='ltr'><strong>utentes,</strong></span> <span class='ocrx_word' id='word_1_152' title='bbox 2002 1991 2238 2080; x_wconf 89' lang='lat' dir='ltr'><strong>permi-</strong></span> 
     </span>
     <span class='ocr_line' id='line_1_26' title="bbox 672 2079 2240 2166; baseline -0.002 -19"><span class='ocrx_word' id='word_1_153' title='bbox 672 2090 894 2147; x_wconf 89' lang='lat' dir='ltr'><strong>serunt</strong></span> <span class='ocrx_word' id='word_1_154' title='bbox 937 2091 1011 2146; x_wconf 90' lang='lat' dir='ltr'><strong>ut</strong></span> <span class='ocrx_word' id='word_1_155' title='bbox 1055 2080 1364 2164; x_wconf 81' lang='lat' dir='ltr'><strong>Amictus,</strong></span> <span class='ocrx_word' id='word_1_156' title='bbox 1414 2079 1633 2163; x_wconf 83' lang='lat' dir='ltr'><strong>Albae,</strong></span> <span class='ocrx_word' id='word_1_157' title='bbox 1682 2080 2015 2163; x_wconf 86' lang='lat' dir='ltr'><strong>Tobaleae‚</strong></span> <span class='ocrx_word' id='word_1_158' title='bbox 2073 2082 2240 2166; x_wconf 76' lang='lat' dir='ltr'><strong>Map-</strong></span> 
     </span>
    </p>

    <p class='ocr_par' dir='ltr' id='par_1_8' title="bbox 671 2165 2246 2871">
     <span class='ocr_line' id='line_1_27' title="bbox 722 2165 2241 2256; baseline -0.003 -20"><span class='ocrx_word' id='word_1_159' title='bbox 722 2169 886 2252; x_wconf 90' lang='lat' dir='ltr'><strong>ulae‚</strong></span> <span class='ocrx_word' id='word_1_160' title='bbox 935 2168 985 2234; x_wconf 91' lang='lat' dir='ltr'><strong>si</strong></span> <span class='ocrx_word' id='word_1_161' title='bbox 1031 2187 1190 2255; x_wconf 88' lang='lat' dir='ltr'><strong>quae</strong></span> <span class='ocrx_word' id='word_1_162' title='bbox 1239 2187 1319 2234; x_wconf 82' lang='lat' dir='ltr'><strong>ex</strong></span> <span class='ocrx_word' id='word_1_163' title='bbox 1364 2168 1637 2256; x_wconf 87' lang='lat' dir='ltr'><strong>gossipio</strong></span> <span class='ocrx_word' id='word_1_164' title='bbox 1684 2168 2021 2254; x_wconf 86' lang='lat' dir='ltr'><strong>habentur,</strong></span> <span class='ocrx_word' id='word_1_165' title='bbox 2065 2165 2241 2233; x_wconf 85' lang='lat' dir='ltr'><strong>adhi-</strong></span> 
     </span>
     <span class='ocr_line' id='line_1_28' title="bbox 671 2188 2239 2345; baseline -0.003 -20"><span class='ocrx_word' id='word_1_166' title='bbox 671 2188 811 2325; x_wconf 63' lang='lat' dir='ltr'><strong>Euri</strong></span> <span class='ocrx_word' id='word_1_167' title='bbox 843 2257 1085 2324; x_wconf 90' lang='lat' dir='ltr'><strong>interea</strong></span> <span class='ocrx_word' id='word_1_168' title='bbox 1129 2255 1396 2345; x_wconf 84' lang='lat' dir='ltr'><strong>possint,</strong></span> <span class='ocrx_word' id='word_1_169' title='bbox 1431 2275 1633 2341; x_wconf 91' lang='lat' dir='ltr'><strong>usque</strong></span> <span class='ocrx_word' id='word_1_170' title='bbox 1663 2257 1818 2323; x_wconf 90' lang='lat' dir='ltr'><strong>dum</strong></span> <span class='ocrx_word' id='word_1_171' title='bbox 1858 2273 2239 2322; x_wconf 88' lang='lat' dir='ltr'><strong>consumen-</strong></span> 
     </span>
     <span class='ocr_line' id='line_1_29' title="bbox 676 2343 2239 2436; baseline -0.003 -25"><span class='ocrx_word' id='word_1_172' title='bbox 676 2358 814 2422; x_wconf 83' lang='lat' dir='ltr'><strong>tur3</strong></span> <span class='ocrx_word' id='word_1_173' title='bbox 862 2347 976 2413; x_wconf 91' lang='lat' dir='ltr'><strong>sed</strong></span> <span class='ocrx_word' id='word_1_174' title='bbox 1037 2362 1184 2436; x_wconf 78' lang='lat' dir='ltr'><strong>cum</strong></span> <span class='ocrx_word' id='word_1_175' title='bbox 1239 2343 1597 2410; x_wconf 89' lang='lat' dir='ltr'><strong>huiusmodi</strong></span> <span class='ocrx_word' id='word_1_176' title='bbox 1664 2343 2086 2430; x_wconf 86' lang='lat' dir='ltr'><strong>supellectilia</strong></span> <span class='ocrx_word' id='word_1_177' title='bbox 2141 2361 2239 2407; x_wconf 90' lang='lat' dir='ltr'><strong>re·</strong></span> 
     </span>
     <span class='ocr_line' id='line_1_30' title="bbox 674 2429 2237 2516; baseline -0.002 -16"><span class='ocrx_word' id='word_1_178' title='bbox 674 2434 957 2501; x_wconf 81' lang='lat' dir='ltr'><strong>novanda</strong></span> <span class='ocrx_word' id='word_1_179' title='bbox 1018 2440 1239 2516; x_wconf 91' lang='lat' dir='ltr'><strong>erunt,</strong></span> <span class='ocrx_word' id='word_1_180' title='bbox 1289 2451 1371 2496; x_wconf 91' lang='lat' dir='ltr'><strong>ne</strong></span> <span class='ocrx_word' id='word_1_181' title='bbox 1428 2450 1505 2497; x_wconf 90' lang='lat' dir='ltr'><strong>ex</strong></span> <span class='ocrx_word' id='word_1_182' title='bbox 1571 2429 1685 2496; x_wconf 89' lang='lat' dir='ltr'><strong>alia</strong></span> <span class='ocrx_word' id='word_1_183' title='bbox 1743 2429 2005 2498; x_wconf 89' lang='lat' dir='ltr'><strong>materia</strong></span> <span class='ocrx_word' id='word_1_184' title='bbox 2060 2430 2237 2514; x_wconf 86' lang='lat' dir='ltr'><strong>fiant,</strong></span> 
     </span>
     <span class='ocr_line' id='line_1_31' title="bbox 673 2518 2233 2605; baseline -0.004 -17"><span class='ocrx_word' id='word_1_185' title='bbox 673 2521 791 2588; x_wconf 88' lang='lat' dir='ltr'><strong>nisi</strong></span> <span class='ocrx_word' id='word_1_186' title='bbox 854 2540 927 2587; x_wconf 89' lang='lat' dir='ltr'><strong>ex</strong></span> <span class='ocrx_word' id='word_1_187' title='bbox 1002 2521 1130 2587; x_wconf 89' lang='lat' dir='ltr'><strong>lino</strong></span> <span class='ocrx_word' id='word_1_188' title='bbox 1190 2520 1292 2585; x_wconf 86' lang='lat' dir='ltr'><strong>vel</strong></span> <span class='ocrx_word' id='word_1_189' title='bbox 1360 2518 1672 2603; x_wconf 87' lang='lat' dir='ltr'><strong>cannabe,</strong></span> <span class='ocrx_word' id='word_1_190' title='bbox 1741 2537 1973 2605; x_wconf 89' lang='lat' dir='ltr'><strong>praece</strong></span> <span class='ocrx_word' id='word_1_191' title='bbox 2025 2529 2233 2584; x_wconf 88' lang='lat' dir='ltr'><strong>erunt.</strong></span> 
     </span>
     <span class='ocr_line' id='line_1_32' title="bbox 673 2605 2244 2695; baseline -0.004 -20"><span class='ocrx_word' id='word_1_192' title='bbox 673 2608 965 2676; x_wconf 89' lang='lat' dir='ltr'><strong>Districte</strong></span> <span class='ocrx_word' id='word_1_193' title='bbox 998 2626 1148 2673; x_wconf 84' lang='lat' dir='ltr'><strong>vero</strong></span> <span class='ocrx_word' id='word_1_194' title='bbox 1196 2607 1540 2689; x_wconf 86' lang='lat' dir='ltr'><strong>iusserunt,</strong></span> <span class='ocrx_word' id='word_1_195' title='bbox 1573 2617 1644 2672; x_wconf 89' lang='lat' dir='ltr'><strong>ut</strong></span> <span class='ocrx_word' id='word_1_196' title='bbox 1687 2610 1967 2695; x_wconf 88' lang='lat' dir='ltr'><strong>Corpora</strong></span> <span class='ocrx_word' id='word_1_197' title='bbox 1996 2607 2078 2690; x_wconf 89' lang='lat' dir='ltr'><strong>ia,</strong></span> <span class='ocrx_word' id='word_1_198' title='bbox 2112 2605 2244 2671; x_wconf 88' lang='lat' dir='ltr'><strong>Pal-</strong></span> 
     </span>
     <span class='ocr_line' id='line_1_33' title="bbox 676 2691 2246 2781; baseline -0.004 -19"><span class='ocrx_word' id='word_1_199' title='bbox 676 2696 776 2763; x_wconf 88' lang='lat' dir='ltr'><strong>lae</strong></span> <span class='ocrx_word' id='word_1_200' title='bbox 798 2716 867 2762; x_wconf 89' lang='lat' dir='ltr'><strong>ac</strong></span> <span class='ocrx_word' id='word_1_201' title='bbox 891 2694 1337 2779; x_wconf 83' lang='lat' dir='ltr'><strong>Purificatoria,</strong></span> <span class='ocrx_word' id='word_1_202' title='bbox 1361 2705 1500 2781; x_wconf 84' lang='lat' dir='ltr'><strong>post</strong></span> <span class='ocrx_word' id='word_1_203' title='bbox 1532 2696 1587 2760; x_wconf 87' lang='lat' dir='ltr'><strong>la</strong></span> <span class='ocrx_word' id='word_1_204' title='bbox 1668 2713 1774 2760; x_wconf 90' lang='lat' dir='ltr'><strong>um</strong></span> <span class='ocrx_word' id='word_1_205' title='bbox 1801 2694 1986 2761; x_wconf 88' lang='lat' dir='ltr'><strong>unius</strong></span> <span class='ocrx_word' id='word_1_206' title='bbox 2010 2691 2246 2760; x_wconf 88' lang='lat' dir='ltr'><strong>mensis</strong></span> 
     </span>
     <span class='ocr_line' id='line_1_34' title="bbox 674 2782 2238 2871; baseline -0.004 -20"><span class='ocrx_word' id='word_1_207' title='bbox 674 2806 708 2851; x_wconf 89' lang='lat' dir='ltr'><strong>a</strong></span> <span class='ocrx_word' id='word_1_208' title='bbox 754 2783 1105 2871; x_wconf 90' lang='lat' dir='ltr'><strong>praesentis</strong></span> <span class='ocrx_word' id='word_1_209' title='bbox 1151 2782 1400 2848; x_wconf 87' lang='lat' dir='ltr'><strong>Decreti</strong></span> <span class='ocrx_word' id='word_1_210' title='bbox 1456 2785 1588 2868; x_wconf 86' lang='lat' dir='ltr'><strong>pub</strong></span> <span class='ocrx_word' id='word_1_211' title='bbox 1613 2782 1908 2865; x_wconf 89' lang='lat' dir='ltr'><strong>icatione,</strong></span> <span class='ocrx_word' id='word_1_212' title='bbox 1959 2782 2124 2848; x_wconf 82' lang='lat' dir='ltr'><strong>linea</strong></span> <span class='ocrx_word' id='word_1_213' title='bbox 2171 2800 2238 2845; x_wconf 89' lang='lat' dir='ltr'><strong>o·</strong></span> 
     </span>
    </p>
   </div>
   <div class='ocr_carea' id='block_1_8' title="bbox 676 2869 2256 2955">
    <p class='ocr_par' dir='ltr' id='par_1_9' title="bbox 676 2869 2256 2955">
     <span class='ocr_line' id='line_1_35' title="bbox 676 2869 2256 2955; baseline -0.003 -18"><span class='ocrx_word' id='word_1_214' title='bbox 676 2870 893 2937; x_wconf 89' lang='lat' dir='ltr'><strong>mnino</strong></span> <span class='ocrx_word' id='word_1_215' title='bbox 958 2870 1086 2936; x_wconf 90' lang='lat' dir='ltr'><strong>sint</strong></span> <span class='ocrx_word' id='word_1_216' title='bbox 1136 2871 1242 2936; x_wconf 83' lang='lat' dir='ltr'><strong>vel</strong></span> <span class='ocrx_word' id='word_1_217' title='bbox 1290 2887 1371 2935; x_wconf 81' lang='lat' dir='ltr'><strong>ex</strong></span> <span class='ocrx_word' id='word_1_218' title='bbox 1416 2871 1730 2955; x_wconf 89' lang='lat' dir='ltr'><strong>cannabe,</strong></span> <span class='ocrx_word' id='word_1_219' title='bbox 1780 2869 2121 2937; x_wconf 89' lang='lat' dir='ltr'><strong>interdicto</strong></span> <span class='ocrx_word' id='word_1_220' title='bbox 2178 2880 2256 2944; x_wconf 58' lang='lat' dir='ltr'><strong>et,</strong></span> 
     </span>
    </p>
   </div>
   <div class='ocr_carea' id='block_1_9' title="bbox 626 2957 2246 3903">
    <p class='ocr_par' dir='ltr' id='par_1_10' title="bbox 674 2957 2244 3291">
     <span class='ocr_line' id='line_1_36' title="bbox 675 2957 2244 3047; baseline -0.003 -22"><span class='ocrx_word' id='word_1_221' title='bbox 675 2958 875 3026; x_wconf 82' lang='lat' dir='ltr'><strong>vetito</strong></span> <span class='ocrx_word' id='word_1_222' title='bbox 922 2957 1186 3025; x_wconf 88' lang='lat' dir='ltr'><strong>aliorum</strong></span> <span class='ocrx_word' id='word_1_223' title='bbox 1218 2979 1337 3026; x_wconf 89' lang='lat' dir='ltr'><strong>usu</strong></span> <span class='ocrx_word' id='word_1_224' title='bbox 1368 2977 1529 3044; x_wconf 89' lang='lat' dir='ltr'><strong>quae</strong></span> <span class='ocrx_word' id='word_1_225' title='bbox 1576 2979 1653 3025; x_wconf 83' lang='lat' dir='ltr'><strong>ex</strong></span> <span class='ocrx_word' id='word_1_226' title='bbox 1700 2957 1973 3047; x_wconf 88' lang='lat' dir='ltr'><strong>gossipio</strong></span> <span class='ocrx_word' id='word_1_227' title='bbox 2017 2977 2244 3046; x_wconf 89' lang='lat' dir='ltr'><strong>super-</strong></span> 
     </span>
     <span class='ocr_line' id='line_1_37' title="bbox 675 3046 2243 3133; baseline -0.003 -19"><span class='ocrx_word' id='word_1_228' title='bbox 675 3059 955 3114; x_wconf 79' lang='lat' dir='ltr'><strong>erunt».</strong></span> <span class='ocrx_word' id='word_1_229' title='bbox 1017 3051 1097 3114; x_wconf 90' lang='lat' dir='ltr'><strong>Et</strong></span> <span class='ocrx_word' id='word_1_230' title='bbox 1143 3047 1225 3112; x_wconf 89' lang='lat' dir='ltr'><strong>ita</strong></span> <span class='ocrx_word' id='word_1_231' title='bbox 1268 3046 1699 3114; x_wconf 82' lang='lat' dir='ltr'><strong>decreverunt</strong></span> <span class='ocrx_word' id='word_1_232' title='bbox 1743 3069 1810 3114; x_wconf 89' lang='lat' dir='ltr'><strong>ac</strong></span> <span class='ocrx_word' id='word_1_233' title='bbox 1864 3046 2103 3133; x_wconf 86' lang='lat' dir='ltr'><strong>ubique</strong></span> <span class='ocrx_word' id='word_1_234' title='bbox 2153 3047 2243 3111; x_wconf 90' lang='lat' dir='ltr'><strong>lo-</strong></span> 
     </span>
     <span class='ocr_line' id='line_1_38' title="bbox 674 3133 2237 3223; baseline -0.002 -22"><span class='ocrx_word' id='word_1_235' title='bbox 674 3155 919 3218; x_wconf 89' lang='lat' dir='ltr'><strong>corum,</strong></span> <span class='ocrx_word' id='word_1_236' title='bbox 966 3135 1018 3201; x_wconf 90' lang='lat' dir='ltr'><strong>si</strong></span> <span class='ocrx_word' id='word_1_237' title='bbox 1066 3137 1259 3202; x_wconf 74' lang='lat' dir='ltr'><strong>ssmo</strong></span> <span class='ocrx_word' id='word_1_238' title='bbox 1303 3135 1569 3202; x_wconf 90' lang='lat' dir='ltr'><strong>Domino</strong></span> <span class='ocrx_word' id='word_1_239' title='bbox 1611 3138 1834 3202; x_wconf 82' lang='lat' dir='ltr'><strong>Nostro</strong></span> <span class='ocrx_word' id='word_1_240' title='bbox 1892 3133 2237 3223; x_wconf 81' lang='lat' dir='ltr'><strong>placuerit,</strong></span> 
     </span>
     <span class='ocr_line' id='line_1_39' title="bbox 674 3222 2078 3291; baseline -0.001 -3"><span class='ocrx_word' id='word_1_241' title='bbox 674 3224 912 3291; x_wconf 82' lang='lat' dir='ltr'><strong>servari</strong></span> <span class='ocrx_word' id='word_1_242' title='bbox 958 3225 1357 3291; x_wconf 88' lang='lat' dir='ltr'><strong>mandarunt.</strong></span> <span class='ocrx_word' id='word_1_243' title='bbox 1410 3222 1525 3289; x_wconf 89' lang='lat' dir='ltr'><strong>Die</strong></span> <span class='ocrx_word' id='word_1_244' title='bbox 1573 3228 1653 3290; x_wconf 69' lang='lat' dir='ltr'><strong>le</strong></span> <span class='ocrx_word' id='word_1_245' title='bbox 1699 3224 1834 3290; x_wconf 77' lang='lat' dir='ltr'><strong>Maii</strong></span> <span class='ocrx_word' id='word_1_246' title='bbox 1887 3226 2078 3291; x_wconf 77' lang='lat'><strong>¹819.</strong></span> 
     </span>
    </p>

    <p class='ocr_par' dir='ltr' id='par_1_11' title="bbox 626 3311 2246 3903">
     <span class='ocr_line' id='line_1_40' title="bbox 806 3311 2242 3398; baseline -0.003 -20"><span class='ocrx_word' id='word_1_247' title='bbox 806 3317 985 3378; x_wconf 85' lang='lat' dir='ltr'><strong>Facta</strong></span> <span class='ocrx_word' id='word_1_248' title='bbox 1030 3321 1245 3377; x_wconf 88' lang='lat' dir='ltr'><strong>autem</strong></span> <span class='ocrx_word' id='word_1_249' title='bbox 1277 3330 1398 3398; x_wconf 88' lang='lat' dir='ltr'><strong>per</strong></span> <span class='ocrx_word' id='word_1_250' title='bbox 1450 3329 1553 3378; x_wconf 90' lang='lat' dir='ltr'><strong>me</strong></span> <span class='ocrx_word' id='word_1_251' title='bbox 1587 3311 2015 3380; x_wconf 74' lang='lat' dir='ltr'><strong>secretarium</strong></span> <span class='ocrx_word' id='word_1_252' title='bbox 2047 3314 2242 3378; x_wconf 80' lang='lat' dir='ltr'><strong>ssmo</strong></span> 
     </span>
     <span class='ocr_line' id='line_1_41' title="bbox 674 3399 2243 3483; baseline -0.003 -17"><span class='ocrx_word' id='word_1_253' title='bbox 674 3400 937 3467; x_wconf 86' lang='lat' dir='ltr'><strong>Domino</strong></span> <span class='ocrx_word' id='word_1_254' title='bbox 983 3403 1209 3466; x_wconf 86' lang='lat' dir='ltr'><strong>Nostro</strong></span> <span class='ocrx_word' id='word_1_255' title='bbox 1256 3399 1590 3483; x_wconf 88' lang='lat' dir='ltr'><strong>relatione,</strong></span> <span class='ocrx_word' id='word_1_256' title='bbox 1641 3401 1942 3467; x_wconf 86' lang='lat' dir='ltr'><strong>Sanctitas</strong></span> <span class='ocrx_word' id='word_1_257' title='bbox 1973 3400 2093 3465; x_wconf 86' lang='lat' dir='ltr'><strong>Sua</strong></span> <span class='ocrx_word' id='word_1_258' title='bbox 2127 3402 2243 3464; x_wconf 88' lang='lat' dir='ltr'><strong>De-</strong></span> 
     </span>
     <span class='ocr_line' id='line_1_42' title="bbox 673 3486 2242 3575; baseline -0.003 -22"><span class='ocrx_word' id='word_1_259' title='bbox 673 3498 918 3553; x_wconf 89' lang='lat' dir='ltr'><strong>cretum</strong></span> <span class='ocrx_word' id='word_1_260' title='bbox 965 3489 1031 3554; x_wconf 89' lang='lat' dir='ltr'><strong>S.</strong></span> <span class='ocrx_word' id='word_1_261' title='bbox 1065 3491 1137 3554; x_wconf 87' lang='lat' dir='ltr'><strong>C.</strong></span> <span class='ocrx_word' id='word_1_262' title='bbox 1187 3486 1582 3573; x_wconf 79' lang='lat' dir='ltr'><strong>approbavit,</strong></span> <span class='ocrx_word' id='word_1_263' title='bbox 1619 3486 2015 3553; x_wconf 77' lang='lat' dir='ltr'><strong>confirmavit</strong></span> <span class='ocrx_word' id='word_1_264' title='bbox 2048 3486 2242 3575; x_wconf 80' lang='lat' dir='ltr'><strong>typis·</strong></span> 
     </span>
     <span class='ocr_line' id='line_1_43' title="bbox 626 3574 2246 3662; baseline -0.001 -22"><span class='ocrx_word' id='word_1_265' title='bbox 626 3580 796 3660; x_wconf 83' lang='lat' dir='ltr'><strong>·‘que</strong></span> <span class='ocrx_word' id='word_1_266' title='bbox 818 3575 1068 3640; x_wconf 92' lang='lat' dir='ltr'><strong>editum</strong></span> <span class='ocrx_word' id='word_1_267' title='bbox 1092 3574 1400 3660; x_wconf 89' lang='lat' dir='ltr'><strong>publicari</strong></span> <span class='ocrx_word' id='word_1_268' title='bbox 1425 3576 1751 3662; x_wconf 88' lang='lat' dir='ltr'><strong>praecepit</strong></span> <span class='ocrx_word' id='word_1_269' title='bbox 1771 3590 1788 3654; x_wconf 92' lang='grc'>;</span> <span class='ocrx_word' id='word_1_270' title='bbox 1823 3595 1894 3640; x_wconf 90' lang='lat' dir='ltr'><strong>ac</strong></span> <span class='ocrx_word' id='word_1_271' title='bbox 1913 3585 2246 3660; x_wconf 87' lang='lat' dir='ltr'><strong>praeterea</strong></span> 
     </span>
     <span class='ocr_line' id='line_1_44' title="bbox 675 3660 2244 3745; baseline -0.001 -19"><span class='ocrx_word' id='word_1_272' title='bbox 675 3662 876 3745; x_wconf 88' lang='lat' dir='ltr'><strong>iussit,</strong></span> <span class='ocrx_word' id='word_1_273' title='bbox 912 3672 981 3725; x_wconf 89' lang='lat' dir='ltr'><strong>ut</strong></span> <span class='ocrx_word' id='word_1_274' title='bbox 1028 3662 1313 3728; x_wconf 90' lang='lat' dir='ltr'><strong>locorum</strong></span> <span class='ocrx_word' id='word_1_275' title='bbox 1356 3660 1658 3727; x_wconf 89' lang='lat' dir='ltr'><strong>Ordinarii</strong></span> <span class='ocrx_word' id='word_1_276' title='bbox 1707 3663 1993 3728; x_wconf 90' lang='lat' dir='ltr'><strong>eiusdem</strong></span> <span class='ocrx_word' id='word_1_277' title='bbox 2029 3662 2244 3728; x_wconf 78' lang='lat' dir='ltr'><strong>obser·</strong></span> 
     </span>
     <span class='ocr_line' id='line_1_45' title="bbox 677 3747 2243 3817; baseline 0.001 -3"><span class='ocrx_word' id='word_1_278' title='bbox 677 3749 916 3814; x_wconf 86' lang='lat' dir='ltr'><strong>vantiae</strong></span> <span class='ocrx_word' id='word_1_279' title='bbox 960 3748 1187 3814; x_wconf 91' lang='lat' dir='ltr'><strong>sedulo</strong></span> <span class='ocrx_word' id='word_1_280' title='bbox 1236 3747 1628 3815; x_wconf 86' lang='lat' dir='ltr'><strong>incumbant.</strong></span> <span class='ocrx_word' id='word_1_281' title='bbox 1676 3749 1788 3816; x_wconf 89' lang='lat' dir='ltr'><strong>Die</strong></span> <span class='ocrx_word' id='word_1_282' title='bbox 1841 3754 1921 3817; x_wconf 78' lang='lat'><strong>¹8</strong></span> <span class='ocrx_word' id='word_1_283' title='bbox 1952 3749 2243 3817; x_wconf 85' lang='lat' dir='ltr'><strong>eiusdem</strong></span> 
     </span>
     <span class='ocr_line' id='line_1_46' title="bbox 678 3836 1231 3903; baseline -0.002 -1"><span class='ocrx_word' id='word_1_284' title='bbox 678 3836 908 3903; x_wconf 88' lang='lat' dir='ltr'><strong>mensis</strong></span> <span class='ocrx_word' id='word_1_285' title='bbox 955 3846 1022 3900; x_wconf 90' lang='lat' dir='ltr'><strong>et</strong></span> <span class='ocrx_word' id='word_1_286' title='bbox 1065 3837 1231 3901; x_wconf 88' lang='lat' dir='ltr'><strong>anni.</strong></span> 
     </span>
    </p>
   </div>
   <div class='ocr_carea' id='block_1_10' title="bbox 1149 4014 1773 4186">
    <p class='ocr_par' dir='ltr' id='par_1_12' title="bbox 1149 4014 1773 4186">
     <span class='ocr_line' id='line_1_47' title="bbox 1248 4014 1655 4079; baseline -0.002 0"><span class='ocrx_word' id='word_1_287' title='bbox 1248 4014 1655 4079; x_wconf 83' lang='lat' dir='ltr'><strong>BONONIEN.</strong></span> 
     </span>
     <span class='ocr_line' id='line_1_48' title="bbox 1149 4119 1773 4186; baseline 0.002 -1"><span class='ocrx_word' id='word_1_288' title='bbox 1149 4119 1773 4186; x_wconf 76' lang='lat' dir='ltr'><strong>CONCORDIAE.</strong></span> 
     </span>
    </p>
   </div>
   <div class='ocr_carea' id='block_1_11' title="bbox 676 4275 2251 4804">
    <p class='ocr_par' dir='ltr' id='par_1_13' title="bbox 676 4275 2251 4804">
     <span class='ocr_line' id='line_1_49' title="bbox 800 4275 2240 4366; baseline -0.001 -22"><span class='ocrx_word' id='word_1_289' title='bbox 800 4279 1004 4355; x_wconf 85' lang='lat' dir='ltr'><strong>Quum</strong></span> <span class='ocrx_word' id='word_1_290' title='bbox 1059 4275 1459 4362; x_wconf 87' lang='lat' dir='ltr'><strong>quaestiones</strong></span> <span class='ocrx_word' id='word_1_291' title='bbox 1524 4287 1779 4343; x_wconf 80' lang='lat' dir='ltr'><strong>exortae</strong></span> <span class='ocrx_word' id='word_1_292' title='bbox 1841 4277 2003 4343; x_wconf 89' lang='lat' dir='ltr'><strong>inter</strong></span> <span class='ocrx_word' id='word_1_293' title='bbox 2063 4279 2240 4366; x_wconf 88' lang='lat' dir='ltr'><strong>Capi-</strong></span> 
     </span>
     <span class='ocr_line' id='line_1_50' title="bbox 676 4363 2250 4451; baseline 0.001 -20"><span class='ocrx_word' id='word_1_294' title='bbox 676 4368 880 4431; x_wconf 91' lang='lat' dir='ltr'><strong>tulum</strong></span> <span class='ocrx_word' id='word_1_295' title='bbox 914 4376 976 4431; x_wconf 92' lang='lat' dir='ltr'><strong>et</strong></span> <span class='ocrx_word' id='word_1_296' title='bbox 1007 4363 1350 4432; x_wconf 81' lang='lat' dir='ltr'><strong>canonicos</strong></span> <span class='ocrx_word' id='word_1_297' title='bbox 1390 4364 1654 4449; x_wconf 79' lang='lat' dir='ltr'><strong>Insignis</strong></span> <span class='ocrx_word' id='word_1_298' title='bbox 1701 4366 2087 4451; x_wconf 78' lang='lat' dir='ltr'><strong>collegiatae</strong></span> <span class='ocrx_word' id='word_1_299' title='bbox 2137 4372 2250 4432; x_wconf 79' lang='lat' dir='ltr'><strong>Ec·</strong></span> 
     </span>
     <span class='ocr_line' id='line_1_51' title="bbox 677 4452 2247 4537; baseline -0.001 -17"><span class='ocrx_word' id='word_1_300' title='bbox 677 4452 905 4520; x_wconf 84' lang='lat' dir='ltr'><strong>clesiae</strong></span> <span class='ocrx_word' id='word_1_301' title='bbox 950 4456 1014 4520; x_wconf 88' lang='lat' dir='ltr'><strong>S.</strong></span> <span class='ocrx_word' id='word_1_302' title='bbox 1052 4452 1324 4519; x_wconf 87' lang='lat' dir='ltr'><strong>Petronii</strong></span> <span class='ocrx_word' id='word_1_303' title='bbox 1367 4453 1682 4518; x_wconf 85' lang='lat' dir='ltr'><strong>Bononiae</strong></span> <span class='ocrx_word' id='word_1_304' title='bbox 1714 4472 1794 4518; x_wconf 87' lang='lat' dir='ltr'><strong>ox</strong></span> <span class='ocrx_word' id='word_1_305' title='bbox 1831 4473 1974 4537; x_wconf 89' lang='lat' dir='ltr'><strong>una,</strong></span> <span class='ocrx_word' id='word_1_306' title='bbox 2010 4466 2076 4519; x_wconf 91' lang='lat' dir='ltr'><strong>et</strong></span> <span class='ocrx_word' id='word_1_307' title='bbox 2119 4454 2247 4519; x_wconf 88' lang='lat' dir='ltr'><strong>Pri-</strong></span> 
     </span>
     <span class='ocr_line' id='line_1_52' title="bbox 680 4540 2250 4629; baseline 0.001 -22"><span class='ocrx_word' id='word_1_308' title='bbox 680 4541 1009 4629; x_wconf 89' lang='lat' dir='ltr'><strong>micerium</strong></span> <span class='ocrx_word' id='word_1_309' title='bbox 1059 4542 1326 4626; x_wconf 87' lang='lat' dir='ltr'><strong>primam</strong></span> <span class='ocrx_word' id='word_1_310' title='bbox 1360 4540 1741 4627; x_wconf 80' lang='lat' dir='ltr'><strong>Dignitatem</strong></span> <span class='ocrx_word' id='word_1_311' title='bbox 1774 4540 2060 4607; x_wconf 87' lang='lat' dir='ltr'><strong>eiusdem</strong></span> <span class='ocrx_word' id='word_1_312' title='bbox 2107 4543 2250 4608; x_wconf 88' lang='lat' dir='ltr'><strong>Col·</strong></span> 
     </span>
     <span class='ocr_line' id='line_1_53' title="bbox 680 4627 2249 4717; baseline 0.001 -22"><span class='ocrx_word' id='word_1_313' title='bbox 680 4630 948 4716; x_wconf 78' lang='lat' dir='ltr'><strong>legiatae</strong></span> <span class='ocrx_word' id='word_1_314' title='bbox 992 4627 1277 4717; x_wconf 87' lang='lat' dir='ltr'><strong>partibus</strong></span> <span class='ocrx_word' id='word_1_315' title='bbox 1325 4648 1406 4694; x_wconf 81' lang='lat' dir='ltr'><strong>ex</strong></span> <span class='ocrx_word' id='word_1_316' title='bbox 1452 4633 1674 4711; x_wconf 79' lang='lat' dir='ltr'><strong>altera,</strong></span> <span class='ocrx_word' id='word_1_317' title='bbox 1723 4630 1886 4694; x_wconf 87' lang='lat' dir='ltr'><strong>circa</strong></span> <span class='ocrx_word' id='word_1_318' title='bbox 1945 4631 2249 4715; x_wconf 86' lang='lat' dir='ltr'><strong>quasdam</strong></span> 
     </span>
     <span class='ocr_line' id='line_1_54' title="bbox 678 4715 2251 4804; baseline -0.002 -18"><span class='ocrx_word' id='word_1_319' title='bbox 678 4715 1187 4786; x_wconf 89' lang='lat' dir='ltr'><strong>honorificentias</strong></span> <span class='ocrx_word' id='word_1_320' title='bbox 1235 4727 1298 4782; x_wconf 91' lang='lat' dir='ltr'><strong>et</strong></span> <span class='ocrx_word' id='word_1_321' title='bbox 1344 4715 1832 4804; x_wconf 63' lang='lat' dir='ltr'><strong>praerogativam,</strong></span> <span class='ocrx_word' id='word_1_322' title='bbox 1866 4736 2030 4803; x_wconf 86' lang='lat' dir='ltr'><strong>quas</strong></span> <span class='ocrx_word' id='word_1_323' title='bbox 2079 4719 2251 4785; x_wconf 89' lang='lat' dir='ltr'><strong>idem</strong></span> 
     </span>
    </p>
   </div>
   <div class='ocr_carea' id='block_1_12' title="bbox 2015 4014 2240 4100">
    <p class='ocr_par' dir='ltr' id='par_1_14' title="bbox 2015 4014 2240 4100">
     <span class='ocr_line' id='line_1_55' title="bbox 2015 4014 2240 4100; baseline 0 -19"><span class='ocrx_word' id='word_1_324' title='bbox 2015 4014 2240 4100; x_wconf 68' lang='lat'>(4564)</span> 
     </span>
    </p>
   </div>
   <div class='ocr_carea' id='block_1_13' title="bbox 2335 1203 3902 2000">
    <p class='ocr_par' dir='ltr' id='par_1_15' title="bbox 2335 1203 3902 1816">
     <span class='ocr_line' id='line_1_56' title="bbox 2339 1203 3898 1286; baseline 0.002 -19"><span class='ocrx_word' id='word_1_325' title='bbox 2339 1203 2613 1286; x_wconf 89' lang='lat' dir='ltr'><strong>modiae,</strong></span> <span class='ocrx_word' id='word_1_326' title='bbox 2665 1213 2815 1268; x_wconf 90' lang='lat' dir='ltr'><strong>tunc</strong></span> <span class='ocrx_word' id='word_1_327' title='bbox 2861 1204 3213 1270; x_wconf 89' lang='lat' dir='ltr'><strong>secundum</strong></span> <span class='ocrx_word' id='word_1_328' title='bbox 3261 1221 3508 1272; x_wconf 87' lang='lat' dir='ltr'><strong>morem</strong></span> <span class='ocrx_word' id='word_1_329' title='bbox 3555 1214 3898 1270; x_wconf 77' lang='lat' dir='ltr'><strong>antecesso-</strong></span> 
     </span>
     <span class='ocr_line' id='line_1_57' title="bbox 2335 1290 3899 1378; baseline -0.001 -22"><span class='ocrx_word' id='word_1_330' title='bbox 2335 1309 2479 1357; x_wconf 89' lang='lat' dir='ltr'><strong>rum</strong></span> <span class='ocrx_word' id='word_1_331' title='bbox 2524 1307 2812 1372; x_wconf 88' lang='lat' dir='ltr'><strong>suorum‚</strong></span> <span class='ocrx_word' id='word_1_332' title='bbox 2863 1290 3228 1376; x_wconf 84' lang='lat' dir='ltr'><strong>expectabit</strong></span> <span class='ocrx_word' id='word_1_333' title='bbox 3273 1311 3474 1378; x_wconf 85' lang='lat' dir='ltr'><strong>usque</strong></span> <span class='ocrx_word' id='word_1_334' title='bbox 3538 1293 3697 1359; x_wconf 86' lang='lat' dir='ltr'><strong>dum</strong></span> <span class='ocrx_word' id='word_1_335' title='bbox 3740 1301 3899 1358; x_wconf 84' lang='lat' dir='ltr'><strong>stent</strong></span> 
     </span>
     <span class='ocr_line' id='line_1_58' title="bbox 2340 1378 3902 1466; baseline 0.001 -24"><span class='ocrx_word' id='word_1_336' title='bbox 2340 1396 2584 1445; x_wconf 87' lang='lat' dir='ltr'><strong>omnes.</strong></span> <span class='ocrx_word' id='word_1_337' title='bbox 2643 1380 2822 1456; x_wconf 86' lang='lat' dir='ltr'><strong>Quod</strong></span> <span class='ocrx_word' id='word_1_338' title='bbox 2871 1379 2922 1444; x_wconf 89' lang='lat' dir='ltr'><strong>si</strong></span> <span class='ocrx_word' id='word_1_339' title='bbox 2968 1379 3290 1466; x_wconf 84' lang='lat' dir='ltr'><strong>contingat</strong></span> <span class='ocrx_word' id='word_1_340' title='bbox 3346 1380 3437 1466; x_wconf 90' lang='lat' dir='ltr'><strong>(id</strong></span> <span class='ocrx_word' id='word_1_341' title='bbox 3492 1397 3654 1447; x_wconf 78' lang='lat' dir='ltr'><strong>vero</strong></span> <span class='ocrx_word' id='word_1_342' title='bbox 3719 1378 3902 1445; x_wconf 78' lang='lat' dir='ltr'><strong>vitare</strong></span> 
     </span>
     <span class='ocr_line' id='line_1_59' title="bbox 2338 1465 3900 1555; baseline 0 -23"><span class='ocrx_word' id='word_1_343' title='bbox 2338 1467 2606 1552; x_wconf 86' lang='lat' dir='ltr'><strong>curabit)</strong></span> <span class='ocrx_word' id='word_1_344' title='bbox 2655 1477 2726 1531; x_wconf 90' lang='lat' dir='ltr'><strong>ut</strong></span> <span class='ocrx_word' id='word_1_345' title='bbox 2772 1465 3168 1555; x_wconf 80' lang='lat' dir='ltr'><strong>ingrediatur</strong></span> <span class='ocrx_word' id='word_1_346' title='bbox 3193 1466 3506 1551; x_wconf 79' lang='lat' dir='ltr'><strong>chorum,</strong></span> <span class='ocrx_word' id='word_1_347' title='bbox 3541 1466 3900 1534; x_wconf 80' lang='lat' dir='ltr'><strong>sedentibus</strong></span> 
     </span>
     <span class='ocr_line' id='line_1_60' title="bbox 2339 1552 3900 1642; baseline -0.001 -23"><span class='ocrx_word' id='word_1_348' title='bbox 2339 1554 2596 1637; x_wconf 73' lang='lat' dir='ltr'><strong>ceteriS‚</strong></span> <span class='ocrx_word' id='word_1_349' title='bbox 2637 1565 2784 1620; x_wconf 90' lang='lat' dir='ltr'><strong>tunc</strong></span> <span class='ocrx_word' id='word_1_350' title='bbox 2817 1552 3109 1622; x_wconf 83' lang='lat' dir='ltr'><strong>canonici</strong></span> <span class='ocrx_word' id='word_1_351' title='bbox 3155 1566 3446 1642; x_wconf 84' lang='lat' dir='ltr'><strong>surgent,</strong></span> <span class='ocrx_word' id='word_1_352' title='bbox 3495 1573 3620 1622; x_wconf 86' lang='lat' dir='ltr'><strong>nec</strong></span> <span class='ocrx_word' id='word_1_353' title='bbox 3681 1555 3900 1619; x_wconf 83' lang='lat' dir='ltr'><strong>iterum</strong></span> 
     </span>
     <span class='ocr_line' id='line_1_61' title="bbox 2341 1641 3901 1730; baseline 0 -25"><span class='ocrx_word' id='word_1_354' title='bbox 2341 1641 2515 1729; x_wconf 78' lang='lat' dir='ltr'><strong>prius</strong></span> <span class='ocrx_word' id='word_1_355' title='bbox 2581 1641 2885 1726; x_wconf 82' lang='lat' dir='ltr'><strong>sedeant,</strong></span> <span class='ocrx_word' id='word_1_356' title='bbox 2948 1657 3138 1727; x_wconf 86' lang='lat' dir='ltr'><strong>quam</strong></span> <span class='ocrx_word' id='word_1_357' title='bbox 3179 1643 3579 1710; x_wconf 88' lang='lat' dir='ltr'><strong>Primicerius</strong></span> <span class='ocrx_word' id='word_1_358' title='bbox 3637 1643 3806 1730; x_wconf 81' lang='lat' dir='ltr'><strong>ipsos</strong></span> <span class='ocrx_word' id='word_1_359' title='bbox 3849 1641 3901 1705; x_wconf 91' lang='lat' dir='ltr'><strong>in</strong></span> 
     </span>
     <span class='ocr_line' id='line_1_62' title="bbox 2340 1728 3577 1816; baseline 0.002 -23"><span class='ocrx_word' id='word_1_360' title='bbox 2340 1729 2527 1816; x_wconf 89' lang='lat' dir='ltr'><strong>plano</strong></span> <span class='ocrx_word' id='word_1_361' title='bbox 2575 1728 2754 1794; x_wconf 90' lang='lat' dir='ltr'><strong>chori</strong></span> <span class='ocrx_word' id='word_1_362' title='bbox 2800 1730 2945 1796; x_wconf 87' lang='lat' dir='ltr'><strong>hinc</strong></span> <span class='ocrx_word' id='word_1_363' title='bbox 2992 1729 3143 1795; x_wconf 87' lang='lat' dir='ltr'><strong>inde</strong></span> <span class='ocrx_word' id='word_1_364' title='bbox 3189 1730 3577 1797; x_wconf 79' lang='lat' dir='ltr'><strong>salutaverit.</strong></span> 
     </span>
    </p>

    <p class='ocr_par' dir='ltr' id='par_1_16' title="bbox 2337 1817 3900 2000">
     <span class='ocr_line' id='line_1_63' title="bbox 2471 1817 3900 1904; baseline -0.001 -22"><span class='ocrx_word' id='word_1_365' title='bbox 2471 1819 2539 1882; x_wconf 80' lang='lat'><strong>2.</strong></span> <span class='ocrx_word' id='word_1_366' title='bbox 2585 1817 2950 1883; x_wconf 80' lang='lat' dir='ltr'><strong>Admittunt</strong></span> <span class='ocrx_word' id='word_1_367' title='bbox 3017 1818 3305 1886; x_wconf 82' lang='lat' dir='ltr'><strong>Canonici</strong></span> <span class='ocrx_word' id='word_1_368' title='bbox 3374 1819 3544 1904; x_wconf 86' lang='lat' dir='ltr'><strong>quod</strong></span> <span class='ocrx_word' id='word_1_369' title='bbox 3615 1819 3685 1884; x_wconf 89' lang='lat' dir='ltr'><strong>in</strong></span> <span class='ocrx_word' id='word_1_370' title='bbox 3730 1817 3900 1883; x_wconf 84' lang='lat' dir='ltr'><strong>solle-</strong></span> 
     </span>
     <span class='ocr_line' id='line_1_64' title="bbox 2337 1901 3900 2000; baseline -0.001 -30"><span class='ocrx_word' id='word_1_371' title='bbox 2337 1901 2703 1970; x_wconf 89' lang='lat' dir='ltr'><strong>mnitatibus</strong></span> <span class='ocrx_word' id='word_1_372' title='bbox 2748 1905 3058 1971; x_wconf 86' lang='lat' dir='ltr'><strong>tribuatur</strong></span> <span class='ocrx_word' id='word_1_373' title='bbox 3079 1906 3443 1974; x_wconf 78' lang='lat' dir='ltr'><strong>Pr&#39;tmicerio</strong></span> <span class='ocrx_word' id='word_1_374' title='bbox 3469 1905 3734 1971; x_wconf 84' lang='lat' dir='ltr'><strong>honoris</strong></span> <span class='ocrx_word' id='word_1_375' title='bbox 3759 1921 3900 2000; x_wconf 40' lang='lat' dir='ltr'><strong>¹ergo</strong></span> 
     </span>
    </p>
   </div>
   <div class='ocr_carea' id='block_1_14' title="bbox 2306 1991 3984 2082">
    <p class='ocr_par' dir='ltr' id='par_1_17' title="bbox 2306 1991 3984 2082">
     <span class='ocr_line' id='line_1_65' title="bbox 2306 1991 3984 2082; baseline -0.004 -24"><span class='ocrx_word' id='word_1_376' title='bbox 2306 1992 2632 2082; x_wconf 46' lang='lat' dir='ltr'><strong>‚pulvinar</strong></span> <span class='ocrx_word' id='word_1_377' title='bbox 2679 2011 2760 2057; x_wconf 78' lang='lat' dir='ltr'><strong>ex</strong></span> <span class='ocrx_word' id='word_1_378' title='bbox 2802 2012 3010 2079; x_wconf 89' lang='lat' dir='ltr'><strong>panno</strong></span> <span class='ocrx_word' id='word_1_379' title='bbox 3077 1992 3303 2060; x_wconf 83' lang='lat' dir='ltr'><strong>laneo:</strong></span> <span class='ocrx_word' id='word_1_380' title='bbox 3366 1993 3499 2077; x_wconf 73' lang='lat' dir='ltr'><strong>aliis</strong></span> <span class='ocrx_word' id='word_1_381' title='bbox 3546 1991 3816 2074; x_wconf 88' lang='lat' dir='ltr'><strong>diebus,</strong></span> <span class='ocrx_word' id='word_1_382' title='bbox 3857 2010 3899 2054; x_wconf 77' lang='lat' dir='ltr'><strong>si</strong></span> <span class='ocrx_word' id='word_1_383' title='bbox 3983 2039 3984 2052; x_wconf 67' lang='grc'>,</span> 
     </span>
    </p>
   </div>
   <div class='ocr_carea' id='block_1_15' title="bbox 2339 2077 3984 4720">
    <p class='ocr_par' dir='ltr' id='par_1_18' title="bbox 2339 2077 3901 2234">
     <span class='ocr_line' id='line_1_66' title="bbox 2343 2077 3901 2167; baseline -0.004 -20"><span class='ocrx_word' id='word_1_384' title='bbox 2343 2079 2550 2147; x_wconf 86' lang='lat' dir='ltr'><strong>Choro</strong></span> <span class='ocrx_word' id='word_1_385' title='bbox 2597 2080 3044 2165; x_wconf 77' lang='lat' dir='ltr'><strong>ipseassistat,</strong></span> <span class='ocrx_word' id='word_1_386' title='bbox 3094 2077 3239 2146; x_wconf 86' lang='lat' dir='ltr'><strong>satis</strong></span> <span class='ocrx_word' id='word_1_387' title='bbox 3306 2081 3530 2149; x_wconf 86' lang='lat' dir='ltr'><strong>habeat</strong></span> <span class='ocrx_word' id='word_1_388' title='bbox 3595 2080 3664 2147; x_wconf 89' lang='lat' dir='ltr'><strong>in</strong></span> <span class='ocrx_word' id='word_1_389' title='bbox 3713 2081 3901 2167; x_wconf 88' lang='lat' dir='ltr'><strong>primo</strong></span> 
     </span>
     <span class='ocr_line' id='line_1_67' title="bbox 2339 2167 2875 2234; baseline 0 -2"><span class='ocrx_word' id='word_1_390' title='bbox 2339 2167 2526 2232; x_wconf 86' lang='lat' dir='ltr'><strong>stalle</strong></span> <span class='ocrx_word' id='word_1_391' title='bbox 2570 2167 2875 2234; x_wconf 83' lang='lat' dir='ltr'><strong>assidere.</strong></span> 
     </span>
    </p>

    <p class='ocr_par' dir='ltr' id='par_1_19' title="bbox 2340 2253 3984 2772">
     <span class='ocr_line' id='line_1_68' title="bbox 2472 2253 3984 2340; baseline -0.001 -19"><span class='ocrx_word' id='word_1_392' title='bbox 2472 2258 2538 2321; x_wconf 85' lang='lat'><strong>3.</strong></span> <span class='ocrx_word' id='word_1_393' title='bbox 2588 2260 2812 2322; x_wconf 83' lang='lat' dir='ltr'><strong>Ratum</strong></span> <span class='ocrx_word' id='word_1_394' title='bbox 2845 2265 2941 2320; x_wconf 82' lang='lat' dir='ltr'><strong>est</strong></span> <span class='ocrx_word' id='word_1_395' title='bbox 2987 2256 3160 2340; x_wconf 86' lang='lat' dir='ltr'><strong>quod</strong></span> <span class='ocrx_word' id='word_1_396' title='bbox 3205 2256 3454 2324; x_wconf 78' lang='lat' dir='ltr'><strong>Chorus</strong></span> <span class='ocrx_word' id='word_1_397' title='bbox 3487 2253 3773 2328; x_wconf 83' lang='lat' dir='ltr'><strong>inchoari</strong></span> <span class='ocrx_word' id='word_1_398' title='bbox 3801 2253 3900 2320; x_wconf 84' lang='lat' dir='ltr'><strong>de·</strong></span> <span class='ocrx_word' id='word_1_399' title='bbox 3983 2277 3984 2286; x_wconf 50' lang='lat'>¹</span> 
     </span>
     <span class='ocr_line' id='line_1_69' title="bbox 2342 2342 3900 2430; baseline -0.004 -19"><span class='ocrx_word' id='word_1_400' title='bbox 2342 2345 2485 2411; x_wconf 88' lang='lat' dir='ltr'><strong>beat</strong></span> <span class='ocrx_word' id='word_1_401' title='bbox 2531 2344 2608 2410; x_wconf 88' lang='lat' dir='ltr'><strong>ab</strong></span> <span class='ocrx_word' id='word_1_402' title='bbox 2655 2362 2726 2408; x_wconf 86' lang='lat' dir='ltr'><strong>ea</strong></span> <span class='ocrx_word' id='word_1_403' title='bbox 2769 2351 2978 2429; x_wconf 84' lang='lat' dir='ltr'><strong>parte,</strong></span> <span class='ocrx_word' id='word_1_404' title='bbox 3013 2345 3114 2409; x_wconf 90' lang='lat' dir='ltr'><strong>cui</strong></span> <span class='ocrx_word' id='word_1_405' title='bbox 3163 2345 3472 2430; x_wconf 89' lang='lat' dir='ltr'><strong>competit</strong></span> <span class='ocrx_word' id='word_1_406' title='bbox 3497 2345 3676 2410; x_wconf 83' lang='lat' dir='ltr'><strong>iuxta</strong></span> <span class='ocrx_word' id='word_1_407' title='bbox 3709 2342 3900 2409; x_wconf 81' lang='lat' dir='ltr'><strong>vicem</strong></span> 
     </span>
     <span class='ocr_line' id='line_1_70' title="bbox 2340 2429 3900 2518; baseline -0.003 -20"><span class='ocrx_word' id='word_1_408' title='bbox 2340 2430 2916 2498; x_wconf 83' lang='lat' dir='ltr'><strong>hebdomadariam.</strong></span> <span class='ocrx_word' id='word_1_409' title='bbox 2954 2431 3410 2498; x_wconf 78' lang='lat' dir='ltr'><strong>intonationem</strong></span> <span class='ocrx_word' id='word_1_410' title='bbox 3433 2450 3591 2499; x_wconf 78' lang='lat' dir='ltr'><strong>vero</strong></span> <span class='ocrx_word' id='word_1_411' title='bbox 3625 2429 3900 2518; x_wconf 84' lang='lat' dir='ltr'><strong>antipho·</strong></span> 
     </span>
     <span class='ocr_line' id='line_1_71' title="bbox 2341 2520 3984 2605; baseline -0.003 -20"><span class='ocrx_word' id='word_1_412' title='bbox 2341 2537 2586 2600; x_wconf 87' lang='lat' dir='ltr'><strong>narum,</strong></span> <span class='ocrx_word' id='word_1_413' title='bbox 2637 2520 2923 2585; x_wconf 87' lang='lat' dir='ltr'><strong>osculum</strong></span> <span class='ocrx_word' id='word_1_414' title='bbox 2974 2520 3148 2605; x_wconf 89' lang='lat' dir='ltr'><strong>pacis</strong></span> <span class='ocrx_word' id='word_1_415' title='bbox 3209 2529 3272 2585; x_wconf 91' lang='lat' dir='ltr'><strong>et</strong></span> <span class='ocrx_word' id='word_1_416' title='bbox 3332 2520 3832 2587; x_wconf 87' lang='lat' dir='ltr'><strong>incensationem</strong></span> <span class='ocrx_word' id='word_1_417' title='bbox 3875 2535 3903 2580; x_wconf 78' lang='lat' dir='ltr'><strong>a</strong></span> <span class='ocrx_word' id='word_1_418' title='bbox 3983 2541 3984 2548; x_wconf 45' lang='lat'>¹</span> 
     </span>
     <span class='ocr_line' id='line_1_72' title="bbox 2341 2605 3897 2697; baseline -0.002 -27"><span class='ocrx_word' id='word_1_419' title='bbox 2341 2618 2522 2694; x_wconf 86' lang='lat' dir='ltr'><strong>parte</strong></span> <span class='ocrx_word' id='word_1_420' title='bbox 2547 2605 2854 2692; x_wconf 84' lang='lat' dir='ltr'><strong>dignioris</strong></span> <span class='ocrx_word' id='word_1_421' title='bbox 2901 2608 3251 2694; x_wconf 88' lang='lat' dir='ltr'><strong>praesentis</strong></span> <span class='ocrx_word' id='word_1_422' title='bbox 3298 2607 3731 2697; x_wconf 82' lang='lat' dir='ltr'><strong>incipiendam</strong></span> <span class='ocrx_word' id='word_1_423' title='bbox 3777 2621 3897 2671; x_wconf 84' lang='lat' dir='ltr'><strong>esse</strong></span> 
     </span>
     <span class='ocr_line' id='line_1_73' title="bbox 2344 2694 3984 2772; baseline -0.001 -12"><span class='ocrx_word' id='word_1_424' title='bbox 2344 2694 2772 2761; x_wconf 87' lang='lat' dir='ltr'><strong>constituitur.</strong></span> <span class='ocrx_word' id='word_1_425' title='bbox 3983 2759 3984 2772; x_wconf 56' lang='grc'>,</span> 
     </span>
    </p>

    <p class='ocr_par' dir='ltr' id='par_1_20' title="bbox 2340 2783 3984 3135">
     <span class='ocr_line' id='line_1_74' title="bbox 2473 2783 3900 2868; baseline -0.004 -19"><span class='ocrx_word' id='word_1_426' title='bbox 2473 2786 2535 2849; x_wconf 58' lang='lat' dir='ltr'><strong>fi.</strong></span> <span class='ocrx_word' id='word_1_427' title='bbox 2587 2787 2985 2849; x_wconf 81' lang='lat' dir='ltr'><strong>conventum</strong></span> <span class='ocrx_word' id='word_1_428' title='bbox 3019 2793 3114 2848; x_wconf 92' lang='lat' dir='ltr'><strong>est</strong></span> <span class='ocrx_word' id='word_1_429' title='bbox 3160 2796 3231 2849; x_wconf 92' lang='lat' dir='ltr'><strong>ut</strong></span> <span class='ocrx_word' id='word_1_430' title='bbox 3263 2783 3658 2868; x_wconf 79' lang='lat' dir='ltr'><strong>Pri&#39;micerio,</strong></span> <span class='ocrx_word' id='word_1_431' title='bbox 3697 2791 3900 2868; x_wconf 86' lang='lat' dir='ltr'><strong>utpote</strong></span> 
     </span>
     <span class='ocr_line' id='line_1_75' title="bbox 2343 2867 3984 2957; baseline -0.002 -22"><span class='ocrx_word' id='word_1_432' title='bbox 2343 2869 2587 2956; x_wconf 85' lang='lat' dir='ltr'><strong>primae</strong></span> <span class='ocrx_word' id='word_1_433' title='bbox 2642 2869 2934 2956; x_wconf 88' lang='lat' dir='ltr'><strong>dignitati</strong></span> <span class='ocrx_word' id='word_1_434' title='bbox 2981 2870 3276 2957; x_wconf 88' lang='lat' dir='ltr'><strong>Capituli,</strong></span> <span class='ocrx_word' id='word_1_435' title='bbox 3328 2882 3503 2939; x_wconf 86' lang='lat' dir='ltr'><strong>terna</strong></span> <span class='ocrx_word' id='word_1_436' title='bbox 3573 2867 3901 2939; x_wconf 84' lang='lat' dir='ltr'><strong>incensatio</strong></span> <span class='ocrx_word' id='word_1_437' title='bbox 3983 2877 3984 2882; x_wconf 76' lang='grc'>’</span> 
     </span>
     <span class='ocr_line' id='line_1_76' title="bbox 2340 2955 3900 3045; baseline -0.001 -21"><span class='ocrx_word' id='word_1_438' title='bbox 2340 2957 2688 3039; x_wconf 87' lang='lat' dir='ltr'><strong>tribuatur;</strong></span> <span class='ocrx_word' id='word_1_439' title='bbox 2737 2959 2856 3025; x_wconf 89' lang='lat' dir='ltr'><strong>nisi</strong></span> <span class='ocrx_word' id='word_1_440' title='bbox 2903 2959 3153 3045; x_wconf 86' lang='lat' dir='ltr'><strong>quando</strong></span> <span class='ocrx_word' id='word_1_441' title='bbox 3199 2959 3543 3027; x_wconf 80' lang='lat' dir='ltr'><strong>cardinalis</strong></span> <span class='ocrx_word' id='word_1_442' title='bbox 3589 2955 3900 3043; x_wconf 77' lang='lat' dir='ltr'><strong>Archiepi·</strong></span> 
     </span>
     <span class='ocr_line' id='line_1_77' title="bbox 2343 3046 3548 3135; baseline -0.002 -22"><span class='ocrx_word' id='word_1_443' title='bbox 2343 3065 2571 3135; x_wconf 86' lang='lat' dir='ltr'><strong>scopus</strong></span> <span class='ocrx_word' id='word_1_444' title='bbox 2617 3046 2722 3113; x_wconf 79' lang='lat' dir='ltr'><strong>vel</strong></span> <span class='ocrx_word' id='word_1_445' title='bbox 2770 3046 3115 3114; x_wconf 77' lang='lat' dir='ltr'><strong>cardinalis</strong></span> <span class='ocrx_word' id='word_1_446' title='bbox 3158 3047 3319 3114; x_wconf 88' lang='lat' dir='ltr'><strong>alius</strong></span> <span class='ocrx_word' id='word_1_447' title='bbox 3363 3047 3548 3116; x_wconf 89' lang='lat' dir='ltr'><strong>adsit.</strong></span> 
     </span>
    </p>

    <p class='ocr_par' dir='ltr' id='par_1_21' title="bbox 2343 3130 3984 3753">
     <span class='ocr_line' id='line_1_78' title="bbox 2478 3130 3984 3222; baseline -0.001 -22"><span class='ocrx_word' id='word_1_448' title='bbox 2478 3140 2542 3200; x_wconf 75' lang='grc' dir='ltr'><strong>δ.</strong></span> <span class='ocrx_word' id='word_1_449' title='bbox 2579 3139 2736 3201; x_wconf 88' lang='lat' dir='ltr'><strong>ltem</strong></span> <span class='ocrx_word' id='word_1_450' title='bbox 2768 3136 3089 3220; x_wconf 87' lang='lat' dir='ltr'><strong>statuitur,</strong></span> <span class='ocrx_word' id='word_1_451' title='bbox 3127 3146 3197 3202; x_wconf 93' lang='lat' dir='ltr'><strong>ut</strong></span> <span class='ocrx_word' id='word_1_452' title='bbox 3226 3136 3476 3222; x_wconf 85' lang='lat' dir='ltr'><strong>quoties</strong></span> <span class='ocrx_word' id='word_1_453' title='bbox 3513 3130 3902 3201; x_wconf 73' lang='lat' dir='ltr'><strong>primicerius</strong></span> <span class='ocrx_word' id='word_1_454' title='bbox 3983 3196 3984 3199; x_wconf 74' lang='grc'>,</span> 
     </span>
     <span class='ocr_line' id='line_1_79' title="bbox 2347 3219 3901 3308; baseline -0.005 -20"><span class='ocrx_word' id='word_1_455' title='bbox 2347 3223 2412 3288; x_wconf 93' lang='lat' dir='ltr'><strong>in</strong></span> <span class='ocrx_word' id='word_1_456' title='bbox 2456 3242 2565 3289; x_wconf 82' lang='lat' dir='ltr'><strong>sua</strong></span> <span class='ocrx_word' id='word_1_457' title='bbox 2613 3223 2877 3289; x_wconf 89' lang='lat' dir='ltr'><strong>ecclesia</strong></span> <span class='ocrx_word' id='word_1_458' title='bbox 2923 3225 3164 3289; x_wconf 78' lang='lat' dir='ltr'><strong>Missam</strong></span> <span class='ocrx_word' id='word_1_459' title='bbox 3224 3225 3560 3308; x_wconf 90' lang='lat' dir='ltr'><strong>decantet,</strong></span> <span class='ocrx_word' id='word_1_460' title='bbox 3608 3234 3721 3289; x_wconf 88' lang='lat' dir='ltr'><strong>aut</strong></span> <span class='ocrx_word' id='word_1_461' title='bbox 3774 3219 3901 3286; x_wconf 84' lang='lat' dir='ltr'><strong>alias</strong></span> 
     </span>
     <span class='ocr_line' id='line_1_80' title="bbox 2347 3309 3902 3396; baseline -0.002 -18"><span class='ocrx_word' id='word_1_462' title='bbox 2347 3309 2705 3378; x_wconf 73' lang='lat' dir='ltr'><strong>functiones</strong></span> <span class='ocrx_word' id='word_1_463' title='bbox 2752 3321 3091 3395; x_wconf 82' lang='lat' dir='ltr'><strong>exerceat,</strong></span> <span class='ocrx_word' id='word_1_464' title='bbox 3143 3311 3370 3396; x_wconf 87' lang='lat' dir='ltr'><strong>quibus</strong></span> <span class='ocrx_word' id='word_1_465' title='bbox 3416 3311 3902 3380; x_wconf 78' lang='lat' dir='ltr'><strong>debetur-Cauo-</strong></span> 
     </span>
     <span class='ocr_line' id='line_1_81' title="bbox 2344 3391 3898 3490; baseline -0.001 -26"><span class='ocrx_word' id='word_1_466' title='bbox 2344 3398 2633 3465; x_wconf 85' lang='lat' dir='ltr'><strong>nieorum</strong></span> <span class='ocrx_word' id='word_1_467' title='bbox 2694 3399 3079 3485; x_wconf 88' lang='lat' dir='ltr'><strong>assistentia,</strong></span> <span class='ocrx_word' id='word_1_468' title='bbox 3142 3400 3435 3465; x_wconf 79' lang='lat' dir='ltr'><strong>canonici</strong></span> <span class='ocrx_word' id='word_1_469' title='bbox 3494 3399 3715 3465; x_wconf 88' lang='lat' dir='ltr'><strong>eidem</strong></span> <span class='ocrx_word' id='word_1_470' title='bbox 3776 3391 3898 3490; x_wconf 61' lang='lat' dir='ltr'><strong>assi·</strong></span> 
     </span>
     <span class='ocr_line' id='line_1_82' title="bbox 2344 3487 3900 3571; baseline -0.004 -19"><span class='ocrx_word' id='word_1_471' title='bbox 2344 3497 2552 3564; x_wconf 80' lang='lat' dir='ltr'><strong>stant3</strong></span> <span class='ocrx_word' id='word_1_472' title='bbox 2600 3487 2650 3550; x_wconf 89' lang='lat' dir='ltr'><strong>si</strong></span> <span class='ocrx_word' id='word_1_473' title='bbox 2699 3504 2852 3552; x_wconf 83' lang='lat' dir='ltr'><strong>vero</strong></span> <span class='ocrx_word' id='word_1_474' title='bbox 2905 3487 3200 3553; x_wconf 88' lang='lat' dir='ltr'><strong>decantet</strong></span> <span class='ocrx_word' id='word_1_475' title='bbox 3255 3490 3379 3553; x_wconf 84' lang='lat' dir='ltr'><strong>Ves</strong></span> <span class='ocrx_word' id='word_1_476' title='bbox 3430 3506 3601 3571; x_wconf 80' lang='lat' dir='ltr'><strong>eraS,</strong></span> <span class='ocrx_word' id='word_1_477' title='bbox 3671 3487 3732 3553; x_wconf 89' lang='lat' dir='ltr'><strong>ei</strong></span> <span class='ocrx_word' id='word_1_478' title='bbox 3775 3500 3900 3551; x_wconf 80' lang='lat' dir='ltr'><strong>assi-</strong></span> 
     </span>
     <span class='ocr_line' id='line_1_83' title="bbox 2344 3572 3898 3661; baseline -0.003 -22"><span class='ocrx_word' id='word_1_479' title='bbox 2344 3584 2534 3657; x_wconf 89' lang='lat' dir='ltr'><strong>stant‚</strong></span> <span class='ocrx_word' id='word_1_480' title='bbox 2570 3572 2931 3641; x_wconf 85' lang='lat' dir='ltr'><strong>Beneficiati</strong></span> <span class='ocrx_word' id='word_1_481' title='bbox 2979 3584 3087 3641; x_wconf 88' lang='lat' dir='ltr'><strong>aut</strong></span> <span class='ocrx_word' id='word_1_482' title='bbox 3131 3574 3367 3661; x_wconf 88' lang='lat' dir='ltr'><strong>Cappel</strong></span> <span class='ocrx_word' id='word_1_483' title='bbox 3399 3575 3524 3660; x_wconf 88' lang='lat' dir='ltr'><strong>ani,</strong></span> <span class='ocrx_word' id='word_1_484' title='bbox 3559 3575 3738 3641; x_wconf 82' lang='lat' dir='ltr'><strong>iuxta</strong></span> <span class='ocrx_word' id='word_1_485' title='bbox 3769 3586 3898 3638; x_wconf 86' lang='lat' dir='ltr'><strong>con·</strong></span> 
     </span>
     <span class='ocr_line' id='line_1_84' title="bbox 2343 3661 3875 3753; baseline 0 -27"><span class='ocrx_word' id='word_1_486' title='bbox 2343 3662 2749 3728; x_wconf 88' lang='lat' dir='ltr'><strong>suetudinem</strong></span> <span class='ocrx_word' id='word_1_487' title='bbox 2781 3661 3125 3728; x_wconf 85' lang='lat' dir='ltr'><strong>Ecclesiae.</strong></span> <span class='ocrx_word' id='word_1_488' title='bbox 3865 3741 3875 3753; x_wconf 41' lang='lat'><strong>·</strong></span> 
     </span>
    </p>

    <p class='ocr_par' dir='ltr' id='par_1_22' title="bbox 2347 3749 3901 3926">
     <span class='ocr_line' id='line_1_85' title="bbox 2477 3749 3901 3837; baseline -0.005 -22"><span class='ocrx_word' id='word_1_489' title='bbox 2477 3753 2544 3815; x_wconf 84' lang='lat'><strong>6.</strong></span> <span class='ocrx_word' id='word_1_490' title='bbox 2580 3749 2958 3816; x_wconf 80' lang='lat' dir='ltr'><strong>Admittitur</strong></span> <span class='ocrx_word' id='word_1_491' title='bbox 2990 3760 3083 3835; x_wconf 89' lang='lat' dir='ltr'><strong>ut,</strong></span> <span class='ocrx_word' id='word_1_492' title='bbox 3117 3751 3180 3817; x_wconf 92' lang='lat' dir='ltr'><strong>in</strong></span> <span class='ocrx_word' id='word_1_493' title='bbox 3213 3751 3430 3818; x_wconf 90' lang='lat' dir='ltr'><strong>medio</strong></span> <span class='ocrx_word' id='word_1_494' title='bbox 3459 3749 3762 3837; x_wconf 85' lang='lat' dir='ltr'><strong>Capituli,</strong></span> <span class='ocrx_word' id='word_1_495' title='bbox 3795 3762 3901 3833; x_wconf 79' lang='lat' dir='ltr'><strong>pri-</strong></span> 
     </span>
     <span class='ocr_line' id='line_1_86' title="bbox 2347 3831 3897 3926; baseline -0.001 -25"><span class='ocrx_word' id='word_1_496' title='bbox 2347 3837 2540 3902; x_wconf 82' lang='lat' dir='ltr'><strong>vatim</strong></span> <span class='ocrx_word' id='word_1_497' title='bbox 2583 3846 2901 3924; x_wconf 86' lang='lat' dir='ltr'><strong>ponantur</strong></span> <span class='ocrx_word' id='word_1_498' title='bbox 2949 3849 3309 3926; x_wconf 87' lang='lat' dir='ltr'><strong>paramenta</strong></span> <span class='ocrx_word' id='word_1_499' title='bbox 3359 3858 3478 3925; x_wconf 91' lang='lat' dir='ltr'><strong>pro</strong></span> <span class='ocrx_word' id='word_1_500' title='bbox 3525 3831 3897 3904; x_wconf 67' lang='lat' dir='ltr'><strong>primicerio.</strong></span> 
     </span>
    </p>

    <p class='ocr_par' dir='ltr' id='par_1_23' title="bbox 2350 3925 3902 4538">
     <span class='ocr_line' id='line_1_87' title="bbox 2481 3925 3902 4013; baseline -0.003 -24"><span class='ocrx_word' id='word_1_501' title='bbox 2481 3928 2547 3990; x_wconf 88' lang='grc'><strong>7.</strong></span> <span class='ocrx_word' id='word_1_502' title='bbox 2596 3925 2855 4003; x_wconf 84' lang='lat' dir='ltr'><strong>Quando</strong></span> <span class='ocrx_word' id='word_1_503' title='bbox 2902 3928 3264 4013; x_wconf 89' lang='lat' dir='ltr'><strong>cogendum</strong></span> <span class='ocrx_word' id='word_1_504' title='bbox 3297 3928 3378 3992; x_wconf 90' lang='lat' dir='ltr'><strong>sit</strong></span> <span class='ocrx_word' id='word_1_505' title='bbox 3421 3925 3789 4013; x_wconf 80' lang='lat' dir='ltr'><strong>Capitulum</strong></span> <span class='ocrx_word' id='word_1_506' title='bbox 3818 3937 3902 3985; x_wconf 81' lang='lat' dir='ltr'><strong>or-</strong></span> 
     </span>
     <span class='ocr_line' id='line_1_88' title="bbox 2351 4012 3901 4100; baseline -0.004 -20"><span class='ocrx_word' id='word_1_507' title='bbox 2351 4012 2664 4080; x_wconf 89' lang='lat' dir='ltr'><strong>dinarium</strong></span> <span class='ocrx_word' id='word_1_508' title='bbox 2713 4013 2816 4078; x_wconf 82' lang='lat' dir='ltr'><strong>vel</strong></span> <span class='ocrx_word' id='word_1_509' title='bbox 2867 4033 2950 4079; x_wconf 77' lang='lat' dir='ltr'><strong>ex</strong></span> <span class='ocrx_word' id='word_1_510' title='bbox 2993 4033 3174 4081; x_wconf 84' lang='lat' dir='ltr'><strong>causa</strong></span> <span class='ocrx_word' id='word_1_511' title='bbox 3222 4024 3522 4100; x_wconf 90' lang='lat' dir='ltr'><strong>urgente,</strong></span> <span class='ocrx_word' id='word_1_512' title='bbox 3577 4032 3744 4099; x_wconf 89' lang='lat' dir='ltr'><strong>quae</strong></span> <span class='ocrx_word' id='word_1_513' title='bbox 3785 4024 3901 4074; x_wconf 86' lang='lat' dir='ltr'><strong>mo-</strong></span> 
     </span>
     <span class='ocr_line' id='line_1_89' title="bbox 2351 4096 3901 4187; baseline -0.003 -21"><span class='ocrx_word' id='word_1_514' title='bbox 2351 4120 2482 4167; x_wconf 90' lang='lat' dir='ltr'><strong>ram</strong></span> <span class='ocrx_word' id='word_1_515' title='bbox 2526 4119 2659 4167; x_wconf 90' lang='lat' dir='ltr'><strong>non</strong></span> <span class='ocrx_word' id='word_1_516' title='bbox 2706 4101 3001 4187; x_wconf 86' lang='lat' dir='ltr'><strong>patiatur,</strong></span> <span class='ocrx_word' id='word_1_517' title='bbox 3054 4101 3241 4169; x_wconf 89' lang='lat' dir='ltr'><strong>unius</strong></span> <span class='ocrx_word' id='word_1_518' title='bbox 3292 4102 3677 4183; x_wconf 85' lang='lat' dir='ltr'><strong>Quaestoris,</strong></span> <span class='ocrx_word' id='word_1_519' title='bbox 3727 4096 3901 4181; x_wconf 83' lang='lat' dir='ltr'><strong>vulgo</strong></span> 
     </span>
     <span class='ocr_line' id='line_1_90' title="bbox 2355 4186 3898 4275; baseline -0.006 -20"><span class='ocrx_word' id='word_1_520' title='bbox 2355 4189 2777 4274; x_wconf 73' lang='lat' dir='ltr'><strong>Gamerlinqo‚</strong></span> <span class='ocrx_word' id='word_1_521' title='bbox 2831 4188 2953 4254; x_wconf 89' lang='lat' dir='ltr'><strong>erit</strong></span> <span class='ocrx_word' id='word_1_522' title='bbox 2998 4208 3116 4275; x_wconf 90' lang='lat' dir='ltr'><strong>per</strong></span> <span class='ocrx_word' id='word_1_523' title='bbox 3175 4209 3245 4255; x_wconf 84' lang='lat' dir='ltr'><strong>se</strong></span> <span class='ocrx_word' id='word_1_524' title='bbox 3301 4186 3462 4256; x_wconf 89' lang='lat' dir='ltr'><strong>illud</strong></span> <span class='ocrx_word' id='word_1_525' title='bbox 3522 4194 3898 4257; x_wconf 63' lang='lat' dir='ltr'><strong>convocate,</strong></span> 
     </span>
     <span class='ocr_line' id='line_1_91' title="bbox 2350 4275 3900 4361; baseline -0.003 -20"><span class='ocrx_word' id='word_1_526' title='bbox 2350 4276 2445 4342; x_wconf 92' lang='lat' dir='ltr'><strong>sin</strong></span> <span class='ocrx_word' id='word_1_527' title='bbox 2492 4289 2705 4342; x_wconf 86' lang='lat' dir='ltr'><strong>autem</strong></span> <span class='ocrx_word' id='word_1_528' title='bbox 2752 4275 3113 4361; x_wconf 83' lang='lat' dir='ltr'><strong>Capitulum</strong></span> <span class='ocrx_word' id='word_1_529' title='bbox 3173 4276 3538 4343; x_wconf 85' lang='lat' dir='ltr'><strong>babendum</strong></span> <span class='ocrx_word' id='word_1_530' title='bbox 3586 4277 3667 4342; x_wconf 88' lang='lat' dir='ltr'><strong>sit</strong></span> <span class='ocrx_word' id='word_1_531' title='bbox 3716 4281 3900 4342; x_wconf 78' lang='lat' dir='ltr'><strong>extra·</strong></span> 
     </span>
     <span class='ocr_line' id='line_1_92' title="bbox 2351 4363 3900 4452; baseline -0.004 -23"><span class='ocrx_word' id='word_1_532' title='bbox 2351 4363 2765 4446; x_wconf 86' lang='lat' dir='ltr'><strong>ordinarium,</strong></span> <span class='ocrx_word' id='word_1_533' title='bbox 2806 4376 2870 4430; x_wconf 89' lang='lat' dir='ltr'><strong>et</strong></span> <span class='ocrx_word' id='word_1_534' title='bbox 2902 4383 3140 4431; x_wconf 88' lang='lat' dir='ltr'><strong>moram</strong></span> <span class='ocrx_word' id='word_1_535' title='bbox 3174 4365 3581 4452; x_wconf 89' lang='lat' dir='ltr'><strong>permittens,</strong></span> <span class='ocrx_word' id='word_1_536' title='bbox 3617 4384 3744 4431; x_wconf 87' lang='lat' dir='ltr'><strong>non</strong></span> <span class='ocrx_word' id='word_1_537' title='bbox 3773 4376 3900 4426; x_wconf 87' lang='lat' dir='ltr'><strong>con·</strong></span> 
     </span>
     <span class='ocr_line' id='line_1_93' title="bbox 2355 4450 3754 4538; baseline -0.002 -22"><span class='ocrx_word' id='word_1_538' title='bbox 2355 4450 2703 4535; x_wconf 81' lang='lat' dir='ltr'><strong>vocabitur,</strong></span> <span class='ocrx_word' id='word_1_539' title='bbox 2755 4452 2870 4518; x_wconf 88' lang='lat' dir='ltr'><strong>nisi</strong></span> <span class='ocrx_word' id='word_1_540' title='bbox 2918 4453 3316 4538; x_wconf 89' lang='lat' dir='ltr'><strong>praemonito</strong></span> <span class='ocrx_word' id='word_1_541' title='bbox 3363 4451 3754 4518; x_wconf 64' lang='lat' dir='ltr'><strong>Pdmicerio.</strong></span> 
     </span>
    </p>

    <p class='ocr_par' dir='ltr' id='par_1_24' title="bbox 2354 4541 3901 4720">
     <span class='ocr_line' id='line_1_94' title="bbox 2482 4541 3896 4627; baseline 0.001 -23"><span class='ocrx_word' id='word_1_542' title='bbox 2482 4542 2550 4604; x_wconf 88' lang='lat'><strong>8.</strong></span> <span class='ocrx_word' id='word_1_543' title='bbox 2579 4541 2904 4626; x_wconf 77' lang='lat' dir='ltr'><strong>Epistulae</strong></span> <span class='ocrx_word' id='word_1_544' title='bbox 2936 4551 3002 4607; x_wconf 90' lang='lat' dir='ltr'><strong>et</strong></span> <span class='ocrx_word' id='word_1_545' title='bbox 3034 4544 3416 4608; x_wconf 85' lang='lat' dir='ltr'><strong>documenta</strong></span> <span class='ocrx_word' id='word_1_546' title='bbox 3449 4541 3742 4626; x_wconf 86' lang='lat' dir='ltr'><strong>Capitulo</strong></span> <span class='ocrx_word' id='word_1_547' title='bbox 3774 4550 3896 4627; x_wconf 60' lang='lat' dir='ltr'><strong>pers</strong></span> 
     </span>
     <span class='ocr_line' id='line_1_95' title="bbox 2354 4627 3901 4720; baseline -0.001 -29"><span class='ocrx_word' id='word_1_548' title='bbox 2354 4627 2560 4709; x_wconf 88' lang='lat' dir='ltr'><strong>missa,</strong></span> <span class='ocrx_word' id='word_1_549' title='bbox 2610 4646 2773 4711; x_wconf 83' lang='lat' dir='ltr'><strong>quae</strong></span> <span class='ocrx_word' id='word_1_550' title='bbox 2817 4629 3068 4714; x_wconf 88' lang='lat' dir='ltr'><strong>negotia</strong></span> <span class='ocrx_word' id='word_1_551' title='bbox 3127 4629 3418 4714; x_wconf 85' lang='lat' dir='ltr'><strong>urgentia</strong></span> <span class='ocrx_word' id='word_1_552' title='bbox 3475 4627 3901 4720; x_wconf 42' lang='lat' dir='ltr'><strong>respiciantff</strong></span> 
     </span>
    </p>
   </div>
   <div class='ocr_carea' id='block_1_16' title="bbox 2322 4714 3899 4804">
    <p class='ocr_par' dir='ltr' id='par_1_25' title="bbox 2322 4714 3899 4804">
     <span class='ocr_line' id='line_1_96' title="bbox 2322 4714 3899 4804; baseline -0.003 -24"><span class='ocrx_word' id='word_1_553' title='bbox 2322 4715 2757 4799; x_wconf 33' lang='lat' dir='ltr'><strong>‚camorlingo</strong></span> <span class='ocrx_word' id='word_1_554' title='bbox 2824 4719 2926 4782; x_wconf 82' lang='lat' dir='ltr'><strong>vel</strong></span> <span class='ocrx_word' id='word_1_555' title='bbox 3000 4716 3196 4804; x_wconf 85' lang='lat' dir='ltr'><strong>ipsius</strong></span> <span class='ocrx_word' id='word_1_556' title='bbox 3275 4714 3614 4782; x_wconf 88' lang='lat' dir='ltr'><strong>substituto</strong></span> <span class='ocrx_word' id='word_1_557' title='bbox 3689 4723 3899 4803; x_wconf 63' lang='lat' dir='ltr'><strong>aperit!</strong></span> 
     </span>
    </p>
   </div>
   <div class='ocr_carea' id='block_1_17' title="bbox 3982 2603 3985 3421">
    <p class='ocr_par' dir='ltr' id='par_1_26' title="bbox 3982 2603 3985 3421">
     <span class='ocr_line' id='line_1_97' title="bbox 3982 2603 3985 3421; baseline 0 0"><span class='ocrx_word' id='word_1_558' title='bbox 3982 2603 3985 3421; x_wconf 95' lang='lat' dir='ltr'><strong> </strong></span> 
     </span>
    </p>
   </div>
   <div class='ocr_carea' id='block_1_18' title="bbox 2351 4795 3900 5418">
    <p class='ocr_par' dir='ltr' id='par_1_27' title="bbox 2351 4795 3900 5418">
     <span class='ocr_line' id='line_1_98' title="bbox 2351 4795 3895 4891; baseline -0.001 -24"><span class='ocrx_word' id='word_1_559' title='bbox 2351 4812 2680 4888; x_wconf 88' lang='lat' dir='ltr'><strong>poterunt,</strong></span> <span class='ocrx_word' id='word_1_560' title='bbox 2739 4812 2804 4867; x_wconf 92' lang='lat' dir='ltr'><strong>et</strong></span> <span class='ocrx_word' id='word_1_561' title='bbox 2851 4805 3141 4891; x_wconf 84' lang='lat' dir='ltr'><strong>expediri</strong></span> <span class='ocrx_word' id='word_1_562' title='bbox 3188 4820 3308 4891; x_wconf 89' lang='lat' dir='ltr'><strong>pro</strong></span> <span class='ocrx_word' id='word_1_563' title='bbox 3338 4803 3432 4870; x_wconf 90' lang='lat' dir='ltr'><strong>rei</strong></span> <span class='ocrx_word' id='word_1_564' title='bbox 3479 4802 3798 4888; x_wconf 82' lang='lat' dir='ltr'><strong>qualitate.</strong></span> <span class='ocrx_word' id='word_1_565' title='bbox 3844 4795 3895 4859; x_wconf 77' lang='lat' dir='ltr'><strong>S·</strong></span> 
     </span>
     <span class='ocr_line' id='line_1_99' title="bbox 2353 4889 3896 4979; baseline -0.001 -24"><span class='ocrx_word' id='word_1_566' title='bbox 2353 4909 2505 4956; x_wconf 80' lang='lat' dir='ltr'><strong>vero</strong></span> <span class='ocrx_word' id='word_1_567' title='bbox 2554 4889 2616 4956; x_wconf 91' lang='lat' dir='ltr'><strong>in</strong></span> <span class='ocrx_word' id='word_1_568' title='bbox 2664 4889 2789 4957; x_wconf 87' lang='lat' dir='ltr'><strong>illis</strong></span> <span class='ocrx_word' id='word_1_569' title='bbox 2834 4901 3055 4979; x_wconf 87' lang='lat' dir='ltr'><strong>agatur</strong></span> <span class='ocrx_word' id='word_1_570' title='bbox 3099 4892 3185 4959; x_wconf 89' lang='lat' dir='ltr'><strong>de</strong></span> <span class='ocrx_word' id='word_1_571' title='bbox 3227 4891 3503 4978; x_wconf 86' lang='lat' dir='ltr'><strong>negotiis</strong></span> <span class='ocrx_word' id='word_1_572' title='bbox 3547 4889 3896 4977; x_wconf 47' lang='lat' dir='ltr'><strong>dilationem</strong></span> 
     </span>
     <span class='ocr_line' id='line_1_100' title="bbox 2357 4974 3900 5065; baseline -0.002 -22"><span class='ocrx_word' id='word_1_573' title='bbox 2357 4978 2739 5064; x_wconf 70' lang='lat' dir='ltr'><strong>terentibus,</strong></span> <span class='ocrx_word' id='word_1_574' title='bbox 2789 5003 2822 5046; x_wconf 87' lang='lat' dir='ltr'><strong>a</strong></span> <span class='ocrx_word' id='word_1_575' title='bbox 2872 4982 3273 5065; x_wconf 70' lang='lat' dir='ltr'><strong>Camertinyo</strong></span> <span class='ocrx_word' id='word_1_576' title='bbox 3336 4977 3440 5043; x_wconf 85' lang='lat' dir='ltr'><strong>vel</strong></span> <span class='ocrx_word' id='word_1_577' title='bbox 3495 4978 3637 5044; x_wconf 84' lang='lat' dir='ltr'><strong>eius</strong></span> <span class='ocrx_word' id='word_1_578' title='bbox 3697 4974 3900 5044; x_wconf 75' lang='lat' dir='ltr'><strong>Substi-</strong></span> 
     </span>
     <span class='ocr_line' id='line_1_101' title="bbox 2358 5062 3900 5135; baseline -0.001 -5"><span class='ocrx_word' id='word_1_579' title='bbox 2358 5076 2493 5131; x_wconf 88' lang='lat' dir='ltr'><strong>tuto</strong></span> <span class='ocrx_word' id='word_1_580' title='bbox 2555 5067 3065 5135; x_wconf 77' lang='lat' dir='ltr'><strong>informationem</strong></span> <span class='ocrx_word' id='word_1_581' title='bbox 3110 5068 3194 5134; x_wconf 91' lang='lat' dir='ltr'><strong>de</strong></span> <span class='ocrx_word' id='word_1_582' title='bbox 3241 5086 3312 5133; x_wconf 93' lang='lat' dir='ltr'><strong>re</strong></span> <span class='ocrx_word' id='word_1_583' title='bbox 3359 5064 3721 5132; x_wconf 90' lang='lat' dir='ltr'><strong>Primicerio</strong></span> <span class='ocrx_word' id='word_1_584' title='bbox 3775 5062 3900 5128; x_wconf 81' lang='lat' dir='ltr'><strong>dan·</strong></span> 
     </span>
     <span class='ocr_line' id='line_1_102' title="bbox 2357 5152 3831 5245; baseline 0.007 -28"><span class='ocrx_word' id='word_1_585' title='bbox 2357 5152 2503 5218; x_wconf 87' lang='lat' dir='ltr'><strong>dam</strong></span> <span class='ocrx_word' id='word_1_586' title='bbox 2549 5172 2690 5219; x_wconf 90' lang='lat' dir='ltr'><strong>esse</strong></span> <span class='ocrx_word' id='word_1_587' title='bbox 2737 5156 3058 5223; x_wconf 90' lang='lat' dir='ltr'><strong>statuitur.</strong></span> <span class='ocrx_word' id='word_1_588' title='bbox 3823 5233 3831 5245; x_wconf 60' lang='grc'>,</span> 
     </span>
     <span class='ocr_line' id='line_1_103' title="bbox 2487 5240 3896 5330; baseline -0.006 -21"><span class='ocrx_word' id='word_1_589' title='bbox 2487 5247 2554 5309; x_wconf 86' lang='grc'><strong>9.</strong></span> <span class='ocrx_word' id='word_1_590' title='bbox 2604 5243 2701 5308; x_wconf 80' lang='lat' dir='ltr'><strong>Ad</strong></span> <span class='ocrx_word' id='word_1_591' title='bbox 2753 5244 3040 5330; x_wconf 90' lang='lat' dir='ltr'><strong>regimen</strong></span> <span class='ocrx_word' id='word_1_592' title='bbox 3107 5244 3279 5329; x_wconf 87' lang='lat' dir='ltr'><strong>quod</strong></span> <span class='ocrx_word' id='word_1_593' title='bbox 3324 5242 3550 5309; x_wconf 88' lang='lat' dir='ltr'><strong>attinet</strong></span> <span class='ocrx_word' id='word_1_594' title='bbox 3604 5240 3896 5308; x_wconf 77' lang='lat' dir='ltr'><strong>sacristiae</strong></span> 
     </span>
     <span class='ocr_line' id='line_1_104' title="bbox 2358 5324 3891 5418; baseline -0.004 -24"><span class='ocrx_word' id='word_1_595' title='bbox 2358 5337 2463 5394; x_wconf 92' lang='lat' dir='ltr'><strong>aut</strong></span> <span class='ocrx_word' id='word_1_596' title='bbox 2509 5334 2994 5416; x_wconf 66' lang='lat' dir='ltr'><strong>assumptum,</strong></span> <span class='ocrx_word' id='word_1_597' title='bbox 3032 5331 3272 5398; x_wconf 89' lang='lat' dir='ltr'><strong>scilicet</strong></span> <span class='ocrx_word' id='word_1_598' title='bbox 3305 5332 3728 5418; x_wconf 89' lang='lat' dir='ltr'><strong>deputationis</strong></span> <span class='ocrx_word' id='word_1_599' title='bbox 3765 5324 3891 5391; x_wconf 87' lang='lat' dir='ltr'><strong>duo·</strong></span> 
     </span>
    </p>
   </div>
   <div class='ocr_carea' id='block_1_19' title="bbox 674 4790 2255 5416">
    <p class='ocr_par' dir='ltr' id='par_1_28' title="bbox 674 4790 2255 5416">
     <span class='ocr_line' id='line_1_105' title="bbox 674 4790 2252 4891; baseline -0.001 -20"><span class='ocrx_word' id='word_1_600' title='bbox 674 4804 1075 4872; x_wconf 87' lang='lat' dir='ltr'><strong>Primicerius</strong></span> <span class='ocrx_word' id='word_1_601' title='bbox 1140 4803 1257 4871; x_wconf 88' lang='lat' dir='ltr'><strong>sibi</strong></span> <span class='ocrx_word' id='word_1_602' title='bbox 1304 4804 1408 4873; x_wconf 82' lang='lat' dir='ltr'><strong>vel</strong></span> <span class='ocrx_word' id='word_1_603' title='bbox 1458 4824 1537 4871; x_wconf 84' lang='lat' dir='ltr'><strong>ex</strong></span> <span class='ocrx_word' id='word_1_604' title='bbox 1594 4790 1938 4891; x_wconf 77' lang='lat' dir='ltr'><strong>privilegio</strong></span> <span class='ocrx_word' id='word_1_605' title='bbox 2001 4807 2104 4872; x_wconf 81' lang='lat' dir='ltr'><strong>vel</strong></span> <span class='ocrx_word' id='word_1_606' title='bbox 2173 4825 2252 4872; x_wconf 82' lang='lat' dir='ltr'><strong>ex</strong></span> 
     </span>
     <span class='ocr_line' id='line_1_106' title="bbox 679 4892 2253 4978; baseline 0.002 -20"><span class='ocrx_word' id='word_1_607' title='bbox 679 4893 1137 4960; x_wconf 88' lang='lat' dir='ltr'><strong>consuetudine</strong></span> <span class='ocrx_word' id='word_1_608' title='bbox 1205 4892 1539 4977; x_wconf 89' lang='lat' dir='ltr'><strong>tuebatur,</strong></span> <span class='ocrx_word' id='word_1_609' title='bbox 1591 4902 1656 4958; x_wconf 89' lang='lat' dir='ltr'><strong>et</strong></span> <span class='ocrx_word' id='word_1_610' title='bbox 1714 4895 2080 4978; x_wconf 86' lang='lat' dir='ltr'><strong>Capitulum</strong></span> <span class='ocrx_word' id='word_1_611' title='bbox 2126 4911 2253 4961; x_wconf 91' lang='lat' dir='ltr'><strong>non</strong></span> 
     </span>
     <span class='ocr_line' id='line_1_107' title="bbox 679 4979 2249 5068; baseline 0.001 -24"><span class='ocrx_word' id='word_1_612' title='bbox 679 4982 744 5046; x_wconf 91' lang='lat' dir='ltr'><strong>in</strong></span> <span class='ocrx_word' id='word_1_613' title='bbox 790 4979 1081 5046; x_wconf 88' lang='lat' dir='ltr'><strong>omnibus</strong></span> <span class='ocrx_word' id='word_1_614' title='bbox 1128 4981 1341 5046; x_wconf 88' lang='lat' dir='ltr'><strong>eidem</strong></span> <span class='ocrx_word' id='word_1_615' title='bbox 1372 4992 1746 5068; x_wconf 88' lang='lat' dir='ltr'><strong>competere</strong></span> <span class='ocrx_word' id='word_1_616' title='bbox 1776 4980 2249 5060; x_wconf 88' lang='lat' dir='ltr'><strong>contendebat;</strong></span> 
     </span>
     <span class='ocr_line' id='line_1_108' title="bbox 680 5067 2253 5156; baseline 0.003 -24"><span class='ocrx_word' id='word_1_617' title='bbox 680 5067 1062 5151; x_wconf 89' lang='lat' dir='ltr'><strong>compositae</strong></span> <span class='ocrx_word' id='word_1_618' title='bbox 1110 5069 1367 5133; x_wconf 89' lang='lat' dir='ltr'><strong>tandem</strong></span> <span class='ocrx_word' id='word_1_619' title='bbox 1415 5069 1652 5136; x_wconf 80' lang='lat' dir='ltr'><strong>fuerint</strong></span> <span class='ocrx_word' id='word_1_620' title='bbox 1683 5088 1802 5155; x_wconf 86' lang='lat' dir='ltr'><strong>per</strong></span> <span class='ocrx_word' id='word_1_621' title='bbox 1847 5080 2253 5156; x_wconf 85' lang='lat' dir='ltr'><strong>praesentem</strong></span> 
     </span>
     <span class='ocr_line' id='line_1_109' title="bbox 682 5154 2255 5242; baseline 0.001 -21"><span class='ocrx_word' id='word_1_622' title='bbox 682 5154 1081 5221; x_wconf 90' lang='lat' dir='ltr'><strong>concordiam</strong></span> <span class='ocrx_word' id='word_1_623' title='bbox 1128 5155 1203 5219; x_wconf 89' lang='lat' dir='ltr'><strong>ab</strong></span> <span class='ocrx_word' id='word_1_624' title='bbox 1261 5166 1529 5241; x_wconf 89' lang='lat' dir='ltr'><strong>utraque</strong></span> <span class='ocrx_word' id='word_1_625' title='bbox 1573 5168 1755 5242; x_wconf 87' lang='lat' dir='ltr'><strong>parte</strong></span> <span class='ocrx_word' id='word_1_626' title='bbox 1810 5157 2142 5223; x_wconf 86' lang='lat' dir='ltr'><strong>admissam</strong></span> <span class='ocrx_word' id='word_1_627' title='bbox 2177 5168 2255 5222; x_wconf 77' lang='lat' dir='ltr'><strong>‚et</strong></span> 
     </span>
     <span class='ocr_line' id='line_1_110' title="bbox 678 5240 2254 5330; baseline 0.001 -24"><span class='ocrx_word' id='word_1_628' title='bbox 678 5240 1105 5325; x_wconf 86' lang='lat' dir='ltr'><strong>adprobatam,</strong></span> <span class='ocrx_word' id='word_1_629' title='bbox 1155 5260 1301 5307; x_wconf 87' lang='lat' dir='ltr'><strong>cum</strong></span> <span class='ocrx_word' id='word_1_630' title='bbox 1350 5242 1641 5309; x_wconf 85' lang='lat' dir='ltr'><strong>omnibus</strong></span> <span class='ocrx_word' id='word_1_631' title='bbox 1686 5251 1751 5308; x_wconf 87' lang='lat' dir='ltr'><strong>et</strong></span> <span class='ocrx_word' id='word_1_632' title='bbox 1797 5241 2063 5330; x_wconf 83' lang='lat' dir='ltr'><strong>singulis</strong></span> <span class='ocrx_word' id='word_1_633' title='bbox 2107 5244 2254 5310; x_wconf 92' lang='lat' dir='ltr'><strong>arti-</strong></span> 
     </span>
     <span class='ocr_line' id='line_1_111' title="bbox 679 5330 2119 5416; baseline -0.001 -17"><span class='ocrx_word' id='word_1_634' title='bbox 679 5330 838 5399; x_wconf 85' lang='lat' dir='ltr'><strong>culis</strong></span> <span class='ocrx_word' id='word_1_635' title='bbox 885 5330 947 5397; x_wconf 87' lang='lat' dir='ltr'><strong>in</strong></span> <span class='ocrx_word' id='word_1_636' title='bbox 994 5330 1219 5398; x_wconf 89' lang='lat' dir='ltr'><strong>eadem</strong></span> <span class='ocrx_word' id='word_1_637' title='bbox 1267 5330 1618 5408; x_wconf 88' lang='lat' dir='ltr'><strong>contentis;</strong></span> <span class='ocrx_word' id='word_1_638' title='bbox 1667 5339 1739 5395; x_wconf 92' lang='lat' dir='ltr'><strong>ut</strong></span> <span class='ocrx_word' id='word_1_639' title='bbox 1784 5332 2119 5416; x_wconf 73' lang='lat' dir='ltr'><strong>sequiturz</strong></span> 
     </span>
    </p>
   </div>
  </div>
 </body>
</html>
