4042 5950
1644 302 2060 378 -29-

344 462 425 526 Et
472 461 545 527 S.
560 462 635 524 R.
661 460 734 525 c.
763 456 1289 544 respondendnm
1318 457 1601 523 censuit:
1632 459 1792 523 «Or-

212 546 879 700 gamugaprzledictis
923 544 1264 700 {ominixcis
1292 544 1534 696 pulsari
1556 544 1798 699 ἀπο

214 653 277 701 ιιι
579 651 1795 715 semmeinesnsan=,

213 741 335 788 non
383 740 548 787 vero
596 723 671 787 in
707 720 843 788 aliis
889 719 1070 797 floris
1110 651 1442 788 eanofficis
1475 742 1540 785 »-

344 815 423 876 Et
472 811 561 875 ita
607 809 925 876 decrevit.
975 807 1088 874 Die
1135 813 1174 875 2
1221 807 1456 893 Aprilis
1509 811 1697 876 1718.

214 985 476 1054 2246.
851 987 1191 1051 BRUGEN.
1559 982 1795 1071 (3906)

336 1167 505 1230 Cum
552 1162 906 1229 modernus
951 1161 1304 1249 Episcopus
1361 1165 1651 1261 Brugen.
1695 1181 1797 1228 ac-

214 1249 460 1338 ceperit
487 1253 558 1316 in
580 1269 693 1316 sua
716 1249 1001 1316 Ecclesia
1034 1248 1420 1332 Catbedrali‚
1454 1266 1675 1335 vigore
1704 1269 1797 1315 as-

208 1347 415 1403 sertae
444 1336 961 1421 consuetudinis,
986 1336 1250 1403 abusum
1272 1336 1600 1424 irrepsisse
1624 1336 1796 1422 quod

211 1426 562 1493 Calabram
630 1426 810 1491 Feria
881 1428 959 1492 Vl
1035 1424 1289 1490 maioris
1348 1423 1797 1491 Hebdomadae

213 1523 353 1579 ante
402 1513 625 1599 ipsum
684 1513 1077 1601 Episcopum
1137 1512 1350 1600 primo
1412 1512 1674 1581 accedat
1717 1515 1793 1577 ad

214 1600 727 1669 deosculandum
758 1603 1023 1669 SSffium
1055 1599 1480 1686 Crucifixum3
1516 1617 1794 1685 cumque

213 1689 284 1759 ad
332 1689 639 1755 evitanda
670 1688 961 1757 scandala
996 1708 1067 1753 ac
1113 1687 1371 1753 dissidia
1418 1707 1580 1773 quae
1627 1687 1797 1753 inter

213 1776 586 1864 Capitulum
635 1787 701 1842 et
746 1777 1139 1862 Episcopum
1185 1776 1370 1842 facile
1416 1777 1569 1841 oriri
1614 1788 1797 1861 pote·

215 1875 376 1947 rant,
409 1862 587 1932 dicta
611 1864 725 1931 die
744 1863 1111 1931 huiusmodi
1144 1864 1456 1929 functioni
1490 1864 1797 1930 interesse

214 1970 275 2015 se
320 1971 389 2017 se
438 1952 851 2031 abstinuerit,
902 1952 1111 2018 donec
1154 1948 1478 2017 sensum‘a
1509 1954 1575 2018 S.
1610 1955 1686 2017 R.
1720 1953 1792 2016 C.

216 2039 633 2124 eanineret:
684 2049 1028 2128 propterea
1073 2058 1191 2126 pro
1224 2039 1658 2107 declaratione
1706 2039 1797 2103 in-

217 2126 535 2213 frascripti
571 2127 750 2194 dubii
800 2126 988 2193 enixe
1020 2126 1429 2213 supplicavit,
1464 2126 1792 2208 videlicet:

340 2216 439 2281 An
490 2214 838 2281 celebrans
884 2214 1063 2280 Eeria
1111 2218 1188 2282 Vl
1251 2214 1503 2280 maioris
1547 2212 1799 2279 Hebdo-

216 2301 434 2369 madae
501 2301 818 2368 accedere
874 2301 1071 2390 pooeit
1145 2303 1223 2370 ad
1288 2301 1795 2368 deosculandum

220 2389 702 2456 Sanctissimum
749 2389 1143 2457 Crucifixum
1189 2384 1799 2476 antepriscopum?

342 2481 426 2543 Et
472 2481 636 2546 S.R.
656 2480 727 2545 c.
749 2476 1081 2563 respondit
1108 2500 1124 2543 ε
1180 2478 1635 2546 «servandum
1658 2494 1798 2542 esse

218 2564 700 2632 caeremoniale
732 2565 959 2652 Episco
1051 2583 1193 2631 rum
1217 2612 1235 2649 ,
1281 2565 1454 2631 iuxta
1502 2565 1564 2632 id
1622 2563 1793 2650 quod

221 2653 281 2718 in
324 2673 404 2721 eo
455 2654 917 2742 praescribitur
989 2653 1073 2718 ib.
1113 2657 1179 2735 2,
1231 2672 1373 2739 cap.
1407 2654 1517 2734 26,
1546 2658 1583 2730 g
1624 2656 1697 2718 11
1733 2660 1798 2716 et

226 2744 337 2827 123
386 2750 455 2807 et
504 2741 885 2807 contrariam
912 2740 1438 2807 consuetudinem
1485 2758 1623 2806 esse
1653 2739 1802 2806 abu-

220 2846 359 2895 sum
370 2828 637 2895 omnino
662 2828 1019 2895 tollendum
1039 2850 1104 2893 ιι.

346 2920 428 2983 Et
502 2917 584 2983 ita
650 2916 1000 2983 declaravit
1044 2935 1119 2983 ac
1159 2914 1399 2982 servari
1444 2914 1790 2984 mandavit.

229 3004 333 3071 Die
356 3010 397 3070 2
420 3002 659 3093 Aprilis
691 3007 877 3074 1718.
1521 3028 1529 3036 ·

231 3179 473 3251 224⁷.
1564 3181 1796 3267 (8907)

210 3425 213 3442 ,
353 3357 636 3424 Remissa
682 3357 759 3423 ab
806 3357 1117 3423 Auditore
1162 3358 1339 3425 ssmi
1382 3357 1461 3423 ad
1503 3359 1573 3424 S.
1607 3360 1685 3424 R.
1723 3359 1798 3424 c.

231 3444 657 3511 controversia
689 3455 907 3511 exorta
934 3444 1107 3511 inter
1134 3446 1567 3532 Praepositum
1601 3456 1665 3510 et
1688 3448 1801 3511 ca·

232 3533 483 3599 nouieos
524 3532 849 3599 Ecclesiae
914 3532 1303 3619 collegiatae
1351 3536 1417 3600 S.
1482 3532 1799 3599 Laurentii

234 3622 453 3686 Terrae
478 3620 986 3687 Monticellorum
1018 3620 1336 3687 Dioecesis
1360 3621 1554 3706 Burgi
1586 3622 1656 3687 8.
1681 3624 1801 3686 Βο-

234 3707 424 3773 mnini
471 3727 553 3774 ex
612 3728 770 3790 una,
820 3717 886 3773 et
931 3707 1355 3775 Harcbionem
1418 3708 1797 3794 Gregorium

657 3183 888 3249 ennffl
934 3184 1001 3249 s.
1046 3143 1387 3248 nonnihil.

234 3792 311 3858 de
348 3796 670 3862 casalibus
715 3794 1006 3862 eiusdem
1056 3799 1292 3863 Terrae
1351 3794 1813 3863 Feudatarium.

233 3882 504 3968 partibus
568 3901 649 3948 ex
705 3883 941 3967 altera,
1002 3901 1199 3969 super
1258 3894 1598 3971 praetenso
1658 3882 1797 3949 iure

235 3970 579 4057 recipiendi
627 3969 1165 4038 thurificationem
1198 3982 1263 4037 et
1291 3972 1464 4058 pacis
1509 3972 1799 4038 osculum

233 4074 269 4121 a
304 4058 630 4143 praedicte
677 4058 1060 4142 larcliioue,
1094 4070 1410 4145 tamquam
1442 4059 1617 4126 illius
1647 4064 1800 4127 'l'er-

234 4162 332 4209 rae
368 4146 771 4229 Feadatarlo,
821 4145 884 4212 in
932 4146 1230 4234 vesperis
1276 4166 1345 4213 ac
1393 4147 1587 4214 Missis
1633 4148 1796 4214 sole-

234 4233 479 4299 nnibus
535 4253 699 4320 quae
760 4232 825 4300 in
869 4233 1038 4301 dicta
1106 4234 1386 4300 Ecclesia
1451 4236 1799 4321 collegiata

236 4320 535 4388 celebrari
576 4324 813 4405 solent,
858 4340 980 4409 per
1023 4325 1331 4390 eumdem
1379 4322 1733 4390 ninistrum
1765 4345 1798 4389 a

236 4425 353 4491 quo
394 4411 760 4496 Praeposito
810 4423 875 4476 et
919 4410 1249 4478 &micis
1295 4410 1683 4478 thurificatio
1727 4431 1798 4478 ac

238 4498 515 4563 osculum
559 4499 735 4585 pacis
791 4496 1228 4584 exhibentur3
1280 4509 1348 4565 et
1391 4499 1470 4566 ab
1525 4503 1685 4565 Emo
1731 4510 1797 4565 et

237 4583 379 4649 nno
424 4589 500 4685 ⁰.-
547 4587 741 4654 card.
782 4586 1106 4653 Gualterio
1154 4586 1553 4675 infrascripto
1598 4587 1797 4672 dubio

430 4683 596 4741 sitne

240 4688 449 4828 ΡἫ
492 4763 834 4830 Marchioni
856 4764 1164 4851 Gregorio
1186 4763 1272 4829 de
1292 4763 1609 4830 casalibus
1638 4767 1796 4829 Fen-

240 4844 463 4913 datario
514 4850 636 4916 loci
686 4851 1196 4919 Monticellorum
1223 4851 1488 4937 eiusque
1532 4854 1794 4921 Succes-

238 4933 466 5002 soribus
515 4938 579 5003 in
646 4939 904 5023 teudo,
956 4939 1205 5024 quoties
1269 4938 1387 5027 ipsi
1454 4939 1797 5006 intererint

244 5019 422 5088 Kissia
482 5035 548 5089 et
604 5025 904 5112 vesperis
964 5026 1029 5093 in
1109 5026 1385 5093 Ecclesia
1453 5028 1792 5113 collegiata

246 5108 305 5172 S.
344 5112 658 5184 Laurentii
705 5114 855 5181 dicti
906 5115 1027 5181 loci
1054 5115 1430 5183 solemniter
1460 5115 1798 5182 decantan-

247 5192 352 5279 diS,
398 5204 698 5286 praestari
731 5202 959 5269 debeat
991 5203 1374 5271 thurificatio
1408 5215 1473 5268 et
1505 5203 1793 5272 osculum

249 5284 947 5444 maffiuiffiiss‘
962 5290 1798 5466 {lgrsszsszttttsssaex

1898 458 2296 546 praepositus
2341 470 2533 546 atque
2593 461 2928 543 canonici,
2979 472 3045 527 et

1902 545 2148 612 eisdem
2197 549 2486 613 osculum
2537 547 2707 634 pacis
2754 548 3098 615 exhibetur

2032 636 2097 700 S.
2146 638 2221 700 R.
2284 638 2389 718 0.,
2441 646 2565 701 tam
2609 635 2861 723 scriptis
2907 656 3093 722 quam
3144 655 3301 703 voce
3334 657 3473 723 par-

1896 720 2065 787 tibus
2135 721 2625 791 informantibus
2693 723 2922 790 auditis
2981 724 3262 810 visisque
3327 725 3476 791 iuri-

1899 809 2016 874 bus
2065 808 2212 875 hinc
2252 808 2405 877 inde
2444 810 2761 894 deductis,
2807 812 3289 879 rescribendum
3328 831 3477 879 cen-

1892 897 2072 963 suit:
2122 920 2159 962 ι
2195 899 2422 965 Deberi
2469 898 2589 985 ipsi
2636 898 2860 964 Baroni
2922 910 3167 967 tantum
3227 899 3476 967 thurifi-

1894 984 2213 1052 cationem
2262 995 2327 1052 et
2358 987 2647 1053 osculum
2681 987 2852 1072 pacis
2874 1006 3022 1053 cum
3053 987 3476 1055 instrumento

1896 1083 2042 1158 post
2087 1092 2308 1140 omnes
2354 1074 2699 1141 Canonicos
2737 1093 2865 1161 per
2913 1074 3265 1145 Ministrum
3308 1085 3476 1141 cotta

1902 1161 2197 1228 indutum
2232 1183 2296 1227 ›.

2029 1254 2110 1315 Et
2153 1249 2234 1315 ita
2281 1250 2571 1316 decrevit
2601 1269 2670 1315 ac
2701 1250 2937 1317 servari
2968 1249 3311 1319 mandavit.
3364 1249 3475 1316 Die

1900 1340 1940 1403 2
1986 1337 2223 1424 Aprilis
2273 1341 2465 1405 1718.

1911 1515 2164 1585 2248.

3109 480 3230 615 ξ..
3274 480 3470 547 ,um

2515 1516 2905 1581 CALENEN.
3248 1514 3473 1600 (3908)

2028 1692 2188 1756 Cum
2220 1709 2421 1778 usque
2453 1690 2530 1757 ab
2559 1710 2724 1758 anno
2776 1695 2940 1761 1713
2970 1713 3004 1756 a
3033 1695 3206 1758 Duce
3250 1692 3475 1758 Montis

1899 1775 2200 1877 Dragonis
2243 1788 2653 1862 praetensum
2699 1774 2894 1845 fuerit
2942 1778 3202 1845 retineri
3251 1779 3314 1845 in
3359 1783 3476 1845 Ec·

1898 1865 2114 1931 cleeris
2163 1875 2292 1933 tam
2336 1865 2778 1932 Saecularibus
2821 1886 3011 1952 quem
3058 1866 3478 1953 Regularibus

1897 1953 2214 2019 Dioecesis
2243 1953 2548 2035 calenen,
2583 1953 2740 2019 intra
2773 1954 3243 2042 Presbyterium
3273 1971 3477 2039 genu-

1896 2038 2236 2108 flexorinm
2283 2058 2428 2106 cum
2459 2051 2655 2107 strato
2683 2052 2750 2107 et
2772 2043 2940 2109 Sede
2973 2042 3296 2109 amovibili
3323 2061 3471 2108 cum

1896 2127 2357 2214 pulvinaribus,
2405 2139 2882 2225 proptereaque
2925 2130 3004 2197 ad
3055 2134 3119 2197 S.
3154 2134 3228 2196 R.
3265 2133 3337 2197 c.
3375 2149 3475 2194 re-

1899 2232 2155 2283 cursum
2205 2213 2538 2295 babuerit;
2571 2234 2848 2302 cumque
2894 2218 2977 2284 ob
3022 2227 3296 2285 mortem
3331 2216 3476 2303 Epi-

1898 2305 2075 2391 scopi
2123 2303 2429 2371 calenen.
2458 2323 2640 2371 causa
2687 2307 2809 2371 linc
2844 2324 3052 2391 usque
3096 2303 3326 2372 discuti
3357 2304 3474 2369 mi-

1899 2393 2071 2459 nime
2118 2391 2436 2476 potuerit;
2481 2410 2655 2460 nunc
2699 2394 2777 2458 ad
2829 2392 3182 2461 instantiam
3220 2395 3474 2459 Promo-

1902 2480 2057 2546 toris
2101 2479 2356 2546 Fiscalis
2402 2480 2624 2546 curiae
2673 2480 3043 2568 episcopalis
3075 2479 3473 2566 praedictae

1900 2588 2020 2656 per
2069 2572 2295 2633 Emum
2331 2577 2393 2632 et
2440 2572 2666 2634 Rmnm
2701 2571 2773 2633 l).
2802 2569 3200 2636 cardinalem
3226 2568 3310 2634 de
3353 2565 3474 2630 Ab·

1900 2657 2025 2722 dua
2070 2655 2414 2742 propositis
2454 2656 2869 2741 sequentibus
2901 2654 3109 2725 dubiis
3137 2652 3469 2725 videlicet:
3515 2686 3538 2708 ι

1982 2786 1991 2797 ·
2039 2747 2102 2809 1.
2147 2745 2245 2808 An
2289 2742 2444 2811 Duci
2488 2748 2720 2810 Terrae
2767 2742 2993 2811 Montis
3049 2741 3350 2831 Dragonis
3399 2740 3473 2805 li·

1901 2840 2042 2897 ceat
2086 2830 2372 2898 retinere
2418 2831 2580 2897 intra
2601 2830 3078 2918 Presbyterium
3101 2828 3473 2917 genuflexo-

1901 2919 2070 2986 rium
2118 2936 2262 2986 cum
2308 2929 2501 2985 strato
2536 2929 2600 2984 et
2631 2918 2866 2986 Sedem
2898 2918 3304 2988 amovibilem
3329 2934 3474 2983 cum

1890 3005 2536 3094 ‚pulvinaribus,·tam
2580 3006 2643 3072 in
2693 3006 2994 3074 Eccleaiis
3035 3005 3475 3074 Saecularibus

1901 3113 2091 3181 quam
2136 3093 2554 3179 Regularibus
2597 3094 2916 3161 Bioecesis
2959 3089 3330 3162 calenum?

2033 3187 2102 3250 2.
2149 3183 2242 3250 Au
2291 3181 2465 3248 idem
2513 3181 2700 3247 liceat
2745 3180 3090 3250 Ducissae'?

2035 3274 2113 3336 Et
2159 3269 2427 3340 S.R.c.
2483 3268 2848 3354 respondite
2925 3290 2964 3333 ι
3011 3268 3318 3355 Negative
3393 3264 3470 3331 ad

1902 3369 2281 3441 utrumque;
2317 3367 2381 3421 et
2427 3356 2784 3444 amplius».
2863 3375 2868 3380 ·

2031 3449 2112 3511 Et
2171 3444 2256 3510 ita
2308 3443 2651 3511 declaravit
2712 3454 2777 3512 et
2829 3443 3063 3510 servari
3128 3442 3467 3514 mandavit.

1896 3535 2014 3602 Die
2063 3537 2103 3599 2
2151 3531 2384 3619 Aprilis
2434 3535 2624 3598 1718.
3499 3525 3507 3538 ’

1904 3709 2162 3779 2249.
2529 3711 2856 3778 FRATER.

3236 3713 3464 3798 (3⁹09)

2033 3883 2254 3952 Habito
2300 3902 2416 3971 per
2461 3881 2916 3968 Hieronymum
2956 3882 3103 3947 Palli
3155 3882 3469 3949 Vicarium

1901 3972 2281 4039 Generalem
2328 3969 2607 4037 civitatis
2651 3973 2896 4038 Praten.
2949 3971 3028 4038 ad
3071 3973 3137 4037 S.
3166 3974 3240 4036 R.
3270 3974 3340 4037 C.
3373 3989 3473 4036 re-

1902 4078 2094 4126 cursu
2140 4060 2439 4126 adversus
2485 4063 2782 4126 loannem
2828 4058 3208 4126 Matthaenm
3233 4057 3315 4124 de
3339 4057 3474 4123 Bia-

1900 4147 2068 4233 ginis
2111 4163 2312 4214 unum
2362 4163 2443 4212 ex
2487 4145 2889 4232 cappellanis
2933 4145 3196 4212 Orator-ii
3243 4150 3469 4212 Beatae

1901 4235 2177 4323 Virginis
2223 4235 2307 4301 de
2373 4233 2742 4299 Carceribus
2805 4232 3093 4300 eiusdem
3150 4231 3469 4314 CivitatiS,

1898 4322 2130 4480 423⁵:
2158 4321 2439 4496 ,3ῗέἒῖ
2466 4320 2509 4386 ³³
2527 4322 3166 4495 mmm„
3175 4325 3470 4475 ⁸0b¹3311¹2¹1⁰

1899 4502 2264 4568 rochettum
2304 4508 2368 4565 et
2411 4497 2875 4596 mantellettam
2921 4496 2984 4564 in
3032 4494 3320 4564 omnibus
3367 4457 3471 4561 ecf-

1901 4587 2265 4655 clesiasticis
2333 4583 2760 4654 functionibus
2783 4630 2801 4664 ,
2872 4596 2995 4650 tam
3060 4582 3218 4648 intra
3281 4600 3466 4667 quam

1901 4686 2077 4742 extra
2124 4674 2368 4741 dictum
2409 4672 2797 4752 oratorium,
2855 4671 3108 4738 deferre
3179 4678 3470 4755 praeten-

1896 4763 2200 4838 dentem;
2248 4773 2314 4826 et
2371 4763 2448 4828 ab
2495 4764 2650 4825 Emo
2704 4766 2771 4824 et
2828 4762 2984 4824 Rffio
3031 4761 3101 4825 l).
3153 4756 3467 4828 cardinali

1896 4849 2283 4918 Zondadario
2327 4848 2725 4933 intrascripto
2768 4845 2964 4912 dubio
3013 4846 3378 4933 proposito:

2033 4939 2129 5002 An
2175 4936 2510 5022 Presbyter
2554 4940 2814 5001 loannes
2842 4934 3188 5000 Matthaeus
3211 4934 3292 5000 de
3339 4933 3471 4999 Bia·

1899 5025 2087 5112 ginis,
2122 5042 2286 5090 unus
2331 5040 2416 5089 ex
2460 5021 2860 5110 Cappellanis
2902 5022 3162 5088 oratorii
3197 5026 3266 5088 Β.
3289 5025 3368 5088 H.
3389 5024 3467 5088 V.

1897 5134 1931 5178 a
1975 5110 2345 5178 Carceribus
2404 5109 2749 5196 nuncupati
2815 5110 3201 5194 illorumque
3260 5109 3467 5192 Prior,

1897 5200 2156 5266 deferre
2200 5199 2407 5265 valeat
2469 5197 2532 5265 in
2602 5197 3030 5265 functionibus
3096 5196 3470 5262 ecclesiasti-

1898 5288 2012 5372 cis,
2043 5297 2166 5352 tam
2197 5285 2356 5352 infra
2379 5303 2571 5371 quam
2601 5294 2776 5352 extra
2810 5286 3055 5353 dictum
3084 5284 3465 5365 oratorium,

1895 5376 2264 5443 rochettum
2308 5383 2378 5439 et
2435 5374 2900 5442 mantellettam
2950 5372 3174 5458 vigere
3238 5371 3468 5436 iaxlulti
