4042 5950
2018 257 2493 338 -400-

620 430 863 497 rarum3
897 437 1015 505 pro
1044 438 1164 506 qua
1186 417 1482 487 Oratione
1504 437 1589 485 ex
1618 417 2042 487 instructione
2064 418 2201 486 Cle-

618 505 898 573 mentina
958 507 1133 574 Missa
1170 525 1308 595 ›pro
1360 510 1518 573 Pace
1579 505 1884 575 cantanda
1945 516 2043 574 est
2100 524 2200 574 se-

616 593 823 661 cunda
869 594 977 663 die
1018 613 1165 663 cum
1211 594 1428 663 colore
1459 595 1743 663 violaceo
1788 593 1926 663 sine
1978 595 2200 662 Gloria

617 690 684 747 et
726 680 863 749 sine
911 684 1154 764 Gradu
1199 681 1354 751 baec
1398 694 1611 750 autem
1659 683 1832 750 atissa
1892 683 2198 751 cantanda

616 786 745 836 non
791 782 887 837 est
932 770 997 839 in
1040 769 1238 837 Altari
1287 770 1351 838 in
1397 790 1524 858 quo
1570 771 2046 839 sanctissimum
2092 774 2196 840 Sa·

615 869 1009 926 cramentum
1076 857 1372 959 publicae
1440 858 1735 927 fidelium
1802 858 2196 926 venerationi

618 957 831 1012 manet
878 958 1264 1035 expositum,
1312 966 1527 1032 neque
1572 947 1638 1014 in
1682 945 1882 1014 Altari
1914 947 2021 1014 ubi
2055 950 2200 1016 San·

615 1033 888 1101 ctissima
935 1033 1321 1104 Eucharistia
1353 1036 1416 1101 in
1448 1033 1876 1103 'tabernaculo
1919 1054 2196 1102 asserva·

614 1130 747 1189 tur.
802 1123 1007 1201 Quum
1055 1125 1133 1192 ab
1181 1122 1360 1191 aunis
1419 1122 1769 1191 innumeris
1826 1141 1962 1189 mos
2022 1123 2195 1191 inva-

617 1210 809 1276 luerit
864 1210 928 1278 in
981 1210 1265 1279 Dioecesi
1327 1213 1680 1280 cadurcen.
1733 1210 1934 1278 tribus
1992 1229 2194 1278 enun-

615 1296 791 1364 ciatis
834 1297 1062 1372 diebus
1107 1299 1351 1368 Missam
1400 1301 1766 1368 Solemnem
1813 1316 1960 1367 cum
2007 1308 2193 1368 cantu

614 1383 978 1454 celebrandi
1019 1386 1084 1454 in
1113 1388 1308 1456 Altari
1358 1386 1602 1472 maiori,
1652 1389 1717 1455 in
1761 1406 1891 1474 quo
1922 1387 2193 1455 Sanctis·

611 1472 841 1540 simum
907 1474 1334 1543 Eucharistiae
1403 1478 1876 1545 Sacramentum
1940 1476 2194 1564 exposi-

615 1571 751 1629 tum
796 1573 918 1646 est,
966 1563 1338 1649 quaeritura

750 1653 810 1716 1.
846 1653 956 1716 Est
985 1670 1067 1716 ne
1097 1653 1402 1720 servanda
1436 1651 1723 1740 exposita
1753 1653 2192 1730 consuetudo;

615 1740 720 1804 vel
764 1737 977 1823 potius
1026 1737 1455 1807 eliminanda?

745 1828 811 1892 2.
855 1827 1219 1894 Necessario
1265 1845 1346 1895 ne
1395 1838 1492 1895 est
1535 1827 1839 1895 cantanda
1870 1827 2047 1895 lissa
2076 1846 2194 1915 pro

615 1917 798 1996 Pace,
845 1932 924 1980 an
970 1933 1124 1981 vero
1167 1933 1289 2003 per
1334 1915 1576 1983 Missam
1623 1916 1709 1983 de
1753 1919 1940 1982 Festo
1971 1934 2193 1983 occur·

615 2011 800 2069 rente
847 2006 950 2068 vel
988 2003 1072 2069 de
1119 2004 1523 2072 sanctissimo
1567 2005 1974 2073 sacramento
2022 2003 2193 2071 iuxta

615 2088 916 2157 Rubricas
959 2088 1371 2180 supplenda?
1468 2150 1485 2159 -

746 2179 822 2247 V.
858 2183 928 2246 ln
964 2178 1176 2247 triduo
1206 2177 1654 2248 Hebdomadae
1699 2179 1974 2265 maioris,
2019 2181 2196 2250 vide·

614 2266 764 2334 licet
809 2266 984 2333 Feria
1016 2271 1095 2352 V,
1128 2269 1306 2336 Feria
1338 2271 1414 2337 Vl
1444 2268 1513 2335 in
1542 2272 1881 2337 Parasceve
1931 2279 1998 2336 et
2045 2269 2192 2336 Sab-

615 2355 757 2422 bato
788 2357 1039 2437 Sancto,
1076 2355 1153 2422 ab
1184 2357 1477 2425 omnibus
1510 2358 1593 2425 de
1624 2359 1815 2424 Clero
1859 2357 2053 2423 etiam
2081 2360 2191 2427 Ca-

613 2441 855 2511 nonicis
916 2443 1488 2529 genuflectendum
1550 2454 1681 2527 est,
1747 2463 1826 2511 ex
1893 2443 2190 2530 Rubrica,

612 2541 756 2598 ante
801 2534 1075 2598 Crucem
1120 2532 1374 2599 Altaris.
1421 2535 1632 2613 Quum
1657 2544 1874 2600 autem
1903 2532 2190 2601 Officium

613 2621 1009 2687 Nocturnum
1054 2620 1273 2687 Feriae
1321 2624 1373 2688 V
1416 2621 1493 2688 iu·
1525 2624 1736 2688 Coena
1789 2620 2035 2688 Domini
2097 2621 2191 2689 di-

613 2715 794 2773 catur
836 2707 1014 2773 Feria
1044 2712 1127 2776 tv
1160 2709 1307 2775 bora
1354 2709 1771 2796 competenti,
1819 2709 2187 2795 quaeritura

613 2796 839 2861 Utrum
888 2794 1459 2882 genuflectendum
1486 2796 1568 2864 sit
1600 2806 1746 2864 ante
1775 2795 2008 2865 dictam
2035 2801 2191 2867 Gru·

614 2899 754 2949 cetu
798 2879 875 2949 ab
921 2881 1097 2950 initio
1144 2885 1427 2954 Matutini
1475 2883 1694 2954 Feriae
1737 2888 1830 2966 Ἣ
1893 2904 1971 2952 an
2034 2905 2190 2953 vero

616 2982 860 3039 tantum
907 2969 984 3037 ab
1031 2971 1159 3061 ipsa
1203 2976 1380 3042 Feria
1426 2973 1532 3044 V?
1591 2973 1744 3042 item
1807 2993 1885 3042 an
1930 2975 1996 3042 in
2056 2984 2191 3041 toto

612 3058 881 3129 Sabbato
927 3062 1203 3142 Sancto;
1251 3065 1357 3132 vel
1407 3073 1648 3131 tantum
1695 3083 1897 3150 usque
1941 3063 2017 3131 ad
2069 3065 2190 3129 lla-

613 3146 888 3218 tutinum
922 3150 1086 3217 Festi
1118 3151 1621 3228 Resurrectionis,
1665 3152 1911 3219 Domini
1944 3150 2010 3219 in
2045 3150 2192 3220 Sab-

614 3234 757 3303 bato
804 3242 1030 3307 Sancto
1092 3239 1443 3329 legendum
1501 3251 1608 3308 aut
1660 3240 2021 3308 canendum
2041 3237 2075 3307 ’ἒ

741 3328 903 3394 Haec
948 3345 1142 3415 porro
1189 3330 1378 3398 dubia
1422 3347 1625 3417 quum
1656 3327 2049 3417 subscriptus
2080 3331 2192 3395 Se·

613 3415 921 3482 cretarius
953 3417 1356 3518 proposuerit
1387 3418 1451 3486 in
1479 3416 1822 3485 ordinariis
1854 3418 2190 3484 Sacrorum

612 3501 870 3570 Rituum
917 3505 1201 3573 comitiis
1234 3507 1538 3575 hodierna
1586 3506 1692 3576 die
1745 3505 1822 3573 ad
1873 3504 2191 3583 Quirinaie

613 3589 864 3673 babitis,
913 3594 1095 3660 Sacra
1141 3597 1365 3664 eadem
1412 3594 1863 3682 congregatio,
1898 3591 2191 3659 omnibus

612 3688 860 3744 mature
905 3682 1264 3767 perpensis,
1297 3683 1780 3751 rescribendum
1814 3682 2099 3748 censuitz

744 3764 843 3832 Ad
876 3771 924 3833 1.
957 3787 997 3832 ι
1020 3770 1234 3848 Quoad
1263 3772 1533 3859 primam
1608 3770 2030 3855 uaestionem,
2069 3772 2190 3836 Ne·

614 3853 859 3941 gative3
893 3857 1100 3942 quoad
1126 3861 1498 3943 secundam,
1525 3860 1576 3924 A
1646 3858 1948 3937 rmative;
1982 3859 2191 3945 quoad

613 3941 863 4011 tertiam
882 3990 900 4026 ,
938 3944 1267 4033 Negative,
1293 3948 1371 4015 ad
1394 3947 1661 4036 primam
1688 3956 1973 4033 partem3
2009 3944 2191 4013 Affir-

614 4030 873 4116 mative,
904 4032 979 4099 ad
1011 4035 1403 4115 secundam;
1451 4035 1659 4121 quoad
1705 4047 2020 4121 quartam,
2068 4036 2189 4102 Ne-

613 4120 850 4208 gative,
882 4120 960 4187 ad
991 4122 1257 4209 primam
1309 4133 1597 4211 partem;
1644 4123 2060 4207 Affirmative,
2107 4121 2186 4189 ad

612 4208 959 4276 secundam
982 4232 1046 4278 ι.

744 4298 838 4364 Ad
884 4300 962 4364 Π.
1010 4321 1048 4365 ι
1081 4300 1472 4368 Affirmative
1504 4324 1564 4367 ν.

741 4384 838 4452 Ad
885 4389 988 4455 ΙΙΙ.
1033 4409 1073 4454 ι
1104 4390 1316 4468 Quoad
1377 4390 1642 4478 primam
1698 4388 2183 4477 quaestionem:

613 4472 856 4541 Missam
903 4477 1277 4545 sumendam
1321 4497 1458 4545 esse
1503 4478 1570 4546 in
1612 4475 2020 4565 quotidianis,
2070 4474 2189 4543 nisi

612 4570 836 4648 agatur
878 4560 961 4629 de
1022 4564 1129 4632 die
1183 4584 1338 4632 vere
1391 4566 1687 4653 septima,
1737 4566 1837 4632 vel
1888 4566 1971 4633 de
2015 4563 2190 4631 anui·

613 4650 889 4717 versario
934 4652 1011 4720 ab
1057 4652 1282 4733 obitu;
1342 4657 1548 4742 quoad
1607 4652 1950 4721 secundam
1997 4671 2190 4740 quae·

612 4738 930 4807 ationem:
980 4742 1310 4829 Negative,
1342 4744 1418 4811 ad
1454 4743 1720 4831 primam
1767 4753 2052 4830 partem;
2085 4741 2188 4809 Af-

613 4826 954 4912 firmative,
1002 4830 1080 4898 ad
1125 4831 1470 4899 secundam
1502 4854 1565 4898 ιν.

746 4917 839 4984 Ad
885 4920 989 4986 IV.
1039 4939 1077 4983 ι
1109 4919 1322 4997 Quoad
1386 4920 1657 5007 primam
1708 4918 2185 5006 quaestionem:

615 5003 1103 5092 inhaerendum,
1142 5019 1449 5095 quantum
1494 5008 1634 5077 fleri
1666 5017 1907 5096 potest,
1950 5012 2189 5075 Instru-

617 5092 809 5161 ctioni
854 5095 1331 5176 Clementinae;
1378 5097 1586 5183 quoad
1630 5096 2014 5164 secundamz
2050 5097 2189 5164 Mis·

614 5199 745 5249 sam
793 5183 1081 5251 Votivam
1125 5203 1243 5273 pro
1287 5188 1442 5253 Pace
1484 5183 1772 5273 suppleri
1823 5202 2010 5270 posse
2071 5203 2188 5275 per

757 5376 835 5454 (ι)
870 5377 932 5434 a.
968 5376 1107 5435 out».
1142 5376 1221 5436 111
1257 5375 1438 5436 0t1v.

2303 416 2487 484 aliam
2545 415 2788 485 nissa-
2833 415 3158 501 Votivam,
3207 414 3425 493 sniis
3601 435 3642 483 e
3685 414 3888 485 couti-

2304 516 2540 607 nentur
2601 506 2665 572 in
2735 502 2955 572 Hissali
3021 508 3300 572 Romano
3326 552 3344 589 ,
3417 526 3486 573 ar
3531 503 3679 572 itt-io
3739 505 3890 592 Epi-

2301 613 2653 751 ωοέἑιῖοῗ.
2703 703 2741 747 ι
2767 680 3347 782 Gennflectendum
3375 656 3561 749 Cruci
3595 679 3674 748 ab
3701 678 3892 749 initio

2301 770 2683 837 adorationis
2727 768 2906 838 Feria
2953 772 3029 837 Vl
3074 789 3140 836 tn
3186 773 3526 837 Parasceve
3568 788 3780 856 usque
3811 768 3891 836 ad

2300 860 2542 926 Nonam
2587 857 2832 926 Sabbati
2884 857 3098 926 Sancti
3147 856 3454 926 inclusive
3488 879 3556 925 ι.

2431 950 2639 1033 Atque
2700 947 2781 1013 ita
2829 949 3012 1014 Sacra
3060 944 3484 1035 congregatio
3532 944 3888 1034 rescripsit.

2431 1033 2545 1102 Die
2584 1039 2626 1104 9
2674 1034 2809 1111 unii
2865 1037 3058 1103 ¹857.

2300 1210 2569 1280 3050.
2801 1210 3366 1279 susurronum.
3645 1208 3886 1295 (5242)

2428 1387 2747 1454 Professor
2790 1383 3203 1454 Rubricatum
3248 1383 3314 1452 in
3358 1383 3709 1453 seminario
3759 1388 3890 1451 Ru·

2302 1474 2686 1543 remunden.
2754 1472 2818 1540 in
2887 1472 3265 1540 Neerlaudia
3331 1475 3552 1541 Sacrae
3617 1471 3890 1540 Rituum

2296 1562 2784 1650 congregationi
2844 1560 3174 1647 sequentia
3234 1560 3426 1628 dubia
3483 1578 3599 1649 pro
3644 1579 3889 1650 oppor-

2299 1662 2448 1720 tuna
2494 1648 2921 1719 declaratione
2969 1648 3343 1747 proposuit;
3389 1648 3692 1716 nimirum
3717 1672 3740 1714 ε

2428 1744 2476 1807 1.
2527 1740 2708 1805 Anne
2755 1735 2980 1825 vigilia
3031 1736 3294 1805 alicuius
3340 1735 3507 1804 Festi
3552 1734 3891 1804 transferri

2387 1827 2523 1909 ssit,
2571 1825 2622 1892 si
2667 1830 2926 1893 Festum
2979 1825 3150 1911 quod
3198 1823 3490 1911 vigiliam
3549 1824 3774 1907 habet,
3827 1825 3890 1890 in

2342 1914 2468 1983 iem
2522 1914 2704 1981 aliam
2764 1912 2953 1980 fixam
3021 1923 3336 2001 perpetuo
3380 1911 3461 1978 sit
3508 1911 3889 1979 translatum

2297 2002 2388 2071 uti
2421 2003 2650 2070 accidit
2681 2003 2747 2069 in
2775 1999 3039 2069 Civitate
3063 2000 3602 2085 Ruremundensi,
3627 1997 3744 2066 ubi
3769 2002 3892 2067 Fe-

2296 2103 2468 2159 stum
2513 2090 2720 2159 Sancti
2766 2086 2968 2157 iacobi
3013 2086 3303 2175 Apostoli
3331 2097 3647 2244 pergetuo
3677 2098 3889 2154 trans-

2296 2179 2503 2247 fertur
2549 2180 2631 2247 ob
2677 2176 3145 2245 occurrentiam
3190 2177 3396 2244 Sancti
3488 2174 3689 2242 bristo
3744 2174 3891 2243 hori

2295 2266 2581 2356 nar-tyris
2624 2264 2871 2334 Patroni
2918 2262 3240 2331 Ecclesiae
3284 2263 3675 2332 Cathedralis

2426 2360 2502 2423 11.
2552 2357 2647 2422 An
2696 2353 2987 2421 Tituiaris
3034 2350 3352 2419 Ecclesiae
3406 2351 3816 2420 cathedralis
3858 2372 3893 2416 a

2296 2444 2484 2511 Glero
2532 2454 2713 2511 extra
2756 2440 3090 2508 Civitatem
3135 2437 3447 2506 celebrari
3484 2440 3728 2507 debeat
3763 2439 3894 2507 ritu

2297 2529 2540 2620 duplici
2587 2531 2828 2619 primae
2859 2525 3067 2598 classis
3098 2545 3246 2595 cum
3279 2524 3541 2594 octava?
3569 2528 3668 2613 (1)

2426 2622 2609 2688 Sacra
2649 2637 2842 2708 porro
2868 2618 3130 2687 Rituum
3174 2614 3598 2703 congregatio
3628 2614 3706 2682 ad
3742 2615 3892 2696 Qui-

2293 2707 2496 2775 rinale
2539 2707 2897 2794 subsignata
2941 2703 3049 2772 die
3104 2702 3448 2770 coadunata
3500 2702 3566 2771 in
3620 2704 3888 2773 Ordina-

2296 2794 2405 2864 riis
2445 2795 2759 2879 comitiis,
2809 2794 3129 2861 referente
3187 2788 3547 2878 subscripto
3594 2794 3890 2861 Secreta·

2293 2883 2415 2970 rio,
2465 2883 2755 2951 omnibus
2812 2889 3058 2949 mature
3116 2878 3474 2966 perpensis,
3520 2880 3889 2951 rescribere

2297 2985 2426 3041 rata
2474 2983 2619 3043 est:

2426 3063 2523 3130 Ad
2570 3068 2619 3130 1.
2668 3085 2708 3130 ι
2742 3065 2834 3130 Ne
2880 3059 3049 3128 ative
3083 3083 3145 3125 ».

2429 3153 2524 3220 Ad
2568 3155 2644 3219 11.
2696 3173 2734 3217 ι
2767 3152 2815 3217 Α
2890 3146 3158 3216 rmative
3192 3168 3260 3215 »-

2423 3243 2635 3326 Atque
2682 3240 2765 3306 ita
2807 3237 3160 3324 rescripsit.

2427 3327 2538 3394 Die
2585 3332 2628 3398 9
2674 3326 2811 3394 Maii
2860 3328 3051 3395 1857.

2296 3469 2552 3539 3051.
2767 3469 3061 3536 roaros
3104 3468 3428 3535 Ato1sn.'
3650 3466 3883 3552 (sata)

2423 3592 2630 3671 Quum
2661 3594 2847 3659 Sacra
2878 3588 3300 3677 congregatio
3339 3587 3424 3655 de
3468 3588 3884 3676 Propaganda

2294 3679 2447 3748 Fide
2498 3689 2934 3766 opportunum
2980 3675 3242 3745 duxerit
3284 3675 3364 3742 ad
3414 3676 3571 3743 nanc
3621 3676 3878 3745 Sacram

2292 3770 2552 3836 Rituum
2605 3765 3182 3853 congregationem
3248 3765 3506 3831 mittere
3568 3766 3880 3836 nonnulla

2294 3856 2485 3924 dubia
2544 3877 2577 3921 a
2636 3860 2794 3925 nmo
2855 3853 3119 3922 Donino
3177 3851 3492 3920 Gulielmo
3553 3852 3882 3920 Bet-nardo

2293 3945 2483 4012 Allen
2527 3944 2765 4013 Collier
2808 3943 3123 4032 Episcopo
3169 3945 3389 4008 Portus
3448 3939 3664 4006 Aloisii
3730 3940 3878 4008 buic

2294 4035 2554 4101 Sanctae
2587 4033 2737 4100 Sedi
2770 4031 3165 4118 Apostolicae
3196 4029 3519 4131 proposita
3553 4046 3672 4116 pro
3707 4029 3877 4096 solu·

2297 4120 2516 4201 tione;
2571 4118 2961 4208 subscriptus
3005 4121 3227 4186 Sacrae
3282 4122 3538 4215 Rituum
3591 4117 3684 4182 Co
3777 4135 3877 4182 re·

2289 4207 2558 4296 gationis
2588 4205 2979 4277 Secretarius
3022 4205 3178 4274 baec
3226 4205 3359 4292 ipsa
3390 4201 3606 4288 dubia,
3640 4222 3677 4269 e
3773 4222 3876 4271 em

2292 4296 2520 4364 ordine
2555 4316 2686 4383 quo
2731 4293 3052 4383 proposita
3095 4293 3379 4377 fuerunt,
3413 4292 3638 4358 retulit
3667 4291 3738 4359 in
3766 4294 3876 4360 Or·

2291 4384 2548 4452 dinariis
2594 4387 2926 4454 Sacrorum
2971 4382 3229 4451 Rituum
3277 4378 3558 4448 Comitiis
3602 4379 3678 4446 ad
3729 4380 3874 4459 Qui·

2293 4472 2492 4540 rinale
2538 4473 2841 4541 hodierna
2900 4469 3009 4541 die
3066 4467 3464 4553 coadunatis,
3518 4466 3870 4538 nimirum:

2427 4566 2471 4627 t.
2543 4564 2709 4629 Num
2779 4560 2844 4628 in
2903 4577 3204 4647 responso
3273 4577 3302 4622 a
3361 4558 3546 4623 Sacra
3606 4555 3872 4623 Rituum

2290 4648 2796 4738 Congregatione
2853 4647 2963 4715 die
3014 4650 3088 4713 11
3140 4642 3534 4733 Septembris
3585 4646 3755 4713 1847
3811 4645 3873 4711 iu

2292 4738 2649 4839 Taurinou..
2680 4738 2759 4804 ad
2803 4736 3072 4804 dubium
3101 4733 3455 4803 secundum
3486 4731 3660 4816 dato,
3693 4732 3869 4818 quod

2292 4820 3870 5009 {3:32223253‘3551‘3-235‘ammata&

2294 5005 2439 5071 Dies
2478 5006 2645 5085 irae,
2679 5019 2841 5091 quae
2889 5001 2997 5066 vix
3042 4999 3249 5065 vocari
3293 5007 3502 5086 potest
3532 5006 3736 5063 oratio
3761 4997 3863 5064 vel

2295 5087 2626 5181 precatio?
2668 5094 2866 5158 Item:
2914 5091 3079 5156 Num
3127 5085 3191 5154 in
3237 5085 3423 5154 dictis
3482 5084 3678 5153 nissis
3724 5103 3868 5155 can·

2294 5178 2406 5246 tari
2452 5178 2809 5256 necessario
2853 5176 3084 5246 debeat
3125 5170 3585 5243 offertorium?
