4042 5950
1944 259 2257 337 —104
2311 303 2411 318 —

541 418 856 502 charistia,
903 419 1000 485 ius
1045 414 1473 503 praecedendi
1504 413 1584 479 sit
1614 414 1910 481 Societati
1944 416 2118 481 SSmi

541 506 840 591 Corporis
885 501 1164 571 Christi?

675 599 741 658 2.
790 595 886 658 An
935 594 1145 666 eidem
1192 591 1483 657 Societati
1543 579 1728 656 liceat
1776 600 1952 655 extra
2001 594 2117 655 Ec·

495 679 796 745 *clesiam
859 678 1327 745 Processionem
1390 679 1666 760 ducere,
1729 697 1890 764 quae
1955 677 2120 743 intra

544 787 680 832 eam
731 770 800 832 lit
844 767 1110 852 singulis
1161 766 1361 831 tertiis
1399 764 1732 831 Dominicis
1779 765 2121 831 cuiuslibet

544 854 775 920 mensis
818 853 1084 939 aliisque
1130 854 1326 919 Festis
1373 850 1968 952 principalioribus?

677 947 752 1006 Et
804 946 869 1008 S.
920 943 1144 1007 eadem
1211 946 1286 1008 R.
1333 945 1403 1007 C.
1418 941 1738 1026 ,praevia
1808 941 2118 1006 relatione

543 1029 674 1095 Pani
715 1029 1033 1117 Episcopi,
1067 1050 1135 1094 ac
1168 1030 1316 1094 visis
1349 1028 1592 1100 iuribus
1626 1047 1707 1092 ex
1739 1039 1919 1114 parte
1950 1029 2119 1094 eius-

540 1121 688 1183 dem
734 1115 1276 1183 confraternitatis
1322 1117 1612 1182 eiusdem
1657 1115 1956 1203 Corporis
1998 1120 2119 1214 Do-

541 1203 692 1269 mini
749 1204 1084 1286 deductis,
1136 1204 1432 1290 illiusque
1498 1217 1913 1289 procuratore
1967 1201 2119 1268 scri·

543 1292 664 1378 ptis
708 1307 774 1358 et
820 1311 977 1357 voce
1026 1291 1403 1358 informante
1447 1290 1687 1372 audito,
1732 1290 2123 1356 inhaerendo

540 1380 675 1445 aliis
725 1379 1004 1446 Decretis
1053 1381 1115 1444 in
1162 1379 1469 1460 similibus
1517 1377 1840 1461 emanatis,
1890 1380 1967 1444 ad
2019 1398 2117 1442 r-e

544 1467 842 1534 lationem
898 1467 1159 1568 praefati
1209 1469 1344 1533 Emi
1395 1466 1713 1550 Ponentis,
1766 1464 2120 1531 rescriben-

541 1559 697 1622 dum
749 1555 1033 1621 censuit:

673 1644 765 1710 Ad
805 1647 863 1709 1.
908 1663 946 1706 ⁴
973 1647 1039 1708 ln
1070 1642 1580 1728 quibuscumque
1612 1638 2119 1705 processionibus

542 1731 604 1795 in
651 1731 878 1816 quibus
925 1731 1219 1795 defertur
1264 1734 1374 1797 SS.
1413 1727 1828 1811 Eucharistia,
1861 1747 2118 1814 praece-

540 1819 819 1882 dentiam
880 1818 1101 1883 deberi
1171 1816 1679 1884 Confrateinitati
1745 1819 1855 1882 SS.
1905 1820 2117 1880 Sacra-

545 1908 741 1969 menti
780 1927 842 1968 ιν.

669 1993 764 2057 Ad
813 1999 878 2058 2.
929 2013 967 2056 ⁴
998 1991 1274 2057 Arbitrio
1323 1990 1719 2079 Episcopi».

675 2083 750 2143 Et
812 2080 890 2144 ita
953 2080 1298 2145 declaravit
1350 2101 1420 2145 ac
1475 2078 1711 2144 servari
1773 2076 2111 2144 mandavit.

543 2166 654 2231 Die
701 2171 789 2231 26
836 2168 1100 2253 Augusti
1155 2171 1348 2233 1752.

541 2310 793 2377 2422.
1076 2312 1569 2375 ιιιιΑοιιΑιιιιΝ.
1889 2308 2112 2394 (4230)

669 2434 1024 2499 Ludovicus
1089 2432 1398 2498 Antonius
1459 2431 1542 2496 de
1601 2434 1794 2496 Sousa
1855 2430 2115 2496 Batelho

538 2520 819 2586 Civitatis
866 2522 1240 2585 Bracliaren.
1293 2521 1459 2606 apud
1509 2521 1682 2585 8:1²..
1714 2523 1783 2585 C.
1824 2518 2119 2605 exposuit

539 2628 608 2672 se
640 2626 848 2691 nuper
885 2606 1228 2672 obtinuisse
1278 2609 1641 2672 Maioratum
1665 2606 2050 2682 ‚institutum
2084 2627 2116 2670 a

539 2694 859 2760 nonnullis
908 2694 1030 2779 piis
1073 2693 1529 2760 Ecclesiasticis
1563 2713 1706 2759 cum
1745 2694 1936 2760 certis
1966 2714 2118 2758 one-

545 2781 741 2865 ribus,
790 2798 854 2846 et
898 2782 1222 2867 signanter
1268 2781 1439 2865 quod
1491 2783 1732 2867 primus
1769 2782 1938 2847 illius
1972 2799 2116 2866 pos-

538 2888 744 2933 sessor
791 2870 946 2955 erigi
999 2867 1233 2934 faceret
1279 2869 1646 2955 Cappellam
1705 2872 1828 2934 sub
1872 2868 2120 2934 invoca-

463 3006 468 3013 .
544 2957 714 3022 tione
761 2962 828 3023 B.
867 2961 948 3024 M.
984 2960 1061 3023 V.
1108 2956 1192 3021 de
1242 2958 1477 3022 Pietate
1543 2958 1604 3021 in
1661 2956 1907 3044 Oppido
1956 2975 2117 3021 nun-

538 3058 767 3145 cupato
814 3048 897 3113 de
941 3045 1332 3112 Macelleiros
1365 3045 1681 3109 Dioecesis
1710 3044 2085 3110 Bracharen.
2070 3091 2117 3126 .,

538 3153 607 3196 ac
655 3133 720 3198 in
767 3156 839 3200 ea
884 3146 1011 3200 tam
1069 3134 1204 3222 ipse
1266 3151 1455 3220 quam
1513 3132 1646 3197 eius
1706 3138 2117 3200 successores

539 3224 847 3291 celebrari
896 3223 1177 3288 facerent
1233 3221 1524 3288 omnibus
1585 3224 1810 3288 diebus
1857 3221 2120 3286 Festivis

540 3313 829 3379 eiusdem
898 3319 964 3379 B.
1014 3314 1091 3377 Μ.
1147 3315 1224 3378 V.
1271 3312 1514 3376 Missam
1571 3328 1759 3376 unam
1821 3328 1936 3396 pro
1991 3310 2119 3375 suf-

541 3400 737 3487 fragio
814 3400 1134 3466 dictorum
1211 3400 1684 3479 Fundatorum,
1757 3397 2117 3480 eodemque

461 3511 468 3523 ·
541 3490 730 3554 modo
763 3490 944 3554 aliam
974 3487 1254 3553 Missam
1244 3506 1304 3551 ιιι
1338 3498 1607 3571 quatuor
1630 3484 2120 3550 solemnioribus

542 3575 1005 3641 Festivitatibus
1075 3575 1233 3643 infra
1301 3592 1534 3640 annum
1596 3573 2116 3672 occurrentibus3

539 3680 708 3728 nunc
755 3682 908 3728 vero
956 3661 1343 3749 comperisse
1384 3662 1507 3726 ob
1499 3660 1801 3727 incuriam
1833 3660 2019 3747 primi
2055 3671 2121 3725 et

539 3750 809 3817 aliorum
857 3769 1290 3817 successorum
1342 3751 1402 3817 in
1450 3749 1619 3816 dicto
1666 3750 1960 3814 Maioratu
2007 3766 2120 3813 ne-

542 3838 812 3923 glectam
849 3838 1408 3924 fuisse‘Cappellae
1442 3837 1858 3918 erectionem,
1895 3848 1961 3899 et
1991 3855 2121 3901 non

541 3925 800 4008 impleta
849 3946 1040 3991 onera
1088 3924 1300 3991 eidem
1346 3926 1636 4006 adnexa3
1701 3935 2115 4010 quapropter,

543 4030 688 4077 cum
737 4032 871 4079 eam
922 4013 1170 4080 fundari
1226 4013 1568 4096 curaverit,
1616 4011 1730 4076 sibi
1781 4028 2119 4095 superesse

542 4099 804 4167 dubium
856 4120 1153 4186 sequens,
1190 4103 1360 4185 quod
1404 4100 1733 4166 humiliter
1763 4119 1795 4163 a
1829 4101 1895 4164 S.
1930 4103 2004 4165 R.
2041 4103 2112 4164 C.

538 4188 931 4255 solvendum
968 4188 1317 4276 proposuit,
1370 4188 1711 4254 videlicet:

671 4280 850 4341 Anne
899 4295 1055 4342 onus
1101 4296 1134 4339 a
1182 4275 1619 4342 fundatoribus
1666 4274 1820 4340 dicti
1867 4277 2120 4340 Maiora-

543 4377 641 4429 tus
695 4362 1013 4430 adiectum
1067 4363 1371 4429 celebrari
1421 4361 1689 4429 faciendi
1738 4364 1798 4427 in
1847 4363 2122 4448 praefata

540 4451 837 4549 cappella
889 4454 1130 4516 Missam
1179 4470 1364 4516 unam
1412 4449 1704 4515 omuibus
1748 4450 1975 4515 diebus
2009 4454 2120 4515 be-

539 4540 716 4603 stivis
777 4540 1075 4626 Deiparae
1140 4539 1437 4624 VirginiS,
1489 4538 1978 4622 intelligendum
2042 4536 2121 4601 sit

546 4645 657 4714 pro
702 4626 926 4693 diebus
990 4626 1251 4693 Festivis
1299 4635 1540 4693 tantum
1600 4626 1679 4691 de
1737 4636 2118 4724 praecept03

543 4716 644 4779 vel
712 4717 900 4780 etiam
964 4734 1081 4801 pro
1138 4714 1271 4780 aliis
1315 4713 1733 4810 simplicibus,
1786 4712 1847 4777 in
1894 4715 2121 4797 quibus

541 4804 1057 4869 commemoratio
1106 4802 1168 4868 in
1217 4803 1524 4868 honorem
1573 4799 1871 4900 Deiparae
1924 4803 2121 4886 Virgi-

543 4890 638 4956 nis
684 4894 844 4958 intra
890 4910 1122 4957 annum
1170 4890 1306 4955 fieri
1355 4888 1684 4956 consuevit
1712 4888 1745 4955 ’ἓ

673 4981 739 5045 8.
776 4982 849 5043 R.
887 4981 991 5059 C.,
1038 4964 1115 5045 ad
1167 4978 1542 5044 relationem
1592 4978 1730 5043 Emi
1771 4988 1833 5042 et
1872 4977 2010 5044 nmi
2047 4983 2116 5042 D.

542 5068 727 5132 Card.
766 5066 1122 5131 Gavatchini
1159 5067 1477 5148 Pouentis,
1517 5067 1881 5151 respondit:
1916 5085 1954 5128 ⁴
1985 5068 2121 5129 Mis-

541 5172 639 5217 sas
672 5170 807 5218 esse
841 5153 1249 5219 celebrandas
1282 5154 1574 5220 omnibus
1607 5152 1853 5236 diebus,
1892 5152 1954 5217 in
1986 5153 2122 5237 qui-

547 5244 662 5307 bus
688 5241 759 5306 fit
782 5238 1070 5307 Officium
1103 5244 1288 5306 Bmae
1325 5241 1597 5326 Virginis
1625 5241 1744 5306 sub
1777 5243 1902 5306 ritu
1917 5239 2116 5324 -dupl.

546 5328 690 5394 mai.
744 5330 842 5394 vel
899 5327 1135 5392 attioris
1174 5332 1356 5413 ritus,
1391 5330 1523 5392 sive
1569 5328 1631 5391 in
1667 5328 1945 5393 Ecclesia
1978 5327 2125 5391 Uni-

2224 416 2449 481 versali
2505 414 2638 480 sive
2702 414 2767 479 in
2825 414 3106 480 Dioecesi
3141 437 3203 480 ιν.
3271 414 3380 480 Die
3438 417 3480 480 o
3538 418 3806 482 Decem-

2228 505 2353 570 bris
2405 507 2594 570 1752.

2227 631 2478 712 2423.
2820 645 3203 710 cAsALnN.
3574 644 3803 728 (4232)

2360 773 2527 833 luter
2594 766 2956 853 Capitulum
3026 766 3345 842 Ecclesiae
3412 766 3808 834 cathedralis

2226 859 2505 923 Casalen.
2559 873 2638 920 ex
2690 874 2836 935 una,
2886 864 3075 938 atque
3123 854 3555 940 Praepositum
3597 866 3661 919 et
3691 859 3810 919 Ca-

2228 945 2487 1010 nonicos
2526 943 2842 1008 Ecclesiae
2892 941 3274 1025 Collegiatae
3325 947 3387 1006 8.
3426 943 3647 1006 Mariae
3682 945 3809 1007 Ma-

2230 1031 2376 1095 ioris
2410 1032 2493 1095 de
2525 1031 2732 1095 Platea
2765 1029 3049 1094 eiusdem
3084 1029 3367 1095 Civitatis
3408 1030 3687 1116 partibus
3723 1049 3806 1092 ex

2228 1119 2446 1198 altera,
2458 1119 2757 1200 exortis.
2796 1116 3122 1182 nonnullis
3182 1116 3391 1182 dubiis
3437 1129 3502 1181 et
3549 1128 3807 1183 contro·

2230 1204 2449 1270 versiis
2508 1224 2703 1291 super
2758 1204 2893 1269 inre
2943 1217 3007 1269 et
3056 1205 3243 1270 modo
3290 1205 3560 1270 sedendi
3623 1225 3812 1270 occa-

2226 1293 2403 1357 sione
2472 1293 2710 1378 Synodi
2787 1292 3052 1376 aliisque
3132 1292 3654 1378 praeeminentiis
3730 1291 3817 1354 ab

2227 1380 2451 1444 iisdem
2502 1381 2847 1466 praetensis
2909 1383 2971 1445 in
3035 1379 3462 1445 functionibus
3509 1377 3813 1445 ecclesia-

2226 1467 2440 1551 sticis,
2500 1468 2721 1552 eisque
2777 1469 2853 1534 ad
2914 1473 2983 1534 S.
3029 1472 3104 1533 R.
3147 1469 3219 1532 C.
3274 1466 3544 1544 delatis;
3617 1468 3813 1532 infr-a

2226 1555 2458 1641 scripta
2512 1555 2731 1637 dubia,
2767 1573 2977 1621 conam
3031 1559 3185 1620 Ειῑιο
3236 1565 3301 1620 et
3344 1559 3502 1621 Rmo
3553 1560 3622 1620 D.
3657 1558 3817 1619 Car-

2225 1641 2419 1707 dinati
2467 1642 2831 1727 Sacripante
2861 1646 3143 1707 Ponente
3191 1644 3596 1725 concordata,
3631 1641 3815 1706 deci-

2226 1730 2432 1795 denda
2483 1733 2802 1817 proposita
2849 1730 3136 1810 fuerunt,
3184 1747 3419 1815 nempe
3450 1743 3577 1796 etc.

2360 1818 2545 1901 (Vide,
2563 1817 2758 1884 dubia
2784 1829 2844 1883 ct
2869 1817 3285 1884 resolutiones
3314 1818 3426 1882 sub
3457 1820 3557 1884 die
3584 1817 3670 1881 15
3700 1820 3813 1880 Ιιι-

2210 1881 2307 1970 ia·
2345 1902 2555 1988 1752,
2593 1926 2658 1969 u.
2698 1905 2990 1989 2420).

2360 1993 2632 2058 Deducta
2684 1996 2919 2077 pariter
2966 1994 3029 2057 in
3078 1992 3303 2057 eadem
3351 1995 3417 2059 S.
3451 1998 3526 2060 R.
3568 1996 3647 2064 C.
3693 2013 3821 2058 uo-

2228 2080 2477 2144 vissima
2521 2079 2975 2164 controversia,
3011 2100 3173 2164 quae
3227 2081 3540 2146 Ecclesiae
3581 2081 3819 2145 Cathe-

2224 2166 2417 2234 dralis
2462 2168 2747 2233 Casalen.
2780 2168 3159 2266 Capitulum
3217 2161 3634 2267 eiusdemque
3695 2174 3816 2234 Ca-

2225 2255 2484 2328 nonicos
2529 2273 2937 2344 summopere
2974 2255 3248 2339 exagitat
3279 2255 3445 2320 circa
3476 2255 3817 2321 resolutio-

2225 2360 2374 2406 nem
2422 2345 2622 2407 octavi
2664 2344 2837 2410 dubii
2874 2346 2991 2408 iam
3030 2342 3369 2429 propositi.
3404 2350 3497 2409 An
3530 2344 3815 2425 scilicet,

2228 2443 2291 2494 et
2350 2451 2382 2493 a
2443 2448 2570 2526 quo
2627 2432 2871 2497 dictum
2942 2431 3231 2496 osculum
3298 2441 3360 2494 et
3427 2429 3817 2496 thurificatio

2206 2517 2428 2602 ‚danda
2473 2517 2551 2580 sit
2596 2517 3012 2604 Dignitatibus
3045 2529 3109 2582 et
3139 2515 3463 2583 canonicis
3494 2517 3815 2603 Collegiu-

2226 2601 2377 2668 tae‘?
2422 2606 2519 2669 cui
2569 2606 2791 2671 eadem
2825 2611 2889 2673 S.
2922 2609 2992 2673 C.
3028 2606 3483 2692 rescripserat·
3512 2606 3808 2687 ⁴Dilata,

2224 2703 2289 2754 et
2339 2693 2710 2776 exquiratur
2742 2706 2963 2759 votum
2996 2693 3434 2777 Magistrorum
3465 2691 3809 2758 Caeremo-

2222 2779 2467 2844 niarum
2503 2800 2577 2864 »5
2646 2799 2814 2846 nunc
2876 2793 3026 2845 vero
3090 2780 3206 2844 boc
3270 2791 3415 2844 voto
3465 2780 3808 2864 requisito,

2222 2866 2581 2952 auditisque
2644 2869 2876 2935 iterum
2948 2867 3221 2954 partium
3289 2866 3814 2934 Piwocuratoiibus

2224 2954 2458 3042 scripto
2507 2969 2572 3021 et
2619 2978 2776 3023 voce
2825 2955 3326 3038 informantibuS,

2354 3046 2418 3109 S.
2456 3046 2681 3111 eadem
2727 3042 2801 3110 R.
2838 3052 2939 3126 (3.,
2974 3044 3050 3109 ad
3102 3044 3479 3109 relationem
3511 3045 3808 3109 eiusdem

2226 3134 2366 3197 Emi
2399 3135 2474 3196 et'
2493 3134 2631 3198 Rmi
2678 3136 2747 3197 D.
2786 3133 3131 3199 Cardinalis
3176 3132 3566 3218 Sacripante,
3603 3142 3671 3198 ut
3702 3152 3815 3198 su-

2225 3240 2362 3305 pra,
2397 3221 2715 3303 Ponentis,
2748 3220 3228 3287 rescribendum
3260 3221 3539 3286 censuit:
3575 3241 3613 3284 ⁴
3636 3220 3815 3286 Thu-

2227 3308 2636 3373 riticationem
2687 3309 3039 3375 faciendam
3085 3328 3221 3373 esse
3268 3327 3387 3393 per
3420 3311 3813 3395 Acolythum

2224 3397 2411 3461 unico
2450 3398 2649 3462 ductu
2697 3414 2845 3463 cum
2894 3395 3300 3462 inclinatione
3346 3396 3588 3481 capitis,
3622 3411 3813 3464 antea

2228 3493 2291 3548 et
2336 3496 2503 3568 post,
2553 3485 2819 3569 singulis
2872 3485 3245 3559 Canonicis;
3296 3494 3360 3549 et
3407 3485 3575 3570 pacis
3621 3503 3813 3551 oscu-

2225 3572 2358 3636 lum
2406 3573 2687 3639 dandum
2731 3590 2870 3637 esse
2918 3591 3036 3657 per
3085 3573 3384 3638 eumdem
3418 3572 3807 3639 Ministrum.

2226 3665 2293 3723 ln
2351 3660 2610 3743 reliquis
2671 3661 2747 3724 ad
2816 3662 3116 3726 eumdem
3176 3664 3404 3724 Emum
3450 3663 3811 3726 Ponentem

2227 3766 2371 3811 cum
2418 3746 2817 3812 facultatibus
2882 3749 3169 3833 capiendi
3234 3748 3627 3832 provisiones
3684 3749 3811 3814 sibi

2228 3833 2551 3899 benevisas
2582 3856 2646 3899 ι».
2698 3839 2776 3899 Ει
2821 3836 2903 3900 ita
2940 3834 3230 3901 decrevit
3262 3856 3331 3899 ac
3363 3835 3599 3900 servari
3632 3854 3815 3902 man-

2227 3923 2418 3987 davit.
2474 3922 2584 3987 Die
2625 3924 2703 3987 14
2734 3924 2968 4010 Aprilis
3006 3927 3198 3990 1753.

2230 4062 2482 4130 2424.
2694 4053 2699 4059 ’
2743 4064 3287 4129 communicari.
3577 4064 3808 4161 (42:325)

2358 4192 2516 4254 Cum
2542 4191 2732 4253 Rmus
2756 4186 3107 4287 Episcopus
3137 4187 3605 4254 Conimbricen.
3630 4191 3809 4273 apud
3916 4188 3931 4207 '

2226 4279 2308 4343 S.
2342 4281 2414 4342 R.
2460 4279 2530 4341 C.
2601 4276 2967 4359 exposuerit
3022 4276 3241 4365 plures
3293 4278 3351 4343 in
3409 4294 3518 4340 sua
3578 4276 3811 4342 Cathe-

2225 4365 2382 4430 drali
2432 4363 2655 4448 vigere
2715 4381 2865 4426 usus
2923 4377 3138 4428 contra
3188 4365 3651 4451 praescriptum
3699 4366 3811 4430 Sa·

2226 4470 2472 4516 crarum
2504 4449 2918 4517 Rubricarum
2952 4461 3014 4515 et
3044 4452 3530 4517 CaeremoniaIis
3555 4452 3815 4537 Episco-

2225 4558 2478 4637 porum,
2513 4558 2629 4623 pro
2677 4556 2950 4637 quorum
2991 4538 3383 4605 observantia
3415 4542 3808 4626 Capitulum,

2230 4628 2568 4726 Dignitates
2618 4638 2682 4691 et
2712 4625 3004 4691 Canonici
3038 4630 3243 4693 dictae
3275 4626 3666 4702 cathedralis
3698 4648 3811 4693 an-

2228 4715 2464 4798 tiquam
2528 4712 3056 4779 consuetudinem
3119 4716 3562 4799 adducebant3
3633 4734 3811 4779 cum—

2226 4821 2353 4885 que
2401 4802 2476 4866 ad
2527 4804 2590 4867 S.
2628 4806 2698 4867 C.
2735 4820 2912 4865 suam
2948 4803 3366 4867 relationem
3344 4821 3488 4887 ipse
3522 4805 3812 4868 transmi-

2225 4888 2414 4963 serit;
2470 4894 2657 4954 Emus
2704 4901 2768 4955 et
2814 4893 3007 4954 ninus
3056 4895 3124 4956 D.
3171 4892 3356 4956 Card.
3393 4891 3845 4956 Tamburinus-

2227 4980 2289 5041 8.
2328 4980 2401 5041 R.
2438 4980 2505 5042 C.
2547 4979 2908 5043 Praefectus
2955 4989 3017 5041 et
3066 4983 3297 5045 Causae
3330 4983 3573 5043 Ponens
3620 4978 3811 5043 infra-

2225 5068 2457 5151 scripta
2504 5065 2691 5131 dubia
2739 5085 2945 5129 coram
2990 5086 3057 5131 se
3094 5068 3256 5133 inter
3304 5077 3512 5152 partes
3546 5086 3812 5131 concor-

2224 5151 2366 5216 data
2415 5153 2788 5240 proposuit3

2360 5245 2417 5303 1.
2472 5245 2609 5322 Αιι,
2627 5231 2883 5306 attentis
2928 5242 3444 5323 circumstantiis,
3482 5243 3813 5308 toleranda

2218 5328 2297 5389 sit
2330 5342 2561 5393 asserta
2610 5330 3009 5433 cpnsuetudo
3059 5331 3347 5396 cantandi
3384 5330 3631 5395 unicam
3667 5333 3810 5394 Mis-
