4042 5950
1669 281 2037 357 -9-

337 442 403 506 2.
455 441 554 504 An
603 447 987 503 occurrente
1036 436 1210 502 dicto
1260 456 1406 502 casu
1468 436 1644 502 Feria
1699 457 1798 502 se-

214 527 414 593 cunda
473 535 621 611 post
680 523 1070 590 Dominicam
1139 523 1478 606 Passionis,
1541 526 1797 610 quando

214 615 444 701 pariter
476 613 724 680 dictum
756 624 855 679 est
885 613 1284 678 Nocturnum
1311 611 1795 692 detunctorum,

211 713 359 787 quot
383 714 449 767 et
480 721 647 786 qnae
670 700 998 767 Orationes
1018 698 1331 766 dicendae
1353 698 1478 765 sint
1505 700 1569 765 in
1584 698 1803 766 Missa?

332 792 411 854 Et
459 793 535 855 S.
568 793 644 855 R.
680 790 750 853 C.
806 788 1328 873 respondendum
1377 789 1669 853 censuit:

330 877 424 943 Ad
486 881 554 943 1.
600 898 638 940 ‹
673 876 983 945 sufficere
1034 875 1285 940 tertiam
1329 874 1695 941 Orationem
1748 880 1795 941 Α

210 968 463 1030 cunctis
479 988 510 1045 ,-
545 964 716 1050 quod
750 963 799 1028 si
828 963 1084 1030 dicatur
1113 974 1333 1049 quarta
1362 964 1791 1048 Omnipotens,

212 1053 423 1139 quinta
472 1056 603 1119 erit
649 1053 727 1119 ad
778 1050 1034 1117 libitum
1070 1074 1129 1116 ».

328 1142 425 1207 Ad
476 1146 546 1208 2.
593 1160 633 1204 ι
670 1139 1018 1207 Dicendam
1046 1139 1392 1206 secundam
1436 1138 1796 1206 Orationem

212 1229 287 1296 de
330 1230 616 1329 simplici
668 1238 912 1295 tantum
951 1250 1013 1292 ».

328 1320 407 1381 Et
456 1328 545 1382 ita
604 1316 955 1383 declaravit
1018 1327 1086 1382 et
1145 1315 1387 1381 servari
1447 1314 1793 1382 mandavit.

210 1404 312 1471 Die
361 1408 400 1469 4
452 1405 595 1470 Maii
652 1406 845 1480 1709.

213 1583 459 1652 2194.
761 1582 1260 1647 BRACHAREN.

1568 1574 1794 1665 (3809)

332 1762 425 1823 Ex
488 1770 677 1846 parte
738 1756 1178 1842 magistrorum
1237 1756 1795 1823 Caeremoniarum

208 1849 531 1913 Ecclesiae
576 1844 975 1913 cathedralis
1021 1844 1405 1910 Bracharen.
1439 1866 1477 1909 a
1506 1847 1570 1909 S.
1608 1847 1685 1910 R.
1718 1848 1793 1910 C.

206 1935 473 2003 demisse
525 1933 958 2021 supplicatum
1007 1932 1124 1997 fuit
1171 1930 1566 2019 infrascripta
1607 1932 1794 1999 dubia

210 2022 519 2090 declarari
554 2044 572 2086 ε
624 2022 720 2108 (1)
1633 2068 1641 2081 .

336 2115 395 2176 1.
447 2114 551 2176 An
598 2108 826 2177 diebus
872 2108 1032 2175 inira
1079 2118 1366 2173 octavam
1400 2110 1630 2174 SSmae
1658 2109 1792 2173 Tri-

208 2199 436 2281 nitatis,
490 2197 602 2263 nbi
654 2208 749 2263 est
798 2196 1021 2263 titulus
1072 2193 1435 2278 Ecclesiae,
1487 2197 1550 2265 in
1596 2195 1797 2262 Pestis

210 2285 357 2352 infra
404 2286 648 2353 dictam
697 2295 986 2351 octavam
1032 2282 1518 2353 occurrentibus
1561 2282 1795 2350 debeat

208 2374 273 2439 ad
323 2373 603 2440 Primam
648 2371 777 2438 dici
826 2372 1202 2458 Symbolum
1235 2375 1300 2438 S.
1338 2368 1712 2438 Athanasii?

331 2465 396 2527 2.
448 2465 553 2526 An
595 2459 828 2526 diebus
859 2464 899 2526 6
933 2469 1007 2524 et·
1033 2462 1069 2526 7
1104 2459 1315 2526 dictae
1347 2470 1606 2526 octavae
1646 2478 1792 2525 cum

209 2549 285 2615 de
313 2550 404 2616 eis
436 2550 549 2614 fiat
578 2547 894 2631 Officium,
930 2547 1076 2633 quia
1108 2548 1365 2633 dignius
1393 2546 1612 2614 Officio
1643 2552 1795 2613 Cor·

212 2639 371 2724 poris
417 2635 700 2716 Christi3
749 2636 985 2703 debeat
1034 2636 1226 2700 etiam
1282 2636 1406 2721 legi
1462 2639 1546 2702 lx
1578 2634 1794 2701 Lectio

209 2726 285 2790 de
348 2724 635 2811 simplici
701 2723 828 2789 illis
896 2722 1127 2790 diebus
1190 2736 1617 2808 occurrente;
1688 2723 1790 2795 vel

210 2812 429 2896 omitti,
487 2812 732 2878 ratione
779 2822 1037 2878 octavae
1083 2810 1385 2898 Corporis
1430 2810 1710 2877 Christi?

333 2906 396 2967 3.
450 2904 551 2966 An
598 2899 960 2987 cingulum,
1011 2899 1274 2965 tertium
1340 2899 1793 2965 indumentum

208 2989 620 3073 sacerdotale,
685 2988 885 3076 possit
935 3008 1074 3055 esse
1114 2988 1350 3053 coloris
1400 2998 1796 3076 paramento-

214 3092 387 3156 rum3
436 3077 547 3143 vel
596 3078 955 3144 necessario
996 3078 1238 3143 debeat
1284 3094 1424 3141 esse
1471 3072 1738 3142 album?

331 3169 392 3230 4.
446 3168 548 3231 An
577 3166 1098 3248 instrumentum,
1134 3165 1330 3249 vulgo
1360 3166 1594 3247 Buqia,
1645 3181 1795 3232 cum

213 3253 468 3323 candela
532 3272 648 3339 pro
710 3257 759 3319 E
812 3252 1041 3339 iscopis
1103 3254 1179 3318 ad
1246 3253 1531 3335 librum,
1597 3249 1796 3339 possit

214 3363 339 3410 esse
368 3344 635 3408 materia
665 3344 748 3408 Or
799 3340 918 3407 inis
949 3342 1437 3428 Acolythorum,
1467 3341 1609 3406 loco
1640 3343 1796 3405 Can·

210 3431 446 3496 delabi-i
498 3449 614 3496 seu
661 3427 1094 3498 ceroferarii?

330 3524 395 3585 5.
450 3520 549 3583 An
596 3528 871 3603 quatuor
916 3515 1267 3604 Dignitates
1321 3535 1438 3583 seu
1496 3514 1793 3596 Gsanonici

210 3607 568 3673 assistentes
600 3605 915 3693 Episcopo
961 3608 1037 3672 ad
1085 3604 1551 3672 absolutionem
1583 3605 1660 3671 ad
1698 3618 1795 3670 tu·

212 3696 454 3761 mulum
486 3691 767 3760 debeant
814 3693 1173 3759 necessario
1207 3712 1345 3759 esse
1378 3687 1797 3761 Sacerdotes?

335 3787 398 3849 6.
449 3783 587 3859 Quo
636 3782 777 3849 loco
822 3782 1060 3849 debeat
1088 3780 1231 3847 fieri
1266 3780 1793 3847 commemoratio

213 3869 269 3935 in
300 3869 478 3936 Missa
508 3889 628 3955 pro
675 3870 1155 3936 consecratione
1190 3867 1514 3956 Episcopi,
1540 3869 1793 3955 quando

214 3957 447 4024 ratione
494 3958 661 4026 Festi
725 3956 1124 4024 occurrentis
1178 3955 1416 4024 dicitur
1470 3956 1645 4023 Missa
1708 3957 1791 4022 de

212 4047 387 4143 lisesto
435 4045 746 4199 phabente
815 4047 1041 4132 plures
1113 4044 1262 4110 alias
1332 4062 1791 4110 commemora-

219 4143 411 4199 1101108

336 4224 415 4288 Et
464 4223 531 4288 S.
566 4224 641 4287 R.
677 4224 751 4288 C.
802 4220 1051 4288 censuit
1098 4220 1667 4307 respondendum:

335 4309 431 4378 Ad
485 4311 545 4375 1.
595 4329 635 4373 ι
668 4311 977 4395 Negative
1011 4330 1077 4374 ν.
1623 4307 1634 4317 ’

335 4397 430 4463 Λᾶ
478 4401 549 4463 2.
596 4394 906 4484 «Ξῠίοὴιιε
966 4402 1007 4463 6
1068 4409 1135 4462 et
1188 4401 1226 4463 7
1282 4396 1442 4462 inira
1505 4406 1791 4462 octavam

218 4483 499 4551 'l'itularis
556 4488 783 4552 SSmae
848 4483 1165 4551 Trinitatis
1226 4483 1591 4550 iaciendum
1646 4485 1792 4551 offi-

220 4569 375 4637 cium
408 4574 494 4640 de
525 4573 631 4640 die
662 4573 939 4640 secunda
973 4584 1038 4638 et
1071 4573 1254 4639 tertia
1302 4570 1460 4638 inira
1510 4583 1790 4638 octavam

218 4659 502 4747 Corporis
546 4661 780 4728 Christi
834 4679 979 4727 cum
1026 4660 1633 4726 commemoratione
1674 4663 1788 4727 SS.

222 4746 523 4815 Trinitatis
557 4771 623 4814 ι.

338 4837 430 4903 Ad
482 4841 550 4903 3.
597 4858 637 4902 ι
669 4840 855 4902 Posse
905 4835 995 4903 uti
1043 4836 1303 4923 cingulo
1350 4837 1568 4902 colore
1618 4857 1791 4925 para·

222 4937 573 4990 mentorum
611 4949 670 4991 ».

340 5012 432 5078 Ad
486 5016 547 5078 t.
599 5034 637 5076 ι
671 5015 762 5079 Ne
810 5013 977 5079 alive
1013 5035 1073 5079 ».

341 5099 431 5166 Ad
480 5105 544 5166 5.
597 5123 634 5164 ‹
670 5103 719 5165 Α
795 5103 1058 5166 rmative
1096 5125 1157 5166 ι.

340 5188 431 5255 Ad
482 5193 546 5255 6.
598 5212 635 5253 ι
669 5192 1026 5256 Serventur
1072 5188 1385 5258 Rubricae
1415 5187 1792 5259 Pontificalis

345 5378 426 5454 (ι)
464 5382 527 5439 n
570 5381 712 5440 nuh.
754 5382 803 5438 ι.

1905 438 2167 505 Romani
2238 439 2322 504 de
2389 437 2879 504 consecratione
2952 437 3157 503 Electi
3218 437 3284 503 in
3342 437 3487 525 Epi-

1903 545 2168 610 scopum
2219 538 2359 613 post
2407 531 2689 591 Examen
2738 532 2775 601 ἓ
2809 528 3079 609 Propter
3125 526 3486 591 ordinatio·

1904 633 2046 678 nem
2088 624 2210 678 etc.
2260 624 2327 678 et
2385 613 2692 680 Rubricae
2743 611 2995 678 Missalis
3044 613 3105 679 in
3167 614 3294 679 fine
3343 624 3486 699 post

1903 700 2388 767 Benedictiones
2420 725 2486 769 ».

2035 792 2115 853 Et
2161 788 2242 853 ita
2297 788 2641 856 declaravit
2705 810 2776 854 ac
2832 788 3071 855 servari
3136 786 3481 857 mandavit.

1905 875 2016 942 Die
2063 879 2106 943 8
2153 875 2312 943 lunii
2366 880 2557 945 1709.

1906 1051 2158 1119 2195.
2458 1054 2954 1120 BRACHAREN.
3257 1053 3483 1137 (3810)

2035 1228 2379 1312 Propositis
2426 1228 2635 1294 dubiis
2681 1249 2757 1294 ex
2809 1241 2989 1315 parte
3046 1229 3484 1314 magistrorum

1903 1315 2461 1382 Caeremoniarum
2506 1317 2829 1382 Ecclesiae
2893 1316 3287 1383 Catbedralis
3342 1321 3485 1382 Bra-

1904 1403 2196 1484 cbaren„
2249 1421 2484 1489 nempe
2520 1426 2539 1470 z

2043 1495 2103 1556 1.
2154 1492 2251 1556 An
2297 1492 2477 1557 Feria
2523 1497 2576 1561 V
2624 1491 2686 1558 in
2732 1497 2942 1558 Coena
3004 1492 3289 1574 Domini,
3338 1509 3485 1557 cum

1905 1578 2256 1665 Episcopus
2301 1580 2435 1644 exit
2481 1603 2511 1644 a
2560 1584 2894 1648 Sacrorum
2942 1579 3224 1646 custodia
3269 1580 3346 1646 ad
3379 1580 3486 1643 Al-

1905 1676 2066 1749 tare,
2115 1666 2411 1732 canonici
2458 1669 2564 1753 qui
2614 1687 2764 1734 enm
2817 1669 3007 1755 parati
3041 1668 3343 1733 associant
3374 1667 3485 1732 de·

1878 1754 2092 1820 ‘beant
2143 1755 2532 1841 praecedere
2580 1755 3016 1844 Presbyteros,
3074 1755 3376 1822 Diaconos
3420 1762 3488 1820 et

1904 1840 2362 1925 subdiaconos,
2419 1842 2525 1928 qui
2578 1862 2728 1909 eum
2781 1844 3166 1910 comitantur
3227 1856 3299 1909 ut
3349 1841 3488 1907 assi·

1902 1940 2066 1995 stant
2109 1928 2246 1996 Olei
2293 1930 2788 2008 consecrationi;
2839 1934 2942 1997 vel
2989 1928 3228 2017 sequi‘?

2035 2021 2099 2084 2.
2153 2018 2566 2170 supplicatur
2627 2039 2744 2106 pro
2806 2020 3240 2086 declaratione
3288 2029 3326 2099 ,ξ
3381 2023 3483 2101 13,

1902 2124 2046 2202 cap.
2082 2110 2191 2187 23,
2230 2105 2271 2171 li
2324 2154 2340 2170 .
2385 2109 2446 2190 1,
2480 2107 2969 2174 caeremonialis
2997 2108 3482 2207 Episcopornm,

1904 2193 2007 2258 ubi
2058 2193 2291 2260 dicitur
2336 2194 2422 2260 de
2453 2196 2766 2282 Episcopo
2811 2194 3028 2260 Missae
3059 2205 3487 2262 interessente

1899 2281 2204 2351 eumdem
2258 2280 2602 2350 thurificari
2653 2294 2794 2370 post
2842 2283 3289 2382 Evangelium,
3327 2294 3393 2349 et
3423 2284 3496 2347 in'

1904 2368 2014 2435 lib.
2047 2373 2112 2452 2,
2141 2387 2279 2454 cap.
2323 2372 2391 2452 9,
2439 2377 2476 2450 ,ξ
2509 2373 2552 2437 8
2594 2370 2831 2458 legitur
2878 2370 3222 2437 thurificari
3280 2373 3486 2438 solum

1858 2520 1869 2537 ‚
1902 2466 2045 2541 post
2093 2454 2344 2523 oblata?

2034 2549 2098 2610 3.
2157 2547 2565 2633 supplicatur
2626 2546 2814 2612 etiam
2882 2566 2994 2634 pro
3052 2547 3486 2613 declaratione

1899 2649 2014 2696 seu
2057 2633 2394 2699 concordia
2425 2634 2717 2702 eiusdem
2747 2634 3238 2702 caeremonialis
3271 2634 3384 2700 lib.
3414 2638 3483 2715 2,

1901 2737 2043 2806 cap.
2078 2723 2147 2802 6,
2179 2726 2222 2800 5
2257 2724 2321 2805 t,
2371 2721 2480 2790 ubi
2521 2741 2645 2808 pro
2693 2726 3072 2810 Presbytero
3135 2722 3484 2788 celebranti

1903 2808 2276 2875 matutinum
2354 2814 2640 2876 solemne
2709 2810 2770 2875 in
2853 2810 3070 2879 habitu
3140 2810 3486 2877 canonicali

1901 2896 2175 2982 assignat
2220 2897 2499 2984 primum
2549 2898 2759 2964 locum
2807 2898 3027 2983 Chori,
3068 2899 3218 2965 licet
3264 2899 3487 2965 adver·
3591 2911 3599 2918 ·

1901 2997 2079 3051 setun·
2123 2988 2465 3052 Decretum
2513 2987 2579 3054 S.
2615 2991 2690 3055 C.
2725 2990 2808 3053 22
2843 2988 3110 3074 Augusti
3148 2991 3341 3070 1626,
3376 2989 3487 3054 de·

1900 3073 2142 3138 claraus
2174 3074 2443 3160 primam
2470 3075 2708 3143 Sedem
2744 3078 2806 3141 in
2831 3078 3038 3143 Choro
3059 3076 3286 3142 deberi
3321 3075 3486 3142 Heb-

1901 3159 2270 3228 domadario
2320 3175 2533 3250 parato
2586 3162 2922 3232 tantum?

2034 3252 2101 3314 S.
2140 3255 2213 3317 R.
2249 3255 2320 3318 C.
2374 3250 2738 3338 respondit:

2033 3339 2130 3404 Ad
2184 3343 2247 3405 1.
2298 3363 2335 3404 s
2367 3340 2577 3415 Quoad
2630 3340 2901 3428 primam
2948 3352 3235 3426 partem,
3288 3340 3487 3426 Nega·

1904 3428 2072 3513 tive;
2124 3428 2332 3514 quoad
2381 3429 2752 3512 secundam,
2803 3426 3195 3494 Affirmative
3244 3448 3306 3490 ».

2035 3516 2131 3582 Ad
2179 3520 2242 3581 2.
2297 3539 2333 3579 α
2367 3516 2431 3583 Si
2479 3535 2608 3583 non
2654 3529 2752 3582 est
2799 3529 3075 3602 paratas,
3123 3515 3324 3581 semel
3360 3527 3488 3580 tan-

1904 3614 2041 3670 tum
2086 3615 2231 3691 post
2279 3604 2483 3670 oblata
2519 3626 2583 3668 ι.

2033 3692 2126 3758 Ad
2179 3695 2240 3756 3.
2292 3714 2332 3758 ι
2368 3694 2766 3760 Servandum
2801 3711 2943 3757 esse
2982 3691 3484 3773 caeremoniale,

1901 3799 2027 3845 non
2082 3791 2323 3846 attenta
2370 3779 2878 3863 immemorabili,
2932 3791 3002 3845 ut
3049 3779 3112 3845 in
3157 3785 3487 3846 casertana

1900 3873 1983 3937 22
2033 3867 2300 3954 Augusti
2340 3873 2508 3936 1626
2544 3891 2606 3934 ».

2032 3961 2111 4022 Et
2155 3957 2243 4024 ita
2299 3957 2647 4024 declaravit
2705 3976 2773 4022 ac
2832 3955 3071 4021 servari
3138 3957 3483 4024 mandavit.

1900 4047 2009 4112 Die
2059 4048 2102 4112 8
2146 4045 2308 4111 lunii
2363 4048 2554 4112 1709.

1900 4219 2153 4289 2196.

2031 4395 2126 4462 ΑΙ)
2186 4400 2344 4461 Εῶο
2402 4407 2470 4461 et
2530 4399 2690 4462 Rmo
2751 4400 2822 4463 D.
2881 4398 3066 4464 Card.
3117 4397 3201 4463 de
3266 4397 3486 4463 Abdua

1902 4485 2315 4571 repropositis
2375 4484 2585 4550 dubiis
2652 4485 2714 4550 in
2785 4485 3293 4572 congregatione
3356 4485 3484 4551 diei

1899 4577 1938 4639 4
1990 4573 2226 4638 mensis
2269 4572 2408 4639 maii
2456 4574 2753 4660 proxime
2819 4573 3145 4660 praeteriti
3195 4591 3320 4638 non
3389 4595 3487 4638 re-

1896 4661 2147 4743 solutiS,
2197 4671 2262 4727 et
2311 4680 2506 4749 super
2552 4660 2782 4748 quibus
2828 4661 2948 4726 luit
2995 4662 3183 4727 dilata
3248 4661 3484 4726 resolu-

1900 4748 2016 4830 tio,
2067 4766 2356 4836 nempe:

2038 4841 2094 4902 1.
2148 4841 2243 4906 An
2295 4837 2605 4924 Episcopo
2653 4855 2779 4903 non
2829 4837 3196 4902 celebrante
3248 4837 3309 4903 in
3373 4840 3485 4903 Fe-

1897 4924 2280 4989 stivit‘atibus
2310 4924 2830 5006 solemnioribus,
2859 4925 3256 5010 Praepositus
3283 4925 3483 5010 prima

1896 5011 2176 5096 Dignitas
2225 5012 2551 5078 Ecclesiae
2597 5012 2991 5082 cathedralis
3035 5017 3338 5080 Cremen.
3392 5024 3485 5078 te·

1898 5101 2245 5251 neaturPad
2296 5100 2795 5167 celebrationem
2845 5100 3058 5166 Missae
3122 5113 3186 5166 et
3249 5103 3485 5186 Vespe-

1897 5206 2114 5253 rarum
2262 5221 2269 5229 ·

2525 4224 2871 4288 cannen.
3261 4199 3482 4310 (asu)
