4042 5950
1624 246 2097 330 -375-

332 401 562 489 Atque
610 400 692 468 ita
739 408 927 473 sacra
969 405 1394 490 congregatio
1458 405 1814 474 rescriben-

188 487 359 555 dum
416 500 490 557 et
538 490 1001 562 declarandum
1051 497 1327 562 censuit.

328 577 460 646 Die
509 584 597 647 25
632 579 1048 669 Septembris
1100 584 1291 652 1852.

187 718 491 789 3003.
690 723 967 791 SANc'rl
1013 726 1341 792 M1N1A'r1.
1579 728 1649 814 (ὅ
1658 726 1807 809 177)

326 847 419 911 Ut
457 843 527 911 in
557 844 748 915 sacris
780 846 1197 913 caeremoniis
1239 847 1808 935 ecclesiasticisque

186 931 644 1001 functionibus
690 933 901 1001 omnia
947 934 1236 1003 ordinate
1285 946 1350 1003 et
1397 938 1568 1004 iuxta
1625 955 1806 1022 prae·

187 1017 449 1086 linitam
490 1020 871 1088 methodum
901 1024 1281 1108 procedant,
1316 1023 1626 1093 Sacerdos
1667 1026 1807 1112 Syl·

183 1107 332 1175 vius
363 1108 507 1175 Risi
537 1109 890 1178 canonicus
936 1123 1003 1176 et
1051 1111 1113 1178 in
1159 1113 1512 1180 Seminario
1559 1112 1804 1201 episco-

181 1195 311 1280 pali
364 1199 717 1264 Sacrorum
771 1198 1032 1266 Rituum
1089 1202 1511 1287 Praeceptor,
1562 1201 1800 1268 humil·

183 1283 348 1350 lime
399 1285 664 1353 Sacram
722 1287 984 1354 Rituum
1055 1288 1637 1376 congregationem
1699 1308 1799 1354 ro-

181 1371 395 1457 gavit,
452 1383 532 1440 ut
573 1393 773 1462 super
815 1393 885 1440 se
935 1374 1234 1442 uentibus
1280 1378 1490 1445 dubiis
1543 1388 1800 1445 senten-

182 1459 340 1526 tiam
390 1480 583 1528 suam
631 1462 868 1529 elicere
951 1463 1311 1549 ignaretur;
1361 1465 1706 1533 nimirum:

325 1552 389 1615 1.
450 1554 526 1619 ln
571 1550 1052 1618 Cathedralibus
1100 1553 1423 1630 Ecclesiis,
1473 1554 1536 1621 in
1569 1552 1799 1639 quibus

180 1636 447 1703 chorus
499 1648 674 1705 extat
738 1648 881 1726 post
936 1639 1192 1723 Altare,
1243 1643 1499 1728 quando
1555 1641 1800 1709 canitur

179 1723 369 1790 Missa
420 1745 560 1793 non
604 1726 985 1794 Pontificalis
1029 1746 1152 1796 nec
1198 1749 1410 1797 coram
1444 1730 1790 1818 Episcopo,

180 1813 499 1881 Canonici
564 1814 674 1901 qui
733 1824 1001 1903 propter
1070 1828 1400 1885 cantorum
1458 1817 1789 1885 delectum

178 1919 333 1966 cum
403 1901 679 1989 reliquis
736 1914 1024 1987 cantant,
1083 1905 1253 1972 inter
1302 1924 1372 1973 se
1432 1906 1788 1974 alternatim

180 1986 316 2054 bini
366 2000 442 2055 et
492 1990 622 2058 bini
669 1991 976 2059 submissa
1021 2012 1181 2060 voce
1247 1994 1474 2062 dicunt
1526 1993 1792 2080 Symbo-

181 2075 321 2142 lum
372 2078 865 2166 Apostolorum,
913 2082 1057 2164 sed‚
1106 2081 1331 2147 omissa
1387 2099 1788 2168 quacumque

180 2165 678 2251 genuflexione,
739 2166 1108 2237 immediate
1153 2171 1407 2237 sedent.
1453 2169 1789 2249 Quaeritur

178 2252 509 2335 proinde:
560 2258 657 2322 An
688 2256 783 2323 eis
811 2256 1041 2323 sedere
1090 2257 1280 2324 liceat
1325 2257 1515 2325 etiam
1563 2257 1638 2324 ad
1682 2257 1786 2323 illa

177 2342 434 2408 verbaz
506 2346 588 2409 Et
649 2346 1044 2413 incarnatus
1103 2357 1230 2425 est,
1294 2356 1367 2413 ut
1425 2344 1668 2433 legitur
1723 2345 1786 2411 in

180 2429 657 2497 caeremoniali
705 2431 1218 2521 Episcoporum'?

313 2521 388 2585 2.
442 2522 540 2585 An
600 2520 664 2588 in
721 2521 1018 2609 precibus
1073 2541 1191 2609 pro
1255 2520 1559 2610 eligendo
1619 2539 1785 2587 novo

182 2603 508 2695 Episcopo
558 2607 622 2674 in
668 2608 947 2677 Ecclesia
992 2609 1356 2678 cathedrali
1415 2608 1781 2691 recitandis,

179 2690 357 2758 dicto
430 2698 680 2782 Hymno
758 2698 911 2764 Veni
983 2698 1251 2764 Creator
1322 2700 1651 2784 Spiritus,
1717 2695 1783 2763 in

182 2793 247 2845 ν.
295 2783 550 2850 Emitte
594 2784 927 2870 Spiritum
973 2795 1193 2867 tuum,
1245 2798 1306 2853 et
1353 2785 1778 2860 creabuntur,

181 2867 540 2939 dicendum
587 2872 668 2940 sit
708 2874 1040 2941 creabitur
1075 2874 1214 2942 loco
1246 2872 1694 2941 creabuntur?

313 2961 383 3025 3.
434 2960 535 3026 An
601 2961 666 3028 in
724 2960 936 3032 Chore
997 2962 1319 3030 Ecclesiae
1386 2961 1781 3032 cathedralis

182 3056 326 3128 post
396 3048 942 3142 thurificatioqem
1012 3051 1549 3138 cappellanorum
1582 3097 1599 3131 ,
1667 3049 1775 3135 qui

184 3144 405 3202 extant
452 3135 520 3202 in
564 3157 687 3204 una
734 3149 940 3227 parte,
978 3138 1380 3208 thurificandi
1426 3138 1552 3205 sint
1585 3138 1777 3205 etiam

182 3219 414 3290 Clerici
466 3224 757 3293 eiusdem
805 3226 1026 3313 partis,
1060 3238 1126 3293 et
1156 3237 1376 3315 postea
1408 3224 1777 3314 cappellani

184 3309 417 3395 reliqui
467 3323 535 3379 et
578 3312 810 3382 clerici
857 3325 1094 3381 stantes
1125 3315 1190 3382 in
1220 3323 1402 3402 parte
1449 3333 1535 3401 op
1582 3310 1780 3379 osita'?

309 3402 392 3465 Et
442 3402 627 3480 Sacra
673 3403 933 3470 Rituum
982 3402 1435 3491 congregatio,
1485 3421 1519 3467 a
1610 3401 1772 3467 Vati-

182 3503 411 3556 canum
461 3487 767 3558 hodierna
814 3490 922 3557 die
966 3491 1311 3559 coadunata
1343 3490 1409 3558 in
1437 3487 1776 3556 Ordinariis

181 3574 511 3672 comitiis,
576 3577 903 3646 referente
959 3577 1320 3667 subscripto
1387 3579 1776 3646 Pro-Secre-

184 3669 336 3728 tarto
400 3674 470 3730 et
528 3675 674 3752 post
732 3676 1055 3733 maturum
1114 3667 1403 3734 omnium
1473 3682 1770 3748 examen,

182 3752 710 3836 respondendum
759 3753 1053 3822 censuit:

308 3839 407 3907 Ad
464 3846 523 3907 1.
571 3863 611 3906 ‹
644 3842 1092 3913 Genuflectere
1139 3843 1406 3927 debere,
1455 3842 1611 3908 dum
1656 3842 1776 3907 ce·

183 3922 432 3994 lebrans
478 3929 751 3998 recitans
800 3929 1175 4018 Symbolum
1221 3929 1652 4017 genuflectit3
1704 3937 1772 3994 et

183 4018 498 4100 canendo,
547 4018 795 4085 adstare
845 4019 1022 4105 legili
1056 4041 1117 4086 ›.

186 4184 198 4196 ,
306 4105 405 4173 Ad
454 4109 519 4173 2.
568 4127 608 4170 ‹
655 4106 825 4173 Nihil
896 4108 1153 4176 omnino
1223 4105 1591 4176 variandum
1663 4104 1769 4170 vel

183 4194 645 4262 immutandum
679 4217 743 4262 ι.

304 4281 402 4348 Ad
453 4287 517 4350 3.
567 4285 797 4351 «Ante
822 4284 1129 4369 clericos,
1159 4281 1618 4352 thurificandus
1647 4280 1771 4348 sin·

183 4366 359 4448 gulos
407 4373 828 4459 cappellanos
861 4393 926 4440 ».

310 4460 386 4524 Et
409 4458 494 4525 ita
520 4458 868 4547 rescripsit.
898 4460 1013 4526 Die
1039 4465 1123 4527 25
1149 4457 1546 4546 Septembris
1569 4461 1763 4525 1852.

1536 4632 1761 4720 (5178)

186 4627 445 4704 3004.
631 4636 1343 4704 SANCTffloNJALmu

558 4742 781 4809 sactu
841 4743 1117 4810 eoums
1177 4744 1377 4809 lESU.

304 4897 577 4975 Quanam
645 4901 729 4969 de
798 4922 979 4969 causa
1045 4901 1278 4968 factum
1351 4900 1432 4967 sit
1498 4917 1762 4985 prorsus

188 4977 538 5080 ignoratur,
585 4989 701 5057 sed
749 5007 974 5076 reapse
1022 4989 1087 5055 in
1140 4987 1488 5075 parietibus
1541 4986 1759 5054 Eccle-

187 5085 302 5168 stae
345 5076 783 5144 Sanctissimae
830 5075 1146 5144 Trinitatis
1193 5076 1268 5142 ad
1313 5079 1593 5142 Mentem
1621 5074 1759 5141 Pin-

189 5173 342 5227 ctum
388 5164 453 5230 in
497 5163 668 5231 Urbe
728 5164 1215 5251 quatuordecim
1276 5167 1512 5232 cruces
1573 5162 1756 5249 depi-

189 5253 314 5314 ctae
341 5262 673 5354 apparent,
708 5262 1030 5339 peractam
1061 5251 1608 5319 consecrationem
1639 5254 1761 5318 Ec-

193 5330 402 5406 clesiae
428 5338 629 5430 ipsius
659 5351 1232 5427 repraesentantes.
1287 5344 1526 5408 Verum
1558 5354 1759 5427 quum

1915 407 1977 473 id
2028 416 2242 475 contra
2289 407 2706 475 Rubricarum
2757 419 2822 474 et
2879 406 3259 476 Pontificalis
3318 428 3505 496 prae·

1912 494 2223 594 scriptum
2270 506 2481 560 actum
2532 494 2768 573 fuerim
2819 495 3342 564 sanctimoniales
3397 500 3503 563 Sa·

1911 583 2240 650 cratissimi
2289 582 2515 650 cordis
2563 587 2701 651 lesu
2747 583 3065 651 adiectum
3124 586 3505 651 asceterium

1910 669 2307 754 incolentes,
2371 690 2453 737 ne
2512 670 2971 739 inconveniens
3041 671 3209 739 istud
3258 672 3504 741 diutius

1914 771 2315 846 perseveret,
2343 762 2594 827 Sacram
2624 760 2883 827 Rituum
2921 760 3501 848 congregationem

1909 858 2215 934 rogarunt
2262 846 2480 930 enixe,
2515 858 2586 913 ut
2619 846 2891 914 delinire
2938 848 3312 935 dignaretur
3341 848 3497 934 quid

1912 935 1974 1002 in
2023 955 2170 1002 casu
2216 934 2297 1001 sit
2342 935 2690 1021 agendum.

2043 1028 2120 1090 Et
2167 1026 2347 1090 Sacra
2393 1023 2653 1091 Rituum
2702 1024 3154 1113 congregatio,
3203 1022 3280 1090 ad
3332 1023 3498 1092 Vati·

1907 1130 2136 1179 canum
2180 1111 2538 1198 subsignata
2589 1111 2699 1178 die
2744 1114 3094 1180 coadunata
3142 1112 3204 1179 in
3242 1112 3501 1179 Ordina-

1907 1199 2015 1266 riis
2061 1199 2369 1283 comitiis,
2417 1199 2493 1266 ad
2541 1199 2920 1269 relationem
2960 1199 3301 1288 subscripti
3333 1203 3496 1267 Pro-

1906 1286 2275 1370 Secretarii,
2327 1288 2847 1375 respondendum
2893 1287 3177 1356 censuit:

2034 1398 2074 1441 ‹
2107 1380 2268 1443 Duas
2314 1379 2551 1443 cruces
2612 1396 2693 1443 ex
2754 1377 3114 1445 lateralibus
3172 1393 3312 1443 esse
3376 1374 3495 1441 tol·

1906 1464 2151 1547 lendas,
2198 1463 2387 1529 salvis
2437 1465 2909 1533 remanentibus
2957 1464 3176 1553 positis
3231 1464 3297 1529 in
3349 1467 3494 1529 Pre-

1900 1550 2181 1639 sbyterio
2252 1563 2316 1618 et
2386 1571 2587 1640 prope
2649 1562 2898 1638 portam
2966 1551 3389 1639 principalem
3423 1571 3488 1616 ι.

1900 1643 2113 1727 Atque
2163 1641 2243 1706 ita
2289 1641 2674 1707 servandum
2719 1640 3070 1729 praecepit.

2033 1728 2145 1795 Die
2193 1733 2278 1795 25
2323 1728 2724 1816 Septembris
2777 1732 2969 1797 1852.

1898 1869 2173 1939 3005.

2026 1993 2234 2071 Quum
2281 1997 2476 2060 Rmus
2520 1991 2873 2078 Episcopus
2919 1997 3171 2078 Soram,
3215 1996 3488 2082 Aquina-

1895 2091 2027 2147 ten.
2080 2092 2146 2146 et
2193 2080 2403 2147 Pontis
2450 2079 2645 2147 Curvi
2693 2083 2940 2147 Sacram
3010 2082 3271 2150 Rituum
3321 2086 3486 2149 con-

1889 2168 2334 2323 gregationem
2360 2169 2722 2235 humillime
2756 2169 3026 2255 rogavit,
3054 2180 3126 2237 ut
3154 2170 3486 2237 declarare

1939 2256 2303 2342 ignaretur:
2338 2260 2503 2324 Num
2536 2255 2888 2324 Canonicus
2917 2256 3208 2325 Officium
3250 2257 3488 2325 faciens

1891 2346 1954 2411 in
2002 2342 2403 2431 expositione
2459 2345 2847 2414 sanctissimi
2906 2344 3294 2413 sacramenti
3348 2345 3484 2413 die-

1888 2434 2007 2500 bus
2053 2431 2214 2499 infra
2277 2445 2564 2499 octavam
2623 2432 2922 2520 corporis
2982 2433 3254 2516 christi,
3301 2443 3371 2500 et
3416 2433 3482 2500 in

1891 2518 2281 2608 repositione
2342 2533 2489 2608 post
2546 2522 3052 2607 completorium
3100 2522 3165 2589 in
3217 2522 3429 2590 cboro
3460 2569 3479 2604 ,

1848 2666 1855 2691 ,
1890 2609 2044 2674 item
2091 2628 2162 2674 ac
2208 2608 2273 2674 in
2317 2608 2718 2695 expositione
2768 2608 2831 2675 in
2875 2608 3384 2677 novemdialibus
3417 2617 3485 2675 et

1884 2695 2219 2779 similibus,
2272 2697 2366 2764 uti
2415 2697 2612 2785 possit
2663 2697 2946 2781 Amictn,
3001 2697 3172 2765 Stola
3219 2707 3285 2763 et
3331 2697 3478 2784 plu-

1887 2784 2032 2851 viali
2079 2804 2268 2871 supra
2340 2785 2749 2864 rochettum;
2801 2785 2904 2852 vel
2955 2786 3168 2873 potius
3214 2783 3306 2852 uti
3368 2785 3478 2853 de·

1885 2873 2028 2938 beat
2070 2872 2350 2957 Amictu,
2400 2873 2581 2957 Alba,
2630 2873 2803 2940 Stola
2852 2883 2916 2940 et
2962 2870 3287 2962 pluviali?

2014 2963 2199 3028 Sacra
2242 2961 2502 3029 Rituum
2547 2961 3001 3049 congregatio,
3038 2961 3103 3028 in
3147 2961 3478 3031 Ordinatio

1882 3053 2086 3117 Coetu
2142 3050 2219 3117 ad
2282 3050 2649 3116 Vaticanum
2718 3050 3023 3117 hodierna
3085 3049 3191 3117 die
3251 3050 3479 3117 coadu-

1878 3148 2047 3221 nata,
2095 3138 2174 3205 ad
2220 3137 2599 3206 relationem
2645 3135 3027 3224 infrascripti
3083 3140 3477 3205 Pro—Secre-

1885 3226 2020 3292 tarii
2070 3225 2601 3312 respondendum
2646 3224 2937 3292 censuit:

2009 3334 2050 3377 ‹
2083 3313 2556 3381 Assumendum
2603 3332 2744 3379 esse
2789 3310 3072 3399 pluviale
3123 3311 3224 3379 vel
3273 3330 3474 3398 super

1881 3401 2172 3556 rqghetto
2242 3411 2308 3467 et
2373 3412 2581 3487 cotta,
2648 3399 2754 3468 vel
2825 3419 2973 3468 cum
3041 3400 3334 3467 rochetto
3405 3409 3472 3466 et

1876 3493 1929 3556 A
2003 3509 2034 3553 a
2071 3509 2135 3555 ι.

2006 3578 2120 3644 Die
2167 3582 2251 3645 25
2299 3578 2700 3665 Septembris
2751 3581 2945 3646 1852.

1875 3752 2151 3822 3006.
2408 3754 2944 3821 VENE'rtARuu.

2530 1871 2859 1939 souma.
3255 1869 3484 1956 (5179)

3232 3749 3464 3838 (stac)

2006 3933 2211 4009 Quum
2243 3930 2309 3998 in
2339 3930 2670 3999 ordinario
2701 3933 2904 3998 coetu
2942 3932 3170 3998 Sacrae
3200 3928 3464 3996 Rituum

1872 4017 2400 4106 congregationis
2460 4018 2766 4086 hodierna
2814 4018 2921 4085 die
2966 4017 3042 4085 ad
3090 4017 3465 4086 Vaticanum

1871 4109 2258 4176 coadunatae
2307 4105 2742 4190 infrascriptus
2789 4105 3333 4173 Pro-secretarius
3363 4123 3466 4170 re-

1872 4194 2097 4263 tulerit
2155 4193 2331 4262 inter
2388 4205 2598 4261 cetera
2659 4193 2993 4279 sequentia
3040 4191 3265 4276 dubia,
3317 4210 3465 4281 pro·

1869 4281 2071 4370 posita
2102 4303 2135 4348 a
2169 4282 2374 4381 primo
2421 4281 2979 4350 caeremoniarum
3025 4280 3324 4366 Magistro
3356 4283 3463 4346 Pa-

1871 4370 2222 4437 triarchalts
2268 4369 2567 4436 Basilicae
2614 4368 3065 4446 venetiarum;
3114 4365 3460 4435 nimirumt

2008 4462 2066 4523 1.
2140 4460 2349 4538 Quum
2430 4457 2911 4525 caeremoniale
2996 4454 3462 4543 Episcoporum

1872 4544 1981 4612 lib.
2034 4548 2102 4627 2,
2150 4563 2293 4631 cap.
2350 4550 2458 4629 21,
2522 4545 2560 4629 5
2616 4549 2683 4626 t,
2740 4544 3001 4612 mandet
3054 4552 3128 4610 ut
3178 4541 3464 4627 Epistola

1868 4644 1934 4700 et
1970 4633 2396 4721 Evangelium
2443 4631 2915 4700 Benedictionis
2959 4631 3312 4720 palmarum
3347 4631 3463 4697 de-

1868 4731 2210 4789 cantentur
2254 4720 2330 4787 ab
2378 4720 2451 4788 iis
2498 4719 2794 4788 ninistris
2840 4720 2950 4805 qui
3002 4719 3065 4786 in
3111 4719 3288 4785 Missa
3344 4717 3460 4784 mi-

1868 4808 2196 4876 nistraturi
2228 4819 2424 4895 sunt3
2474 4808 2850 4895 quaeriturz
2902 4809 3130 4874 Utrum
3163 4807 3319 4873 haec
3350 4805 3461 4876 ob-

1865 4897 2173 4964 servanda
2204 4898 2353 4981 sint,
2388 4896 2675 4983 quamvis
2704 4894 3077 4963 Benedictio
3106 4894 3458 4982 palmarum

1866 4985 1970 5052 fiat
2000 4985 2079 5051 ab
2112 4984 2453 5084 Episcopo,
2490 4997 2555 5049 et
2601 4983 2779 5049 Missa
2824 4982 3199 5051 celebretur
3227 4979 3305 5046 ab
3334 4979 3460 5046 alio

1865 5091 2012 5139 cum
2044 5071 2341 5138 Ministris
2371 5090 2500 5138 non
2531 5069 2900 5156 canonicis;
2949 5090 3028 5138 an
3076 5067 3287 5159 potius
3328 5069 3460 5136 duo

1864 5157 2157 5228 canonici
2208 5158 2272 5225 in
2317 5158 2496 5225 Missa
2542 5178 2666 5225 non
2714 5157 3131 5226 ministraturi
3178 5154 3460 5224 debeant

1867 5247 2213 5403 Ερίειοιιᾷιι
2261 5257 2326 5313 et
2372 5245 2796 5334 Evangelium
2843 5247 3284 5334 supradictum
3342 5245 3455 5311 de·

1868 5348 2120 5404 cantare
