4042 5950
2098 203 2569 282 -292-

704 363 958 435 2810.
1314 362 1663 430 ROMANA.

2054 360 2284 448 (isus)

832 540 1103 610 Peractis
1147 541 1213 607 in
1259 539 1660 608 Patriarcliali
1690 537 1985 607 Vaticana
2032 536 2287 604 Basilica

702 654 734 699 a
781 630 1184 700 sanctissimo
1228 630 1496 696 Domino
1556 629 1782 694 Nostro
1827 625 2137 714 Gregorio
2179 628 2287 690 Pa-

704 740 783 807 pa
813 721 950 786 XV!
985 717 1361 784 novissimae
1392 715 1893 783 Canonisationis
1923 711 2287 795 Solemniis,

703 826 824 894 pro
883 805 1113 892 quibus
1170 805 1289 871 rite
1350 802 1689 891 explendis
1750 820 2003 869 summo
2074 801 2289 867 labore

706 894 1121 962 connituntur
1166 891 1445 958 universi
1489 894 1756 959 Sanctae
1800 889 1984 957 Sedis
2031 889 2296 975 Aposto-

705 982 867 1049 licae
919 980 1473 1049 caeremoniarum
1535 978 1847 1063 Magistri,
1896 976 2074 1043 hisce
2131 975 2289 1041 nihil

708 1068 1055 1137 solemnius
1125 1079 1260 1134 erat
1319 1085 1511 1152 quam
1578 1068 1955 1133 Sanctorum
2011 1063 2295 1165 singulas

713 1157 1026 1244 Imagines
1059 1156 1123 1222 in
1158 1155 1321 1243 grati
1366 1153 1555 1221 animi
1603 1169 1758 1239 ergo
1804 1152 2093 1240 accipere
2124 1160 2297 1217 iuxta

711 1245 811 1311 ius
867 1244 1177 1310 sancitum
1245 1243 1308 1308 in
1368 1262 1529 1309 nova
1588 1241 2063 1312 Reformatione
2125 1238 2310 1306 edita.

713 1354 744 1397 a
791 1342 1038 1398 sanctae
1070 1330 1418 1398 memoriae
1446 1330 1793 1396 Benedicto
1825 1332 1984 1416 Papa
2014 1329 2152 1395 XIV
2183 1323 2301 1392 sub

716 1419 822 1487 die
860 1422 941 1486 it
987 1437 1206 1484 mense
1240 1418 1445 1505 Aprili
1478 1436 1639 1485 anno
1679 1420 1873 1485 1741.
1921 1415 2049 1485 Sed
2098 1415 2305 1501 inspe-

718 1518 854 1573 rato
900 1525 1004 1573 res
1050 1515 1270 1571 contra
1314 1505 1589 1583 accidit;
1653 1517 1719 1571 et
1779 1505 2013 1572 horum
2071 1505 2302 1589 Supra-

717 1594 1066 1661 numerarii
1097 1593 1680 1659 animadvertentes
1708 1595 1996 1659 seniores
2028 1600 2301 1675 tantum,

719 1682 829 1766 qui
877 1681 960 1748 de
1005 1698 1277 1747 numero
1324 1693 1497 1764 sunt,
1532 1679 1718 1769 pictis
1763 1679 1992 1747 tabulis
2038 1679 2307 1745 donatos

721 1790 754 1835 a
792 1766 1285 1835 Postulatoribus
1330 1767 1550 1853 fuisse,
1583 1767 1756 1835 omni
1803 1766 1972 1856 apud
2005 1768 2178 1853 ipsos
2210 1766 2305 1833 in-

724 1873 965 1923 cassum
1007 1854 1289 1923 adhibito
1322 1856 1533 1922 studio
1581 1866 1653 1923 ut
1699 1877 1732 1921 a
1780 1866 2010 1943 coepto
2041 1852 2309 1921 desiste-

723 1953 899 2026 rent,
946 1945 1304 2032 supplicem
1352 1943 1642 2011 libellum
1682 1954 2117 2030 porrexerunt
2150 1946 2309 2008 Emo

726 2042 792 2098 et
851 2035 1008 2098 Rmo
1067 2036 1142 2099 D.
1191 2032 1504 2099 cardinali
1561 2032 1790 2099 carolo
1849 2031 2073 2097 Mariae
2131 2030 2313 2097 Pedi-

725 2118 850 2186 cini
874 2119 1187 2220 Episcopo
1213 2120 1642 2205 Praenestino,
1670 2122 1738 2187 S.
1760 2124 1835 2187 R.
1860 2123 1940 2186 E.
1966 2118 2309 2185 vice-Can-

725 2207 984 2273 cellario
1034 2217 1100 2273 et
1144 2209 1477 2273 Sacrorum
1522 2209 1787 2274 Rituum
1817 2207 2313 2293 congregationi

728 2295 1078 2378 Praefecto,
1131 2294 1268 2380 (qui
1314 2315 1434 2360 una
1480 2295 1668 2361 simul
1717 2304 2005 2382 praeerat
2034 2294 2313 2380 particu-

730 2383 843 2448 lari
891 2382 1103 2450 coetui
1162 2382 1239 2446 ab
1299 2382 1529 2448 eodem
1584 2382 1988 2449 Sanctissimo
2044 2383 2313 2448 Domino

728 2472 958 2537 Nostro
1019 2470 1329 2556 deputato
1386 2489 1508 2556 pro
1567 2470 1941 2543 dirimendis
2000 2471 2316 2555 quaestio·

732 2556 918 2625 nibus
963 2576 1126 2643 quae
1174 2557 1323 2622 oriri
1370 2571 1628 2642 possent
1671 2560 1777 2625 vel
1826 2568 1972 2625 ante
2017 2557 2124 2623 vel
2172 2569 2315 2645 post

733 2642 1311 2729 canonizationem)
1341 2657 1649 2731 quatenus
1680 2647 2054 2732 dignaretur
2085 2665 2318 2732 oppor-

736 2743 893 2798 tune
949 2730 1320 2821 providere.
1374 2731 1919 2799 Eminentissimus
1971 2732 2319 2802 cardinalis

736 2819 1097 2886 Praefectus
1142 2838 1289 2885 cum
1342 2819 1739 2888 facultatibus
1792 2820 1912 2887 sibi
1971 2820 2316 2905 attributiS,

736 2905 1029 2975 Calendis
1088 2906 1484 2995 Septembris
1541 2910 1878 2995 superiore
1930 2928 2092 2978 anno
2153 2912 2320 2981 1839

741 2995 1099 3082 rescripsit:
1133 3018 1171 3060 ‹
1190 2998 1483 3064 Oratores
1513 2999 2112 3084 Supranumerarios
2144 2998 2319 3064 iuxta

741 3083 1263 3152 reformationem
1310 3086 1688 3154 recensitam
1728 3086 1915 3173 pictis
1948 3086 2178 3153 tabulis
2208 3087 2323 3154 do·

739 3172 982 3241 nandos
1026 3192 1164 3241 esse
1196 3195 1266 3239 ».
1312 3175 1607 3242 Attamen
1652 3192 1853 3259 quum
1899 3176 2321 3242 postulatores

742 3260 1048 3328 hactenus
1107 3281 1312 3329 moras
1369 3263 1655 3346 trahant,
1704 3273 1777 3329 ut
1829 3264 2193 3331 scandalum
2237 3265 2321 3331 de

742 3350 959 3416 medio
990 3350 1250 3417 tollatur
1297 3362 1363 3416 et
1409 3351 1506 3417 ius
1551 3351 1908 3436 quaesitum
1954 3352 2073 3419 sibi
2117 3351 2323 3417 vindi-

744 3449 929 3519 cent,
1002 3440 1224 3504 Sacrae
1284 3439 1544 3506 Rituum
1598 3439 2089 3525 congregationi
2134 3457 2327 3505 novas

743 3524 1239 3611 supplicationes
1276 3536 1708 3610 porrexerunt
1741 3525 1859 3611 ipsi
1889 3527 2327 3594 caeremonia-

747 3628 891 3675 rum
937 3611 1209 3697 Magistri
1258 3614 1831 3701 Supranumerarii.
1941 3631 1944 3640 ·

878 3701 958 3764 Et
1003 3701 1184 3766 Sacra
1230 3701 1491 3767 Rituum
1539 3701 1987 3789 congregatio,
2037 3704 2113 3770 ad
2160 3703 2329 3769 Vati-

748 3803 928 3851 canas
978 3786 1184 3853 Aedes
1243 3787 1595 3877 subscripta
1654 3789 1759 3856 die
1818 3789 2199 3874 coadunata,
2248 3790 2325 3857 ad

748 3872 1124 3940 relationem
1156 3875 1654 3942 Eminentissimi
1695 3888 1760 3942 et
1791 3877 2328 3946 Reverendissimi

749 3960 1000 4029 Domini
1054 3962 1399 4030 cardinalis
1454 3962 1795 4047 Praefecti,
1854 3965 2149 4032 omnibus
2204 3967 2330 4032 rite

751 4048 1186 4135 consideratis,
1235 4051 1617 4117 unanimiter
1663 4050 2149 4120 rescribendum
2182 4072 2332 4120 cen-

748 4136 912 4203 suit:
963 4157 1002 4202 ‹
1038 4137 1211 4205 iuxta
1256 4138 1664 4206 Benedictam
1696 4139 2236 4208 Reformationem
2268 4151 2335 4206 et

748 4224 1012 4292 allatum
1058 4225 1439 4313 rescriptum
1471 4226 1603 4294 diei
1641 4231 1672 4293 1
1707 4228 2103 4315 Septembris
2139 4232 2332 4314 1839,

751 4313 1115 4381 Oratoribus
1173 4315 1725 4382 caeremoniarum
1775 4316 2080 4403 magistris
2136 4318 2336 4405 pictas

750 4402 993 4554 {atinias
1038 4424 1071 4469 a
1117 4404 1617 4471 Postulatoribus
1671 4406 2174 4474 Canonizationis
2226 4407 2338 4473 de-

799 4508 992 4556 eri».

885 4580 1096 4663 Atque
1142 4579 1225 4646 ita
1265 4579 1586 4666 rescripsit
1616 4601 1684 4647 ac
1716 4581 1956 4647 servari
1988 4583 2335 4651 mandavit.

885 4666 1000 4732 Die
1049 4671 1128 4734 11
1161 4667 1394 4754 Aprilis
1444 4671 1633 4737 1840.

756 4804 992 4876 2811.
1350 4810 1737 4875 cAPUANA.
2108 4812 2334 4900 (4894)

790 5016 803 5030 ·
886 4933 956 4996 ln
999 4929 1336 4998 novissima
1396 4950 1615 5000 rerum
1675 4935 1960 5003 omnium
2003 4938 2339 5024 perturba-

761 5027 959 5101 tione,
1008 5039 1041 5084 a
1086 5019 1290 5105 prisca
1338 5032 1402 5087 et
1448 5032 1624 5107 recta
1684 5025 2020 5090 Sacrorum
2080 5026 2342 5094 Rituum

760 5103 1157 5173 observantia
1186 5119 1588 5176 recesserunt
1610 5111 1941 5178 Laicorum
1964 5113 2343 5181 Sodalitates

757 5190 1046 5291 Civitatis
1069 5198 1423 5280 capuanae,
1453 5197 1609 5263 dum
1635 5198 1699 5264 in
1721 5198 1996 5283 publicis
2027 5201 2343 5300 supplica-

765 5279 1040 5346 tionibus
1081 5281 1540 5369 funeribusque
1578 5285 1885 5352 ducendis
1915 5287 2197 5353 Sodalitii
2222 5290 2343 5355 Ve-

2384 360 2611 427 xillum
2643 359 2824 426 nullo
2856 357 3209 426 obductum
3256 354 3432 441 velo,
3481 356 3588 423 vel
3638 356 3833 423 etiam
3865 357 3963 424 lia-

2385 459 2609 514 statam
2670 451 2943 515 Crucem
3002 447 3353 533 gestabant.
3418 448 3514 512 Ne
3572 444 3966 511 consuetudo

2389 536 2743 603 istiusmodi
2792 535 3242 617 invalesceret,
3276 533 3381 601 die
3431 536 3514 600 ¹4
3558 540 3789 599 mense
3818 532 3967 599 Baio

2389 642 2553 689 anno
2593 627 2784 706 1831,
2834 622 3392 690 Eminentissimus
3435 630 3504 687 et
3546 622 3965 689 Reverendis-

2388 713 2585 778 simus
2654 710 2959 778 Dominus
3026 709 3370 778 cardinalis
3442 708 3969 796 Archiepiscopus

2391 803 2724 887 Capuanus
2776 797 3278 884 uniuscuiusque
3344 796 3637 866 Sodalitii
3697 797 3967 864 uouera-

2394 899 2569 954 tores
2612 887 2814 954 literis
2861 904 3268 954 commonere
3312 886 3490 969 fecit,
3523 895 3596 952 ut
3641 884 3814 951 iuxta
3844 903 3971 949 nn·

2397 975 2548 1043 citas
2595 976 2774 1062 leges
2805 973 3132 1043 Vexillum
3174 976 3323 1042 velo
3370 973 3766 1049 obduceret;
3806 970 3965 1058 quod

2396 1065 2571 1130 ultro
2619 1063 2851 1130 factum
2907 1072 3003 1128 est
3062 1073 3513 1150 praeterquam
3558 1082 3591 1127 a
3639 1061 3967 1128 Sodalitate
4002 1084 4003 1127 Τ

2396 1152 2709 1234 Caritatis,
2741 1170 2906 1235 quae
2947 1150 3213 1237 insuper
3241 1162 3570 1237 autumans
3596 1149 3707 1216 vel
3744 1168 3825 1214 ex
3854 1149 3967 1235 pn‘·

2396 1239 2638 1325 vilegio
2682 1241 2787 1306 vel
2838 1258 2920 1304 ex
2965 1236 3428 1305 consuetudine
3457 1238 3558 1305 ius
3588 1237 3709 1304 sibi
3741 1256 3965 1323 quaesi-
4002 1294 4003 1307 ,

2400 1339 2539 1395 tum
2586 1327 2777 1394 fuisse
2826 1325 3162 1402 deferendi
3211 1326 3512 1393 hastatam
3544 1329 3851 1409 Crucem,
3878 1342 3951 1390 ue

2402 1435 2530 1502 que
2576 1414 2919 1482 definitum
2950 1414 3303 1481 terminum
3334 1414 3413 1480 ad
3443 1413 3617 1481 diem
3656 1418 3741 1481 16
3771 1432 3969 1479 meuse

2404 1504 2562 1571 lulio
2592 1522 2756 1570 anno
2795 1506 2986 1585 1838,
3013 1520 3226 1586 neque
3248 1504 3586 1568 Decretum
3618 1501 3745 1568 sub
3774 1501 3875 1569 die
3906 1505 3965 1566 17

2404 1608 2627 1659 mense
2674 1588 3017 1657 Novembri
3063 1589 3445 1675 insequente
3486 1589 3562 1656 ad
3596 1589 3847 1675 praxim
3876 1591 3967 1655 de·

2405 1680 2591 1747 duxit
2618 1698 2637 1763 ς
2685 1677 2880 1745 immo
2913 1677 3413 1764 appellationem
3446 1676 3885 1744 intermittens
3908 1678 3969 1743 ad

2409 1769 2569 1834 hanc
2626 1769 2877 1833 Sacram
2928 1767 3188 1834 Rittium
3250 1765 3835 1852 congregationem
3893 1784 3967 1830 re-

2408 1873 2666 1921 cursum
2712 1853 3029 1921 instituit..
3055 1854 3265 1931 Quum
3295 1872 3453 1920 vero
3483 1865 3716 1920 statuta
3750 1855 3863 1922 die
3891 1874 3971 1919 cu-

2410 1961 2546 2008 ram
2589 1947 2664 2010 R.
2701 1947 2769 2008 P.
2805 1948 2876 2010 D.
2912 1940 3272 2009 secretario
3304 1942 3664 2031 subscripto
3692 1946 3973 2009 Procura-

2412 2042 2583 2097 tores
2611 2032 2888 2118 partium
2918 2030 3193 2096 multum
3219 2028 3605 2096 dissiderent
3635 2050 3839 2119 super
3866 2030 3971 2116 ipsa

2410 2118 2753 2185 dubiorum
2797 2117 3316 2200 concordatione,
3361 2119 3585 2185 eadem
3618 2120 3810 2186 Sacra
3840 2122 3974 2187 ccii-

2412 2208 2697 2294 gregatio
2758 2205 2863 2273 die
2923 2211 2960 2274 3
3020 2207 3258 2271 mensis
3313 2207 3582 2291 Augusti
3646 2207 3971 2309 superioris

2410 2295 2555 2361 anni
2599 2313 2875 2380 sequens
2920 2292 3211 2379 dubium,
3260 2311 3456 2380 super
3500 2312 3631 2379 quo
3677 2295 3974 2395 disputan

2411 2381 2567 2448 dum
2618 2384 2764 2449 hinc
2810 2381 2958 2450 inde
3003 2381 3199 2464 foret,
3247 2386 3609 2471 proposuit,
3657 2383 3972 2449 nimirum:

2414 2493 2452 2535 ι
2485 2472 2608 2554 An,
2657 2481 2723 2537 et
2765 2468 3090 2554 quomodo
3137 2471 3219 2537 sit
3275 2470 3662 2538 servandum
3718 2483 3795 2536 et
3853 2490 3972 2536 exe·

2413 2561 2741 2645 quendum
2790 2555 3192 2625 monitorium
3236 2556 3741 2625 Eminentissimi
3793 2560 3973 2626 Cardi-

2415 2646 2574 2714 nalis
2622 2645 3097 2733 Archiepiscopi
3131 2647 3196 2712 in
3227 2643 3421 2712 casu‘?
3450 2668 3491 2712 s
3535 2651 3655 2714 Per
3692 2648 3976 2714 Defenso-

2418 2755 2520 2801 res
2563 2735 2777 2821 itaque
2825 2747 2961 2801 tum
3005 2734 3578 2823 Archiepiscopalis
3625 2734 3859 2803 curiae
3894 2739 3975 2802 Ca-

2416 2842 2661 2911 puanae
2728 2842 2807 2889 ex
2876 2840 3036 2905 una,
3100 2835 3236 2889 tum
3304 2823 3663 2891 sodalitatis
3712 2822 3977 2891 Caritatis

2416 2911 2704 3000 partibus
2736 2930 2817 2977 ex
2850 2910 3074 2995 altera,
3122 2910 3457 2996 productis
3502 2911 3753 2980 iuribus
3805 2912 3977 2999 iisque

2419 3000 2543 3065 rite
2573 3009 2997 3084 accurateque
3029 2999 3270 3066 libratis
3302 3010 3368 3067 et
3399 3001 3804 3085 examinatis,
3843 3001 3977 3069 Emi·

2419 3087 2772 3155 nentissimi
2822 3098 2887 3155 et
2930 3090 3469 3156 Reverendissimi
3530 3093 3747 3158 Patres
3812 3091 3981 3156 Sacris

2420 3178 2645 3245 ritibus
2706 3176 3047 3265 praepositi
3109 3177 3175 3243 in
3219 3176 3560 3245 ordinariis
3603 3178 3888 3244 Comitiis
3924 3175 3979 3240 ad

2420 3266 2775 3346 Quirinales
2800 3267 3011 3332 Aedes
3034 3265 3427 3354 infrascripta
3453 3264 3561 3331 die
3586 3264 3845 3350 habitis,
3870 3277 3981 3353 post

2425 3353 2856 3421 omnimodam
2911 3363 2978 3419 et
3037 3353 3565 3421 absolutissimam
3629 3353 3978 3421 relationem

2423 3442 2499 3508 ab
2523 3440 3040 3509 Eminentissimo
3066 3452 3133 3508 et
3156 3441 3715 3510 Reverendissimo
3748 3440 3979 3507 Domino

2423 3530 2741 3598 Cardinali
2784 3534 3017 3596 Ioanne
3061 3530 3391 3597 Francisco
3428 3531 3811 3618 Falzacappa
3863 3529 3977 3616 Epi-

2425 3637 2617 3706 scopo
2662 3619 2991 3685 Portuensi
3036 3622 3319 3684 Ponente
3366 3618 3619 3702 factam,
3654 3616 3977 3684 rescribes«

2426 3706 2584 3772 dum
2615 3716 3041 3774 censuerunt:
3093 3727 3131 3769 ‹
3157 3705 3546 3773 Affirmative
3582 3707 3645 3771 in
3680 3705 3973 3776 omnibus}

2428 3815 2542 3861 seu
2567 3796 2968 3861 Monitorium
3006 3813 3144 3860 esse
3170 3795 3561 3862 servandum
3586 3805 3651 3861 et
3684 3811 3975 3891 exequen-

2429 3883 2583 3950 dum
2615 3904 2676 3946 ιν.
2735 3887 2946 3969 Atque
2987 3883 3072 3949 ita
3120 3882 3582 3969 rescripserunt
3635 3903 3707 3949 ac
3754 3897 3974 3948 omnino

2431 3970 2815 4036 servandum
2861 3972 3265 4037 mandarunt.

2565 4058 2675 4124 Die
2725 4061 2805 4125 12
2852 4057 3244 4148 Septembris
3291 4061 3480 4126 1840.

2436 4196 2682 4268 2812.
3049 4200 3385 4265 APUANA.
3786 4195 3972 4286 (4895)

2564 4322 2769 4399 Quum
2815 4322 3410 4390 Reverendissiinus
3454 4323 3705 4408 Apuan.
3752 4322 3973 4424 Episco-

2435 4428 2556 4495 pus
2601 4428 2730 4476 non
2775 4408 3010 4493 minus,
3059 4428 3249 4496 quam
3297 4414 3499 4477 Duces
3529 4410 3789 4478 Militiae
3818 4430 3878 4477 in
3902 4407 4003 4473 cia

2435 4498 2633 4562 vitate
2677 4501 2937 4586 Apuana
2986 4499 3308 4566 indultum
3356 4497 3784 4585 efflagitarint,
3830 4508 3892 4563 ut
3927 4496 4003 4558 iii¹

2437 4585 2681 4651 Sacello
2715 4583 2998 4652 militaris
3031 4586 3258 4653 domus
3289 4589 3765 4654 sacrosanctum
3796 4585 3973 4654 nissae

2438 4672 2828 4740 Sacrificium
2859 4683 2930 4738 ut
2961 4685 3141 4740 autea
3173 4672 3486 4740 celebrari
3528 4677 3762 4758 valeat,
3794 4687 3970 4760 quam·

2440 4761 2534 4827 vis
2578 4779 2772 4848 super
2816 4760 3063 4828 Sacello
3113 4762 3333 4828 lectuli
3374 4761 3650 4834 militum
3682 4782 3765 4828 ex
3792 4776 3969 4829 neces·
4002 4789 4003 4808 ι

2439 4849 2622 4916 sitate
2666 4848 3094 4935 reperiantur,
3144 4860 3503 4918 constructa
3562 4862 3775 4917 tamen
3816 4862 4003 4934 sapen

2442 4937 2578 5023 ipso
2625 4937 2870 5024 duplici
2917 4938 3506 5019 concameratione;
4002 4939 4003 5022 J

2570 5030 2753 5093 Sacra
2799 5026 3059 5092 Rittium
3111 5026 3534 5114 congregatio
3577 5028 3656 5095 ad
3699 5020 3970 5119 Quirintle

2441 5113 2790 5200 subscripta
2834 5113 2943 5180 die
2984 5116 3360 5197 coadunata,
3408 5115 3665 5182 attentis
3714 5111 3966 5200 expositis

2443 5221 2513 5266 ac
2543 5201 2752 5269 audita
2785 5202 2862 5268 ab
2893 5201 3291 5291 infrascripto
3324 5203 3678 5270 secretario
3711 5200 3868 5269 fideli
3896 5214 3966 5262 re
4002 5235 4003 5244 κ

2449 5290 2709 5372 latione,
2762 5290 3295 5378 respondendum·
3331 5291 3626 5356 censuit:

3998 2708 4004 2867 ι
