4042 5950
1578 314 1681 330 ...
1733 270 1882 350 2231
1945 314 2049 329 ...

156 429 493 520 ptionibus
536 430 900 519 desumptis
944 429 1389 518 praepeditur,
1422 429 1763 516 quominus

159 519 365 609 ipsius
409 519 860 609 cappellanus,
912 519 1063 585 licet
1110 517 1502 588 Sacerdotali
1549 518 1765 586 chara-

158 619 343 676 ctere
376 607 744 693 insignitus,
771 606 1046 695 publicis
1078 607 1142 673 in
1164 605 1762 762 supplicationibus,

155 697 548 765 cadaverum
608 695 1020 763 associatione
1073 705 1203 762 etc.
1334 697 1457 762 tola
1503 715 1539 763 e
1593 696 1762 762 collo

156 785 501 873 pendente
553 794 806 863 utatur3
858 784 1031 852 unde
1085 783 1247 851 illud
1307 782 1765 851 inconveniens

155 873 454 961 exurgit,
500 882 572 941 ut
619 872 773 940 dum
823 890 942 960 per
1002 889 1186 958 agros
1246 873 1419 940 iuxta
1484 870 1760 940 instituti

154 960 345 1047 pium
410 978 659 1028 morem
713 978 1028 1049 pauperes
1088 960 1430 1029 defunctos
1485 959 1758 1049 colligit,

155 1067 240 1116 ne
289 1048 608 1118 Sacerdos
654 1049 919 1136 quidem
955 1049 1339 1134 reperiatur,
1372 1048 1482 1135 qui
1514 1048 1764 1116 lustrali

153 1155 321 1222 aqua
370 1137 642 1205 cadaver
692 1156 770 1203 ex
816 1135 1085 1204 Ritualis
1116 1139 1513 1225 praescripto
1546 1154 1759 1224 asper·

154 1236 299 1310 gat.
342 1228 423 1292 Ut
455 1224 821 1292 huiusmodi
852 1224 1386 1312 impedimentum
1423 1224 1613 1292 finem
1651 1225 1762 1291 ali·

154 1313 423 1399 quando
469 1313 739 1401 recipiat
783 1312 1099 1400 piumque
1142 1314 1513 1381 institutum
1544 1313 1621 1381 ad
1660 1313 1764 1380 Ri-

155 1401 358 1468 tualis
403 1402 666 1469 Romani
730 1400 1033 1491 placitum
1096 1414 1471 1490 peragatur,
1521 1400 1764 1502 suppli-

155 1509 265 1558 ces
302 1489 829 1577 humillimasque
873 1493 1099 1558 Sacrae
1130 1490 1629 1578 congregationi
1662 1488 1763 1558 Ri-

158 1589 351 1646 tuum
405 1597 636 1679 preces
691 1578 1019 1667 porrexit,
1068 1589 1384 1664 quatenus
1441 1578 1558 1666 ipsi
1615 1597 1763 1645 con-

154 1666 581 1734 suetudinem
630 1678 697 1738 οι
726 1666 1092 1752 privilegia,
1129 1666 1505 1755 praesertim
1555 1684 1716 1752 quoa

159 1755 381 1822 Stolae
428 1755 819 1823 delationem
868 1774 900 1820 a
948 1754 1339 1842 Cappellano
1377 1753 1760 1838 faciendam,

164 1843 557 1910 confirmare
590 1842 999 1930 dignaretur.

292 1933 380 1996 Et
413 1934 600 1998 Sacra
649 1931 878 1998 eadem
926 1931 1187 1999 Rituum
1238 1932 1665 2033 congregatio
1698 1931 1762 1999 in

157 2017 495 2086 Ordinario
526 2022 860 2087 Conventa
885 2019 1007 2090 sub
1029 2018 1425 2107 infrascripta
1458 2021 1567 2087 die
1596 2020 1764 2108 apud

162 2106 537 2174 Vaticanum
587 2119 830 2191 coacto,
878 2107 1091 2178 audita
1125 2105 1505 2197 infrascripti
1541 2112 1766 2178 Secre-

161 2196 307 2261 tarii
381 2195 733 2279 relatione,
783 2199 985 2284 probe
1056 2216 1323 2264 noscens
1393 2197 1628 2265 decere
1698 2208 1765 2264 et

164 2286 563 2351 conveniens
612 2302 753 2351 esse
785 2296 857 2352 ut
899 2283 1449 2353 confraternitatis
1494 2286 1763 2374 cappel-

164 2373 349 2438 lanus
413 2392 448 2438 a
505 2371 909 2461 simplicibus
965 2373 1230 2442 clericis
1292 2372 1759 2459 distinguatur,

162 2458 345 2527 bisce
409 2461 711 2548 precibus
772 2461 1142 2549 rescripsit:
1213 2482 1250 2526 ι
1285 2464 1488 2527 Detur
1531 2465 1762 2532 Decre-

162 2557 303 2614 tum
368 2548 438 2615 in
483 2548 811 2620 Veliterna
858 2548 1599 2618 Archiconfraternitatis
1659 2553 1764 2618 Sa-

165 2654 432 2704 crorum
466 2639 868 2725 Stygmatnm
905 2641 970 2706 S.
993 2638 1305 2708 Francisci
1338 2637 1466 2705 diei
1493 2641 1575 2705 27
1606 2642 1763 2704 Mar·

165 2724 233 2789 tii
276 2728 451 2795 1824
477 2747 537 2791 ii.
592 2731 673 2793 Et
714 2725 796 2792 ita
842 2727 1080 2793 servari
1130 2724 1450 2796 mandavit
1494 2725 1683 2793 etiam
1730 2747 1762 2793 a

162 2813 707 2881 Confraternitate
776 2816 1101 2882 Caritatis
1167 2833 1236 2880 ac
1306 2815 1538 2882 Mortis
1604 2834 1765 2884 nun·

166 2914 393 3055 {upata
456 2901 749 3057 ziusdem
814 2901 1122 2970 civitatis.
1184 2901 1300 2970 Die
1364 2905 1442 2968 16
1501 2906 1762 2970 Decem-

210 2991 299 3055 ris
339 2993 464 3058 182
514 3038 532 3056 .
1618 3006 1625 3013 “

165 3130 436 3199 2654.
671 3130 1237 3198 NEAromANA.
1528 3131 1758 3219 (4627)

302 3251 442 3319 Etsi
490 3251 607 3321 iam
657 3251 846 3337 alias,
896 3253 1274 3343 praesertim
1322 3253 1382 3320 in
1430 3253 1760 3321 ordinario

162 3344 375 3408 Coetu
408 3342 745 3408 Sacrorum
780 3343 1042 3410 Rituum
1075 3341 1603 3428 Congregationis
1635 3342 1762 3409 diei

164 3432 251 3496 24
300 3427 573 3495 Ianuarii
627 3432 833 3511 1698,
890 3430 1227 3498 decretum
1288 3429 1485 3497 fuerit
1543 3430 1764 3497 Primi-

162 3517 346 3584 cerio
409 3516 795 3604 collegiatae
857 3518 1180 3585 Ecclesiae
1232 3520 1297 3585 S.
1352 3517 1597 3589 loannis
1644 3522 1765 3585 Ma·

163 3604 324 3671 ioris
350 3604 636 3672 Civitatis
664 3607 988 3694 Neapolis,
1009 3606 1388 3673 solemniter
1414 3606 1763 3674 celebranti

162 3693 225 3761 in
281 3692 517 3759 diebus
565 3692 963 3781 per’annum
1009 3694 1537 3779 solemnioribus,
1587 3714 1620 3760 a
1653 3699 1763 3763 ca-

163 3779 417 3849 nonicis
467 3780 759 3849 eiusdem
807 3782 1133 3850 Ecclesiae
1179 3781 1407 3849 deberi
1467 3782 1764 3859 assisten-

166 3870 324 3936 tiam
358 3868 423 3934 in
454 3868 661 3936 officio
711 3870 961 3939 Diaconi
1012 3881 1076 3937 et
1122 3870 1555 3958 Subdiaconi;
1606 3870 1762 3940 non-

165 3957 333 4025 nulli
398 3966 613 4025 tamen
677 3979 756 4026 ex
804 3958 1032 4027 iisdem
1094 3958 1425 4027 Canonicis
1483 3979 1555 4026 ea
1615 3971 1764 4028 sunt

168 4047 232 4114 in
286 4043 587 4134 opinione
633 4047 893 4130 versati,
939 4067 1128 4137 posse
1171 4068 1240 4115 se
1275 4067 1638 4148 repugnare
1671 4049 1765 4115 iu-

169 4133 413 4202 dicium
462 4153 546 4201 ue
592 4134 822 4202 iterato
854 4136 1191 4204 instituere
1223 4155 1422 4236 super
1451 4137 1763 4205 infrascri-

166 4234 283 4311 pto
351 4223 441 4291 du
490 4222 590 4305 io,
662 4223 1000 4290 nimirum:
1070 4228 1165 4291 An
1225 4223 1596 4292 Primicerio
1661 4245 1761 4292 so-

170 4309 476 4379 lemniter
519 4310 873 4378 celebranti
905 4312 1204 4378 canonici
1238 4331 1354 4401 pro
1389 4314 1663 4380 Diacono
1699 4325 1761 4381 et

170 4397 574 4467 Subdiacono
620 4398 934 4466 inservire
983 4397 1371 4467 teneantur?

302 4491 385 4553 Et
444 4488 509 4554 S.
569 4488 791 4556 eadem
840 4491 920 4555 R.
977 4490 1049 4555 C.
1102 4490 1177 4556 ad
1227 4487 1594 4557 Vaticanum
1641 4490 1761 4557 snb

170 4574 570 4664 infrascripta
620 4574 727 4642 die
773 4575 837 4642 in
881 4575 1213 4644 ordinario
1257 4579 1592 4646 Conventu
1653 4597 1759 4665 pa·

174 4664 331 4731 riter
380 4673 623 4747 coacto,
672 4663 753 4731 ad
787 4663 1167 4731 relationem
1194 4665 1338 4732 Emi
1373 4674 1439 4731 et
1466 4665 1609 4732 Rmi
1641 4670 1760 4733 Do·

171 4750 325 4820 mini
377 4748 725 4819 Cardinalis
757 4752 1068 4821 Francisci
1108 4754 1486 4841 Falzacappa
1518 4757 1760 4821 Ponen-

174 4840 272 4925 tis,
308 4858 383 4906 re
416 4851 665 4907 mature
713 4840 1197 4929 diligenterque
1242 4841 1521 4908 discussa
1557 4853 1623 4908 et
1652 4862 1759 4909 an-

171 4927 293 4995 dita
347 4928 526 5016 prius
571 4939 839 5028 utraque
873 4939 1059 5016 parte
1087 4928 1340 5016 scriptis
1373 4940 1438 4996 et
1468 4948 1631 4995 voce
1663 4930 1754 4996 in-

173 5015 515 5100 formante,
544 5016 1029 5084 rescribendum
1064 5017 1344 5083 censuit:
1382 5040 1419 5081 ‹
1453 5018 1758 5084 Servetur

174 5103 432 5171 omnino
478 5108 821 5171 Decretum
868 5105 997 5172 diei
1045 5107 1129 5171 24
1161 5105 1425 5172 Ianuarii
1464 5107 1658 5193 1698,
1694 5116 1759 5172 et

173 5192 471 5280 amplius;
520 5202 586 5258 et
633 5193 711 5260 ad
757 5203 1071 5261 mentem.
1121 5196 1294 5259 Mens
1329 5203 1461 5260 est:
1514 5192 1758 5260 Scriba-

178 5289 277 5377 tur
306 5285 464 5346 Emo
494 5284 563 5347 D.
592 5281 780 5348 Card.
817 5279 1312 5368 Archiepiscopo
1344 5280 1757 5383 Neapolitano

180 5379 345 5433 iuxta
373 5368 862 5436 instructionem
883 5381 1135 5439 secreto
1159 5370 1752 5441 communicandam

1859 427 1937 495 ab
1970 433 2130 496 Effio
2165 429 2352 497 card.
2383 431 2618 497 causae
2663 427 2960 495 Relatore
2983 450 3047 495 ».
3081 428 3196 496 Die
3219 432 3303 496 22
3329 399 3447 496 8ο“

1862 517 2175 606 ptembris
2227 520 2417 586 1827.

1863 672 2126 744 2655.
2491 675 2810 741 ΒΟΜΑΝΑ

2164 780 2569 848 BASlLlCAE
2599 780 3135 847 COLLEGIATAE

2086 890 2154 953 S.
2205 887 2504 953 MAmAE
2551 887 2804 953 TRANS
2852 888 3221 954 TYBERIM.
3269 985 3280 994 ,

3214 673 3440 762 (teas)

1992 1043 2292 1113 Kalendis
2345 1043 2722 1112 Novembris
2780 1045 2941 1112 Anni
3003 1047 3449 1115 incarnationis

1861 1133 2221 1201 Dominicae
2274 1137 2468 1216 1824,
2516 1132 2678 1200 datis
2723 1154 2752 1198 a
2802 1135 2993 1201 SSii'io
3040 1137 3177 1201 Di'io
3222 1138 3449 1203 Nostro

1861 1227 2078 1290 Leone
2122 1224 2229 1288 Xll
2276 1220 2580 1288 Pontifice
2627 1220 2895 1290 Maximo
2926 1222 3307 1310 Apostolicis
3349 1225 3447 1292 Li-

1864 1310 2015 1380 teris
2075 1310 2141 1377 in
2200 1309 2397 1377 forma
2460 1312 2715 1378 Brevisa
2784 1312 2985 1395 Super
3042 1314 3445 1400 Universum,

1861 1399 2071 1486 quoad
2119 1418 2348 1466 novam
2394 1400 2836 1486 Paroeciarnm
2871 1399 3091 1466 Almae
3125 1401 3310 1474 Urbis
3339 1405 3449 1469 Or-

1862 1486 2288 1570 dinationem,
2323 1486 2385 1554 id
2436 1487 2587 1572 lege
2633 1499 2888 1554 cautum
2940 1499 3100 1572 erat,
3151 1500 3222 1556 ut
3267 1492 3451 1558 Paro-

1863 1576 1998 1644 chis
2043 1596 2158 1644 seu
2207 1573 2470 1643 vicariis
2515 1574 2849 1663 perpetuis
2893 1575 3300 1645 Basilicarum
3332 1578 3451 1646 mi-

1863 1684 2093 1733 norum
2126 1664 2370 1731 interea
2403 1662 2501 1729 ius
2534 1661 2932 1730 tribueretur
2974 1665 3247 1733 sedendi
3284 1666 3453 1736 inter

1864 1752 2212 1823 canonicos
2257 1750 2509 1819 Ordinis
2553 1751 3010 1837 Presbyteralis
3041 1757 3187 1820 cu'm
3220 1756 3453 1823 ceteris

1862 1839 2132 1926 iuribus,
2194 1838 2587 1928 privilegiis,
2638 1839 3095 1925 praerogativis
3156 1854 3224 1909 et
3284 1862 3450 1912 emo-

1863 1929 2195 2011 lumentis,
2223 1926 2453 2014 quibus
2487 1929 2686 1996 ceteri
2710 1947 2793 1995 ex
2821 1928 2933 1995 illo
2968 1929 3195 1997 ordine
3229 1931 3453 2000 fruun-

1860 2028 2003 2096 tur;
2054 2036 2125 2083 ac
2184 2014 2598 2103 postmodum
2662 2028 3211 2102 consequerentur
3254 2023 3452 2088 Cano-

1860 2105 2134 2174 nicalem
2167 2103 2596 2172 praebendam
2629 2122 2708 2171 ex
2744 2106 3070 2172 communi
3108 2110 3298 2174 Massa
3323 2111 3453 2198 pri-

1861 2213 1965 2262 mo
2026 2204 2409 2261 vacaturam.
2489 2193 2602 2260 Hic
2661 2191 2814 2259 iuris
2874 2193 3032 2288 ordo
3093 2197 3329 2265 ceteris
3389 2198 3455 2265 in

1861 2282 2168 2352 Ecclesiis
2215 2280 2481 2369 pacifice
2527 2290 2842 2365 servatus,
2893 2280 3000 2347 ubi
3030 2283 3316 2368 primum
3350 2306 3454 2352 va·

1861 2370 2023 2439 catio
2050 2370 2345 2455 contigit,
2373 2369 2877 2436 controversiam
2911 2371 3125 2437 attulit
3158 2373 3452 2462 Capitulo

1863 2459 2324 2528 canonicorum
2372 2456 2757 2544 collegiatae
2803 2458 3103 2526 Basilicae
3136 2463 3200 2528 S.
3229 2463 3454 2530 Mariae

1864 2553 2058 2616 Trans
2088 2547 2412 2635 Tyberim.
2463 2550 2514 2613 E
2549 2546 2710 2611 vivis
2740 2545 3059 2631 siquidem
3079 2560 3321 2650 ‚erepto
3350 2553 3454 2617 Sa-

1862 2637 2128 2704 cerdote
2174 2634 2402 2702 Basilio
2448 2635 2748 2720 Tragnoli
2783 2635 2957 2701 illius
2989 2636 3310 2704 Ecclesiae
3343 2641 3454 2706 ca-

1861 2724 2118 2802 nonico,
2169 2722 2344 2789 locu's
2391 2723 2577 2790 datus
2622 2731 2723 2789 est
2753 2723 2996 2812 optioni
3026 2724 3103 2790 ad
3150 2725 3451 2795 Ordinem

1860 2811 2375 2897 presbyteralem
2422 2797 2632 2898 primo
2667 2812 2981 2880 canonico
3014 2813 3314 2899 Diacono,
3351 2836 3454 2883 an-

1862 2914 2120 2988 tequam
2170 2898 2474 2966 Hannibal
2521 2899 2709 2985 Righi
2760 2900 3111 2969 canonicus
3141 2904 3456 2971 Parocbus

1861 3008 1978 3057 seu
2025 2987 2309 3057 vicarius
2354 3000 2710 3076 perpetuus
2771 2991 3134 3059 praebenda
3196 2992 3457 3060 Canoni-

1861 3078 1977 3145 cali
2028 3074 2370 3165 potiretur.
2420 3075 2533 3155 oui
2585 3096 2665 3142 ex
2716 3077 2829 3144 hac
2863 3078 3122 3165 optione
3155 3078 3450 3147 iniuriam

1863 3185 1932 3232 se
1990 3163 2120 3253 pati
2180 3163 2529 3247 arbitrans,
2593 3164 2956 3253 supplicem
3005 3164 3299 3234 libellum
3346 3171 3453 3236 Sa·

1862 3271 2119 3321 crorum
2141 3251 2404 3320 Rituum
2424 3253 2914 3340 congregationi
2938 3252 3142 3337 dedit,
3161 3263 3233 3320 ut
3253 3255 3453 3343 optio·

1863 3341 2079 3408 nisius
2109 3340 2224 3406 sibi
2258 3340 2638 3407 vindicaret.
2689 3343 2872 3407 Sacra
2905 3360 3059 3408 vero
3090 3345 3448 3432 congrega-

1865 3429 1949 3495 tio
1995 3438 2070 3495 ut
2115 3429 2288 3493 iuxta
2336 3429 2672 3517 probatum
2734 3447 2980 3496 morem
3029 3428 3143 3496 bac
3191 3429 3254 3497 in
3300 3450 3449 3497 con-

1862 3516 2171 3583 troversia
2204 3515 2698 3603 procederetur,
2725 3515 2801 3582 ab
2833 3521 2991 3583 Effio
3015 3517 3280 3585 Domino
3304 3522 3446 3586 car·

1861 3604 2058 3672 dinali
2105 3604 2367 3670 Titulari
2413 3616 2635 3673 votum
2670 3603 3317 3695 informationemque
3349 3627 3450 3674 re·

1862 3692 2149 3779 quisivit.
2200 3692 2469 3776 Deinde,
2506 3693 2680 3759 iuxta
2714 3694 2869 3759 iuris
2903 3694 3209 3762 terminos
3239 3695 3452 3763 accitis

1862 3799 2071 3849 coram
2120 3785 2193 3847 D.
2245 3781 2606 3848 Secretario
2655 3794 2792 3849 tuni
2838 3784 3157 3850 recensito
3190 3784 3452 3851 canoni·

1862 3890 1936 3937 co
1982 3873 2216 3937 curato
2279 3878 2418 3937 tum
2480 3869 2715 3936 ceteris
2777 3869 3064 3939 eiusdem
3124 3872 3449 3938 Ecclesiae

1860 3957 2193 4029 canonicis
2237 3957 2488 4025 Ordinis
2534 3958 2885 4025 Diaconalis
2933 3968 3000 4024 et
3029 3960 3451 4031 Subdiacona-

1861 4048 1964 4131 lis‚
2012 4045 2350 4132 sequentia
2397 4046 2569 4114 inter
2599 4058 2815 4132 partes
2848 4047 3039 4115 dubia
3071 4048 3449 4116 concordata

1865 4135 2086 4220 fuere;
2137 4133 2481 4201 nimirum:

1926 4290 1933 4295 ,
2000 4226 2059 4288 1.
2112 4225 2206 4289 An
2251 4224 2332 4288 sit
2376 4222 2558 4290 locus
2604 4222 2844 4311 optioni
2874 4223 2951 4291 ad
2998 4224 3447 4291 canonicatum

1858 4310 2371 4397 presbyteralem
2398 4322 2725 4379 vacantem
2751 4313 3063 4381 canonico
3085 4317 3301 4397 Bassa,
3334 4332 3446 4380 seu

1859 4400 2075 4487 potius
2121 4397 2434 4484 privative
2480 4409 2732 4487 spectet
2778 4400 2855 4467 ad
2905 4403 3292 4471 Canonicum
3327 4404 3447 4469 Cu·
3497 4466 3504 4475 ,

1860 4497 2070 4641 raturp
2118 4485 2303 4573 Rigbi
2369 4487 2590 4574 vigore
2652 4488 3006 4558 Literarum
3059 4489 3446 4578 Apostolica·

1869 4594 2010 4643 rum

1994 4667 2059 4730 2.
2111 4665 2205 4730 An
2256 4663 2322 4730 in
2368 4664 2600 4731 futuris
2659 4666 3089 4734 vacationibus
3145 4665 3226 4732 sit
3271 4666 3448 4733 locus

1859 4751 2149 4819 ascensui
2181 4752 2473 4819 eiusdem
2497 4753 2790 4819 Canonici
2823 4755 3073 4833 curati;
3108 4754 3211 4819 vel
3238 4755 3447 4842 potius

1863 4841 2114 4994 ⁰⁵³⁰?ss
2184 4852 2249 4906 et
2318 4839 2704 4910 subdiaconi
2774 4841 3144 4928 antiquioris
3204 4861 3447 4931 posses·

1868 4946 2067 4995 sionis
2213 4978 2218 4993 .

1991 5020 2071 5082 Et
2118 5019 2183 5084 S.
2222 5019 2294 5083 R.
2332 5018 2436 5100 (L,
2479 5016 2688 5085 audita
2738 5030 3011 5105 utraque
3044 5029 3253 5106 parte,
3286 5032 3445 5085 voce

1861 5114 1927 5170 et
1964 5104 2203 5191 scripto
2251 5104 2442 5171 etiam
2492 5123 2639 5172 cum
2683 5107 3208 5192 responsionibus
3255 5105 3445 5173 infor·

1859 5202 2105 5276 mante,
2139 5212 2206 5258 ac
2240 5201 2485 5259 mature
2532 5190 2866 5282 perpensis
2896 5196 3098 5261 allatis
3133 5195 3449 5261 rationum

1862 5281 2232 5365 momentis,
2255 5284 2626 5369 praesertim
2656 5283 3005 5350 enunciatis
3029 5284 3256 5351 Literis
3279 5286 3449 5371 Apoe

1858 5369 2138 5453 stolicis,
2187 5382 2253 5437 et
2301 5389 2517 5439 earum
2577 5371 2615 5457 5
2678 5374 2805 5439 34:
2866 5372 2936 5438 Id
2994 5392 3108 5439 iios
3168 5374 3448 5439 mim-
