4042 5950
1977 230 2447 338 ÷186—

581 385 789 470 quoad
834 385 1367 469 interessentiam,
1415 405 1603 471 quam
1663 386 1870 471 quoad
1923 387 2154 452 Caere-

580 472 818 539 monias
867 482 932 538 et
976 473 1485 556 solemnitatem,
1537 476 1836 541 eumdem
1897 492 2154 539 servan-

581 561 737 627 dum
785 561 1074 628 ordinem
1118 561 1184 626 in
1231 571 1585 649 posterum,
1637 562 1742 647 qui
1790 563 1917 628 huc
1947 579 2153 646 usque

579 648 815 714 servari
861 649 1190 715 consuevit
1222 671 1284 715 ι.
1334 649 1448 716 Die
1511 653 1592 716 18
1621 649 1921 717 Octobris
1958 652 2151 716 1818.

584 791 843 860 2595.
1131 792 1598 858 masmim.
1926 789 2152 877 (4557)

710 916 903 979 Rmus
948 912 1298 1000 Episcopus
1344 914 1721 982 Tarentinus
1780 917 2001 982 Sacrae
2050 911 2151 979 Ri-

586 1012 766 1067 tuum
840 1002 1327 1087 congregationi
1405 1002 1737 1069 humiliter
1812 1000 2148 1088 exposuit,

581 1089 753 1174 quod
802 1089 877 1155 ad
925 1088 1190 1155 formam
1235 1091 1448 1155 Brevis
1495 1090 1668 1157 Ssmi
1733 1090 1980 1158 Domini
2032 1091 2152 1156 No-

579 1177 694 1242 stri
741 1175 831 1242 Pii
878 1181 981 1243 Vll
1012 1181 1196 1244 Pont.
1222 1180 1377 1256 Max.
1413 1178 1539 1245 dati
1572 1179 1693 1246 sub
1717 1179 1824 1244 die
1855 1183 1932 1245 10
1965 1177 2150 1265 Apri·

585 1263 659 1329 lis
707 1263 973 1331 labentis
1014 1265 1157 1331 anni
1203 1281 1319 1352 pro
1366 1265 1699 1350 utriusque
1732 1266 1978 1333 Siciliae
2033 1270 2152 1332 Re·

582 1369 730 1438 gno,
781 1356 960 1418 Festa
1006 1357 1416 1419 Patronorum
1459 1354 1909 1442 principalium
1957 1365 2155 1420 trans-

583 1440 847 1507 ferenda
891 1451 1040 1507 sunt
1085 1459 1230 1506 cum
1274 1439 1494 1507 Officio
1542 1451 1606 1505 et
1651 1440 1830 1509 Missa
1882 1442 1959 1509 ad
2005 1461 2152 1530 pro-

582 1527 816 1593 ximam
880 1538 1255 1614 sequentem
1314 1528 1730 1595 Dominicam.
1811 1530 1936 1596 Sed
2004 1549 2151 1598 cum

584 1615 718 1701 ipse
765 1615 1040 1701 dubitet,
1102 1634 1255 1682 num
1314 1635 1385 1682 ea
1445 1617 1793 1684 Dominica·
1821 1619 1897 1684 ad
1960 1637 2151 1704 quam

585 1702 724 1769 fieri
772 1701 1005 1769 debeat
1050 1704 1369 1771 translatio
1416 1704 1702 1772 habenda
1746 1706 1828 1772 sit
1889 1717 1961 1772 ut
2016 1706 2152 1773 dies

586 1791 706 1857 fixa
738 1810 813 1856 an
846 1809 999 1857 vero
1033 1791 1305 1876 mobilis,
1341 1794 1417 1859 ad
1450 1793 1748 1861 effectum
1788 1794 2152 1860 celebrandi

585 1878 756 2032 iidem
801 1881 1059 1979 Festum
1107 1898 1252 1947 cum
1284 1881 1386 1946 vel
1428 1881 1563 1948 sine
1594 1895 1835 1965 octava,
1872 1881 1935 1949 id
1967 1880 2155 1967 petiit

634 1985 707 2031 ec
737 1985 924 2032 arari.
1956 1969 1975 1990 ⁸

716 2057 794 2119 Et
837 2056 1022 2122 Sacra
1064 2057 1324 2124 Rittium
1368 2058 1786 2146 Congregatio
1817 2056 2152 2144 particula·

586 2142 670 2206 ris
717 2162 748 2206 a
794 2144 1135 2212 Sanctitate
1179 2147 1303 2212 Sua
1347 2147 1423 2213 ad
1456 2146 1821 2215 huiusmodi
1851 2145 2151 2212 effectum

583 2230 948 2316 specialiter
992 2234 1290 2320 deputata
1334 2253 1480 2300 cum
1540 2233 1940 2301 facultatibus
1994 2242 2152 2316 etc„

583 2320 954 2405 respondit:
984 2342 1020 2385 (ι
1054 2320 1435 2388 Dominicam
1460 2321 1525 2388 in
1549 2340 1672 2409 qua
1701 2331 2031 2421 perpetuo·
2054 2338 2152 2384 re-

582 2408 958 2559 gonendum
1005 2411 1130 2476 erit
1171 2415 1430 2476 Festum
1483 2411 1734 2476 Patroni
1788 2406 2192 2507 principalis.

629 2495 939 2561 abendam
988 2516 1126 2564 esse
1157 2508 1226 2564 ut
1256 2497 1426 2565 diem
1455 2498 1803 2584 propriam,
1839 2516 1909 2562 ac
1942 2514 2154 2595 proin-

585 2581 669 2647 de
713 2583 998 2669 gaudere
1058 2597 1272 2652 octava
1330 2597 1395 2651 et
1448 2584 1741 2653 omnibus
1800 2581 2156 2671 privilegiis

585 2679 652 2733 et
718 2672 1199 2759 praerogativis,
1263 2692 1423 2758 quae
1480 2671 1682 2739 Festis
1742 2676 2156 2738 Patronorum

584 2758 1032 2845 principalium
1066 2760 1490 2840 conveniunt;
1542 2770 1826 2827 octavam
1858 2777 2013 2826 vero
2037 2776 2158 2844 pe·

583 2845 713 2910 rire
757 2847 808 2913 si
856 2848 938 2914 ob
983 2849 1237 2934 aliquod
1286 2849 1843 2935 impedimentum,
1893 2866 2014 2935 per
2058 2866 2155 2911 ac·

586 2932 831 3014 cidenS,
880 2939 1134 3004 Festum
1180 2936 1260 3003 sit
1305 2937 1812 3005 transferendum
1846 2958 1909 3001 ιν.

717 3025 796 3089 Et
843 3024 925 3090 ita
972 3025 1326 3093 declaravit.
1378 3026 1489 3092 Die
1525 3029 1602 3093 18
1633 3025 1918 3092 Octobris
1955 3026 2152 3091 1818.

588 3162 849 3233 2596.
1152 3166 1565 3232 citimam.
1927 3162 2154 3251 (4558)

718 3289 1093 3376 Expositum
1141 3288 1260 3356 fuit
1306 3289 1369 3355 in
1414 3292 1484 3356 S.
1517 3292 1591 3355 R.
1626 3291 1697 3355 C.
1757 3287 1958 3373 quod,
2007 3306 2157 3373 sup-

584 3375 859 3476 plicante
905 3379 1125 3444 Carolo
1170 3381 1474 3462 Pergamo
1522 3388 1674 3443 tunc
1706 3375 2014 3462 temporis
2045 3379 2154 3442 Ga·

587 3474 798 3529 ietano
846 3465 1180 3549 Antistite,
1230 3466 1341 3533 fel.
1395 3484 1527 3531 rec.
1578 3464 1720 3530 Pius
1767 3467 1845 3530 vt
1892 3462 2160 3529 indulsit

587 3551 758 3635 quod
808 3556 1107 3618 Patronus
1138 3553 1502 3639 principalis
1542 3552 1998 3636 cuiuscumque
2032 3550 2157 3616 loci

587 3638 927 3721 Dioecesis,
978 3639 1284 3706 celebrari
1332 3641 1564 3707 debeat
1606 3640 1725 3706 sub
1776 3639 1903 3704 ritu
1966 3638 2154 3725 dupl.

594 3729 625 3791 1
674 3723 885 3791 classis
932 3727 992 3792 in
1040 3732 1204 3794 Loco
1259 3728 1518 3815 proprio
1579 3744 1725 3793 cum
1786 3736 2046 3805 octava,
2097 3734 2162 3791 et

588 3813 705 3879 sub
765 3812 894 3879 ritu
939 3816 1123 3901 dupl.
1183 3820 1222 3882 2
1283 3814 1492 3883 classis
1558 3815 1623 3882 in
1687 3813 1947 3897 reliquis
2007 3812 2162 3879 locis

589 3902 928 3969 Dioecesis.
967 3906 1091 3971 Sed
1125 3906 1418 3990 quoniam
1454 3904 1516 3969 in
1550 3901 1912 3987 Apostolico
1946 3900 2159 3983 Brevi,

532 4062 547 4077 ,
588 3991 735 4057 date
764 3989 885 4056 sub
914 3992 1018 4058 die
1056 3996 1133 4059 10
1162 3992 1393 4078 Aprilis
1441 3989 1708 4058 labentis
1736 3989 1879 4055 anni
1911 4008 2027 4075 pro
2059 4008 2162 4055 re·

590 4077 891 4145 ductione
928 4084 1255 4166 Festorum
1289 4080 1352 4146 'rn
1384 4079 1715 4163 utriusque
1757 4077 2006 4144 Siciliae
2041 4080 2160 4144 Re-

590 4185 741 4254 gno,
776 4168 1163 4255 praecipitur
1195 4179 1263 4233 ut
1307 4172 1487 4234 Festa
1534 4171 1947 4232 Patronorum
1992 4165 2164 4253 prin-

587 4254 886 4341 cipalium
918 4256 981 4323 in
1013 4267 1400 4345 perpetuum
1429 4254 1881 4321 transferantur
1905 4255 1982 4322 ad
2014 4273 2160 4342 pro-

592 4342 833 4409 ximum
881 4344 1051 4410 diem
1087 4344 1506 4426 Dominicum,
1540 4342 1727 4408 simul
1765 4360 1913 4407 cum
1939 4343 2164 4408 eadem

591 4430 1020 4516 solemnitate,
1070 4432 1288 4499 Officio
1336 4441 1400 4496 et
1447 4432 1658 4509 Missa3
1710 4429 1857 4495 hinc
1890 4431 2018 4498 duo
2054 4449 2165 4495 ex·

590 4519 776 4585 citata
823 4519 1083 4586 fuerunt
1113 4519 1322 4603 dubia,
1359 4537 1633 4605 quorum
1678 4518 2020 4584 declaratio
2057 4537 2167 4605 pe-

592 4606 747 4673 titur
792 4628 823 4672 a
871 4611 935 4675 S.
974 4611 1050 4674 R.
1087 4611 1187 4687 G.;
1236 4607 1578 4675 videlicet:

728 4699 785 4761 1.
837 4700 1063 4763 Utrum
1125 4696 1186 4761 in
1244 4696 1470 4763 diebus
1532 4694 1887 4781 respective
1935 4695 2165 4761 horum

589 4785 961 4851 Sanctorum
1008 4788 1419 4851 Patronorum
1475 4783 1924 4873 principalium
1992 4781 2167 4848 festi-

496 4868 505 4873 “
589 4870 823 4955 vitatiS,
872 4873 979 4958 qui
1028 4872 1187 4938 inira
1235 4871 1661 4940 hebdomadas
1713 4872 1976 4954 cadunt,
2026 4870 2165 4937 fleri

591 4958 834 5045 possint
878 4960 1092 5027 Officia
1142 4969 1206 5025 et
1252 4960 1471 5027 Missae
1504 4978 1727 5025 eorum
1762 4963 2162 5042 Sanctorum,

591 5044 700 5131 qui
747 5047 894 5112 alias
938 5046 1251 5112 celebrari
1282 5048 1601 5116 deberent
1634 5047 1857 5113 diebus
1891 5047 2016 5113 illis
2048 5050 2168 5112 Do-

594 5132 868 5216 minicis,
919 5133 1147 5219 quibus
1204 5135 1267 5200 in
1326 5146 1656 5220 posterum
1722 5134 2170 5200 substituenda

594 5229 783 5287 erunt
827 5220 1042 5289 Officia
1090 5231 1154 5286 et
1201 5221 1418 5287 Missae
1464 5222 1781 5290 dictorum
1839 5224 1907 5288 S.
1956 5225 2168 5287 Patro-

470 5376 479 5380 -
591 5308 867 5377 norum?
908 5306 1320 5377 Praevidetur
1367 5310 1541 5377 enim
1586 5307 1831 5375 nullam
1874 5308 1961 5374 de
2016 5311 2166 5374 San·

2255 386 2372 451 ctis
2417 386 2480 453 in
2541 387 2880 456 Dominicis
2943 389 3075 457 istis
3135 410 3258 479 per
3317 393 3618 460 ordinem
3687 395 3836 463 inci-

2255 474 2552 542 dentibus
2598 476 2735 542 fleri
2781 496 2969 563 posse
2997 481 3392 566 memoriam,
3427 482 3572 566 quia
3610 501 3836 549 eorum

2255 563 2676 630 translationis
2718 567 2884 631 ultra
2931 565 3072 632 illos
3130 567 3269 634 dies
3324 569 3691 636 Dominicos
3750 571 3837 637 lo·

2254 670 2365 716 cus
2413 669 2542 717 non
2588 651 2734 738 erit,
2787 654 3162 740 praesertim
3208 655 3275 721 in
3320 656 3613 724 Dioecesi
3661 659 3837 724 Caie-

2253 748 2417 821 tana‚
2468 748 2740 826 propter
2787 749 2878 805 tot
2923 740 3075 807 alios
3106 745 3367 809 Sanctos
3395 743 3859 812 remittendos-

2258 836 2322 890 et
2368 826 2778 911 peculiariter
2825 828 3240 897 celebrandos
3270 831 3352 896 ob
3379 831 3715 899 indultum
3753 834 3839 898 Pii

2255 917 2452 1000 Papae
2485 918 2563 980 Vl
2595 934 2627 978 a
2657 915 2986 999 praedicto
3019 917 3335 1006 Episcopo
3367 918 3672 986 Caietano
3701 924 3840 986 Per·

2255 1016 2441 1085 gamo
2492 1002 2927 1090 impetratum,

2387 1093 2454 1155 2.
2504 1095 2601 1155 An
2648 1090 3011 1157 huiusmodi
3056 1095 3314 1160 Sanctos
3345 1097 3839 1179 non-Patronus,

2249 1177 2365 1242 sed
2414 1176 2573 1243 ritus
2604 1177 2882 1262 duplicis
2927 1183 2967 1245 2
2999 1179 3238 1265 classis,
3286 1182 3523 1249 remitti
3566 1183 3840 1268 permit-

2255 1271 2428 1329 tatur
2471 1263 2698 1330 diebus
2743 1266 3081 1333 Dominicis
3128 1269 3526 1354 vacantibus,
3575 1280 3841 1357 praeter

2253 1351 2801 1438 Quadragesimam
2851 1364 2916 1419 et
2961 1354 3381 1423 Adventum?

2384 1443 2465 1505 Et
2513 1443 2581 1507 S.
2630 1443 2706 1507 R.
2754 1445 2829 1508 C.
2876 1443 3272 1528 particularis
3317 1445 3393 1512 ad
3460 1444 3838 1512 huiusmodi

2256 1527 2557 1593 effectum
2603 1548 2634 1592 a
2681 1531 2873 1596 Ssmo
2905 1530 3211 1622 deputata
3241 1550 3385 1598 cum
3419 1532 3726 1599 omnihus
3759 1533 3840 1598 ia·

2255 1615 2595 1683 cultatibus
2642 1628 2798 1701 etc.,
2848 1617 3235 1685 declaravit:

2387 1704 2482 1769 Ad
2537 1708 2596 1770 1.
2645 1726 2686 1768 ‹
2717 1704 3216 1773 ‘translationem
3262 1711 3595 1775 Fastorum
3629 1711 3842 1773 Patro-

2253 1810 2485 1857 norum
2531 1791 2982 1890 principalium
3025 1794 3102 1859 ad
3151 1794 3508 1882 proximam
3555 1794 3839 1864 Domini-

2255 1896 2391 1945 cam
2438 1879 2789 1946 factendam
2822 1900 2964 1947 esse
2995 1881 3324 1949 dumtaxat
3355 1882 3420 1949 in
3457 1882 3841 1951 Civitatibus

2259 1975 2323 2031 et
2367 1967 2545 2034 Locis
2598 1967 2664 2033 in
2725 1967 2957 2053 quibus
3019 1972 3175 2036 tales
3245 1990 3469 2037 revera
3523 1981 3714 2038 sunt.
3778 1974 3843 2036 ln

2252 2054 2389 2120 aliis
2423 2073 2575 2120 vero
2611 2054 2789 2138 locis,
2817 2055 2881 2121 in
2912 2056 3141 2140 quibus
3174 2076 3254 2123 ex
3285 2058 3544 2145 speciali
3582 2056 3842 2126 indulto

2256 2144 2538 2227 gaudent
2583 2141 2709 2210 ritu
2755 2144 2942 2229 dupl.
2991 2147 3059 2209 2.
3108 2144 3347 2229 classis,
3395 2148 3514 2213 sed
3569 2145 3840 2232 qualita-

2257 2239 2389 2297 tem
2435 2245 2562 2296 non
2610 2230 2845 2298 babent
2877 2251 2991 2318 pro
3043 2233 3114 2297 rii
3146 2233 3516 2322 principalis
3555 2232 3840 2314 Patroni,

2255 2338 2325 2384 ac
2370 2329 2713 2406 propterea
2771 2339 2892 2386 nec
2949 2341 2982 2384 a
3031 2320 3318 2387 iunctum
3379 2333 3842 2420 praeceptum;

2257 2406 2690 2475 transferenda
2737 2426 2864 2475 non
2908 2418 3083 2492 sunt,
3130 2410 3246 2475 sed
3280 2418 3560 2475 retinere
3593 2408 3844 2476 debent

2256 2493 2432 2560 diem
2479 2497 2827 2580 propriam.
2878 2498 3037 2561 Cum
3082 2513 3240 2563 vero
3285 2496 3350 2562 in
3405 2496 3700 2581 qualibet
3747 2494 3844 2561 Ci-

2257 2581 2452 2648 vitate
2484 2583 2589 2647 vel
2637 2587 2801 2650 Loco
2835 2601 2996 2648 unus
3028 2584 3272 2650 tantitm
3317 2584 3693 2671 principalis
3735 2586 3842 2647 Pa-

2259 2681 2478 2736 tronus
2526 2688 2674 2737 cum
2717 2670 3126 2738 solemnitate
3170 2672 3541 2760 duplicique
3575 2690 3843 2760 praece·

2260 2767 2371 2845 pto
2404 2758 2790 2827 recolendus
2822 2757 2932 2846 sit;
2984 2758 3254 2826 difficile-
3281 2759 3427 2841 erit,
3454 2761 3628 2845 quod
3664 2756 3843 2825 nulla

2258 2845 2536 2933 supersit
2590 2846 2728 2913 dies
2786 2866 2980 2915 vacua
3047 2867 3161 2934 pro
3216 2848 3592 2936 reponendo
3655 2851 3842 2912 Festo

2260 2944 2641 3003 occurrente
2687 2935 2752 3002 in
2781 2936 2887 3003 die
2921 2933 3266 3020 Dominica,
3301 2937 3379 3004 ad
3412 2953 3605 3020 quam
3641 2947 3840 3001 trans-

2258 3022 2599 3090 ferendum
2648 3024 2771 3090 erit
2800 3028 3057 3090 Festum
3102 3025 3347 3090 Patroni
3384 3045 3448 3088 ι.

2345 3111 2486 3209 ,Λᾶ
2536 3115 2601 3176 2.
2655 3132 2691 3175 (ι
2717 3111 3055 3198 Negative;
3104 3122 3170 3177 et
3214 3112 3363 3178 satis
3408 3113 3746 3200 provisum
3777 3108 3839 3174 in

2308 3216 2470 3264 rimo
2506 3220 2568 3264 ιν.

2264 3218 2307 3285 p
2395 3291 2473 3352 Et
2494 3286 2575 3350 ita
2594 3289 3085 3375 responderunt.
3104 3288 3215 3354 Die
3240 3291 3319 3353 18
3334 3284 3622 3354 Octobris
3643 3289 3840 3353 1818.

2264 3427 2516 3496 2597.
2875 3426 3245 3496 assisam.
3605 3427 3837 3516 (asso)

2393 3550 2818 3617 patriarchalis
2889 3550 3208 3633 Ecclesia,
3274 3550 3340 3615 in
3407 3570 3530 3635 qua
3587 3553 3839 3636 Corpus

2263 3641 2329 3705 S.
2381 3637 2691 3703 Francisci
2737 3638 2922 3705 Conl'.
2973 3620 3184 3703 Assisii
3218 3638 3590 3723 requiescit,
3624 3657 3712 3703 ex
3752 3636 3842 3702 in·

2264 3725 2447 3792 dulto
2472 3726 2837 3810 apostolico
2871 3725 3253 3795 Sanctissimi
3285 3724 3589 3812 Principis
3621 3724 3712 3790 Pii
3739 3728 3838 3791 Vll

2264 3817 2441 3878 Pont.
2478 3816 2639 3880 Max.
2690 3814 3026 3900 privilegio
3074 3814 3312 3898 gaudet
3343 3812 3557 3878 Missae
3591 3818 3840 3879 votivae

2264 3900 2668 3987 quotidianae
2703 3909 2783 3968 de
2818 3902 3324 3984 eodem‘Sancto,
3353 3900 3639 3986 exceptis
3662 3902 3841 3969 dum-

2267 3999 2434 4055 taxat
2479 3989 2994 4056 solemnitatibus
3039 3989 3268 4054 Natalis
3305 3993 3372 4053 D.
3404 3990 3483 4055 N.
3507 3993 3554 4054 1.
3585 3992 3687 4072 C.,
3725 3992 3839 4053 Re·

2265 4076 2675 4143 surrectionis
2717 4089 2787 4157 ,et
2832 4081 3262 4143 pentecostes,
3335 4079 3526 4142 Porro
3591 4094 3669 4142 ex
3731 4074 3840 4141 bac

2266 4164 2676 4231 concessione
2720 4164 3050 4250 sequentia
3100 4164 3366 4231 excitata
3411 4173 3560 4230 sunt
3623 4162 3838 4242 dubia,

2267 4272 2429 4338 quae
2489 4256 2714 4319 Sacrae
2767 4255 3028 4319 Rituum
3089 4250 3580 4337 congregationi
3610 4257 3618 4264 '
3651 4249 3841 4317 resol-

2265 4344 2474 4406 venda
2519 4359 2635 4426 pro
2689 4341 2844 4407 osita
2889 4340 3191 4406 fuerunt:

2405 4432 2466 4494 1.
2500 4430 2595 4493 An
2682 4427 2861 4495 iebus
2893 4427 3232 4495 Dominicis
3266 4427 3328 4492 in
3404 4428 3635 4493 raelata
3670 4427 3842 4493 Missa

2270 4517 2477 4583 votiva
2524 4515 2899 4602 Symbolum
2947 4516 3073 4582 dici
3121 4445 3399 4584 debeat?

2399 4608 2462 4671 2.
2515 4607 2609 4670 An
2643 4603 2706 4670 in
2740 4603 3106 4690 Duplicibus
3138 4602 3380 4691 primae
3426 4614 3492 4668 et
3526 4603 3841 4669 secundae

2271 4692 2479 4759 classis
2537 4691 2857 4759 recitanda
2914 4692 2994 4757 sit
3052 4693 3331 4759 collecta
3384 4691 3461 4757 ab
3518 4689 3840 4758 ordinario

2271 4777 2620 4866 imperata?

2404 4873 2470 4935 3.
2520 4870 2616 4934 An
2663 4868 2726 4934 in
2757 4869 3078 4955 praedicta
3112 4867 3290 4935 atissa
3321 4866 3530 4933 votiva
3559 4869 3629 4933 S.
3658 4870 3841 4931 Fran-

2271 4956 2445 5038 cisci,
2479 4956 2687 5023 Oratio
2733 4959 2788 5023 A
2819 4958 3094 5036 cunctis,
3132 4955 3385 5042 quando
3423 4954 3691 5021 dicenda
3722 4961 3838 5032 est,

2273 5044 2624 5134 permutari
2655 5044 2887 5112 debeat
2920 5045 2984 5110 in
3012 5044 3196 5110 aliam
3223 5046 3292 5109 B.
3325 5047 3402 5108 Μ.
3437 5046 3513 5109 V.
3548 5040 3836 5115 Gesonae,

2271 5141 2464 5220 prout
2509 5131 2574 5198 in
2619 5132 2795 5206 Missa
2841 5131 3048 5197 votiva
3094 5134 3464 5198 Sanctorum
3512 5129 3842 5217 Apostolo-

2274 5239 2416 5287 rum
2460 5219 2627 5286 Petri
2673 5229 2737 5284 et
2784 5217 3010 5286 Pauli?

2402 5312 2482 5373 Et
2526 5305 2666 5372 mi
2709 5326 2781 5371 ac
2824 5307 2964 5372 Rmi
3008 5310 3123 5373 1³1³.
3154 5306 3355 5374 Sacris
3383 5305 3630 5372 Ritibus
3661 5321 3836 5392 prae·
