4042 5950
2081 243 2554 325 ...280-

673 431 743 478 ac
791 409 1105 496 religione
1144 405 1433 491 confidit,
1467 415 1539 472 ut
1568 414 1748 472 certo
1796 405 2019 473 credat
2048 403 2257 472 omnia

673 519 706 563 a
750 501 839 565 Te
886 495 1235 564 ordinanda
1282 493 1421 561 fore
1470 494 1644 561 iuxta
1701 492 2011 580 praefatas
2073 511 2256 579 prae-

672 584 1070 673 scriptiones.
1120 587 1203 650 Et
1232 585 1351 650 Am
1401 580 1659 650 litudini
1689 585 1858 648 Tuae
1889 581 2256 648 diuturnam

675 692 758 741 ex
802 673 1009 741 animo
1057 682 1294 759 exopto
1370 669 1736 737 elicitatem.

803 764 1040 828 Romae
1087 763 1170 827 23
1219 758 1613 846 Septembris
1663 761 1852 825 1837.

677 936 922 1007 2776.
989 938 1221 1004 BURGI
1266 936 1542 1004 SANCTI
1590 935 1934 1002 Doule.
2026 930 2255 1021 (4827)

803 1110 1110 1179 Excitatis
1139 1110 1465 1177 nonnullis
1509 1108 1983 1193 controversiis,
2018 1108 2085 1175 in
2116 1108 2261 1177 Col-

672 1199 904 1287 legiata
950 1197 1230 1265 Ecclesia
1262 1202 1390 1266 Deo
1422 1197 1489 1264 in
1520 1198 1831 1267 honorem
1873 1196 2084 1264 Sancti
2113 1201 2257 1264 Bar·

672 1286 1018 1356 tholomaei
1077 1286 1304 1352 Buxeti
1350 1286 1414 1351 in
1461 1285 1744 1353 Dioecesi
1801 1285 1992 1371 Burgi
2051 1285 2260 1352 Sancti

672 1374 970 1443 Domnini
1021 1373 1253 1456 dicata,
1303 1373 1473 1441 inter
1525 1372 2079 1442 caeremoniarum
2140 1376 2261 1439 Ma-

672 1465 944 1551 gistrum
1006 1460 1545 1531 Reverendissimi
1605 1461 1772 1528 illius
1815 1460 2111 1550 Episcopi
2160 1479 2259 1528 so·

672 1552 980 1618 lemniter
1037 1547 1418 1615 Pontificalia
1479 1547 1721 1616 ibidem
1777 1550 2139 1615 exercentis
2191 1558 2257 1614 et

669 1641 948 1706 alterum
996 1656 1074 1702 ex
1109 1636 1436 1703 Canonicis
1483 1636 1678 1723 ipsius
1709 1635 2121 1726 collegiatae,
2154 1656 2256 1703 su-

670 1747 792 1813 per
838 1722 1338 1792 honorificentiis
1402 1727 1716 1813 Episcopo
1764 1723 2136 1792 deferendis
2196 1724 2261 1791 in

673 1812 1118 1882 ecclesiasticis
1178 1810 1610 1880 functionibus
1671 1834 1743 1880 ac
1801 1812 1886 1879 de
1944 1811 2259 1897 aliquibus

671 1900 1090 1970 caeremoniis
1159 1899 1628 1988 adimplendis„
1689 1900 2056 1968 celebrante
2111 1898 2260 1999 Epi-

669 2009 862 2079 scopo
909 1988 1154 2056 Missam
1190 1988 1577 2068 solemnem
1610 1990 1786 2057 idem
1819 1991 2260 2057 Caeremoma-

670 2097 815 2145 rum
847 2076 1145 2177 Magister
1188 2076 1289 2144 sui
1335 2078 1617 2146 muneris
1645 2072 1786 2145 esse
1818 2076 2004 2143 duxit
2035 2079 2259 2144 Sacrae

669 2165 859 2235 huius
902 2170 1168 2234 Rituum
1217 2164 1742 2252 congregationis
1787 2166 2118 2233 oraculum
2151 2182 2259 2229 ex·

667 2272 936 2343 poscere
967 2254 1047 2322 ad
1079 2252 1497 2321 eliminandas
1548 2253 1886 2321 ulteriores
1924 2251 2258 2320 dissensio-

668 2361 783 2409 nes
815 2361 886 2408 ac
918 2352 1159 2408 certam
1210 2340 1503 2428 regulam
1532 2340 1594 2407 in
1626 2351 1958 2428 posterum
1990 2357 2261 2426 sequen·

669 2430 817 2497 dam
853 2439 920 2496 et
965 2428 1554 2498 constabiliendum.
1604 2434 1723 2496 Pro
1754 2428 2116 2516 opportuna
2147 2426 2261 2493 ita-

669 2536 798 2603 que
843 2516 1276 2585 declaratione
1325 2516 1723 2603 insequentia
1769 2516 2107 2604 proposuit
2138 2515 2260 2582 du-

670 2605 804 2691 bia;
853 2602 1200 2673 nimirums

805 2698 866 2762 1.
916 2693 1015 2758 An
1058 2692 1191 2760 duo
1224 2690 1414 2778 primi
1444 2691 1766 2776 canonici,
1802 2702 1948 2782 post
1983 2693 2254 2782 primam

667 2780 1055 2868 Dignitatem
1085 2779 1413 2864 sedentes,
1447 2778 1725 2849 debeant
1769 2779 2061 2847 assistere
2107 2780 2257 2867 Epi-

666 2885 864 2967 scopo
910 2866 1262 2935 celebranti
1321 2868 1385 2934 in
1446 2867 1666 2936 habitu
1723 2867 2086 2953 Diaconali;
2150 2867 2253 2934 vel

669 2967 882 3046 potius
926 2977 1092 3024 unus
1127 2955 1371 3023 servire
1403 2954 1636 3025 debeat
1665 2955 1732 3024 in
1762 2955 1967 3024 officio
1997 2956 2254 3025 Diaconi

669 3044 1001 3131 Evangelii
1051 3054 1115 3112 et
1160 3046 1324 3113 alter
1367 3046 1434 3114 in
1479 3044 1687 3112 officio
1733 3041 2170 3114 Subdiaconi‘?

798 3137 866 3200 2.
901 3138 997 3200 An
1044 3133 1422 3221 Episcopus,
1455 3133 1726 3222 sumptis
1769 3134 2155 3222 paramentis
2188 3132 2254 3199 in

666 3221 1068 3310 Presbyterio
1113 3222 1284 3309 apud
1332 3222 1594 3307 Sedem,
1645 3221 1877 3290 debeat
1921 3224 2007 3289 im
2056 3239 2254 3289 onere

666 3309 814 3377 thus
870 3309 938 3376 in
1002 3309 1329 3378 thuribulo
1395 3321 1736 3396 antequam
1807 3329 1959 3398 proc
2051 3322 2111 3377 at
2172 3310 2250 3377 ad

666 3398 883 3465 Altare
906 3395 940 3464 P
968 3398 1065 3486 (1)

796 3484 1295 3553 Eminentissimi
1341 3505 1411 3552 ac
1458 3486 1998 3554 Reverendissimi
2038 3490 2251 3553 Patres

665 3573 868 3641 Sacris
926 3573 1180 3641 tuendis
1238 3573 1484 3642 Ritibus
1536 3574 1909 3662 praepositi,
1961 3574 2029 3641 in
2071 3574 2285 3642 ordi--

664 3658 838 3727 nario
897 3663 1104 3727 Coetu
1163 3662 1332 3749 apud
1394 3664 1684 3729 Sanctam
1743 3662 1997 3730 Mariam
2058 3680 2248 3749 supra

661 3746 1040 3830 Minervam,
1091 3748 1234 3815 loco
1280 3747 1496 3814 Palatii
1553 3750 1900 3834 Apostolici
1964 3750 2247 3829 Quirina·

668 3835 768 3917 lis,
817 3835 900 3902 de
958 3836 1253 3903 mandato
1312 3836 1700 3905 Sanctissimi
1762 3838 2119 3922 coadunati,
2167 3838 2245 3906 ad

663 3923 1041 3991 relationem
1080 3922 1463 4012 infrascripti
1494 3924 1858 4009 Secretarii,
1892 3945 1965 3992 re
1996 3937 2246 3993 mature

662 4031 1002 4101 perpensa,
1055 4011 1539 4082 rescribendum
1587 4024 2019 4093 censuerunt;

793 4101 890 4168 Ad
927 4104 989 4166 1.
1024 4120 1063 4166 a
1085 4100 1504 4183 Affirmative,
1538 4101 1616 4168 ad
1650 4100 1918 4189 primam
1956 4111 2241 4190 partem;

662 4190 995 4276 Negative,
1044 4188 1120 4254 ad
1168 4189 1515 4256 secundam
1546 4210 1610 4255 ».

792 4277 888 4343 Ad
923 4281 991 4343 2.
1033 4296 1072 4342 a
1105 4276 1436 4366 Negative,
1468 4276 1641 4344 iuxta
1673 4275 2149 4345 caeremoniale
2174 4300 2238 4343 ».

794 4368 1002 4451 Atque
1064 4365 1146 4429 ita
1206 4366 1670 4452 rescripserunt
1727 4385 1796 4431 ac
1856 4366 2241 4433 servandum

661 4451 917 4520 omnino
941 4453 1350 4521 mandarunt.
1378 4452 1488 4519 Die
1512 4456 1595 4520 23
1622 4453 2015 4543 Septembris
2045 4457 2240 4522 1837.

659 4613 767 4683 27
770 4612 819 4680 7
823 4612 872 4680 7
880 4658 896 4677 .
1218 4613 1669 4680 RHEDONEN.
2012 4613 2239 4701 (4828)

1006 4756 1163 4820 Rme
1209 4752 1474 4820 Domine
1507 4753 1601 4820 uti
1644 4758 1884 4820 Frater.

785 4895 1160 4963 Gravissima
1189 4893 1453 4981 quidem
1486 4914 1588 4961 res
1620 4905 1739 4978 est,
1767 4914 1959 4981 quam
1990 4896 2234 4997 Ampli-

655 4983 893 5051 tudinis
947 4986 1112 5050 Tuae
1172 4984 1450 5050 Litterae
1509 4983 1690 5050 datae
1752 4983 2235 5084 quartodecimo

653 5071 960 5138 calendas
989 5070 1258 5158 Augusti
1290 5070 1600 5138 vertentis
1645 5090 1790 5139 anm
1824 5070 2231 5153 enarrabant;

653 5158 956 5225 nimirum
1001 5159 1466 5246 quamplurima
1512 5158 1743 5226 Altaria
1780 5158 2234 5248 parochialium

793 5350 876 5425 (ι)
909 5351 973 5409 13.
1007 5351 1150 5410 nub.
1185 5352 1237 5408 s.

2357 402 2788 471 Ecclesiamm
2831 402 3020 472 buius
3072 404 3445 473 Rbedonen.
3494 402 3803 472 Dioecen‘s
3843 404 3906 473 iu

2359 512 2393 557 a
2424 490 3023 559 Praedecessoribus
3066 492 3188 560 tuis
3224 491 3417 560 fuisse
3447 504 3826 576 consecrata,
3856 505 3909 562 ut

2359 579 2426 645 in
2470 578 2622 666 ipsis
2670 582 3049 648 Sanctorum
3095 583 3249 647 Mart
3297 598 3438 648 rum
3469 579 3795 680 Reliquiae
3827 585 3908 649 vel

2363 668 2623 753 penitus
2667 667 3121 735 desiderentur
3163 601 3297 753 ref,
3343 668 3395 734 si
3439 680 3764 769 appositae
3802 670 3911 736 fue·

2361 766 2536 837 runt,
2579 774 2704 823 non
2753 766 2965 822 tamen
3008 767 3293 822 servatae
3336 756 3461 823 siut
3506 756 3765 823 rituales
3801 777 3910 825 cae·
3976 760 3977 775 ¹

2360 843 2683 911 remoniae
2727 862 2889 929 quae
2933 844 3010 911 ab
3048 843 3487 912 ecclesiasticis
3532 843 3782 931 legibus
3804 866 3913 913 san-

2362 931 2525 998 citae
2572 931 3005 1019 reperiuntur.
3057 935 3145 998 De
3191 931 3306 999 bac
3350 932 3483 1018 ipsa
3532 951 3608 999 re
3654 932 3809 998 inter
3833 952 3911 999 ce—

2360 1027 2497 1086 tera
2528 1018 2783 1106 negotia
2813 1029 3024 1087 actum
3055 1036 3257 1105 quum
3287 1018 3482 1087 fuerit
3511 1020 3585 1087 in
3612 1019 3913 1088 ordinariis

2361 1109 2696 1175 Sacrorum
2748 1106 3006 1176 Rituum
3061 1107 3345 1177 comitiis
3405 1107 3798 1196 infrascripta
3834 1109 3914 1176 die

2360 1194 2761 1276 coadunatis;

2493 1282 2988 1353 Eminentissimi
3036 1294 3103 1352 et
3145 1281 3697 1353 Reverendissimi
3737 1287 3912 1351 Patres

2361 1369 2563 1439 Sacris
2609 1370 2863 1439 tuendis
2906 1372 3155 1440 Ritibus
3195 1371 3566 1460 praepositi,
3603 1370 3768 1439 serio
3798 1391 3911 1460 per·

2362 1458 2720 1547 pendentes
2764 1458 3090 1549 indulgeri
3123 1461 3380 1527 omnino
3425 1479 3562 1526 non
3609 1479 3816 1547 posse,
3843 1459 3913 1526 ati

2361 1548 2426 1614 in
2471 1544 2634 1612 votis
2679 1555 2816 1613 erat
2873 1547 3297 1636 Amplitudini
3351 1551 3551 1632 Tuae,
3606 1556 3679 1615 ut
3719 1548 3914 1616 Altaria

2365 1643 2620 1720 reputet
2682 1634 3084 1703 reconciliata
3143 1655 3290 1703 cum
3349 1636 3479 1702 sola
3540 1656 3619 1703 ac
3679 1632 3912 1722 simplici

2358 1720 2795 1807 Reliquiarum
2866 1723 3298 1811 repositione,
3370 1722 3457 1790 nil
3530 1724 3913 1791 statuendum

2360 1821 2779 1895 censuerunt,
2838 1812 2992 1897 quin
3047 1822 3232 1878 antea
3291 1823 3758 1900 exposceretur
3808 1832 3914 1878 ora·
3976 1836 3977 1843 ¹

2361 1897 2580 1964 culum
2640 1897 3025 1968 Sanctissimi
3076 1899 3325 1967 Domini
3384 1903 3629 1989 Papae;
3678 1919 3747 1966 ac
3797 1918 3914 1989 pro-

2362 1994 2584 2073 pterea
2635 1986 3150 2075 rescripserunt:
3215 2009 3254 2052 «
3287 1987 3384 2054 Ad
3430 1989 3773 2056 Dominum
3824 1989 3911 2053 Se·

2358 2072 2700 2141 cretarium
2757 2093 2904 2141 cum
2959 2075 3361 2145 sanctissimo
3396 2097 3461 2142 ».
3512 2076 3632 2144 Die
3694 2081 3773 2143 23
3828 2077 3913 2141 Se-

2360 2161 2670 2249 ptembris
2722 2165 2912 2231 1837.

2493 2251 2621 2317 Suo
2666 2251 2879 2336 itaque
2926 2270 3197 2318 munere
3241 2251 3515 2338 fungens
3542 2250 3796 2320 subscri

2359 2337 2751 2406 secretarius
2812 2338 3212 2408 sanctissimo
3272 2344 3457 2410 Dom.
3505 2340 3749 2408 Nostro
3834 2357 3913 2404 re·

2359 2425 2539 2512 gorio
2570 2428 2706 2494 XVI
2737 2426 3026 2495 Pontifici
3054 2427 3321 2496 Maximo
3365 2428 3621 2515 singula
3668 2427 3916 2496 fideliter

2360 2514 2679 2603 exposuit,
2716 2525 3132 2602 mentemque
3164 2520 3387 2584 Sacrae
3418 2514 3915 2605 congregationis

2359 2602 2635 2689 aperuit.
2695 2609 2809 2668 Ast
2867 2621 3067 2689 quum
3138 2604 3582 2676 Sanctissimus
3646 2604 3917 2672 Dominus

2360 2691 2760 2777 praeceperit
2812 2701 2884 2758 ut
2935 2691 3205 2759 ulterius
3251 2710 3371 2780 per
3420 2691 3806 2760 alterutrum
3853 2709 3916 2756 ex

2356 2776 2865 2865 Apostolicarum
2888 2779 3442 2848 caeremoniarum
3461 2779 3777 2868 magistris
3798 2796 3916 2846 cou-

2359 2865 2662 2933 ficeretur
2691 2868 2975 2954 apposita
3000 2868 3332 2935 instructio
3364 2887 3483 2951 pro
3512 2866 3917 2937 Reverendis·

2355 2955 2512 3022 simo
2536 2953 2911 3022 Rhedonen.
2936 2955 3277 3044 Episcopo,
3305 2955 3421 3024 hac
3446 2955 3713 3025 tandem
3734 2952 3914 3023 habita

2356 3054 2421 3110 et
2465 3063 2496 3107 a
2546 3043 2890 3111 Sanctitate
2938 3047 3059 3112 Sua
3150 3043 3386 3130 robata,
3436 3044 3644 3111 edixit
3700 3052 3771 3111 ut
3815 3061 3914 3130 per

2354 3131 2769 3219 particulares
2796 3132 3062 3200 Litteras
3104 3062 3291 3200 Euius
3321 3134 3543 3200 Sacrae
3572 3136 3913 3220 congrega·

2356 3218 2543 3286 tionis
2572 3220 2995 3307 Amplitudini
3042 3224 3210 3287 Tuae
3253 3219 3729 3308 iniungeretur,
3756 3231 3824 3285 nt
3848 3218 3911 3284 ad

2351 3307 2675 3374 tramitem
2706 3308 2966 3376 omnino
2990 3308 3186 3394 ipsius
3209 3308 3652 3376 Instructionis
3675 3309 3818 3378 huic
3844 3305 3913 3374 la-

2351 3395 2591 3464 sciculo
2639 3395 2935 3482 insertae,
2970 3395 3326 3465 defectibus
3355 3396 3657 3486 suppleat
3693 3419 3728 3463 a
3754 3400 3911 3463 Prae·

2351 3482 2795 3554 decessoribus
2836 3486 2968 3553 suis
3011 3483 3296 3552 admissis
3342 3485 3410 3551 in
3462 3483 3913 3552 consecratione

2349 3572 2684 3657 Altarium,
2717 3574 2800 3641 de
2845 3573 3076 3660 quibus
3123 3573 3187 3640 in
3231 3572 3579 3660 precibus;
3629 3585 3816 3660 atque
3842 3571 3911 3636 ita

2349 3659 2586 3747 absque
2631 3659 3048 3729 admiratione
3091 3673 3155 3729 et
3199 3661 3517 3747 scandalo,
3554 3679 3628 3726 ea
3661 3680 3785 3749 qua
3817 3676 3912 3746 par

2348 3760 2447 3814 est
2502 3747 2935 3817 sollicitudine
2995 3759 3059 3816 et
3118 3747 3489 3838 prudentia,
3536 3747 3785 3837 singula
3827 3766 3905 3812 or-

2348 3836 2527 3905 dinet
2573 3846 2637 3903 et
2692 3839 3048 3924 componat.

2484 3928 2570 3991 lta
2631 3925 2986 3993 Sanctitatis
3052 3927 3213 3993 Suae
3279 3935 3344 3992 et
3399 3927 3621 3994 Sacrae
3667 3924 3907 3992 Rituum

2346 4011 2864 4100 congregationis
2894 4012 3075 4079 iussis
3107 4012 3484 4100 obtempero
3512 4022 3907 4096 mentemque

2350 4101 2600 4188 aperio,
2648 4109 2721 4168 ut
2774 4101 3023 4190 singula
3084 4101 3496 4188 exequutioni
3553 4101 3902 4170 demandet.

2348 4188 2717 4278 Amplitudo
2762 4193 2890 4257 Tua
2931 4189 3043 4258 diu
3073 4189 3229 4257 felix
3269 4199 3336 4256 et
3366 4189 3704 4258 incolumis
3734 4188 3904 4254 vivat.

2478 4280 2711 4344 Romae
2757 4277 2865 4344 die
2913 4283 2953 4345 6
2999 4277 3281 4345 Octobris
3334 4280 3524 4345 1837.

2526 4415 2724 4481 Tener
2765 4421 2963 4483 autem
3007 4413 3420 4484 instructionis
3470 4418 3748 4485 adiectae

2914 4502 3015 4563 est
3059 4511 3354 4580 sequens.

2470 4631 2686 4696 Altare
2732 4647 2931 4717 super
2973 4649 3102 4716 quo
3143 4632 3509 4699 celebratur
3551 4631 3755 4715 Missa,
3785 4629 3903 4695 sive

2344 4717 2545 4786 lixum
2566 4718 2671 4799 sit,
2693 4718 2828 4785 sive
2859 4717 3158 4806 portatile
3184 4718 3349 4786 idest
3376 4737 3526 4788 cnm
3548 4730 3728 4806 petra
3750 4734 3898 4785 sacra

2345 4811 2625 4890 tantum,
2663 4816 3100 4873 consecratum
3163 4806 3422 4874 omnino
3481 4827 3621 4875 esse
3672 4807 3896 4884 debet;

2341 4913 2409 4960 ac
2439 4913 2559 4982 pro
2590 4893 2725 4981 ipso
2757 4894 2973 4962 Altare
3018 4895 3303 4982 portatili
3338 4895 3477 4962 sive
3504 4906 3687 4983 petra
3716 4912 3894 4974 sacra,

2340 4980 2717 5070 praecipuus
2764 4992 2858 5050 est
2904 4983 3065 5051 ritus
3102 4982 3557 5068 observandus,
3594 4982 3896 5052 unctiones

2339 5067 2757 5155 adhibendae,
2809 5074 3216 5158 reponendae
3263 5072 3330 5140 in
3372 5071 3719 5161 sepulchro
3746 5067 3894 5138 Reli·

2340 5157 2522 5244 quiae
2546 5160 2918 5226 Sanctorum
2950 5162 3294 5248 Martyrum
3326 5160 3498 5228 iuxta
3532 5161 3719 5230 verba
3746 5162 3892 5245 Apo-
