4042 5950
1967 219 2438 298 —218—

578 395 660 444 ox
708 380 773 444 S.
811 380 885 444 R.
937 381 1009 445 E.
1062 377 1497 446 Cardinalibns
1560 377 1665 445 vel
1722 375 2162 463 Archiepisco·

582 483 703 551 pus
736 487 801 530 ».

709 573 746 617 ι
778 554 992 632 Quoad
1043 553 1298 620 mitram
1326 553 2023 637 serico-damascenam,
2051 551 2158 619 At-

578 640 933 720 lirmative;
967 642 1322 711 dummodo
1356 641 1680 710 dissimilis
1711 642 1793 708 sit
1823 641 2161 708 intextura

575 728 652 794 ab
699 729 805 794 illa
851 729 1539 798 reverendissimorum
1590 729 2044 815 cardinalium,
2095 741 2162 798 et

578 817 784 903 quoad
833 818 1308 885 Processionem
1355 820 1527 887 SSmi
1575 818 1874 906 Corporis
1927 817 2161 885 Christi

573 916 918 972 serventur
962 906 1237 973 strictim
1284 913 1548 975 Decreta
1609 907 1675 974 in
1735 904 2026 973 Anicien.
2083 909 2160 974 13

578 993 739 1060 lunii
769 997 937 1061 1682
964 995 1119 1060 etin
1141 995 1519 1063 Urbinaten.
1547 993 1920 1074 291anuarii
1952 998 2158 1073 1762;

576 1080 641 1147 in
676 1081 941 1167 reliquis
976 1097 1275 1151 servetur
1308 1089 1649 1152 Decretum
1682 1083 2161 1170 Arcbiepiscopi

576 1171 840 1236 Farsetti
900 1170 1009 1238 die
1056 1175 1139 1239 24
1201 1171 1571 1239 Decembris
1635 1175 1801 1239 1727
1870 1190 1941 1236 ac
1988 1174 2028 1237 2
2076 1175 2163 1237 la-

575 1258 781 1324 nuarii
812 1262 1013 1339 1728;
1040 1270 1233 1346 atque
1262 1261 1689 1347 expediantur
1716 1261 1968 1325 Literae
2000 1263 2164 1346 Apo-

574 1346 837 1412 stolicae
883 1349 947 1414 in
995 1349 1198 1415 forma
1230 1348 1473 1433 Brevis,
1507 1348 1558 1415 si
1592 1347 1997 1416 sanctissimo
2044 1351 2162 1413 Do-

576 1434 751 1500 mino
798 1437 1025 1503 Nostro
1075 1436 1491 1522 placuerit».

705 1523 940 1600 Quibus
1001 1526 1296 1592 omnibus
1357 1544 1475 1612 per
1529 1523 2004 1610 infrascriptum
2052 1525 2162 1608 Se—

579 1611 920 1677 cretarium
968 1615 1160 1680 SSmo
1221 1614 1485 1680 Domino
1532 1615 1760 1680 Nostro
1806 1613 2003 1680 Leoni
2052 1614 2162 1679 ΧΠ

576 1702 761 1764 Pont.
796 1702 960 1766 Max.
992 1702 1235 1785 relatis,
1271 1702 1577 1768 Sanctitas
1614 1703 1737 1769 Sua
1769 1700 2163 1788 particularis

578 1786 765 1853 buius
819 1789 1343 1877 Congregationis
1394 1809 1656 1856 sensum
1705 1799 1771 1856 et
1820 1793 2162 1856 Decretum

576 1875 949 2027 approbavit
994 1889 1059 1942 et
1091 1876 1524 1964 confirmavit3
1576 1877 1772 1965 idque
1819 1876 1884 1943 in
1928 1881 2159 1944 Metro·

578 1971 851 2051 pontana
897 1966 1354 2033 Ravennatensi
1400 1966 1683 2032 Ecclesia
1731 1985 1800 2032 ac
1834 1984 1952 2053 per
1994 1964 2162 2032 Civi-

578 2060 774 2117 tatem
821 2062 886 2116 et
931 2052 1285 2120 Dioecesim
1340 2055 1580 2121 servari
1637 2055 1847 2133 iussit;
1896 2053 2163 2120 Literas-

577 2158 705 2225 que
749 2141 1140 2226 Apostolicas
1200 2143 1264 2209 in
1310 2143 1512 2210 forma
1571 2143 1789 2209 Brevis
1847 2161 2044 2228 super
2092 2159 2160 2206 re

577 2227 871 2315 expediri
916 2230 1259 2298 mandavit.
1310 2231 1423 2297 Die
1472 2235 1511 2298 4
1556 2231 1841 2298 Octobris
1879 2232 2071 2298 1826.

580 2366 842 2438 2649.
951 2387 959 2395 ·
1214 2373 1527 2439 motem.
1927 2371 2156 2457 (4622)

704 2499 875 2560 luter
919 2494 1258 2578 EcclesiaS,
1296 2514 1458 2580 quae
1505 2495 1936 2581 singularibus
1967 2495 2161 2561 cobo-

569 2592 854 2650 nestatae
903 2581 1255 2665 insignibus
1303 2591 1368 2648 et
1398 2582 1863 2650 pontificalium
1896 2602 2014 2649 usu
2050 2583 2162 2649 do·

569 2681 753 2736 natae
783 2680 956 2753 sunt,
992 2670 1321 2737 [molensis
1368 2667 1853 2756 adnumeratur,
1888 2690 2051 2757 quae
2084 2671 2162 2739 ab

571 2779 624 2822 s.
678 2776 764 2823 m.
818 2757 922 2824 Pio
972 2761 1077 2825 vu
1138 2759 1326 2824 variis
1388 2759 1744 2846 privilegiis
1797 2760 2161 2828 clementer

570 2856 1109 2932 peramanterque
1134 2845 1251 2912 fuit
1279 2848 1574 2934 insignita
1599 2867 1718 2935 per
1738 2849 1981 2914 Literas
2001 2850 2050 2912 A
2103 2868 2165 2914 o-

571 2933 824 3002 stolicas
874 2934 936 3001 in
998 2934 1196 3003 forma
1255 2937 1472 3004 Brevis
1531 2937 1866 3025 expeditas
1915 2939 1967 3004 V
2012 2941 2034 3003 l
2090 2956 2165 3004 us

572 3022 712 3089 Maii
775 3027 966 3091 1816.
1041 3025 1346 3103 Quoniam
1403 3036 1617 3092 autem
1682 3037 1818 3093 tum
1890 3031 2161 3093 Decreto

569 3110 639 3179 S.
691 3116 766 3179 R.
825 3116 895 3180 G.
949 3112 1124 3180 edito
1159 3115 1237 3180 Vl
1268 3116 1577 3182 Kalendas
1624 3113 2026 3202 Septembris
2058 3132 2165 3180 an·

573 3198 634 3266 ni
667 3204 863 3286 1822,
896 3212 1029 3268 ιιιιιι
1063 3201 1352 3269 eiusdem
1386 3202 1627 3270 Summi
1659 3202 1977 3270 Pontificis
2000 3203 2164 3268 Con-

570 3289 904 3357 stitutione
953 3291 1075 3356 lata
1120 3293 1199 3357 1v
1243 3292 1449 3358 Nonas
1508 3292 1693 3359 Iulias
1748 3290 1910 3357 Anni
1966 3293 2161 3373 1823,

572 3377 968 3446 declaratum
1018 3377 1139 3444 luit
1188 3381 1224 3463 ὅ
1259 3383 1369 3465 28,
1405 3380 1576 3466 quod
1628 3382 1694 3445 in
1725 3380 1938 3447 dubiis
1967 3397 2166 3465 super

575 3463 936 3532 huiusmodi
988 3466 1504 3536 concessionibus
1551 3471 1734 3535 Sacra
1770 3469 1924 3535 haec
1956 3467 2165 3541 adire·

574 3562 681 3617 tur
727 3554 1188 3641 congregatim
1254 3576 1323 3622 ac
1370 3557 1420 3622 si
1468 3576 1630 3642 quae
1690 3555 1974 3657 Capitula
2031 3574 2160 3622 am·

573 3638 910 3725 plioribus,
959 3651 1219 3729 praeter
1265 3663 1335 3710 ea
1383 3664 1544 3743 quae
1578 3654 1915 3713 enunciato
1949 3645 2015 3711 in
2047 3649 2165 3710 De-

574 3736 754 3793 creto
786 3739 1229 3816 recensentur,
1312 3732 1622 3821 rivtlegiis
1652 3753 1722 3799 se
1754 3745 1933 3800 aucta
1968 3734 2164 3800 fuisse

573 3814 1060 3900 arbitrarentur,
1111 3819 1455 3905 pecularia
1501 3840 1610 3886 sua
1669 3822 1826 3888 haec
1886 3822 2022 3889 iura
2084 3821 2160 3887 ad

532 3905 775 3991 ‘ipsam
821 3908 1409 3993 congregationem
1455 3910 1919 3995 perpendenda
1965 3911 2166 3978 dedu·

575 4006 831 4073 cerent3
884 3996 1216 4081 extemplo
1264 3996 1595 4063 lmolensis
1625 3997 2018 4065 Catbedralis
2051 4002 2162 4067 Ga-

576 4083 853 4167 pitulum
901 4084 1233 4150 recensitis
1282 4089 1557 4152 Decreto
1607 4097 1670 4153 et
1716 4085 2164 4153 Constitutioni

575 4182 952 4237 reverenter
999 4170 1452 4260 obtemperans
1496 4173 1572 4239 ab
1618 4174 2000 4261 ampliorum
2037 4175 2167 4259 pri-

575 4259 962 4346 vilegiorum
1010 4281 1130 4327 usu
1178 4262 1438 4329 omnino
1486 4280 1556 4328 se
1611 4261 1939 4347 abstinuit,
1997 4282 2169 4330 arre-

576 4358 815 4433 ptaque
864 4349 1190 4416 occasione
1236 4350 1618 4439 supplicem*
1661 4355 2001 4419 Sacrorum
2065 4352 2206 4419 Ri-'

579 4448 756 4502 tuum
808 4438 1305 4525 congregationi
1353 4439 1646 4507 exhibuit
1693 4438 2010 4507 Libellum
2043 4459 2170 4507 una

577 4543 723 4592 cum
771 4528 955 4592 Brevi
1018 4528 1476 4608 concessionis;
1527 4549 1655 4615 quo
1716 4529 1872 4614 quid
1934 4528 2056 4614 ipsi
2101 4529 2169 4595 in

576 4633 694 4679 usu
727 4613 1217 4703 privilegiorum
1253 4616 1505 4701 liceret,
1535 4627 1901 4705 opportune
1944 4618 2169 4685 decer-

579 4713 874 4768 neretur.

712 4794 788 4856 Et
840 4792 977 4856 Emi
1025 4795 1140 4859 PP.
1177 4793 1379 4859 Sacris
1417 4795 1671 4861 tuendis
1705 4795 1953 4863 Ritibus
1984 4815 2168 4884 prae·

577 4877 764 4964 positi
815 4878 876 4945 in
907 4880 1240 4948 Ordinatio
1275 4886 1478 4951 Coetu
1510 4883 1587 4950 ad
1621 4886 1992 4952 Vaticanum
2029 4902 2169 4950 coa-

578 4977 679 5031 cto
724 4965 843 5032 sub
890 4967 1288 5058 infrascripta
1317 4972 1448 5056 die,
1484 4973 1560 5039 ad
1604 4973 1984 5040 relationem
2031 4973 2172 5039 Emi

577 5064 644 5150 et
688 5054 829 5119 Rt‘iti
877 5058 1058 5153 Dom.
1112 5059 1462 5127 cardinalis
1508 5062 1889 5150 Falzacappa
1927 5066 2172 5128 Ponen-

581 5151 682 5223 t1s5
732 5144 1054 5227 exquisito
1102 5146 1281 5230 prius
1329 5160 1478 5214 voto
1525 5151 1664 5215 Emi
1715 5164 1779 5216 et
1811 5150 1950 5215 Rmi
1982 5155 2164 5217 Dom.

574 5229 758 5297 Card.
798 5230 1284 5320 Archiepiscopi
1322 5237 1590 5304 lmolen.
1630 5237 1955 5323 Episcopi,
1990 5237 2170 5304 audi·

579 5333 770 5407 taque
818 5319 1135 5387 sententia
1200 5322 1463 5389 alterius
1519 5344 1600 5391 ex
1663 5324 2169 5410 Apostolicarum

2256 374 2816 443 Caeremoniarum
2840 373 3151 462 Magistris
3177 374 3434 461 scriptis
3463 374 3633 442 edita
3660 392 3831 461 prae-

2260 465 2453 550 loque
2498 483 2672 548 cusa,
2721 463 3018 530 omnibus
3063 473 3312 529 mature
3362 461 3830 550 diligenterque

2256 569 2376 637 per
2467 550 2595 618 nsis
2639 562 2833 638 atque
2879 552 2956 620 ad
3003 552 3310 619 trutinam
3355 550 3699 635 revocatis,
3742 570 3830 616 re-

2253 639 2380 705 scri
2429 639 2672 707 endum
2719 649 3146 708 censuerunt:
3196 660 3233 704 ι
3267 643 3335 705 Ιιι
3375 649 3529 706 voto
3566 638 3832 726 Magistri

2257 728 2841 813 Caeremoniarum,
2890 730 2967 795 ad
3015 728 3286 794 formam
3330 725 3701 815 privilegii:
3743 728 3833 793 Li-

2258 835 2410 883 cere
2459 816 2764 884 nimirum
2810 817 3104 905 Capitulo
3151 815 3446 883 lmolensi
3499 814 3587 880 uti
3643 813 3833 881 Ponti-

2257 903 2546 973 ficalibus
2594 905 2655 971 in
2705 905 2997 974 omnibus
3042 905 3121 972 ad
3169 905 3436 972 formam
3489 902 3830 970 Literarun

2259 992 2767 1081 Apostolicarum
2833 995 2896 1060 in
2966 992 3164 1059 forma
3229 993 3445 1059 Brevis
3517 992 3829 1080 expedita·

2258 1100 2402 1149 rum
2435 1103 2494 1149 ι».
2544 1087 2622 1148 Et
2656 1082 2738 1148 ita
2769 1081 3262 1169 rescripserunt.
3317 1081 3428 1147 Die
3465 1083 3547 1147 16
3581 1085 3830 1148 Decem·

2261 1168 2390 1237 bris
2442 1173 2639 1237 1826.

2390 1259 2599 1344 Super
2644 1258 2872 1346 quibus
2920 1257 3213 1326 omnibus
3261 1269 3325 1324 et
3370 1256 3642 1345 singulis
3687 1257 3828 1323 facta

2260 1347 2675 1434 postmodum
2729 1350 2925 1415 SSmo
2970 1352 3156 1415 Dom.
3219 1348 3445 1412 Nostro
3490 1345 3690 1412 Leoni
3735 1348 3828 1413 111

2260 1438 2444 1500 Pont.
2495 1437 2653 1501 Max.
2706 1454 2824 1524 per
2882 1435 3355 1524 infrascriptum
3413 1433 3829 1502 secretarium

2265 1522 2614 1610 relatione,
2663 1524 2971 1592 Sanctitas
3029 1527 3149 1591 Sua
3205 1525 3431 1590 Sacrae
3485 1526 3830 1609 congrega·

2263 1609 2451 1677 tionis
2499 1612 2896 1700 Rescriptum
2945 1611 3008 1679 in
3040 1611 3336 1679 omnibus
3378 1610 3748 1701 approbavit
3777 1623 3832 1676 et

2265 1698 2684 1766 confirmavit.
2734 1701 2848 1768 Die
2893 1704 2978 1769 20
3024 1698 3388 1768 Decembris
3439 1702 3633 1767 1826.

2266 1874 2537 1946 2650.
2831 1875 3285 1941 GANnAvssN.
3620 1874 3835 1961 (4623)

2391 2049 2760 2116 Nuntiatum
2830 2058 2927 2115 est
2984 2048 3517 2118 Eminentissimis
3576 2052 3688 2117 PP.
3741 2054 3844 2117 Sa·

2256 2137 2382 2202 cris
2441 2137 2697 2204 tuendis
2758 2136 3003 2206 Ritibus
3062 2137 3465 2225 praepositis,
3528 2137 3841 2225 aliquibus

2257 2224 2322 2291 in
2369 2226 2672 2294 Ecclesiis
2716 2225 3039 2293 Dioecesis
3101 2225 3468 2293 Gandaven.
3523 2226 3586 2293 in
3648 2227 3843 2293 admi·

2256 2313 2627 2381 nistratione
2674 2318 3231 2382 sacramentorum
3294 2315 3606 2381 nonnulla
3675 2314 3843 2381 inva-

2258 2401 2479 2484 luisse,
2529 2422 2692 2489 quae
2738 2403 3145 2491 praescriptis
3193 2403 3257 2470 in
3303 2403 3538 2471 Rituali
3599 2402 3845 2488 regulis

2255 2488 2700 2576 adversantur,
2748 2511 2871 2558 nec
2919 2502 3046 2558 tam
3080 2491 3295 2576 facile,
3324 2509 3444 2579 per
3474 2510 3586 2558 eos
3618 2489 3846 2577 quibus

2259 2576 2687 2647 Ecclesiarum
2735 2600 2885 2646 cura
2931 2580 3310 2647 demandata
3360 2591 3477 2664 est,
3531 2578 3848 2646 eliminari

2257 2667 2581 2754 valerent;
2633 2668 2741 2755 qui
2791 2667 3027 2735 idcirco
3071 2668 3349 2757 supplici
3397 2668 3617 2734 libello
3656 2667 3850 2735 dubia

2260 2753 2573 2840 quaedam
2626 2768 3091 2844 exposuerunt,
3142 2768 3213 2823 ut
3261 2776 3343 2823 ex
3387 2758 3613 2824 Sacrae
3659 2756 3851 2823 buius

2260 2845 2783 2931 congregationis
2842 2846 3159 2933 responsis
3219 2844 3375 2931 quid
3434 2844 3850 2911 retinendum

2262 2930 2502 3018 quidve
2542 2932 3040 3021 repudiandum·
3065 2933 3146 3000 sit
3191 2931 3392 3022 probe
3439 2942 3850 3021 cognoscant.

2267 3023 2426 3087 Sunt
2471 3032 2722 3087 autem:

2397 3108 2595 3175 Prima
2626 3110 2772 3177 facti
2804 3110 3089 3198 species:
3125 3114 3362 3179 Rector
3391 3110 3717 3177 Ecclesiae
3755 3129 3856 3176 re·

2269 3198 2434 3286 perit
2483 3198 2545 3263 in
2596 3199 2877 3266 Ecclesia
2923 3218 3032 3265 sua
3080 3198 3619 3266 consuetudinem
3663 3218 3854 3266 reno-

2267 3285 2454 3352 vandi
2498 3304 2732 3372 panem
2779 3306 2897 3389 pro
2944 3287 3263 3356 Sacrificio
3296 3288 3516 3354 Missae
3557 3299 3622 3354 et
3671 3290 3856 3354 Com·

2263 3374 2573 3451 munione
2619 3373 2910 3443 fidelium
2956 3374 3225 3463 singulis
3273 3376 3475 3443 tribus
3532 3375 3858 3442 mensibus

2265 3474 2560 3550 tempore
2610 3462 2890 3550 hyemis3
2941 3476 3235 3552 tempore
3283 3482 3440 3531 vero
3483 3465 3723 3531 aestivo
3757 3484 3857 3531 so·

2265 3551 2450 3618 litum
2500 3570 2639 3619 esse
2685 3551 2911 3619 confici
2953 3571 3076 3639 pro
3128 3571 3244 3618 sex
3290 3552 3642 3621 mensibus.
3693 3554 3857 3620 Hinc

2264 3639 2637 3727 quaeritur:

2400 3734 2462 3795 1.
2512 3731 2633 3811 Αιι,
2681 3739 2921 3798 attenta
2967 3729 3462 3816 consuetudine,
3511 3736 3750 3800 Rector
3784 3732 3856 3813 li-

2261 3817 2388 3885 cite
2436 3836 2808 3885 consecrare
2855 3818 3054 3908 possit
3099 3818 3317 3905 specie
3364 3840 3398 3885 a
3427 3818 3635 3887 tribus
3675 3839 3856 3886 men·

2259 3908 2436 3974 sibus
2486 3917 2777 3995 tempore
2825 3909 3099 3995 hyemis,
3134 3909 3238 3985 vel
3286 3930 3318 3971 a
3364 3926 3480 3975 sex
3528 3908 3856 3977 mensibus

2263 3997 2333 4064 in
2379 4005 2618 4061 aestate
2665 3993 3006 4064 confecta?

2398 4090 2464 4151 2.
2515 4087 2611 4150 An
2659 4103 2806 4152 casu
2851 4103 2982 4171 quo
3025 4089 3263 4154 Rector
3305 4085 3441 4152 sive
3490 4088 3707 4152 Pastor
3739 4091 3856 4154 Ec·

2264 4172 2496 4240 clesiae
2543 4172 2790 4260 praxim
2826 4174 2999 4240 illam
3030 4174 3347 4262 approbet
3377 4194 3497 4242 nec
3531 4175 3693 4241 velit
3718 4193 3858 4242 eam

2266 4262 2667 4349 relinquere,
2716 4262 2821 4328 alii
2867 4264 3244 4331 Sacerdotes
3275 4262 3340 4330 in
3373 4262 3600 4330 eadem
3635 4265 3858 4331 Eccle-

2265 4351 2353 4416 sia
2401 4349 2827 4418 inservientes
2876 4351 3116 4440 possint
3167 4362 3296 4418 tuta
3359 4352 3750 4419 conscientia
3796 4352 3858 4418 in

2266 4439 2387 4505 boc
2433 4438 2684 4505 Pastori·
2718 4438 3189 4526 obsecundare,
3247 4439 3492 4507 utendo
3556 4440 3860 4528 praelatis

2266 4523 2664 4615 speciebus?

2397 4616 2690 4683 Secunda
2739 4616 2883 4684 lacti
2933 4616 3221 4703 speciest
3272 4621 3344 4683 In
3390 4616 3711 4684 Parochiis
3754 4636 3854 4683 ru·

2269 4703 2528 4789 ralibus,
2564 4704 2672 4771 ubi
2706 4706 2974 4793 longum
3005 4705 3370 4774 laciendum
3404 4715 3498 4771 est
3532 4705 3686 4790 iter,
3722 4706 3858 4793 ple-

2266 4812 2542 4878 rumque
2590 4805 2883 4881 portatur
2915 4796 3180 4863 SSmum
3216 4797 3702 4862 Sacramentum
3734 4796 3855 4860 Eu·

2267 4881 2599 4949 charistiae
2647 4886 2723 4951 ad
2771 4893 3068 4971 aegrotos
3118 4881 3344 4969 eisque
3373 4880 3856 4949 administratur

2269 4987 2416 5038 cum
2462 4972 2632 5038 Stola
2665 4991 2862 5059 super
2892 4981 3141 5038 vestem
3178 4988 3591 5038 communem
3620 4972 3853 5057 absque

2270 5066 2440 5125 cotta
2471 5060 2606 5125 sive
2655 5060 3173 5149 superpelliceo:
3224 5057 3594 5146 quaeritur:

2407 5152 2470 5214 1.
2521 5149 2617 5215 An
2666 5149 2874 5237 praxis
2923 5148 3058 5233 illa,
3108 5147 3215 5215 ubi
3266 5146 3531 5215 invaluit
3581 5159 3646 5215 et
3676 5146 3852 5216 Ordi-

2270 5234 2428 5302 narii
2497 5237 2786 5303 locorum
2855 5257 2984 5305 non
3054 5235 3541 5322 contradicunt,
3593 5233 3849 5302 retineri

2280 5319 2522 5429 possit?
2568 5336 2633 5390 et
2678 5325 2729 5391 si
2777 5326 3104 5411 negative,
3139 5324 3503 5412 quaeritur:
