<?xml version="1.0" encoding="UTF-8"?>
<!DOCTYPE html PUBLIC "-//W3C//DTD XHTML 1.0 Transitional//EN"
    "http://www.w3.org/TR/xhtml1/DTD/xhtml1-transitional.dtd">
<html xmlns="http://www.w3.org/1999/xhtml" xml:lang="en" lang="en">
 <head>
  <title>
</title>
<meta http-equiv="Content-Type" content="text/html;charset=utf-8" />
  <meta name='ocr-system' content='tesseract 3.04.00' />
  <meta name='ocr-capabilities' content='ocr_page ocr_carea ocr_par ocr_line ocrx_word'/>
</head>
<body>
  <div class='ocr_page' id='page_1' title='image "./decretaauthenti00ritugoog_0280.png"; bbox 0 0 4042 5950; ppageno 0'>
   <div class='ocr_carea' id='block_1_1' title="bbox 2041 233 2512 314">
    <p class='ocr_par' dir='ltr' id='par_1_1' title="bbox 2041 233 2512 314">
     <span class='ocr_line' id='line_1_1' title="bbox 2041 233 2512 314; baseline 0.002 -20"><span class='ocrx_word' id='word_1_1' title='bbox 2041 233 2512 314; x_wconf 72' lang='lat'>-238-</span> 
     </span>
    </p>
   </div>
   <div class='ocr_carea' id='block_1_2' title="bbox 641 391 2237 5440">
    <p class='ocr_par' dir='ltr' id='par_1_2' title="bbox 647 391 2218 482">
     <span class='ocr_line' id='line_1_2' title="bbox 647 391 2218 482; baseline -0.003 -19"><span class='ocrx_word' id='word_1_2' title='bbox 647 391 911 465; x_wconf 70' lang='lat'><strong>2684.</strong></span> <span class='ocrx_word' id='word_1_3' title='bbox 1286 394 1586 461; x_wconf 76' lang='lat' dir='ltr'><strong>PISANA.</strong></span> <span class='ocrx_word' id='word_1_4' title='bbox 1994 393 2218 482; x_wconf 74' lang='lat'>(4672)</span> 
     </span>
    </p>

    <p class='ocr_par' dir='ltr' id='par_1_3' title="bbox 641 566 2230 3224">
     <span class='ocr_line' id='line_1_3' title="bbox 776 566 2220 659; baseline 0.001 -24"><span class='ocrx_word' id='word_1_5' title='bbox 776 573 866 636; x_wconf 89' lang='lat' dir='ltr'><strong>Eo</strong></span> <span class='ocrx_word' id='word_1_6' title='bbox 910 587 1038 655; x_wconf 93' lang='lat' dir='ltr'><strong>quo</strong></span> <span class='ocrx_word' id='word_1_7' title='bbox 1070 567 1434 659; x_wconf 78' lang='lat' dir='ltr'>praefulget</span> <span class='ocrx_word' id='word_1_8' title='bbox 1468 586 1616 656; x_wconf 78' lang='lat' dir='ltr'><strong>erga</strong></span> <span class='ocrx_word' id='word_1_9' title='bbox 1648 566 1939 636; x_wconf 86' lang='lat' dir='ltr'><strong>divinum</strong></span> <span class='ocrx_word' id='word_1_10' title='bbox 1972 569 2220 637; x_wconf 89' lang='lat' dir='ltr'><strong>cultum</strong></span> 
     </span>
     <span class='ocr_line' id='line_1_4' title="bbox 644 654 2221 746; baseline -0.001 -21"><span class='ocrx_word' id='word_1_11' title='bbox 644 657 787 725; x_wconf 83' lang='lat' dir='ltr'><strong>zelo</strong></span> <span class='ocrx_word' id='word_1_12' title='bbox 820 667 1010 746; x_wconf 87' lang='lat' dir='ltr'><strong>atque</strong></span> <span class='ocrx_word' id='word_1_13' title='bbox 1040 655 1254 724; x_wconf 86' lang='lat' dir='ltr'><strong>studio</strong></span> <span class='ocrx_word' id='word_1_14' title='bbox 1286 677 1320 723; x_wconf 92' lang='lat' dir='ltr'><strong>a</strong></span> <span class='ocrx_word' id='word_1_15' title='bbox 1350 654 1723 724; x_wconf 72' lang='lat' dir='ltr'><strong>&#39;tridentina</strong></span> <span class='ocrx_word' id='word_1_16' title='bbox 1751 657 2009 744; x_wconf 77' lang='lat' dir='ltr'><strong>Synodo</strong></span> <span class='ocrx_word' id='word_1_17' title='bbox 2039 660 2221 724; x_wconf 88' lang='lat' dir='ltr'><strong>Prae-</strong></span> 
     </span>
     <span class='ocr_line' id='line_1_5' title="bbox 644 744 2222 834; baseline -0.001 -22"><span class='ocrx_word' id='word_1_18' title='bbox 644 745 886 812; x_wconf 89' lang='lat' dir='ltr'><strong>sulibus</strong></span> <span class='ocrx_word' id='word_1_19' title='bbox 933 745 1294 830; x_wconf 89' lang='lat' dir='ltr'><strong>commisso,</strong></span> <span class='ocrx_word' id='word_1_20' title='bbox 1341 744 1557 813; x_wconf 90' lang='lat' dir='ltr'><strong>eidem</strong></span> <span class='ocrx_word' id='word_1_21' title='bbox 1589 747 2037 832; x_wconf 83' lang='lat' dir='ltr'><strong>promovendo</strong></span> <span class='ocrx_word' id='word_1_22' title='bbox 2077 766 2222 834; x_wconf 88' lang='lat' dir='ltr'><strong>pro-</strong></span> 
     </span>
     <span class='ocr_line' id='line_1_6' title="bbox 641 833 2225 921; baseline 0 -20"><span class='ocrx_word' id='word_1_23' title='bbox 641 833 893 921; x_wconf 80' lang='lat' dir='ltr'><strong>spicere</strong></span> <span class='ocrx_word' id='word_1_24' title='bbox 941 833 1154 901; x_wconf 85' lang='lat' dir='ltr'><strong>nitens</strong></span> <span class='ocrx_word' id='word_1_25' title='bbox 1179 838 1374 901; x_wconf 79' lang='lat' dir='ltr'><strong>Rmus</strong></span> <span class='ocrx_word' id='word_1_26' title='bbox 1407 833 1660 901; x_wconf 80' lang='lat' dir='ltr'><strong>Pisanus</strong></span> <span class='ocrx_word' id='word_1_27' title='bbox 1688 834 2225 921; x_wconf 85' lang='lat' dir='ltr'><strong>Archiepiscopus</strong></span> 
     </span>
     <span class='ocr_line' id='line_1_7' title="bbox 644 922 2223 991; baseline 0 -2"><span class='ocrx_word' id='word_1_28' title='bbox 644 922 946 990; x_wconf 86' lang='lat' dir='ltr'><strong>Rubricas</strong></span> <span class='ocrx_word' id='word_1_29' title='bbox 992 940 1215 989; x_wconf 92' lang='lat' dir='ltr'><strong>omnes</strong></span> <span class='ocrx_word' id='word_1_30' title='bbox 1263 931 1327 989; x_wconf 92' lang='lat' dir='ltr'><strong>et</strong></span> <span class='ocrx_word' id='word_1_31' title='bbox 1373 926 1711 990; x_wconf 83' lang='lat' dir='ltr'><strong>Sacrorum</strong></span> <span class='ocrx_word' id='word_1_32' title='bbox 1755 922 2017 989; x_wconf 85' lang='lat' dir='ltr'><strong>Rituum</strong></span> <span class='ocrx_word' id='word_1_33' title='bbox 2060 925 2223 991; x_wconf 84' lang='lat' dir='ltr'><strong>Gon-</strong></span> 
     </span>
     <span class='ocr_line' id='line_1_8' title="bbox 646 1009 2226 1099; baseline 0.001 -22"><span class='ocrx_word' id='word_1_34' title='bbox 646 1010 1035 1099; x_wconf 79' lang='lat' dir='ltr'><strong>gregationis</strong></span> <span class='ocrx_word' id='word_1_35' title='bbox 1101 1015 1367 1097; x_wconf 79' lang='lat' dir='ltr'><strong>Decreta</strong></span> <span class='ocrx_word' id='word_1_36' title='bbox 1428 1010 1495 1077; x_wconf 92' lang='lat' dir='ltr'><strong>in</strong></span> <span class='ocrx_word' id='word_1_37' title='bbox 1554 1010 1742 1078; x_wconf 88' lang='lat' dir='ltr'><strong>sacris</strong></span> <span class='ocrx_word' id='word_1_38' title='bbox 1793 1009 2226 1079; x_wconf 78' lang='lat' dir='ltr'><strong>functionibus</strong></span> 
     </span>
     <span class='ocr_line' id='line_1_9' title="bbox 645 1098 2223 1188; baseline -0.001 -21"><span class='ocrx_word' id='word_1_39' title='bbox 645 1099 1030 1188; x_wconf 76' lang='lat' dir='ltr'><strong>peragendis</strong></span> <span class='ocrx_word' id='word_1_40' title='bbox 1087 1100 1469 1167; x_wconf 75' lang='lat' dir='ltr'><strong>adamussim</strong></span> <span class='ocrx_word' id='word_1_41' title='bbox 1528 1098 1767 1165; x_wconf 91' lang='lat' dir='ltr'><strong>servari</strong></span> <span class='ocrx_word' id='word_1_42' title='bbox 1834 1100 2086 1169; x_wconf 78' lang='lat' dir='ltr'><strong>studet:</strong></span> <span class='ocrx_word' id='word_1_43' title='bbox 2147 1119 2223 1166; x_wconf 89' lang='lat' dir='ltr'><strong>eo</strong></span> 
     </span>
     <span class='ocr_line' id='line_1_10' title="bbox 643 1187 2229 1278; baseline 0.001 -23"><span class='ocrx_word' id='word_1_44' title='bbox 643 1190 750 1256; x_wconf 89' lang='lat' dir='ltr'><strong>vel</strong></span> <span class='ocrx_word' id='word_1_45' title='bbox 772 1187 972 1272; x_wconf 76' lang='lat' dir='ltr'><strong>magis</strong></span> <span class='ocrx_word' id='word_1_46' title='bbox 1020 1189 1192 1276; x_wconf 91' lang='lat' dir='ltr'><strong>quod</strong></span> <span class='ocrx_word' id='word_1_47' title='bbox 1236 1188 1314 1254; x_wconf 91' lang='lat' dir='ltr'><strong>ab</strong></span> <span class='ocrx_word' id='word_1_48' title='bbox 1356 1187 1695 1256; x_wconf 83' lang='lat' dir='ltr'><strong>ordinariis</strong></span> <span class='ocrx_word' id='word_1_49' title='bbox 1725 1192 2043 1256; x_wconf 83' lang='lat' dir='ltr'><strong>Locorum</strong></span> <span class='ocrx_word' id='word_1_50' title='bbox 2088 1190 2229 1278; x_wconf 91' lang='lat' dir='ltr'><strong>ple-</strong></span> 
     </span>
     <span class='ocr_line' id='line_1_11' title="bbox 645 1276 2230 1346; baseline -0.001 0"><span class='ocrx_word' id='word_1_51' title='bbox 645 1277 903 1346; x_wconf 87' lang='lat' dir='ltr'><strong>nissime</strong></span> <span class='ocrx_word' id='word_1_52' title='bbox 966 1279 1316 1345; x_wconf 90' lang='lat' dir='ltr'><strong>curandum</strong></span> <span class='ocrx_word' id='word_1_53' title='bbox 1367 1296 1509 1343; x_wconf 88' lang='lat' dir='ltr'><strong>esse</strong></span> <span class='ocrx_word' id='word_1_54' title='bbox 1554 1276 1780 1344; x_wconf 89' lang='lat' dir='ltr'><strong>eadem</strong></span> <span class='ocrx_word' id='word_1_55' title='bbox 1842 1280 2026 1344; x_wconf 87' lang='lat' dir='ltr'><strong>Sacra</strong></span> <span class='ocrx_word' id='word_1_56' title='bbox 2072 1282 2230 1346; x_wconf 89' lang='lat' dir='ltr'><strong>Con-</strong></span> 
     </span>
     <span class='ocr_line' id='line_1_12' title="bbox 644 1364 2226 1454; baseline 0 -21"><span class='ocrx_word' id='word_1_57' title='bbox 644 1364 962 1452; x_wconf 76' lang='lat' dir='ltr'><strong>gregatio,</strong></span> <span class='ocrx_word' id='word_1_58' title='bbox 997 1366 1061 1432; x_wconf 93' lang='lat' dir='ltr'><strong>in</strong></span> <span class='ocrx_word' id='word_1_59' title='bbox 1092 1385 1215 1433; x_wconf 87' lang='lat' dir='ltr'><strong>una</strong></span> <span class='ocrx_word' id='word_1_60' title='bbox 1260 1365 1605 1432; x_wconf 89' lang='lat' dir='ltr'><strong>dubiorum</strong></span> <span class='ocrx_word' id='word_1_61' title='bbox 1649 1364 1782 1432; x_wconf 86' lang='lat' dir='ltr'><strong>diei</strong></span> <span class='ocrx_word' id='word_1_62' title='bbox 1821 1369 1897 1433; x_wconf 88' lang='grc'><strong>17</strong></span> <span class='ocrx_word' id='word_1_63' title='bbox 1932 1368 2226 1454; x_wconf 89' lang='lat' dir='ltr'><strong>Septem-</strong></span> 
     </span>
     <span class='ocr_line' id='line_1_13' title="bbox 647 1452 2225 1543; baseline -0.003 -19"><span class='ocrx_word' id='word_1_64' title='bbox 647 1455 776 1524; x_wconf 84' lang='lat' dir='ltr'><strong>bris</strong></span> <span class='ocrx_word' id='word_1_65' title='bbox 826 1456 991 1521; x_wconf 74' lang='lat'>1822</span> <span class='ocrx_word' id='word_1_66' title='bbox 1025 1453 1090 1520; x_wconf 93' lang='lat' dir='ltr'><strong>in</strong></span> <span class='ocrx_word' id='word_1_67' title='bbox 1123 1453 1540 1541; x_wconf 87' lang='lat' dir='ltr'><strong>responsione</strong></span> <span class='ocrx_word' id='word_1_68' title='bbox 1576 1452 1654 1521; x_wconf 89' lang='lat' dir='ltr'><strong>ad</strong></span> <span class='ocrx_word' id='word_1_69' title='bbox 1686 1452 1991 1543; x_wconf 90' lang='lat' dir='ltr'><strong>primum,</strong></span> <span class='ocrx_word' id='word_1_70' title='bbox 2026 1455 2225 1522; x_wconf 91' lang='lat' dir='ltr'><strong>omni·</strong></span> 
     </span>
     <span class='ocr_line' id='line_1_14' title="bbox 645 1542 2225 1632; baseline -0.001 -21"><span class='ocrx_word' id='word_1_71' title='bbox 645 1563 729 1611; x_wconf 92' lang='lat' dir='ltr'><strong>no</strong></span> <span class='ocrx_word' id='word_1_72' title='bbox 774 1542 1007 1610; x_wconf 89' lang='lat' dir='ltr'><strong>voluit.</strong></span> <span class='ocrx_word' id='word_1_73' title='bbox 1053 1545 1456 1629; x_wconf 83' lang='lat' dir='ltr'><strong>Quapropter</strong></span> <span class='ocrx_word' id='word_1_74' title='bbox 1500 1561 1699 1628; x_wconf 89' lang='lat' dir='ltr'><strong>quum</strong></span> <span class='ocrx_word' id='word_1_75' title='bbox 1749 1542 1814 1610; x_wconf 91' lang='lat' dir='ltr'><strong>iu</strong></span> <span class='ocrx_word' id='word_1_76' title='bbox 1859 1543 2225 1632; x_wconf 80' lang='lat' dir='ltr'><strong>Metropoli-</strong></span> 
     </span>
     <span class='ocr_line' id='line_1_15' title="bbox 646 1628 2229 1718; baseline 0 -19"><span class='ocrx_word' id='word_1_77' title='bbox 646 1643 786 1700; x_wconf 90' lang='lat' dir='ltr'><strong>tana</strong></span> <span class='ocrx_word' id='word_1_78' title='bbox 830 1642 896 1698; x_wconf 89' lang='lat' dir='ltr'><strong>et</strong></span> <span class='ocrx_word' id='word_1_79' title='bbox 941 1630 1280 1697; x_wconf 85' lang='lat' dir='ltr'><strong>Primatiali</strong></span> <span class='ocrx_word' id='word_1_80' title='bbox 1312 1628 1593 1696; x_wconf 84' lang='lat' dir='ltr'><strong>Ecclesia</strong></span> <span class='ocrx_word' id='word_1_81' title='bbox 1622 1630 1832 1697; x_wconf 87' lang='lat' dir='ltr'><strong>Pisana</strong></span> <span class='ocrx_word' id='word_1_82' title='bbox 1863 1632 2086 1718; x_wconf 88' lang='lat' dir='ltr'><strong>plures</strong></span> <span class='ocrx_word' id='word_1_83' title='bbox 2116 1633 2229 1700; x_wconf 89' lang='lat' dir='ltr'><strong>ob·</strong></span> 
     </span>
     <span class='ocr_line' id='line_1_16' title="bbox 651 1718 2228 1804; baseline 0 -17"><span class='ocrx_word' id='word_1_84' title='bbox 651 1721 889 1789; x_wconf 88' lang='lat' dir='ltr'><strong>tineant</strong></span> <span class='ocrx_word' id='word_1_85' title='bbox 933 1718 1458 1803; x_wconf 88' lang='lat' dir='ltr'><strong>consuetudines,</strong></span> <span class='ocrx_word' id='word_1_86' title='bbox 1495 1738 1657 1804; x_wconf 85' lang='lat' dir='ltr'><strong>quae</strong></span> <span class='ocrx_word' id='word_1_87' title='bbox 1702 1720 1780 1788; x_wconf 88' lang='lat' dir='ltr'><strong>ab</strong></span> <span class='ocrx_word' id='word_1_88' title='bbox 1823 1720 2228 1787; x_wconf 89' lang='lat' dir='ltr'><strong>immemora-</strong></span> 
     </span>
     <span class='ocr_line' id='line_1_17' title="bbox 647 1807 2227 1909; baseline 0.001 -34"><span class='ocrx_word' id='word_1_89' title='bbox 647 1809 759 1876; x_wconf 86' lang='lat' dir='ltr'><strong>bili</strong></span> <span class='ocrx_word' id='word_1_90' title='bbox 802 1807 909 1873; x_wconf 90' lang='lat' dir='ltr'><strong>vel</strong></span> <span class='ocrx_word' id='word_1_91' title='bbox 954 1807 1180 1874; x_wconf 89' lang='lat' dir='ltr'><strong>saltem</strong></span> <span class='ocrx_word' id='word_1_92' title='bbox 1222 1817 1602 1909; x_wconf 86' lang='lat' dir='ltr'><strong>pervetusto</strong></span> <span class='ocrx_word' id='word_1_93' title='bbox 1654 1817 1949 1896; x_wconf 90' lang='lat' dir='ltr'><strong>tempore</strong></span> <span class='ocrx_word' id='word_1_94' title='bbox 1992 1811 2227 1877; x_wconf 89' lang='lat' dir='ltr'><strong>ductae</strong></span> 
     </span>
     <span class='ocr_line' id='line_1_18' title="bbox 649 1895 2227 1980; baseline 0.001 -17"><span class='ocrx_word' id='word_1_95' title='bbox 649 1895 1118 1980; x_wconf 85' lang='lat' dir='ltr'><strong>existimantur,</strong></span> <span class='ocrx_word' id='word_1_96' title='bbox 1166 1895 1520 1963; x_wconf 75' lang='lat' dir='ltr'><strong>Ritualibus</strong></span> <span class='ocrx_word' id='word_1_97' title='bbox 1552 1895 1720 1964; x_wconf 90' lang='lat' dir='ltr'><strong>illius</strong></span> <span class='ocrx_word' id='word_1_98' title='bbox 1751 1898 2074 1965; x_wconf 81' lang='lat' dir='ltr'><strong>Ecclesiae</strong></span> <span class='ocrx_word' id='word_1_99' title='bbox 2110 1902 2227 1965; x_wconf 90' lang='lat' dir='ltr'><strong>Le-</strong></span> 
     </span>
     <span class='ocr_line' id='line_1_19' title="bbox 648 1984 2229 2074; baseline 0.001 -23"><span class='ocrx_word' id='word_1_100' title='bbox 648 1985 835 2073; x_wconf 77' lang='lat' dir='ltr'><strong>gibus</strong></span> <span class='ocrx_word' id='word_1_101' title='bbox 876 1985 1066 2072; x_wconf 87' lang='lat' dir='ltr'><strong>plane</strong></span> <span class='ocrx_word' id='word_1_102' title='bbox 1113 1984 1531 2071; x_wconf 81' lang='lat' dir='ltr'><strong>refragantes,</strong></span> <span class='ocrx_word' id='word_1_103' title='bbox 1567 2004 1669 2050; x_wconf 91' lang='lat' dir='ltr'><strong>eas</strong></span> <span class='ocrx_word' id='word_1_104' title='bbox 1713 1985 1781 2052; x_wconf 91' lang='lat' dir='ltr'><strong>in</strong></span> <span class='ocrx_word' id='word_1_105' title='bbox 1815 1985 2049 2055; x_wconf 88' lang='lat' dir='ltr'><strong>divinis</strong></span> <span class='ocrx_word' id='word_1_106' title='bbox 2080 2005 2229 2074; x_wconf 93' lang='lat' dir='ltr'><strong>per-</strong></span> 
     </span>
     <span class='ocr_line' id='line_1_20' title="bbox 648 2071 2227 2165; baseline 0 -24"><span class='ocrx_word' id='word_1_107' title='bbox 648 2073 973 2141; x_wconf 81' lang='lat' dir='ltr'><strong>solvendis</strong></span> <span class='ocrx_word' id='word_1_108' title='bbox 1011 2071 1259 2140; x_wconf 89' lang='lat' dir='ltr'><strong>·Officiis</strong></span> <span class='ocrx_word' id='word_1_109' title='bbox 1329 2072 1569 2140; x_wconf 89' lang='lat' dir='ltr'><strong>diutius</strong></span> <span class='ocrx_word' id='word_1_110' title='bbox 1627 2074 1780 2140; x_wconf 84' lang='lat' dir='ltr'><strong>ferri</strong></span> <span class='ocrx_word' id='word_1_111' title='bbox 1839 2094 1970 2142; x_wconf 93' lang='lat' dir='ltr'><strong>non</strong></span> <span class='ocrx_word' id='word_1_112' title='bbox 2039 2093 2227 2165; x_wconf 90' lang='lat' dir='ltr'><strong>posse</strong></span> 
     </span>
     <span class='ocr_line' id='line_1_21' title="bbox 649 2160 2228 2250; baseline -0.001 -19"><span class='ocrx_word' id='word_1_113' title='bbox 649 2162 933 2250; x_wconf 88' lang='lat' dir='ltr'><strong>censuit;</strong></span> <span class='ocrx_word' id='word_1_114' title='bbox 986 2171 1121 2230; x_wconf 91' lang='lat' dir='ltr'><strong>tum</strong></span> <span class='ocrx_word' id='word_1_115' title='bbox 1168 2180 1252 2228; x_wconf 88' lang='lat' dir='ltr'><strong>ne</strong></span> <span class='ocrx_word' id='word_1_116' title='bbox 1298 2161 1425 2228; x_wconf 91' lang='lat' dir='ltr'><strong>illis</strong></span> <span class='ocrx_word' id='word_1_117' title='bbox 1472 2160 1739 2228; x_wconf 86' lang='lat' dir='ltr'><strong>retentis</strong></span> <span class='ocrx_word' id='word_1_118' title='bbox 1786 2162 2228 2230; x_wconf 87' lang='lat' dir='ltr'><strong>ecclesiasticis</strong></span> 
     </span>
     <span class='ocr_line' id='line_1_22' title="bbox 648 2248 2229 2341; baseline -0.001 -21"><span class='ocrx_word' id='word_1_119' title='bbox 648 2250 1030 2320; x_wconf 88' lang='lat' dir='ltr'><strong>iussionibus</strong></span> <span class='ocrx_word' id='word_1_120' title='bbox 1076 2248 1302 2317; x_wconf 88' lang='lat' dir='ltr'><strong>iniuria</strong></span> <span class='ocrx_word' id='word_1_121' title='bbox 1350 2250 1482 2334; x_wconf 84' lang='lat' dir='ltr'><strong>fiat,</strong></span> <span class='ocrx_word' id='word_1_122' title='bbox 1517 2259 1655 2318; x_wconf 90' lang='lat' dir='ltr'><strong>tum</strong></span> <span class='ocrx_word' id='word_1_123' title='bbox 1703 2270 1788 2318; x_wconf 90' lang='lat' dir='ltr'><strong>ne</strong></span> <span class='ocrx_word' id='word_1_124' title='bbox 1818 2250 1969 2319; x_wconf 90' lang='lat' dir='ltr'><strong>inde</strong></span> <span class='ocrx_word' id='word_1_125' title='bbox 2001 2272 2229 2341; x_wconf 86' lang='lat' dir='ltr'><strong>appro-</strong></span> 
     </span>
     <span class='ocr_line' id='line_1_23' title="bbox 648 2338 2228 2428; baseline -0.001 -19"><span class='ocrx_word' id='word_1_126' title='bbox 648 2340 917 2409; x_wconf 88' lang='lat' dir='ltr'><strong>bationis</strong></span> <span class='ocrx_word' id='word_1_127' title='bbox 974 2358 1122 2405; x_wconf 86' lang='lat' dir='ltr'><strong>suae</strong></span> <span class='ocrx_word' id='word_1_128' title='bbox 1182 2338 1492 2405; x_wconf 77' lang='lat' dir='ltr'><strong>inferatur</strong></span> <span class='ocrx_word' id='word_1_129' title='bbox 1548 2350 2025 2427; x_wconf 81' lang='lat' dir='ltr'><strong>argumentum.</strong></span> <span class='ocrx_word' id='word_1_130' title='bbox 2087 2346 2228 2428; x_wconf 85' lang='lat' dir='ltr'><strong>lpse</strong></span> 
     </span>
     <span class='ocr_line' id='line_1_24' title="bbox 648 2426 2224 2515; baseline -0.001 -18"><span class='ocrx_word' id='word_1_131' title='bbox 648 2439 887 2513; x_wconf 86' lang='lat' dir='ltr'><strong>autem,</strong></span> <span class='ocrx_word' id='word_1_132' title='bbox 923 2436 1149 2515; x_wconf 87' lang='lat' dir='ltr'><strong>utpote</strong></span> <span class='ocrx_word' id='word_1_133' title='bbox 1187 2426 1697 2512; x_wconf 76' lang='lat' dir='ltr'><strong>religiosissimus</strong></span> <span class='ocrx_word' id='word_1_134' title='bbox 1726 2446 1856 2494; x_wconf 93' lang='lat' dir='ltr'><strong>non</strong></span> <span class='ocrx_word' id='word_1_135' title='bbox 1885 2429 2078 2497; x_wconf 89' lang='lat' dir='ltr'><strong>modo</strong></span> <span class='ocrx_word' id='word_1_136' title='bbox 2108 2429 2224 2496; x_wconf 91' lang='lat' dir='ltr'><strong>sed</strong></span> 
     </span>
     <span class='ocr_line' id='line_1_25' title="bbox 651 2516 2228 2607; baseline -0.002 -21"><span class='ocrx_word' id='word_1_137' title='bbox 651 2516 1207 2607; x_wconf 67' lang='lat' dir='ltr'><strong>prudentissimum,</strong></span> <span class='ocrx_word' id='word_1_138' title='bbox 1230 2533 1461 2582; x_wconf 86' lang='lat' dir='ltr'><strong>verens</strong></span> <span class='ocrx_word' id='word_1_139' title='bbox 1484 2532 1569 2581; x_wconf 90' lang='lat' dir='ltr'><strong>ne</strong></span> <span class='ocrx_word' id='word_1_140' title='bbox 1593 2516 1718 2582; x_wconf 90' lang='lat' dir='ltr'><strong>illis</strong></span> <span class='ocrx_word' id='word_1_141' title='bbox 1741 2517 1998 2583; x_wconf 92' lang='lat' dir='ltr'><strong>omnino</strong></span> <span class='ocrx_word' id='word_1_142' title='bbox 2023 2517 2228 2584; x_wconf 87' lang='lat' dir='ltr'><strong>elimi-</strong></span> 
     </span>
     <span class='ocr_line' id='line_1_26' title="bbox 651 2600 2227 2688; baseline 0 -16"><span class='ocrx_word' id='word_1_143' title='bbox 651 2605 810 2672; x_wconf 88' lang='lat' dir='ltr'><strong>natis</strong></span> <span class='ocrx_word' id='word_1_144' title='bbox 842 2600 1431 2688; x_wconf 89' lang='lat' dir='ltr'><strong>consuetudinibus,</strong></span> <span class='ocrx_word' id='word_1_145' title='bbox 1449 2604 1818 2674; x_wconf 84' lang='lat' dir='ltr'><strong>earumdem</strong></span> <span class='ocrx_word' id='word_1_146' title='bbox 1839 2614 2227 2672; x_wconf 87' lang='lat' dir='ltr'><strong>vetustatem</strong></span> 
     </span>
     <span class='ocr_line' id='line_1_27' title="bbox 652 2690 2230 2781; baseline -0.001 -21"><span class='ocrx_word' id='word_1_147' title='bbox 652 2703 718 2760; x_wconf 86' lang='lat' dir='ltr'><strong>et</strong></span> <span class='ocrx_word' id='word_1_148' title='bbox 744 2700 1118 2779; x_wconf 78' lang='lat' dir='ltr'><strong>argumenta</strong></span> <span class='ocrx_word' id='word_1_149' title='bbox 1148 2690 1503 2779; x_wconf 82' lang='lat' dir='ltr'><strong>a-Capitulo</strong></span> <span class='ocrx_word' id='word_1_150' title='bbox 1539 2692 1741 2780; x_wconf 86' lang='lat' dir='ltr'><strong>petita</strong></span> <span class='ocrx_word' id='word_1_151' title='bbox 1769 2693 2107 2781; x_wconf 88' lang='lat' dir='ltr'><strong>despicere</strong></span> <span class='ocrx_word' id='word_1_152' title='bbox 2136 2693 2230 2760; x_wconf 91' lang='lat' dir='ltr'><strong>vi-</strong></span> 
     </span>
     <span class='ocr_line' id='line_1_28' title="bbox 649 2779 2230 2859; baseline -0.001 -9"><span class='ocrx_word' id='word_1_153' title='bbox 649 2785 905 2859; x_wconf 91' lang='lat' dir='ltr'><strong>deatur;</strong></span> <span class='ocrx_word' id='word_1_154' title='bbox 940 2798 1059 2847; x_wconf 90' lang='lat' dir='ltr'><strong>nec</strong></span> <span class='ocrx_word' id='word_1_155' title='bbox 1092 2779 1295 2846; x_wconf 88' lang='lat' dir='ltr'><strong>voluit</strong></span> <span class='ocrx_word' id='word_1_156' title='bbox 1325 2798 1447 2846; x_wconf 91' lang='lat' dir='ltr'><strong>nec</strong></span> <span class='ocrx_word' id='word_1_157' title='bbox 1478 2799 1514 2847; x_wconf 91' lang='lat' dir='ltr'><strong>e</strong></span> <span class='ocrx_word' id='word_1_158' title='bbox 1544 2800 1616 2848; x_wconf 91' lang='lat' dir='ltr'><strong>re</strong></span> <span class='ocrx_word' id='word_1_159' title='bbox 1653 2801 1763 2848; x_wconf 85' lang='lat' dir='ltr'><strong>sua</strong></span> <span class='ocrx_word' id='word_1_160' title='bbox 1794 2782 1980 2849; x_wconf 82' lang='lat' dir='ltr'><strong>duxit</strong></span> <span class='ocrx_word' id='word_1_161' title='bbox 2011 2783 2096 2850; x_wconf 91' lang='lat' dir='ltr'><strong>de</strong></span> <span class='ocrx_word' id='word_1_162' title='bbox 2128 2782 2230 2849; x_wconf 90' lang='lat' dir='ltr'><strong>iis-</strong></span> 
     </span>
     <span class='ocr_line' id='line_1_29' title="bbox 653 2866 2229 2955; baseline -0.001 -15"><span class='ocrx_word' id='word_1_163' title='bbox 653 2873 805 2940; x_wconf 91' lang='lat' dir='ltr'><strong>dem</strong></span> <span class='ocrx_word' id='word_1_164' title='bbox 848 2867 1152 2949; x_wconf 85' lang='lat' dir='ltr'><strong>iudicium</strong></span> <span class='ocrx_word' id='word_1_165' title='bbox 1198 2866 1641 2955; x_wconf 84' lang='lat' dir='ltr'><strong>interponere,</strong></span> <span class='ocrx_word' id='word_1_166' title='bbox 1704 2871 1819 2938; x_wconf 90' lang='lat' dir='ltr'><strong>sed</strong></span> <span class='ocrx_word' id='word_1_167' title='bbox 1878 2871 2229 2938; x_wconf 90' lang='lat' dir='ltr'><strong>consultius</strong></span> 
     </span>
     <span class='ocr_line' id='line_1_30' title="bbox 654 2957 2228 3047; baseline -0.001 -18"><span class='ocrx_word' id='word_1_168' title='bbox 654 2960 868 3030; x_wconf 90' lang='lat' dir='ltr'><strong>eidem</strong></span> <span class='ocrx_word' id='word_1_169' title='bbox 911 2960 1245 3026; x_wconf 88' lang='lat' dir='ltr'><strong>Sacrorum</strong></span> <span class='ocrx_word' id='word_1_170' title='bbox 1275 2957 1536 3025; x_wconf 89' lang='lat' dir='ltr'><strong>Rituum</strong></span> <span class='ocrx_word' id='word_1_171' title='bbox 1566 2958 2056 3047; x_wconf 75' lang='lat' dir='ltr'><strong>Congregationi</strong></span> <span class='ocrx_word' id='word_1_172' title='bbox 2087 2979 2228 3029; x_wconf 89' lang='lat' dir='ltr'><strong>rem</strong></span> 
     </span>
     <span class='ocr_line' id='line_1_31' title="bbox 652 3046 2225 3134; baseline -0.003 -15"><span class='ocrx_word' id='word_1_173' title='bbox 652 3064 912 3119; x_wconf 88' lang='lat' dir='ltr'><strong>omnem</strong></span> <span class='ocrx_word' id='word_1_174' title='bbox 973 3046 1251 3131; x_wconf 88' lang='lat' dir='ltr'><strong>remisit,</strong></span> <span class='ocrx_word' id='word_1_175' title='bbox 1300 3064 1368 3112; x_wconf 89' lang='lat' dir='ltr'><strong>ac</strong></span> <span class='ocrx_word' id='word_1_176' title='bbox 1428 3049 1758 3134; x_wconf 87' lang='lat' dir='ltr'><strong>sequentia</strong></span> <span class='ocrx_word' id='word_1_177' title='bbox 1824 3049 2016 3117; x_wconf 90' lang='lat' dir='ltr'><strong>dubia</strong></span> <span class='ocrx_word' id='word_1_178' title='bbox 2075 3068 2225 3117; x_wconf 91' lang='lat' dir='ltr'><strong>eno-</strong></span> 
     </span>
     <span class='ocr_line' id='line_1_32' title="bbox 653 3134 1656 3224; baseline -0.003 -17"><span class='ocrx_word' id='word_1_179' title='bbox 653 3138 860 3207; x_wconf 87' lang='lat' dir='ltr'><strong>danda</strong></span> <span class='ocrx_word' id='word_1_180' title='bbox 904 3136 1267 3224; x_wconf 84' lang='lat' dir='ltr'><strong>proposuit,</strong></span> <span class='ocrx_word' id='word_1_181' title='bbox 1318 3134 1656 3204; x_wconf 82' lang='lat' dir='ltr'><strong>nimirum:</strong></span> 
     </span>
    </p>

    <p class='ocr_par' dir='ltr' id='par_1_4' title="bbox 650 3221 2229 3581">
     <span class='ocr_line' id='line_1_33' title="bbox 789 3221 2228 3297; baseline 0.003 -5"><span class='ocrx_word' id='word_1_182' title='bbox 789 3232 851 3293; x_wconf 96' lang='grc'><strong>1.</strong></span> <span class='ocrx_word' id='word_1_183' title='bbox 876 3229 972 3292; x_wconf 84' lang='lat' dir='ltr'><strong>An</strong></span> <span class='ocrx_word' id='word_1_184' title='bbox 996 3223 1232 3291; x_wconf 87' lang='lat' dir='ltr'><strong>servari</strong></span> <span class='ocrx_word' id='word_1_185' title='bbox 1266 3221 1500 3290; x_wconf 89' lang='lat' dir='ltr'><strong>debeat</strong></span> <span class='ocrx_word' id='word_1_186' title='bbox 1532 3224 2049 3292; x_wconf 89' lang='lat' dir='ltr'><strong>immemorabilis</strong></span> <span class='ocrx_word' id='word_1_187' title='bbox 2080 3244 2228 3297; x_wconf 84' lang='lat' dir='ltr'><strong>con-</strong></span> 
     </span>
     <span class='ocr_line' id='line_1_34' title="bbox 650 3313 2229 3399; baseline -0.003 -15"><span class='ocrx_word' id='word_1_188' title='bbox 650 3314 927 3384; x_wconf 87' lang='lat' dir='ltr'><strong>suetudo</strong></span> <span class='ocrx_word' id='word_1_189' title='bbox 960 3313 1245 3399; x_wconf 78' lang='lat' dir='ltr'><strong>legendi,</strong></span> <span class='ocrx_word' id='word_1_190' title='bbox 1273 3314 1718 3398; x_wconf 88' lang='lat' dir='ltr'><strong>praetermisso</strong></span> <span class='ocrx_word' id='word_1_191' title='bbox 1750 3324 1959 3399; x_wconf 89' lang='lat' dir='ltr'><strong>cantu,</strong></span> <span class='ocrx_word' id='word_1_192' title='bbox 1984 3315 2229 3381; x_wconf 85' lang='lat' dir='ltr'><strong>Laudes</strong></span> 
     </span>
     <span class='ocr_line' id='line_1_35' title="bbox 654 3402 2229 3488; baseline -0.003 -16"><span class='ocrx_word' id='word_1_193' title='bbox 654 3406 718 3472; x_wconf 88' lang='lat' dir='ltr'><strong>in</strong></span> <span class='ocrx_word' id='word_1_194' title='bbox 749 3406 946 3471; x_wconf 86' lang='lat' dir='ltr'><strong>Nocte</strong></span> <span class='ocrx_word' id='word_1_195' title='bbox 992 3402 1339 3469; x_wconf 85' lang='lat' dir='ltr'><strong>Nativitatis</strong></span> <span class='ocrx_word' id='word_1_196' title='bbox 1383 3406 1457 3471; x_wconf 89' lang='lat' dir='ltr'><strong>D.</strong></span> <span class='ocrx_word' id='word_1_197' title='bbox 1486 3404 1561 3469; x_wconf 88' lang='lat' dir='ltr'><strong>N.</strong></span> <span class='ocrx_word' id='word_1_198' title='bbox 1590 3408 1642 3471; x_wconf 91' lang='lat'><strong>1.</strong></span> <span class='ocrx_word' id='word_1_199' title='bbox 1667 3402 1785 3472; x_wconf 56' lang='lat'><strong>(2:2²</strong></span> <span class='ocrx_word' id='word_1_200' title='bbox 1820 3413 1884 3471; x_wconf 91' lang='lat' dir='ltr'><strong>et</strong></span> <span class='ocrx_word' id='word_1_201' title='bbox 1914 3411 2229 3488; x_wconf 88' lang='lat' dir='ltr'><strong>quatenus</strong></span> 
     </span>
     <span class='ocr_line' id='line_1_36' title="bbox 652 3491 975 3581; baseline -0.015 -20"><span class='ocrx_word' id='word_1_202' title='bbox 652 3491 975 3581; x_wconf 77' lang='lat' dir='ltr'><strong>negative,</strong></span> 
     </span>
    </p>

    <p class='ocr_par' dir='ltr' id='par_1_5' title="bbox 653 3578 2231 4089">
     <span class='ocr_line' id='line_1_37' title="bbox 785 3578 2230 3668; baseline 0.002 -22"><span class='ocrx_word' id='word_1_203' title='bbox 785 3584 852 3647; x_wconf 72' lang='lat'><strong>2.</strong></span> <span class='ocrx_word' id='word_1_204' title='bbox 916 3578 1476 3667; x_wconf 63' lang='lat' dir='ltr'><strong>archiepiscopus,</strong></span> <span class='ocrx_word' id='word_1_205' title='bbox 1533 3580 1804 3668; x_wconf 89' lang='lat' dir='ltr'><strong>Capituli</strong></span> <span class='ocrx_word' id='word_1_206' title='bbox 1860 3579 2062 3648; x_wconf 90' lang='lat' dir='ltr'><strong>Pisani</strong></span> <span class='ocrx_word' id='word_1_207' title='bbox 2121 3599 2230 3649; x_wconf 91' lang='lat' dir='ltr'><strong>no-</strong></span> 
     </span>
     <span class='ocr_line' id='line_1_38' title="bbox 654 3666 2228 3753; baseline -0.001 -17"><span class='ocrx_word' id='word_1_208' title='bbox 654 3668 852 3752; x_wconf 86' lang='lat' dir='ltr'><strong>mine,</strong></span> <span class='ocrx_word' id='word_1_209' title='bbox 903 3666 1265 3735; x_wconf 88' lang='lat' dir='ltr'><strong>humillime</strong></span> <span class='ocrx_word' id='word_1_210' title='bbox 1310 3667 1624 3753; x_wconf 87' lang='lat' dir='ltr'><strong>supplicat</strong></span> <span class='ocrx_word' id='word_1_211' title='bbox 1668 3679 1741 3735; x_wconf 89' lang='lat' dir='ltr'><strong>ut</strong></span> <span class='ocrx_word' id='word_1_212' title='bbox 1800 3668 1950 3735; x_wconf 89' lang='lat' dir='ltr'><strong>huic</strong></span> <span class='ocrx_word' id='word_1_213' title='bbox 2013 3667 2228 3736; x_wconf 90' lang='lat' dir='ltr'><strong>indul-</strong></span> 
     </span>
     <span class='ocr_line' id='line_1_39' title="bbox 655 3754 2231 3844; baseline 0.001 -22"><span class='ocrx_word' id='word_1_214' title='bbox 655 3767 881 3844; x_wconf 77' lang='lat' dir='ltr'><strong>geatur</strong></span> <span class='ocrx_word' id='word_1_215' title='bbox 927 3754 1189 3822; x_wconf 76' lang='lat' dir='ltr'><strong>facultas</strong></span> <span class='ocrx_word' id='word_1_216' title='bbox 1232 3756 1476 3822; x_wconf 83' lang='lat' dir='ltr'><strong>Laudes</strong></span> <span class='ocrx_word' id='word_1_217' title='bbox 1522 3756 1657 3823; x_wconf 90' lang='lat' dir='ltr'><strong>sine</strong></span> <span class='ocrx_word' id='word_1_218' title='bbox 1715 3767 1905 3823; x_wconf 88' lang='lat' dir='ltr'><strong>cantu</strong></span> <span class='ocrx_word' id='word_1_219' title='bbox 1971 3757 2231 3843; x_wconf 78' lang='lat' dir='ltr'><strong>legendi</strong></span> 
     </span>
     <span class='ocr_line' id='line_1_40' title="bbox 653 3842 2230 3933; baseline 0 -22"><span class='ocrx_word' id='word_1_220' title='bbox 653 3854 796 3933; x_wconf 90' lang='lat' dir='ltr'><strong>post</strong></span> <span class='ocrx_word' id='word_1_221' title='bbox 841 3842 1086 3910; x_wconf 81' lang='lat' dir='ltr'><strong>Missam</strong></span> <span class='ocrx_word' id='word_1_222' title='bbox 1130 3844 1497 3911; x_wconf 90' lang='lat' dir='ltr'><strong>Solemnem</strong></span> <span class='ocrx_word' id='word_1_223' title='bbox 1530 3844 1592 3911; x_wconf 93' lang='lat' dir='ltr'><strong>in</strong></span> <span class='ocrx_word' id='word_1_224' title='bbox 1624 3843 1732 3910; x_wconf 87' lang='lat' dir='ltr'><strong>illa</strong></span> <span class='ocrx_word' id='word_1_225' title='bbox 1767 3845 1992 3930; x_wconf 86' lang='lat' dir='ltr'><strong>Nocte,</strong></span> <span class='ocrx_word' id='word_1_226' title='bbox 2026 3863 2230 3930; x_wconf 87' lang='lat' dir='ltr'><strong>aeque</strong></span> 
     </span>
     <span class='ocr_line' id='line_1_41' title="bbox 655 3931 2225 4001; baseline 0 -2"><span class='ocrx_word' id='word_1_227' title='bbox 655 3953 725 4000; x_wconf 92' lang='lat' dir='ltr'><strong>ac</strong></span> <span class='ocrx_word' id='word_1_228' title='bbox 775 3933 929 4000; x_wconf 88' lang='lat' dir='ltr'><strong>haec</strong></span> <span class='ocrx_word' id='word_1_229' title='bbox 977 3933 1202 3999; x_wconf 90' lang='lat' dir='ltr'><strong>eadem</strong></span> <span class='ocrx_word' id='word_1_230' title='bbox 1249 3931 1512 4000; x_wconf 75' lang='lat' dir='ltr'><strong>facultas</strong></span> <span class='ocrx_word' id='word_1_231' title='bbox 1557 3931 1666 3999; x_wconf 90' lang='lat' dir='ltr'><strong>die</strong></span> <span class='ocrx_word' id='word_1_232' title='bbox 1711 3936 1791 3999; x_wconf 85' lang='grc'><strong>31</strong></span> <span class='ocrx_word' id='word_1_233' title='bbox 1826 3934 2026 4001; x_wconf 78' lang='lat' dir='ltr'><strong>Martii</strong></span> <span class='ocrx_word' id='word_1_234' title='bbox 2062 3937 2225 4001; x_wconf 77' lang='lat'><strong>1821</strong></span> 
     </span>
     <span class='ocr_line' id='line_1_42' title="bbox 655 4020 2009 4089; baseline 0.001 -2"><span class='ocrx_word' id='word_1_235' title='bbox 655 4021 903 4089; x_wconf 90' lang='lat' dir='ltr'><strong>indulta</strong></span> <span class='ocrx_word' id='word_1_236' title='bbox 948 4030 1045 4087; x_wconf 89' lang='lat' dir='ltr'><strong>est</strong></span> <span class='ocrx_word' id='word_1_237' title='bbox 1087 4020 1413 4088; x_wconf 81' lang='lat' dir='ltr'><strong>Canonicis</strong></span> <span class='ocrx_word' id='word_1_238' title='bbox 1457 4020 2009 4089; x_wconf 88' lang='lat' dir='ltr'><strong>Sulmonensibus.</strong></span> 
     </span>
    </p>

    <p class='ocr_par' dir='ltr' id='par_1_6' title="bbox 653 4107 2233 4549">
     <span class='ocr_line' id='line_1_43' title="bbox 788 4107 2233 4179; baseline -0.001 -1"><span class='ocrx_word' id='word_1_239' title='bbox 788 4113 851 4178; x_wconf 78' lang='lat'><strong>3.</strong></span> <span class='ocrx_word' id='word_1_240' title='bbox 914 4112 1011 4177; x_wconf 79' lang='lat' dir='ltr'><strong>An</strong></span> <span class='ocrx_word' id='word_1_241' title='bbox 1066 4108 1149 4176; x_wconf 89' lang='lat' dir='ltr'><strong>ob</strong></span> <span class='ocrx_word' id='word_1_242' title='bbox 1203 4107 1773 4177; x_wconf 88' lang='lat' dir='ltr'><strong>immemorabilem</strong></span> <span class='ocrx_word' id='word_1_243' title='bbox 1832 4110 2233 4179; x_wconf 86' lang='lat' dir='ltr'><strong>consuetudi·</strong></span> 
     </span>
     <span class='ocr_line' id='line_1_44' title="bbox 653 4197 2231 4285; baseline 0.001 -20"><span class='ocrx_word' id='word_1_244' title='bbox 653 4217 806 4266; x_wconf 92' lang='lat' dir='ltr'><strong>nem</strong></span> <span class='ocrx_word' id='word_1_245' title='bbox 854 4197 1114 4264; x_wconf 89' lang='lat' dir='ltr'><strong>tolerari</strong></span> <span class='ocrx_word' id='word_1_246' title='bbox 1167 4198 1393 4266; x_wconf 87' lang='lat' dir='ltr'><strong>debeat</strong></span> <span class='ocrx_word' id='word_1_247' title='bbox 1445 4218 1597 4265; x_wconf 88' lang='lat' dir='ltr'><strong>usus</strong></span> <span class='ocrx_word' id='word_1_248' title='bbox 1649 4198 1894 4267; x_wconf 85' lang='lat' dir='ltr'><strong>Laudes</strong></span> <span class='ocrx_word' id='word_1_249' title='bbox 1945 4212 2090 4285; x_wconf 84' lang='lat' dir='ltr'><strong>post</strong></span> <span class='ocrx_word' id='word_1_250' title='bbox 2133 4218 2231 4267; x_wconf 90' lang='lat' dir='ltr'><strong>so-</strong></span> 
     </span>
     <span class='ocr_line' id='line_1_45' title="bbox 658 4285 2231 4354; baseline 0.001 -1"><span class='ocrx_word' id='word_1_251' title='bbox 658 4287 872 4354; x_wconf 90' lang='lat' dir='ltr'><strong>lemne</strong></span> <span class='ocrx_word' id='word_1_252' title='bbox 909 4285 1281 4353; x_wconf 81' lang='lat' dir='ltr'><strong>Matutinum</strong></span> <span class='ocrx_word' id='word_1_253' title='bbox 1313 4286 1449 4353; x_wconf 88' lang='lat' dir='ltr'><strong>sine</strong></span> <span class='ocrx_word' id='word_1_254' title='bbox 1482 4297 1669 4354; x_wconf 89' lang='lat' dir='ltr'><strong>cautu</strong></span> <span class='ocrx_word' id='word_1_255' title='bbox 1701 4286 2006 4354; x_wconf 90' lang='lat' dir='ltr'><strong>recitandi</strong></span> <span class='ocrx_word' id='word_1_256' title='bbox 2041 4287 2104 4353; x_wconf 88' lang='lat' dir='ltr'><strong>in</strong></span> <span class='ocrx_word' id='word_1_257' title='bbox 2134 4308 2231 4354; x_wconf 92' lang='lat' dir='ltr'><strong>so-</strong></span> 
     </span>
     <span class='ocr_line' id='line_1_46' title="bbox 658 4372 2233 4472; baseline 0.001 -30"><span class='ocrx_word' id='word_1_258' title='bbox 658 4374 1074 4443; x_wconf 90' lang='lat' dir='ltr'><strong>lemnioribus</strong></span> <span class='ocrx_word' id='word_1_259' title='bbox 1118 4375 1263 4444; x_wconf 86' lang='lat' dir='ltr'><strong>anni</strong></span> <span class='ocrx_word' id='word_1_260' title='bbox 1309 4374 1508 4472; x_wconf 73' lang='lat' dir='ltr'><strong>Festis</strong></span> <span class='ocrx_word' id='word_1_261' title='bbox 1529 4372 1563 4442; x_wconf 71' lang='grc' dir='ltr'>ἲ</span> <span class='ocrx_word' id='word_1_262' title='bbox 1606 4385 1671 4442; x_wconf 91' lang='lat' dir='ltr'><strong>et</strong></span> <span class='ocrx_word' id='word_1_263' title='bbox 1716 4382 2030 4462; x_wconf 89' lang='lat' dir='ltr'><strong>quatenus</strong></span> <span class='ocrx_word' id='word_1_264' title='bbox 2073 4375 2233 4443; x_wconf 88' lang='lat' dir='ltr'><strong>affir-</strong></span> 
     </span>
     <span class='ocr_line' id='line_1_47' title="bbox 658 4463 921 4549; baseline -0.011 -18"><span class='ocrx_word' id='word_1_265' title='bbox 658 4463 921 4549; x_wconf 90' lang='lat' dir='ltr'><strong>mative,</strong></span> 
     </span>
    </p>

    <p class='ocr_par' dir='ltr' id='par_1_7' title="bbox 656 4551 2231 4820">
     <span class='ocr_line' id='line_1_48' title="bbox 790 4551 2231 4620; baseline 0.001 -3"><span class='ocrx_word' id='word_1_266' title='bbox 790 4555 857 4618; x_wconf 75' lang='lat'><strong>4.</strong></span> <span class='ocrx_word' id='word_1_267' title='bbox 904 4554 1134 4618; x_wconf 85' lang='lat' dir='ltr'><strong>Utrum</strong></span> <span class='ocrx_word' id='word_1_268' title='bbox 1166 4552 1339 4620; x_wconf 84' lang='lat' dir='ltr'><strong>i‘dem</strong></span> <span class='ocrx_word' id='word_1_269' title='bbox 1370 4571 1520 4620; x_wconf 89' lang='lat' dir='ltr'><strong>usus</strong></span> <span class='ocrx_word' id='word_1_270' title='bbox 1564 4552 1644 4620; x_wconf 89' lang='lat' dir='ltr'><strong>sit</strong></span> <span class='ocrx_word' id='word_1_271' title='bbox 1689 4552 1992 4620; x_wconf 80' lang='lat' dir='ltr'><strong>ferendus</strong></span> <span class='ocrx_word' id='word_1_272' title='bbox 2023 4551 2087 4619; x_wconf 89' lang='lat' dir='ltr'><strong>in</strong></span> <span class='ocrx_word' id='word_1_273' title='bbox 2116 4555 2231 4619; x_wconf 80' lang='lat' dir='ltr'><strong>Fe·</strong></span> 
     </span>
     <span class='ocr_line' id='line_1_49' title="bbox 656 4639 2231 4729; baseline -0.001 -22"><span class='ocrx_word' id='word_1_274' title='bbox 656 4651 756 4707; x_wconf 91' lang='lat' dir='ltr'><strong>sto</strong></span> <span class='ocrx_word' id='word_1_275' title='bbox 801 4639 1100 4708; x_wconf 90' lang='lat' dir='ltr'><strong>triennali</strong></span> <span class='ocrx_word' id='word_1_276' title='bbox 1143 4641 1353 4709; x_wconf 88' lang='lat' dir='ltr'><strong>Sancti</strong></span> <span class='ocrx_word' id='word_1_277' title='bbox 1396 4639 1685 4729; x_wconf 81' lang='lat' dir='ltr'><strong>Raynerii</strong></span> <span class='ocrx_word' id='word_1_278' title='bbox 1733 4639 1932 4707; x_wconf 84' lang='lat' dir='ltr'><strong>Pisani</strong></span> <span class='ocrx_word' id='word_1_279' title='bbox 1969 4641 2231 4708; x_wconf 70' lang='lat' dir='ltr'><strong>Confes-</strong></span> 
     </span>
     <span class='ocr_line' id='line_1_50' title="bbox 658 4727 2048 4820; baseline 0 -25"><span class='ocrx_word' id='word_1_280' title='bbox 658 4729 819 4797; x_wconf 89' lang='lat' dir='ltr'><strong>soris</strong></span> <span class='ocrx_word' id='word_1_281' title='bbox 865 4740 932 4797; x_wconf 90' lang='lat' dir='ltr'><strong>et</strong></span> <span class='ocrx_word' id='word_1_282' title='bbox 978 4729 1294 4799; x_wconf 89' lang='lat' dir='ltr'><strong>Dioecesis</strong></span> <span class='ocrx_word' id='word_1_283' title='bbox 1339 4729 1588 4799; x_wconf 87' lang='lat' dir='ltr'><strong>Patroni</strong></span> <span class='ocrx_word' id='word_1_284' title='bbox 1636 4727 2048 4820; x_wconf 74' lang='lat' dir='ltr'><strong>principalis?</strong></span> 
     </span>
    </p>

    <p class='ocr_par' dir='ltr' id='par_1_8' title="bbox 659 4818 2237 5346">
     <span class='ocr_line' id='line_1_51' title="bbox 792 4818 2237 4888; baseline 0.001 -5"><span class='ocrx_word' id='word_1_285' title='bbox 792 4822 856 4884; x_wconf 77' lang='grc' dir='ltr'><strong>δ.</strong></span> <span class='ocrx_word' id='word_1_286' title='bbox 907 4819 1006 4884; x_wconf 79' lang='lat' dir='ltr'><strong>An</strong></span> <span class='ocrx_word' id='word_1_287' title='bbox 1050 4819 1297 4886; x_wconf 88' lang='lat' dir='ltr'><strong>ratione</strong></span> <span class='ocrx_word' id='word_1_288' title='bbox 1341 4829 1726 4888; x_wconf 89' lang='lat' dir='ltr'><strong>memoratae</strong></span> <span class='ocrx_word' id='word_1_289' title='bbox 1760 4818 2237 4888; x_wconf 87' lang='lat' dir='ltr'><strong>consuetudinis</strong></span> 
     </span>
     <span class='ocr_line' id='line_1_52' title="bbox 662 4905 2234 4995; baseline 0.003 -24"><span class='ocrx_word' id='word_1_290' title='bbox 662 4905 727 4973; x_wconf 90' lang='lat' dir='ltr'><strong>in</strong></span> <span class='ocrx_word' id='word_1_291' title='bbox 771 4908 957 4972; x_wconf 84' lang='lat' dir='ltr'><strong>Festo</strong></span> <span class='ocrx_word' id='word_1_292' title='bbox 1003 4906 1464 4994; x_wconf 82' lang='lat' dir='ltr'><strong>Assumptiouis</strong></span> <span class='ocrx_word' id='word_1_293' title='bbox 1506 4913 1730 4975; x_wconf 86' lang='lat' dir='ltr'><strong>Beatae</strong></span> <span class='ocrx_word' id='word_1_294' title='bbox 1776 4907 2001 4975; x_wconf 81' lang='lat' dir='ltr'><strong>Mariae</strong></span> <span class='ocrx_word' id='word_1_295' title='bbox 2032 4907 2234 4995; x_wconf 78' lang='lat' dir='ltr'><strong>Virgi-</strong></span> 
     </span>
     <span class='ocr_line' id='line_1_53' title="bbox 659 4992 2236 5083; baseline 0.001 -22"><span class='ocrx_word' id='word_1_296' title='bbox 659 4994 757 5061; x_wconf 90' lang='lat' dir='ltr'><strong>nis</strong></span> <span class='ocrx_word' id='word_1_297' title='bbox 803 4992 1073 5064; x_wconf 75' lang='lat' dir='ltr'><strong>‚tolerari</strong></span> <span class='ocrx_word' id='word_1_298' title='bbox 1127 5006 1320 5081; x_wconf 85' lang='lat' dir='ltr'><strong>queat</strong></span> <span class='ocrx_word' id='word_1_299' title='bbox 1378 4997 1549 5083; x_wconf 92' lang='lat' dir='ltr'><strong>quod</strong></span> <span class='ocrx_word' id='word_1_300' title='bbox 1611 4995 1900 5064; x_wconf 85' lang='lat' dir='ltr'><strong>recitatio</strong></span> <span class='ocrx_word' id='word_1_301' title='bbox 1953 4996 2236 5063; x_wconf 89' lang='lat' dir='ltr'><strong>Laudum</strong></span> 
     </span>
     <span class='ocr_line' id='line_1_54' title="bbox 661 5083 2235 5172; baseline 0.002 -24"><span class='ocrx_word' id='word_1_302' title='bbox 661 5083 1015 5165; x_wconf 84' lang='lat' dir='ltr'><strong>omittatur,</strong></span> <span class='ocrx_word' id='word_1_303' title='bbox 1049 5094 1114 5151; x_wconf 88' lang='lat' dir='ltr'><strong>et</strong></span> <span class='ocrx_word' id='word_1_304' title='bbox 1145 5083 1442 5171; x_wconf 87' lang='lat' dir='ltr'><strong>privatim</strong></span> <span class='ocrx_word' id='word_1_305' title='bbox 1484 5085 1924 5152; x_wconf 89' lang='lat' dir='ltr'><strong>tantummodo</strong></span> <span class='ocrx_word' id='word_1_306' title='bbox 1955 5105 1990 5150; x_wconf 88' lang='lat' dir='ltr'><strong>a</strong></span> <span class='ocrx_word' id='word_1_307' title='bbox 2016 5084 2235 5172; x_wconf 83' lang='lat' dir='ltr'><strong>paucis</strong></span> 
     </span>
     <span class='ocr_line' id='line_1_55' title="bbox 663 5169 2236 5259; baseline 0 -22"><span class='ocrx_word' id='word_1_308' title='bbox 663 5169 1088 5259; x_wconf 84' lang='lat' dir='ltr'><strong>Gappellanis,</strong></span> <span class='ocrx_word' id='word_1_309' title='bbox 1127 5182 1420 5259; x_wconf 90' lang='lat' dir='ltr'><strong>tempore</strong></span> <span class='ocrx_word' id='word_1_310' title='bbox 1451 5176 1534 5241; x_wconf 79' lang='lat' dir='ltr'><strong>IX</strong></span> <span class='ocrx_word' id='word_1_311' title='bbox 1561 5171 1880 5239; x_wconf 85' lang='lat' dir='ltr'><strong>Lectionis</strong></span> <span class='ocrx_word' id='word_1_312' title='bbox 1911 5182 1979 5241; x_wconf 91' lang='lat' dir='ltr'><strong>et</strong></span> <span class='ocrx_word' id='word_1_313' title='bbox 2006 5172 2236 5259; x_wconf 79' lang='lat' dir='ltr'><strong>Hymni</strong></span> 
     </span>
     <span class='ocr_line' id='line_1_56' title="bbox 673 5258 1728 5346; baseline 0.003 -21"><span class='ocrx_word' id='word_1_314' title='bbox 673 5261 752 5325; x_wconf 80' lang='lat' dir='ltr'><strong>Tc</strong></span> <span class='ocrx_word' id='word_1_315' title='bbox 797 5261 1022 5341; x_wconf 72' lang='lat' dir='ltr'><strong>Deum,</strong></span> <span class='ocrx_word' id='word_1_316' title='bbox 1076 5277 1187 5325; x_wconf 91' lang='lat' dir='ltr'><strong>eae</strong></span> <span class='ocrx_word' id='word_1_317' title='bbox 1236 5258 1728 5346; x_wconf 75' lang='lat' dir='ltr'><strong>persolvantur?</strong></span> 
     </span>
    </p>

    <p class='ocr_par' dir='ltr' id='par_1_9' title="bbox 797 5346 2233 5440">
     <span class='ocr_line' id='line_1_57' title="bbox 797 5346 2233 5440; baseline -0.001 -24"><span class='ocrx_word' id='word_1_318' title='bbox 797 5353 864 5418; x_wconf 83' lang='grc'><strong>6.</strong></span> <span class='ocrx_word' id='word_1_319' title='bbox 912 5351 1140 5418; x_wconf 87' lang='lat' dir='ltr'><strong>Utrum</strong></span> <span class='ocrx_word' id='word_1_320' title='bbox 1185 5347 1528 5414; x_wconf 77' lang='lat' dir='ltr'><strong>ferendum</strong></span> <span class='ocrx_word' id='word_1_321' title='bbox 1573 5347 1656 5412; x_wconf 91' lang='lat' dir='ltr'><strong>sit</strong></span> <span class='ocrx_word' id='word_1_322' title='bbox 1688 5346 1844 5417; x_wconf 87' lang='lat' dir='ltr'><strong>ritus</strong></span> <span class='ocrx_word' id='word_1_323' title='bbox 1875 5349 2083 5440; x_wconf 87' lang='lat' dir='ltr'><strong>quoad</strong></span> <span class='ocrx_word' id='word_1_324' title='bbox 2115 5366 2233 5415; x_wconf 85' lang='lat' dir='ltr'><strong>nu-</strong></span> 
     </span>
    </p>
   </div>
   <div class='ocr_carea' id='block_1_3' title="bbox 2323 390 3959 5438">
    <p class='ocr_par' dir='ltr' id='par_1_10' title="bbox 2323 390 3855 725">
     <span class='ocr_line' id='line_1_58' title="bbox 2323 390 3854 476; baseline 0.001 -17"><span class='ocrx_word' id='word_1_325' title='bbox 2323 410 2617 476; x_wconf 69' lang='lat' dir='ltr'><strong>merum,⁸</strong></span> <span class='ocrx_word' id='word_1_326' title='bbox 2650 390 2947 461; x_wconf 88' lang='lat' dir='ltr'><strong>ordinem</strong></span> <span class='ocrx_word' id='word_1_327' title='bbox 2993 404 3059 461; x_wconf 92' lang='lat' dir='ltr'><strong>et</strong></span> <span class='ocrx_word' id='word_1_328' title='bbox 3118 393 3325 461; x_wconf 88' lang='lat' dir='ltr'><strong>locum</strong></span> <span class='ocrx_word' id='word_1_329' title='bbox 3380 410 3707 460; x_wconf 84' lang='lat' dir='ltr'><strong>cereorum</strong></span> <span class='ocrx_word' id='word_1_330' title='bbox 3758 412 3854 460; x_wconf 86' lang='lat' dir='ltr'><strong>seu</strong></span> 
     </span>
     <span class='ocr_line' id='line_1_59' title="bbox 2327 480 3854 582; baseline -0.001 -33"><span class='ocrx_word' id='word_1_331' title='bbox 2327 481 2737 550; x_wconf 83' lang='lat' dir='ltr'><strong>candelarum</strong></span> <span class='ocrx_word' id='word_1_332' title='bbox 2768 481 2834 549; x_wconf 91' lang='lat' dir='ltr'><strong>in</strong></span> <span class='ocrx_word' id='word_1_333' title='bbox 2864 481 3298 582; x_wconf 86' lang='lat' dir='ltr'><strong>persolvendis</strong></span> <span class='ocrx_word' id='word_1_334' title='bbox 3323 480 3559 549; x_wconf 80' lang='lat' dir='ltr'><strong>Officiis</strong></span> <span class='ocrx_word' id='word_1_335' title='bbox 3582 483 3854 549; x_wconf 79' lang='lat' dir='ltr'><strong>Tenebra-</strong></span> 
     </span>
     <span class='ocr_line' id='line_1_60' title="bbox 2330 568 3855 725; baseline 0 -90"><span class='ocrx_word' id='word_1_336' title='bbox 2330 589 2472 725; x_wconf 73' lang='lat' dir='ltr'><strong>mlm</strong></span> <span class='ocrx_word' id='word_1_337' title='bbox 2519 568 2597 724; x_wconf 56' lang='grc' dir='ltr'><strong>αξ</strong></span> <span class='ocrx_word' id='word_1_338' title='bbox 2639 569 2960 638; x_wconf 75' lang='lat' dir='ltr'><strong>Ecclesiae</strong></span> <span class='ocrx_word' id='word_1_339' title='bbox 3007 569 3261 637; x_wconf 84' lang='lat' dir='ltr'><strong>Pisanae</strong></span> <span class='ocrx_word' id='word_1_340' title='bbox 3302 569 3598 657; x_wconf 79' lang='lat' dir='ltr'><strong>Capitulo</strong></span> <span class='ocrx_word' id='word_1_341' title='bbox 3656 568 3855 637; x_wconf 83' lang='lat' dir='ltr'><strong>servari</strong></span> 
     </span>
     <span class='ocr_line' id='line_1_61' title="bbox 2326 658 2550 725; baseline 0.009 -2"><span class='ocrx_word' id='word_1_342' title='bbox 2326 676 2395 724; x_wconf 90' lang='lat' dir='ltr'><strong>so</strong></span> <span class='ocrx_word' id='word_1_343' title='bbox 2425 658 2550 725; x_wconf 86' lang='lat' dir='ltr'><strong>itus</strong></span> 
     </span>
    </p>

    <p class='ocr_par' dir='ltr' id='par_1_11' title="bbox 2323 745 3860 1013">
     <span class='ocr_line' id='line_1_62' title="bbox 2457 745 3858 818; baseline -0.001 -3"><span class='ocrx_word' id='word_1_344' title='bbox 2457 751 2521 815; x_wconf 88' lang='grc'><strong>7.</strong></span> <span class='ocrx_word' id='word_1_345' title='bbox 2572 753 2800 818; x_wconf 85' lang='lat' dir='ltr'><strong>Utrum</strong></span> <span class='ocrx_word' id='word_1_346' title='bbox 2847 747 3025 817; x_wconf 74' lang='lat' dir='ltr'><strong>Feria</strong></span> <span class='ocrx_word' id='word_1_347' title='bbox 3054 750 3108 816; x_wconf 81' lang='lat' dir='ltr'><strong>V</strong></span> <span class='ocrx_word' id='word_1_348' title='bbox 3141 747 3203 815; x_wconf 92' lang='lat' dir='ltr'><strong>in</strong></span> <span class='ocrx_word' id='word_1_349' title='bbox 3228 749 3439 815; x_wconf 84' lang='lat' dir='ltr'><strong>Coena</strong></span> <span class='ocrx_word' id='word_1_350' title='bbox 3472 745 3713 814; x_wconf 90' lang='lat' dir='ltr'><strong>Domini</strong></span> <span class='ocrx_word' id='word_1_351' title='bbox 3751 765 3858 813; x_wconf 87' lang='lat' dir='ltr'><strong>ser·</strong></span> 
     </span>
     <span class='ocr_line' id='line_1_63' title="bbox 2324 834 3860 923; baseline -0.001 -22"><span class='ocrx_word' id='word_1_352' title='bbox 2324 836 2457 902; x_wconf 90' lang='lat' dir='ltr'><strong>vari</strong></span> <span class='ocrx_word' id='word_1_353' title='bbox 2492 838 2686 923; x_wconf 87' lang='lat' dir='ltr'><strong>possit</strong></span> <span class='ocrx_word' id='word_1_354' title='bbox 2719 859 2869 907; x_wconf 86' lang='lat' dir='ltr'><strong>usus</strong></span> <span class='ocrx_word' id='word_1_355' title='bbox 2899 834 3264 906; x_wconf 89' lang='lat' dir='ltr'><strong>denudandi</strong></span> <span class='ocrx_word' id='word_1_356' title='bbox 3292 836 3532 902; x_wconf 85' lang='lat' dir='ltr'><strong>Altaria</strong></span> <span class='ocrx_word' id='word_1_357' title='bbox 3598 846 3689 901; x_wconf 87' lang='lat' dir='ltr'><strong>ost</strong></span> <span class='ocrx_word' id='word_1_358' title='bbox 3718 835 3860 901; x_wconf 70' lang='lat' dir='ltr'><strong>llan-</strong></span> 
     </span>
     <span class='ocr_line' id='line_1_64' title="bbox 2323 924 3530 1013; baseline -0.001 -21"><span class='ocrx_word' id='word_1_359' title='bbox 2323 924 2576 1009; x_wconf 74' lang='lat' dir='ltr'><strong>datum,</strong></span> <span class='ocrx_word' id='word_1_360' title='bbox 2629 927 2784 996; x_wconf 88' lang='lat' dir='ltr'><strong>hora</strong></span> <span class='ocrx_word' id='word_1_361' title='bbox 2827 934 3051 1013; x_wconf 88' lang='lat' dir='ltr'><strong>quarta</strong></span> <span class='ocrx_word' id='word_1_362' title='bbox 3094 924 3530 1011; x_wconf 86' lang='lat' dir='ltr'><strong>pomeridiana</strong></span> 
     </span>
    </p>

    <p class='ocr_par' dir='ltr' id='par_1_12' title="bbox 2325 1010 3959 1722">
     <span class='ocr_line' id='line_1_65' title="bbox 2457 1010 3959 1104; baseline -0.002 -24"><span class='ocrx_word' id='word_1_363' title='bbox 2457 1017 2524 1080; x_wconf 88' lang='grc'><strong>8.</strong></span> <span class='ocrx_word' id='word_1_364' title='bbox 2572 1018 2802 1082; x_wconf 86' lang='lat' dir='ltr'><strong>Utrum</strong></span> <span class='ocrx_word' id='word_1_365' title='bbox 2849 1013 3103 1104; x_wconf 89' lang='lat' dir='ltr'><strong>probari</strong></span> <span class='ocrx_word' id='word_1_366' title='bbox 3147 1013 3342 1099; x_wconf 90' lang='lat' dir='ltr'><strong>possit</strong></span> <span class='ocrx_word' id='word_1_367' title='bbox 3374 1033 3532 1079; x_wconf 88' lang='lat' dir='ltr'><strong>usus</strong></span> <span class='ocrx_word' id='word_1_368' title='bbox 3571 1010 3861 1087; x_wconf 83' lang='lat' dir='ltr'><strong>obeundae</strong></span> <span class='ocrx_word' id='word_1_369' title='bbox 3958 1072 3959 1083; x_wconf 71' lang='grc'>,</span> 
     </span>
     <span class='ocr_line' id='line_1_66' title="bbox 2325 1097 3861 1187; baseline -0.001 -20"><span class='ocrx_word' id='word_1_370' title='bbox 2325 1101 2391 1171; x_wconf 95' lang='lat' dir='ltr'><strong>in</strong></span> <span class='ocrx_word' id='word_1_371' title='bbox 2437 1102 2702 1171; x_wconf 89' lang='lat' dir='ltr'><strong>Sabbato</strong></span> <span class='ocrx_word' id='word_1_372' title='bbox 2751 1106 2977 1171; x_wconf 91' lang='lat' dir='ltr'><strong>Sancto</strong></span> <span class='ocrx_word' id='word_1_373' title='bbox 3022 1100 3489 1169; x_wconf 88' lang='lat' dir='ltr'><strong>benedictionis</strong></span> <span class='ocrx_word' id='word_1_374' title='bbox 3537 1100 3684 1167; x_wconf 89' lang='lat' dir='ltr'><strong>novi</strong></span> <span class='ocrx_word' id='word_1_375' title='bbox 3731 1097 3861 1187; x_wconf 77' lang='lat' dir='ltr'><strong>ignis</strong></span> 
     </span>
     <span class='ocr_line' id='line_1_67' title="bbox 2328 1187 3859 1275; baseline -0.002 -18"><span class='ocrx_word' id='word_1_376' title='bbox 2328 1202 2393 1258; x_wconf 91' lang='lat' dir='ltr'><strong>et</strong></span> <span class='ocrx_word' id='word_1_377' title='bbox 2418 1191 2657 1258; x_wconf 88' lang='lat' dir='ltr'><strong>incensi</strong></span> <span class='ocrx_word' id='word_1_378' title='bbox 2681 1191 2760 1259; x_wconf 90' lang='lat' dir='ltr'><strong>ab</strong></span> <span class='ocrx_word' id='word_1_379' title='bbox 2781 1192 2903 1259; x_wconf 89' lang='lat' dir='ltr'><strong>alio</strong></span> <span class='ocrx_word' id='word_1_380' title='bbox 2928 1189 3292 1275; x_wconf 87' lang='lat' dir='ltr'><strong>Sacerdote,</strong></span> <span class='ocrx_word' id='word_1_381' title='bbox 3318 1187 3477 1257; x_wconf 89' lang='lat' dir='ltr'><strong>licet</strong></span> <span class='ocrx_word' id='word_1_382' title='bbox 3506 1188 3743 1255; x_wconf 73' lang='lat' dir='ltr'><strong>nissam</strong></span> <span class='ocrx_word' id='word_1_383' title='bbox 3759 1206 3859 1255; x_wconf 81' lang='lat' dir='ltr'><strong>non</strong></span> 
     </span>
     <span class='ocr_line' id='line_1_68' title="bbox 2329 1275 3860 1362; baseline -0.004 -15"><span class='ocrx_word' id='word_1_384' title='bbox 2329 1278 2773 1347; x_wconf 73' lang='lat' dir='ltr'><strong>celebraturo?</strong></span> <span class='ocrx_word' id='word_1_385' title='bbox 2817 1290 2883 1347; x_wconf 91' lang='lat' dir='ltr'><strong>et</strong></span> <span class='ocrx_word' id='word_1_386' title='bbox 2926 1279 3090 1348; x_wconf 85' lang='lat' dir='ltr'><strong>item</strong></span> <span class='ocrx_word' id='word_1_387' title='bbox 3138 1296 3289 1345; x_wconf 88' lang='lat' dir='ltr'><strong>usus</strong></span> <span class='ocrx_word' id='word_1_388' title='bbox 3340 1277 3418 1344; x_wconf 88' lang='lat' dir='ltr'><strong>ab</strong></span> <span class='ocrx_word' id='word_1_389' title='bbox 3466 1279 3719 1362; x_wconf 90' lang='lat' dir='ltr'><strong>eodem,</strong></span> <span class='ocrx_word' id='word_1_390' title='bbox 3759 1275 3860 1342; x_wconf 85' lang='lat' dir='ltr'><strong>dia-</strong></span> 
     </span>
     <span class='ocr_line' id='line_1_69' title="bbox 2327 1365 3861 1449; baseline -0.003 -15"><span class='ocrx_word' id='word_1_391' title='bbox 2327 1369 2652 1436; x_wconf 90' lang='lat' dir='ltr'><strong>conalibus</strong></span> <span class='ocrx_word' id='word_1_392' title='bbox 2683 1367 2962 1436; x_wconf 83' lang='lat' dir='ltr'><strong>vestibus</strong></span> <span class='ocrx_word' id='word_1_393' title='bbox 2995 1368 3241 1449; x_wconf 86' lang='lat' dir='ltr'><strong>induto,</strong></span> <span class='ocrx_word' id='word_1_394' title='bbox 3274 1365 3669 1434; x_wconf 81' lang='lat' dir='ltr'><strong>deferendae</strong></span> <span class='ocrx_word' id='word_1_395' title='bbox 3698 1367 3861 1431; x_wconf 79' lang='lat' dir='ltr'><strong>Aran-</strong></span> 
     </span>
     <span class='ocr_line' id='line_1_70' title="bbox 2328 1455 3862 1545; baseline -0.005 -20"><span class='ocrx_word' id='word_1_396' title='bbox 2328 1455 2489 1525; x_wconf 88' lang='lat' dir='ltr'><strong>dinis</strong></span> <span class='ocrx_word' id='word_1_397' title='bbox 2538 1456 2762 1545; x_wconf 77' lang='lat' dir='ltr'><strong>(vulgo</strong></span> <span class='ocrx_word' id='word_1_398' title='bbox 2814 1457 3020 1525; x_wconf 87' lang='lat' dir='ltr'><strong>dictae</strong></span> <span class='ocrx_word' id='word_1_399' title='bbox 3067 1458 3305 1522; x_wconf 69' lang='lat' dir='ltr'><strong>Lama</strong></span> <span class='ocrx_word' id='word_1_400' title='bbox 3353 1455 3632 1541; x_wconf 69' lang='lat' dir='ltr'><strong>Christi)</strong></span> <span class='ocrx_word' id='word_1_401' title='bbox 3680 1463 3738 1520; x_wconf 92' lang='lat' dir='ltr'><strong>et</strong></span> <span class='ocrx_word' id='word_1_402' title='bbox 3784 1471 3862 1517; x_wconf 83' lang='lat' dir='ltr'><strong>ca·</strong></span> 
     </span>
     <span class='ocr_line' id='line_1_71' title="bbox 2329 1539 3864 1631; baseline -0.005 -19"><span class='ocrx_word' id='word_1_403' title='bbox 2329 1544 2524 1612; x_wconf 90' lang='lat' dir='ltr'><strong>nendi</strong></span> <span class='ocrx_word' id='word_1_404' title='bbox 2565 1543 2915 1630; x_wconf 86' lang='lat' dir='ltr'><strong>Praeconii,</strong></span> <span class='ocrx_word' id='word_1_405' title='bbox 2966 1544 3084 1613; x_wconf 85' lang='lat' dir='ltr'><strong>etsi</strong></span> <span class='ocrx_word' id='word_1_406' title='bbox 3129 1543 3193 1611; x_wconf 92' lang='lat' dir='ltr'><strong>iu</strong></span> <span class='ocrx_word' id='word_1_407' title='bbox 3238 1542 3661 1631; x_wconf 82' lang='lat' dir='ltr'><strong>subsequenti</strong></span> <span class='ocrx_word' id='word_1_408' title='bbox 3686 1539 3864 1608; x_wconf 86' lang='lat' dir='ltr'><strong>Officio</strong></span> 
     </span>
     <span class='ocr_line' id='line_1_72' title="bbox 2332 1626 3710 1722; baseline -0.002 -23"><span class='ocrx_word' id='word_1_409' title='bbox 2332 1644 2397 1699; x_wconf 88' lang='lat' dir='ltr'><strong>et</strong></span> <span class='ocrx_word' id='word_1_410' title='bbox 2442 1631 2619 1701; x_wconf 74' lang='lat' dir='ltr'><strong>Missa</strong></span> <span class='ocrx_word' id='word_1_411' title='bbox 2665 1634 2802 1722; x_wconf 86' lang='lat' dir='ltr'><strong>ipse</strong></span> <span class='ocrx_word' id='word_1_412' title='bbox 2846 1632 3208 1702; x_wconf 78' lang='lat' dir='ltr'><strong>celebranti</strong></span> <span class='ocrx_word' id='word_1_413' title='bbox 3248 1650 3379 1698; x_wconf 93' lang='lat' dir='ltr'><strong>non</strong></span> <span class='ocrx_word' id='word_1_414' title='bbox 3424 1626 3710 1699; x_wconf 72' lang='lat' dir='ltr'><strong>assistat?</strong></span> 
     </span>
    </p>

    <p class='ocr_par' dir='ltr' id='par_1_13' title="bbox 2326 1716 3959 2321">
     <span class='ocr_line' id='line_1_73' title="bbox 2456 1716 3868 1791; baseline -0.008 -1"><span class='ocrx_word' id='word_1_415' title='bbox 2456 1726 2524 1791; x_wconf 79' lang='lat'><strong>9.</strong></span> <span class='ocrx_word' id='word_1_416' title='bbox 2574 1725 2801 1790; x_wconf 86' lang='lat' dir='ltr'><strong>Utrum</strong></span> <span class='ocrx_word' id='word_1_417' title='bbox 2852 1722 3159 1789; x_wconf 77' lang='lat' dir='ltr'><strong>ferendus</strong></span> <span class='ocrx_word' id='word_1_418' title='bbox 3202 1718 3283 1786; x_wconf 89' lang='lat' dir='ltr'><strong>sit</strong></span> <span class='ocrx_word' id='word_1_419' title='bbox 3326 1739 3482 1788; x_wconf 86' lang='lat' dir='ltr'><strong>usus</strong></span> <span class='ocrx_word' id='word_1_420' title='bbox 3527 1720 3596 1787; x_wconf 87' lang='lat' dir='ltr'><strong>in</strong></span> <span class='ocrx_word' id='word_1_421' title='bbox 3640 1716 3868 1785; x_wconf 82' lang='lat' dir='ltr'><strong>Sabbato</strong></span> 
     </span>
     <span class='ocr_line' id='line_1_74' title="bbox 2326 1805 3867 1903; baseline -0.008 -22"><span class='ocrx_word' id='word_1_422' title='bbox 2326 1815 2552 1881; x_wconf 88' lang='lat' dir='ltr'><strong>Sancto</strong></span> <span class='ocrx_word' id='word_1_423' title='bbox 2600 1810 2909 1899; x_wconf 81' lang='lat' dir='ltr'><strong>infigendi</strong></span> <span class='ocrx_word' id='word_1_424' title='bbox 2952 1810 3232 1898; x_wconf 90' lang='lat' dir='ltr'><strong>quinque</strong></span> <span class='ocrx_word' id='word_1_425' title='bbox 3276 1824 3471 1893; x_wconf 74' lang='lat' dir='ltr'><strong>grana</strong></span> <span class='ocrx_word' id='word_1_426' title='bbox 3500 1805 3740 1877; x_wconf 87' lang='lat' dir='ltr'><strong>Incensi</strong></span> <span class='ocrx_word' id='word_1_427' title='bbox 3763 1823 3867 1903; x_wconf 72' lang='lat' dir='ltr'><strong>non</strong></span> 
     </span>
     <span class='ocr_line' id='line_1_75' title="bbox 2328 1896 3867 1987; baseline -0.008 -19"><span class='ocrx_word' id='word_1_428' title='bbox 2328 1899 2592 1987; x_wconf 88' lang='lat' dir='ltr'><strong>quidem</strong></span> <span class='ocrx_word' id='word_1_429' title='bbox 2624 1899 2690 1966; x_wconf 90' lang='lat' dir='ltr'><strong>in</strong></span> <span class='ocrx_word' id='word_1_430' title='bbox 2718 1902 2920 1966; x_wconf 86' lang='lat' dir='ltr'><strong>Gereo</strong></span> <span class='ocrx_word' id='word_1_431' title='bbox 2959 1897 3257 1983; x_wconf 85' lang='lat' dir='ltr'><strong>Pascbali,</strong></span> <span class='ocrx_word' id='word_1_432' title='bbox 3288 1898 3402 1965; x_wconf 90' lang='lat' dir='ltr'><strong>sed</strong></span> <span class='ocrx_word' id='word_1_433' title='bbox 3436 1896 3689 1965; x_wconf 90' lang='lat' dir='ltr'><strong>cuidam</strong></span> <span class='ocrx_word' id='word_1_434' title='bbox 3715 1896 3867 1960; x_wconf 77' lang='lat' dir='ltr'><strong>Cruci</strong></span> 
     </span>
     <span class='ocr_line' id='line_1_76' title="bbox 2329 1983 3870 2073; baseline -0.007 -18"><span class='ocrx_word' id='word_1_435' title='bbox 2329 2007 2513 2055; x_wconf 86' lang='lat' dir='ltr'><strong>cerae</strong></span> <span class='ocrx_word' id='word_1_436' title='bbox 2545 1987 2721 2054; x_wconf 89' lang='lat' dir='ltr'><strong>albae</strong></span> <span class='ocrx_word' id='word_1_437' title='bbox 2747 1986 2826 2053; x_wconf 91' lang='lat' dir='ltr'><strong>ab</strong></span> <span class='ocrx_word' id='word_1_438' title='bbox 2852 2006 2930 2055; x_wconf 91' lang='lat' dir='ltr'><strong>eo</strong></span> <span class='ocrx_word' id='word_1_439' title='bbox 2952 1996 3302 2073; x_wconf 85' lang='lat' dir='ltr'><strong>separatae;</strong></span> <span class='ocrx_word' id='word_1_440' title='bbox 3331 1995 3529 2071; x_wconf 87' lang='lat' dir='ltr'><strong>atque</strong></span> <span class='ocrx_word' id='word_1_441' title='bbox 3556 1983 3736 2053; x_wconf 85' lang='lat' dir='ltr'><strong>huius</strong></span> <span class='ocrx_word' id='word_1_442' title='bbox 3760 1999 3870 2048; x_wconf 84' lang='lat' dir='ltr'><strong>mu·</strong></span> 
     </span>
     <span class='ocr_line' id='line_1_77' title="bbox 2328 2067 3869 2165; baseline -0.009 -20"><span class='ocrx_word' id='word_1_443' title='bbox 2328 2075 2502 2145; x_wconf 88' lang='lat' dir='ltr'><strong>neris</strong></span> <span class='ocrx_word' id='word_1_444' title='bbox 2533 2075 2815 2143; x_wconf 89' lang='lat' dir='ltr'><strong>obeundi</strong></span> <span class='ocrx_word' id='word_1_445' title='bbox 2860 2095 2977 2165; x_wconf 90' lang='lat' dir='ltr'><strong>per</strong></span> <span class='ocrx_word' id='word_1_446' title='bbox 3019 2073 3207 2143; x_wconf 88' lang='lat' dir='ltr'><strong>Chori</strong></span> <span class='ocrx_word' id='word_1_447' title='bbox 3250 2074 3735 2162; x_wconf 78' lang='lat' dir='ltr'><strong>cappellanum,</strong></span> <span class='ocrx_word' id='word_1_448' title='bbox 3761 2067 3869 2134; x_wconf 81' lang='lat' dir='ltr'><strong>sive</strong></span> 
     </span>
     <span class='ocr_line' id='line_1_78' title="bbox 2327 2161 3959 2246; baseline -0.007 -13"><span class='ocrx_word' id='word_1_449' title='bbox 2327 2164 2740 2234; x_wconf 86' lang='lat' dir='ltr'><strong>Sacerdotem</strong></span> <span class='ocrx_word' id='word_1_450' title='bbox 2784 2163 2923 2232; x_wconf 89' lang='lat' dir='ltr'><strong>sive</strong></span> <span class='ocrx_word' id='word_1_451' title='bbox 2958 2163 3322 2246; x_wconf 83' lang='lat' dir='ltr'><strong>Diaconum,</strong></span> <span class='ocrx_word' id='word_1_452' title='bbox 3355 2182 3390 2227; x_wconf 86' lang='lat' dir='ltr'><strong>a</strong></span> <span class='ocrx_word' id='word_1_453' title='bbox 3420 2162 3695 2229; x_wconf 86' lang='lat' dir='ltr'><strong>Diacono</strong></span> <span class='ocrx_word' id='word_1_454' title='bbox 3720 2161 3870 2224; x_wconf 87' lang='lat' dir='ltr'><strong>Prae-</strong></span> <span class='ocrx_word' id='word_1_455' title='bbox 3958 2192 3959 2211; x_wconf 36' lang='lat' dir='ltr'><strong>t</strong></span> 
     </span>
     <span class='ocr_line' id='line_1_79' title="bbox 2329 2247 3347 2321; baseline -0.004 0"><span class='ocrx_word' id='word_1_456' title='bbox 2329 2252 2495 2321; x_wconf 89' lang='lat' dir='ltr'><strong>conii</strong></span> <span class='ocrx_word' id='word_1_457' title='bbox 2540 2272 2655 2321; x_wconf 89' lang='lat' dir='ltr'><strong>seu</strong></span> <span class='ocrx_word' id='word_1_458' title='bbox 2701 2252 2918 2320; x_wconf 77' lang='lat' dir='ltr'><strong>Missae</strong></span> <span class='ocrx_word' id='word_1_459' title='bbox 2964 2247 3347 2319; x_wconf 74' lang='lat' dir='ltr'><strong>diversum?</strong></span> 
     </span>
    </p>

    <p class='ocr_par' dir='ltr' id='par_1_14' title="bbox 2326 2334 3959 3032">
     <span class='ocr_line' id='line_1_80' title="bbox 2463 2334 3873 2410; baseline -0.006 -2"><span class='ocrx_word' id='word_1_460' title='bbox 2463 2346 2568 2409; x_wconf 86' lang='lat'><strong>10.</strong></span> <span class='ocrx_word' id='word_1_461' title='bbox 2618 2344 2844 2410; x_wconf 89' lang='lat' dir='ltr'><strong>Utrum</strong></span> <span class='ocrx_word' id='word_1_462' title='bbox 2888 2340 3195 2409; x_wconf 83' lang='lat' dir='ltr'><strong>servanda</strong></span> <span class='ocrx_word' id='word_1_463' title='bbox 3237 2338 3318 2406; x_wconf 89' lang='lat' dir='ltr'><strong>sit</strong></span> <span class='ocrx_word' id='word_1_464' title='bbox 3364 2337 3756 2407; x_wconf 87' lang='lat' dir='ltr'><strong>consuetudo</strong></span> <span class='ocrx_word' id='word_1_465' title='bbox 3781 2334 3873 2402; x_wconf 86' lang='lat' dir='ltr'><strong>de·-</strong></span> 
     </span>
     <span class='ocr_line' id='line_1_81' title="bbox 2328 2425 3873 2518; baseline -0.007 -19"><span class='ocrx_word' id='word_1_466' title='bbox 2328 2430 2580 2499; x_wconf 81' lang='lat' dir='ltr'><strong>ferendi</strong></span> <span class='ocrx_word' id='word_1_467' title='bbox 2648 2440 2908 2518; x_wconf 86' lang='lat' dir='ltr'><strong>praeter</strong></span> <span class='ocrx_word' id='word_1_468' title='bbox 2972 2433 3248 2499; x_wconf 79' lang='lat' dir='ltr'><strong>cereum</strong></span> <span class='ocrx_word' id='word_1_469' title='bbox 3315 2428 3679 2495; x_wconf 84' lang='lat' dir='ltr'><strong>Pascbalem</strong></span> <span class='ocrx_word' id='word_1_470' title='bbox 3742 2425 3873 2491; x_wconf 87' lang='lat' dir='ltr'><strong>duos</strong></span> 
     </span>
     <span class='ocr_line' id='line_1_82' title="bbox 2327 2514 3876 2622; baseline -0.006 -36"><span class='ocrx_word' id='word_1_471' title='bbox 2327 2521 2483 2587; x_wconf 91' lang='lat' dir='ltr'><strong>alios</strong></span> <span class='ocrx_word' id='word_1_472' title='bbox 2523 2538 2751 2622; x_wconf 88' lang='lat' dir='ltr'><strong>parvos</strong></span> <span class='ocrx_word' id='word_1_473' title='bbox 2797 2520 3049 2601; x_wconf 80' lang='lat' dir='ltr'><strong>cereos,</strong></span> <span class='ocrx_word' id='word_1_474' title='bbox 3085 2535 3166 2582; x_wconf 84' lang='lat' dir='ltr'><strong>ex</strong></span> <span class='ocrx_word' id='word_1_475' title='bbox 3200 2535 3276 2583; x_wconf 90' lang='lat' dir='ltr'><strong>eo</strong></span> <span class='ocrx_word' id='word_1_476' title='bbox 3307 2534 3637 2599; x_wconf 85' lang='lat' dir='ltr'><strong>accensos,</strong></span> <span class='ocrx_word' id='word_1_477' title='bbox 3664 2514 3725 2580; x_wconf 92' lang='lat' dir='ltr'><strong>in</strong></span> <span class='ocrx_word' id='word_1_478' title='bbox 3750 2529 3876 2598; x_wconf 88' lang='lat' dir='ltr'><strong>sup-</strong></span> 
     </span>
     <span class='ocr_line' id='line_1_83' title="bbox 2326 2600 3872 2697; baseline -0.007 -22"><span class='ocrx_word' id='word_1_479' title='bbox 2326 2605 2799 2697; x_wconf 86' lang='lat' dir='ltr'><strong>plicat1onibus,</strong></span> <span class='ocrx_word' id='word_1_480' title='bbox 2847 2624 3006 2693; x_wconf 92' lang='lat' dir='ltr'><strong>quae</strong></span> <span class='ocrx_word' id='word_1_481' title='bbox 3038 2606 3104 2672; x_wconf 92' lang='lat' dir='ltr'><strong>in</strong></span> <span class='ocrx_word' id='word_1_482' title='bbox 3132 2602 3414 2673; x_wconf 83' lang='lat' dir='ltr'><strong>Ecclesia</strong></span> <span class='ocrx_word' id='word_1_483' title='bbox 3457 2605 3675 2671; x_wconf 86' lang='lat' dir='ltr'><strong>Pisana</strong></span> <span class='ocrx_word' id='word_1_484' title='bbox 3716 2600 3872 2681; x_wconf 86' lang='lat' dir='ltr'><strong>fiunt,</strong></span> 
     </span>
     <span class='ocr_line' id='line_1_84' title="bbox 2329 2692 3876 2786; baseline -0.006 -23"><span class='ocrx_word' id='word_1_485' title='bbox 2329 2708 2469 2764; x_wconf 92' lang='lat' dir='ltr'><strong>tum</strong></span> <span class='ocrx_word' id='word_1_486' title='bbox 2520 2695 2586 2762; x_wconf 92' lang='lat' dir='ltr'><strong>in</strong></span> <span class='ocrx_word' id='word_1_487' title='bbox 2631 2693 2897 2763; x_wconf 90' lang='lat' dir='ltr'><strong>Sabbato</strong></span> <span class='ocrx_word' id='word_1_488' title='bbox 2942 2698 3166 2761; x_wconf 89' lang='lat' dir='ltr'><strong>Sancto</strong></span> <span class='ocrx_word' id='word_1_489' title='bbox 3213 2692 3292 2759; x_wconf 90' lang='lat' dir='ltr'><strong>ad</strong></span> <span class='ocrx_word' id='word_1_490' title='bbox 3339 2693 3702 2763; x_wconf 82' lang='lat' dir='ltr'><strong>obeundam</strong></span> <span class='ocrx_word' id='word_1_491' title='bbox 3744 2693 3876 2786; x_wconf 74' lang='lat' dir='ltr'><strong>Fon·</strong></span> 
     </span>
     <span class='ocr_line' id='line_1_85' title="bbox 2332 2776 3874 2872; baseline -0.01 -19"><span class='ocrx_word' id='word_1_492' title='bbox 2332 2787 2408 2853; x_wconf 88' lang='lat' dir='ltr'><strong>tis</strong></span> <span class='ocrx_word' id='word_1_493' title='bbox 2451 2783 2836 2872; x_wconf 87' lang='lat' dir='ltr'><strong>baptismalis</strong></span> <span class='ocrx_word' id='word_1_494' title='bbox 2873 2781 3412 2870; x_wconf 84' lang='lat' dir='ltr'><strong>benedictionem,</strong></span> <span class='ocrx_word' id='word_1_495' title='bbox 3448 2791 3593 2849; x_wconf 90' lang='lat' dir='ltr'><strong>tum</strong></span> <span class='ocrx_word' id='word_1_496' title='bbox 3624 2776 3874 2867; x_wconf 74' lang='lat' dir='ltr'><strong>quotidie</strong></span> 
     </span>
     <span class='ocr_line' id='line_1_86' title="bbox 2329 2868 3959 3030; baseline -0.006 -89"><span class='ocrx_word' id='word_1_497' title='bbox 2329 2894 2449 2963; x_wconf 91' lang='lat' dir='ltr'><strong>per</strong></span> <span class='ocrx_word' id='word_1_498' title='bbox 2474 2882 2634 3030; x_wconf 48' lang='lat' dir='ltr'><strong>Pocto</strong></span> <span class='ocrx_word' id='word_1_499' title='bbox 2681 2872 2931 2940; x_wconf 89' lang='lat' dir='ltr'><strong>dierum</strong></span> <span class='ocrx_word' id='word_1_500' title='bbox 2976 2869 3252 2960; x_wconf 86' lang='lat' dir='ltr'><strong>spatium</strong></span> <span class='ocrx_word' id='word_1_501' title='bbox 3297 2870 3375 2937; x_wconf 90' lang='lat' dir='ltr'><strong>ad</strong></span> <span class='ocrx_word' id='word_1_502' title='bbox 3412 2871 3718 2939; x_wconf 89' lang='lat' dir='ltr'><strong>eumdem</strong></span> <span class='ocrx_word' id='word_1_503' title='bbox 3746 2868 3875 2932; x_wconf 82' lang='lat' dir='ltr'><strong>Fon-</strong></span> <span class='ocrx_word' id='word_1_504' title='bbox 3958 2872 3959 2891; x_wconf 66' lang='lat'>¹</span> 
     </span>
     <span class='ocr_line' id='line_1_87' title="bbox 2329 2975 2458 3032; baseline 0 -1"><span class='ocrx_word' id='word_1_505' title='bbox 2329 2975 2458 3032; x_wconf 91' lang='lat' dir='ltr'><strong>tem</strong></span> 
     </span>
    </p>

    <p class='ocr_par' dir='ltr' id='par_1_15' title="bbox 2325 3036 3877 3496">
     <span class='ocr_line' id='line_1_88' title="bbox 2467 3036 3876 3134; baseline -0.01 -15"><span class='ocrx_word' id='word_1_506' title='bbox 2467 3055 2570 3119; x_wconf 86' lang='grc'><strong>11.</strong></span> <span class='ocrx_word' id='word_1_507' title='bbox 2620 3053 2844 3118; x_wconf 89' lang='lat' dir='ltr'><strong>Utrum</strong></span> <span class='ocrx_word' id='word_1_508' title='bbox 2890 3049 3046 3116; x_wconf 77' lang='lat' dir='ltr'><strong>ferri</strong></span> <span class='ocrx_word' id='word_1_509' title='bbox 3089 3047 3297 3116; x_wconf 89' lang='lat' dir='ltr'><strong>valeat</strong></span> <span class='ocrx_word' id='word_1_510' title='bbox 3340 3068 3494 3115; x_wconf 90' lang='lat' dir='ltr'><strong>usus</strong></span> <span class='ocrx_word' id='word_1_511' title='bbox 3531 3036 3876 3134; x_wconf 85' lang='lat' dir='ltr'><strong>aspersionis</strong></span> 
     </span>
     <span class='ocr_line' id='line_1_89' title="bbox 2328 3127 3877 3227; baseline -0.008 -20"><span class='ocrx_word' id='word_1_512' title='bbox 2328 3160 2525 3227; x_wconf 88' lang='lat' dir='ltr'><strong>aquae</strong></span> <span class='ocrx_word' id='word_1_513' title='bbox 2564 3137 2960 3221; x_wconf 87' lang='lat' dir='ltr'><strong>benedictae,</strong></span> <span class='ocrx_word' id='word_1_514' title='bbox 2993 3156 3156 3225; x_wconf 88' lang='lat' dir='ltr'><strong>quae</strong></span> <span class='ocrx_word' id='word_1_515' title='bbox 3185 3136 3326 3204; x_wconf 83' lang='lat' dir='ltr'><strong>fieri</strong></span> <span class='ocrx_word' id='word_1_516' title='bbox 3357 3135 3557 3206; x_wconf 89' lang='lat' dir='ltr'><strong>debet</strong></span> <span class='ocrx_word' id='word_1_517' title='bbox 3588 3137 3652 3203; x_wconf 91' lang='lat' dir='ltr'><strong>in</strong></span> <span class='ocrx_word' id='word_1_518' title='bbox 3684 3127 3877 3223; x_wconf 70' lang='lat' dir='ltr'><strong>diebus</strong></span> 
     </span>
     <span class='ocr_line' id='line_1_90' title="bbox 2330 3225 3876 3309; baseline -0.007 -12"><span class='ocrx_word' id='word_1_519' title='bbox 2330 3225 2664 3297; x_wconf 87' lang='lat' dir='ltr'><strong>Dominicis</strong></span> <span class='ocrx_word' id='word_1_520' title='bbox 2726 3236 2871 3293; x_wconf 88' lang='lat' dir='ltr'><strong>ante</strong></span> <span class='ocrx_word' id='word_1_521' title='bbox 2930 3225 3175 3293; x_wconf 75' lang='lat' dir='ltr'><strong>Missam</strong></span> <span class='ocrx_word' id='word_1_522' title='bbox 3230 3225 3641 3308; x_wconf 80' lang='lat' dir='ltr'><strong>solemnem,</strong></span> <span class='ocrx_word' id='word_1_523' title='bbox 3685 3231 3876 3309; x_wconf 68' lang='lat' dir='ltr'><strong>peram</strong></span> 
     </span>
     <span class='ocr_line' id='line_1_91' title="bbox 2325 3309 3877 3400; baseline -0.006 -17"><span class='ocrx_word' id='word_1_524' title='bbox 2325 3316 2550 3384; x_wconf 88' lang='lat' dir='ltr'><strong>solitae</strong></span> <span class='ocrx_word' id='word_1_525' title='bbox 2581 3334 2706 3383; x_wconf 93' lang='lat' dir='ltr'><strong>non</strong></span> <span class='ocrx_word' id='word_1_526' title='bbox 2736 3314 3002 3400; x_wconf 89' lang='lat' dir='ltr'><strong>quidem</strong></span> <span class='ocrx_word' id='word_1_527' title='bbox 3034 3335 3067 3379; x_wconf 91' lang='lat' dir='ltr'><strong>a</strong></span> <span class='ocrx_word' id='word_1_528' title='bbox 3096 3313 3503 3399; x_wconf 77' lang='lat' dir='ltr'><strong>celebrante,</strong></span> <span class='ocrx_word' id='word_1_529' title='bbox 3538 3313 3657 3380; x_wconf 89' lang='lat' dir='ltr'><strong>sed</strong></span> <span class='ocrx_word' id='word_1_530' title='bbox 3689 3330 3721 3375; x_wconf 89' lang='lat' dir='ltr'><strong>a</strong></span> <span class='ocrx_word' id='word_1_531' title='bbox 3748 3309 3877 3392; x_wconf 83' lang='lat' dir='ltr'><strong>Cap-</strong></span> 
     </span>
     <span class='ocr_line' id='line_1_92' title="bbox 2328 3400 3796 3496; baseline -0.003 -24"><span class='ocrx_word' id='word_1_532' title='bbox 2328 3405 2586 3496; x_wconf 94' lang='lat' dir='ltr'><strong>pellano</strong></span> <span class='ocrx_word' id='word_1_533' title='bbox 2633 3402 2825 3472; x_wconf 89' lang='lat' dir='ltr'><strong>Chori</strong></span> <span class='ocrx_word' id='word_1_534' title='bbox 2875 3420 3022 3471; x_wconf 90' lang='lat' dir='ltr'><strong>cum</strong></span> <span class='ocrx_word' id='word_1_535' title='bbox 3064 3400 3389 3489; x_wconf 73' lang='lat' dir='ltr'><strong>pluviali?</strong></span> <span class='ocrx_word' id='word_1_536' title='bbox 3784 3483 3796 3496; x_wconf 45' lang='lat'><strong>·</strong></span> 
     </span>
    </p>

    <p class='ocr_par' dir='ltr' id='par_1_16' title="bbox 2327 3486 3877 3825">
     <span class='ocr_line' id='line_1_93' title="bbox 2463 3486 3877 3578; baseline -0.007 -17"><span class='ocrx_word' id='word_1_537' title='bbox 2463 3495 2566 3561; x_wconf 79' lang='grc'><strong>12.</strong></span> <span class='ocrx_word' id='word_1_538' title='bbox 2618 3495 2846 3560; x_wconf 88' lang='lat' dir='ltr'><strong>Utrum</strong></span> <span class='ocrx_word' id='word_1_539' title='bbox 2882 3490 2944 3557; x_wconf 87' lang='lat' dir='ltr'><strong>vi</strong></span> <span class='ocrx_word' id='word_1_540' title='bbox 2975 3501 3249 3557; x_wconf 86' lang='lat' dir='ltr'><strong>assertae</strong></span> <span class='ocrx_word' id='word_1_541' title='bbox 3279 3486 3757 3558; x_wconf 87' lang='lat' dir='ltr'><strong>consuetudinis</strong></span> <span class='ocrx_word' id='word_1_542' title='bbox 3785 3498 3877 3578; x_wconf 66' lang='lat'>¹¹¹¹?</span> 
     </span>
     <span class='ocr_line' id='line_1_94' title="bbox 2328 3574 3876 3651; baseline -0.011 0"><span class='ocrx_word' id='word_1_543' title='bbox 2328 3580 2755 3651; x_wconf 87' lang='lat' dir='ltr'><strong>memorabilis</strong></span> <span class='ocrx_word' id='word_1_544' title='bbox 2802 3580 2989 3646; x_wconf 89' lang='lat' dir='ltr'><strong>liceat</strong></span> <span class='ocrx_word' id='word_1_545' title='bbox 3034 3577 3347 3646; x_wconf 89' lang='lat' dir='ltr'><strong>Canonico</strong></span> <span class='ocrx_word' id='word_1_546' title='bbox 3392 3574 3752 3646; x_wconf 87' lang='lat' dir='ltr'><strong>Celebranti</strong></span> <span class='ocrx_word' id='word_1_547' title='bbox 3802 3577 3876 3634; x_wconf 79' lang='lat' dir='ltr'><strong>uu</strong></span> 
     </span>
     <span class='ocr_line' id='line_1_95' title="bbox 2327 3658 3875 3825; baseline -0.006 -88"><span class='ocrx_word' id='word_1_548' title='bbox 2327 3670 2647 3825; x_wconf 63' lang='lat' dir='ltr'><strong>P!²¹Vi¹¹³¹‘{</strong></span> <span class='ocrx_word' id='word_1_549' title='bbox 2689 3689 2807 3757; x_wconf 91' lang='lat' dir='ltr'><strong>pro</strong></span> <span class='ocrx_word' id='word_1_550' title='bbox 2853 3667 3352 3754; x_wconf 73' lang='lat' dir='ltr'><strong>genuflectendo</strong></span> <span class='ocrx_word' id='word_1_551' title='bbox 3399 3686 3613 3735; x_wconf 86' lang='lat' dir='ltr'><strong>coram</strong></span> <span class='ocrx_word' id='word_1_552' title='bbox 3651 3658 3875 3733; x_wconf 76' lang='lat' dir='ltr'><strong>Archio-</strong></span> 
     </span>
    </p>

    <p class='ocr_par' dir='ltr' id='par_1_17' title="bbox 2326 3777 3876 4536">
     <span class='ocr_line' id='line_1_96' title="bbox 2376 3777 3851 3844; baseline -0.005 -18"><span class='ocrx_word' id='word_1_553' title='bbox 2376 3777 2592 3844; x_wconf 78' lang='lat' dir='ltr'><strong>iscopo</strong></span> <span class='ocrx_word' id='word_1_554' title='bbox 3840 3832 3851 3844; x_wconf 29' lang='grc' dir='ltr'>ι</span> 
     </span>
     <span class='ocr_line' id='line_1_97' title="bbox 2328 3780 3874 3917; baseline -0.005 -3"><span class='ocrx_word' id='word_1_555' title='bbox 2328 3780 2373 3850; x_wconf 72' lang='lat' dir='ltr'>p</span> <span class='ocrx_word' id='word_1_556' title='bbox 2463 3849 2566 3913; x_wconf 83' lang='grc'><strong>13.</strong></span> <span class='ocrx_word' id='word_1_557' title='bbox 2615 3850 2844 3914; x_wconf 89' lang='lat' dir='ltr'><strong>Utrum</strong></span> <span class='ocrx_word' id='word_1_558' title='bbox 2890 3843 3233 3912; x_wconf 87' lang='lat' dir='ltr'><strong>Celebrans</strong></span> <span class='ocrx_word' id='word_1_559' title='bbox 3281 3844 3345 3911; x_wconf 92' lang='lat' dir='ltr'><strong>iu</strong></span> <span class='ocrx_word' id='word_1_560' title='bbox 3389 3844 3569 3912; x_wconf 73' lang='lat' dir='ltr'><strong>Missa</strong></span> <span class='ocrx_word' id='word_1_561' title='bbox 3599 3842 3874 3917; x_wconf 83' lang='lat' dir='ltr'><strong>Solemm,</strong></span> 
     </span>
     <span class='ocr_line' id='line_1_98' title="bbox 2331 3925 3875 4023; baseline -0.005 -21"><span class='ocrx_word' id='word_1_562' title='bbox 2331 3951 2533 4023; x_wconf 88' lang='lat' dir='ltr'><strong>quum</strong></span> <span class='ocrx_word' id='word_1_563' title='bbox 2576 3934 2694 4001; x_wconf 91' lang='lat' dir='ltr'><strong>sibi</strong></span> <span class='ocrx_word' id='word_1_564' title='bbox 2728 3945 2825 4001; x_wconf 89' lang='lat' dir='ltr'><strong>est</strong></span> <span class='ocrx_word' id='word_1_565' title='bbox 2854 3933 3220 4001; x_wconf 89' lang='lat' dir='ltr'><strong>sedendum</strong></span> <span class='ocrx_word' id='word_1_566' title='bbox 3259 3934 3416 4000; x_wconf 89' lang='lat' dir='ltr'><strong>dum</strong></span> <span class='ocrx_word' id='word_1_567' title='bbox 3449 3943 3734 4001; x_wconf 87' lang='lat' dir='ltr'><strong>cantatur</strong></span> <span class='ocrx_word' id='word_1_568' title='bbox 3763 3925 3875 3994; x_wconf 78' lang='lat' dir='ltr'><strong>Glo-</strong></span> 
     </span>
     <span class='ocr_line' id='line_1_99' title="bbox 2331 4009 3875 4111; baseline -0.006 -19"><span class='ocrx_word' id='word_1_569' title='bbox 2331 4029 2439 4092; x_wconf 82' lang='lat' dir='ltr'><strong>ria</strong></span> <span class='ocrx_word' id='word_1_570' title='bbox 2486 4027 2559 4090; x_wconf 78' lang='lat' dir='ltr'><strong>in</strong></span> <span class='ocrx_word' id='word_1_571' title='bbox 2588 4023 2851 4091; x_wconf 77' lang='lat' dir='ltr'><strong>excelsis</strong></span> <span class='ocrx_word' id='word_1_572' title='bbox 2883 4033 2951 4090; x_wconf 90' lang='lat' dir='ltr'><strong>et</strong></span> <span class='ocrx_word' id='word_1_573' title='bbox 2986 4021 3206 4103; x_wconf 79' lang='lat' dir='ltr'><strong>Credo,</strong></span> <span class='ocrx_word' id='word_1_574' title='bbox 3243 4039 3521 4111; x_wconf 74' lang='lat' dir='ltr'><strong>pergere</strong></span> <span class='ocrx_word' id='word_1_575' title='bbox 3568 4023 3790 4091; x_wconf 87' lang='lat' dir='ltr'><strong>debeat</strong></span> <span class='ocrx_word' id='word_1_576' title='bbox 3815 4009 3875 4078; x_wconf 82' lang='lat' dir='ltr'><strong>ad</strong></span> 
     </span>
     <span class='ocr_line' id='line_1_100' title="bbox 2330 4097 3873 4200; baseline -0.007 -19"><span class='ocrx_word' id='word_1_577' title='bbox 2330 4116 2668 4181; x_wconf 87' lang='lat' dir='ltr'><strong>Scamnum</strong></span> <span class='ocrx_word' id='word_1_578' title='bbox 2715 4113 2926 4200; x_wconf 88' lang='lat' dir='ltr'><strong>capite</strong></span> <span class='ocrx_word' id='word_1_579' title='bbox 2958 4120 3210 4196; x_wconf 89' lang='lat' dir='ltr'><strong>operto,</strong></span> <span class='ocrx_word' id='word_1_580' title='bbox 3248 4120 3312 4178; x_wconf 91' lang='lat' dir='ltr'><strong>et</strong></span> <span class='ocrx_word' id='word_1_581' title='bbox 3343 4110 3430 4177; x_wconf 92' lang='lat' dir='ltr'><strong>ita</strong></span> <span class='ocrx_word' id='word_1_582' title='bbox 3460 4107 3790 4179; x_wconf 89' lang='lat' dir='ltr'><strong>redeundo</strong></span> <span class='ocrx_word' id='word_1_583' title='bbox 3813 4097 3873 4165; x_wconf 79' lang='lat' dir='ltr'><strong>ad</strong></span> 
     </span>
     <span class='ocr_line' id='line_1_101' title="bbox 2329 4198 3875 4280; baseline -0.005 -14"><span class='ocrx_word' id='word_1_584' title='bbox 2329 4201 2541 4267; x_wconf 76' lang='lat' dir='ltr'><strong>Altare</strong></span> <span class='ocrx_word' id='word_1_585' title='bbox 2573 4214 2592 4279; x_wconf 91' lang='grc'><strong>;</strong></span> <span class='ocrx_word' id='word_1_586' title='bbox 2640 4221 2711 4267; x_wconf 88' lang='lat' dir='ltr'><strong>ac</strong></span> <span class='ocrx_word' id='word_1_587' title='bbox 2756 4212 2976 4267; x_wconf 90' lang='lat' dir='ltr'><strong>utrum</strong></span> <span class='ocrx_word' id='word_1_588' title='bbox 3006 4199 3083 4265; x_wconf 85' lang='lat' dir='ltr'><strong>ad</strong></span> <span class='ocrx_word' id='word_1_589' title='bbox 3118 4217 3227 4265; x_wconf 88' lang='lat' dir='ltr'><strong>eos</strong></span> <span class='ocrx_word' id='word_1_590' title='bbox 3258 4199 3609 4267; x_wconf 89' lang='lat' dir='ltr'><strong>versiculos</strong></span> <span class='ocrx_word' id='word_1_591' title='bbox 3638 4198 3715 4265; x_wconf 87' lang='lat' dir='ltr'><strong>ad</strong></span> <span class='ocrx_word' id='word_1_592' title='bbox 3743 4205 3875 4280; x_wconf 81' lang='lat' dir='ltr'><strong>quos</strong></span> 
     </span>
     <span class='ocr_line' id='line_1_102' title="bbox 2326 4276 3876 4379; baseline -0.005 -24"><span class='ocrx_word' id='word_1_593' title='bbox 2326 4287 2443 4356; x_wconf 89' lang='lat' dir='ltr'><strong>sibi</strong></span> <span class='ocrx_word' id='word_1_594' title='bbox 2492 4298 2590 4355; x_wconf 87' lang='lat' dir='ltr'><strong>est</strong></span> <span class='ocrx_word' id='word_1_595' title='bbox 2618 4288 3077 4371; x_wconf 88' lang='lat' dir='ltr'><strong>inclinandum,</strong></span> <span class='ocrx_word' id='word_1_596' title='bbox 3112 4298 3390 4376; x_wconf 81' lang='lat' dir='ltr'><strong>excepto</strong></span> <span class='ocrx_word' id='word_1_597' title='bbox 3422 4287 3559 4355; x_wconf 90' lang='lat' dir='ltr'><strong>solo</strong></span> <span class='ocrx_word' id='word_1_598' title='bbox 3590 4276 3876 4379; x_wconf 80' lang='lat' dir='ltr'><strong>versiculo</strong></span> 
     </span>
     <span class='ocr_line' id='line_1_103' title="bbox 2328 4374 3875 4466; baseline -0.005 -23"><span class='ocrx_word' id='word_1_599' title='bbox 2328 4380 2414 4443; x_wconf 85' lang='lat' dir='ltr'><strong>Et</strong></span> <span class='ocrx_word' id='word_1_600' title='bbox 2458 4380 2850 4445; x_wconf 71' lang='lat' dir='ltr'><strong>incarnatus</strong></span> <span class='ocrx_word' id='word_1_601' title='bbox 2893 4387 3007 4455; x_wconf 77' lang='lat' dir='ltr'><strong>est,</strong></span> <span class='ocrx_word' id='word_1_602' title='bbox 3063 4385 3357 4443; x_wconf 90' lang='lat' dir='ltr'><strong>contecto</strong></span> <span class='ocrx_word' id='word_1_603' title='bbox 3409 4374 3653 4466; x_wconf 88' lang='lat' dir='ltr'><strong>pariter</strong></span> <span class='ocrx_word' id='word_1_604' title='bbox 3701 4374 3875 4456; x_wconf 74' lang='lat' dir='ltr'><strong>capite</strong></span> 
     </span>
     <span class='ocr_line' id='line_1_104' title="bbox 2333 4463 3010 4536; baseline 0 -3"><span class='ocrx_word' id='word_1_605' title='bbox 2333 4465 2393 4536; x_wconf 86' lang='lat' dir='ltr'><strong>ei</strong></span> <span class='ocrx_word' id='word_1_606' title='bbox 2441 4464 2626 4531; x_wconf 90' lang='lat' dir='ltr'><strong>liceat</strong></span> <span class='ocrx_word' id='word_1_607' title='bbox 2671 4463 3010 4533; x_wconf 74' lang='lat' dir='ltr'><strong>inclinari?</strong></span> 
     </span>
    </p>

    <p class='ocr_par' dir='ltr' id='par_1_18' title="bbox 2328 4546 3878 5438">
     <span class='ocr_line' id='line_1_105' title="bbox 2468 4546 3875 4640; baseline -0.004 -21"><span class='ocrx_word' id='word_1_608' title='bbox 2468 4556 2571 4619; x_wconf 72' lang='lat'><strong>14.</strong></span> <span class='ocrx_word' id='word_1_609' title='bbox 2613 4554 2925 4621; x_wconf 81' lang='lat' dir='ltr'><strong>omissum</strong></span> <span class='ocrx_word' id='word_1_610' title='bbox 2954 4571 3214 4640; x_wconf 86' lang='lat' dir='ltr'><strong>semper</strong></span> <span class='ocrx_word' id='word_1_611' title='bbox 3243 4552 3363 4620; x_wconf 82' lang='lat' dir='ltr'><strong>fuit</strong></span> <span class='ocrx_word' id='word_1_612' title='bbox 3392 4546 3875 4621; x_wconf 80' lang='lat' dir='ltr'><strong>Anniversarium</strong></span> 
     </span>
     <span class='ocr_line' id='line_1_106' title="bbox 2328 4626 3876 4742; baseline -0.001 -33"><span class='ocrx_word' id='word_1_613' title='bbox 2328 4660 2447 4732; x_wconf 91' lang='lat' dir='ltr'><strong>pro</strong></span> <span class='ocrx_word' id='word_1_614' title='bbox 2493 4641 2723 4709; x_wconf 92' lang='lat' dir='ltr'><strong>ultimo</strong></span> <span class='ocrx_word' id='word_1_615' title='bbox 2782 4641 3272 4742; x_wconf 83' lang='lat' dir='ltr'><strong>Archiepiscopo</strong></span> <span class='ocrx_word' id='word_1_616' title='bbox 3333 4642 3678 4726; x_wconf 82' lang='lat' dir='ltr'><strong>defuncto,</strong></span> <span class='ocrx_word' id='word_1_617' title='bbox 3733 4626 3876 4724; x_wconf 72' lang='lat' dir='ltr'><strong>quod</strong></span> 
     </span>
     <span class='ocr_line' id='line_1_107' title="bbox 2334 4723 3874 4823; baseline -0.001 -24"><span class='ocrx_word' id='word_1_618' title='bbox 2334 4750 2417 4799; x_wconf 82' lang='lat' dir='ltr'><strong>ex</strong></span> <span class='ocrx_word' id='word_1_619' title='bbox 2438 4728 2896 4802; x_wconf 78' lang='lat' dir='ltr'><strong>caeremoniali</strong></span> <span class='ocrx_word' id='word_1_620' title='bbox 2922 4735 3385 4818; x_wconf 81' lang='lat' dir='ltr'><strong>Episcoporum</strong></span> <span class='ocrx_word' id='word_1_621' title='bbox 3407 4729 3523 4797; x_wconf 89' lang='lat' dir='ltr'><strong>lib.</strong></span> <span class='ocrx_word' id='word_1_622' title='bbox 3542 4734 3610 4813; x_wconf 74' lang='lat'><strong>2,</strong></span> <span class='ocrx_word' id='word_1_623' title='bbox 3630 4723 3874 4823; x_wconf 45' lang='lat' dir='ltr'><strong>cap5362</strong></span> 
     </span>
     <span class='ocr_line' id='line_1_108' title="bbox 2333 4817 3877 4907; baseline -0.01 -19"><span class='ocrx_word' id='word_1_624' title='bbox 2333 4839 2481 4888; x_wconf 88' lang='lat' dir='ltr'><strong>cura</strong></span> <span class='ocrx_word' id='word_1_625' title='bbox 2527 4831 2593 4887; x_wconf 88' lang='lat' dir='ltr'><strong>et</strong></span> <span class='ocrx_word' id='word_1_626' title='bbox 2636 4817 2946 4907; x_wconf 87' lang='lat' dir='ltr'><strong>impensis</strong></span> <span class='ocrx_word' id='word_1_627' title='bbox 2990 4818 3260 4907; x_wconf 87' lang='lat' dir='ltr'><strong>Capituli</strong></span> <span class='ocrx_word' id='word_1_628' title='bbox 3311 4819 3648 4904; x_wconf 85' lang='lat' dir='ltr'><strong>quotannis</strong></span> <span class='ocrx_word' id='word_1_629' title='bbox 3684 4818 3877 4884; x_wconf 76' lang='lat' dir='ltr'><strong>iacien-</strong></span> 
     </span>
     <span class='ocr_line' id='line_1_109' title="bbox 2335 4902 3875 4993; baseline -0.007 -17"><span class='ocrx_word' id='word_1_630' title='bbox 2335 4908 2492 4976; x_wconf 90' lang='lat' dir='ltr'><strong>dum</strong></span> <span class='ocrx_word' id='word_1_631' title='bbox 2515 4918 2637 4976; x_wconf 86' lang='lat' dir='ltr'><strong>est.</strong></span> <span class='ocrx_word' id='word_1_632' title='bbox 2656 4912 2880 4976; x_wconf 84' lang='lat' dir='ltr'><strong>Putant</strong></span> <span class='ocrx_word' id='word_1_633' title='bbox 2903 4906 3163 4993; x_wconf 91' lang='lat' dir='ltr'><strong>quidam</strong></span> <span class='ocrx_word' id='word_1_634' title='bbox 3183 4905 3478 4974; x_wconf 87' lang='lat' dir='ltr'><strong>Canonici</strong></span> <span class='ocrx_word' id='word_1_635' title='bbox 3499 4925 3568 4973; x_wconf 91' lang='lat' dir='ltr'><strong>se</strong></span> <span class='ocrx_word' id='word_1_636' title='bbox 3593 4906 3670 4975; x_wconf 90' lang='lat' dir='ltr'><strong>ad</strong></span> <span class='ocrx_word' id='word_1_637' title='bbox 3696 4902 3753 4971; x_wconf 89' lang='lat' dir='ltr'><strong>id</strong></span> <span class='ocrx_word' id='word_1_638' title='bbox 3775 4911 3875 4965; x_wconf 81' lang='lat' dir='ltr'><strong>non</strong></span> 
     </span>
     <span class='ocr_line' id='line_1_110' title="bbox 2334 4989 3877 5083; baseline -0.003 -20"><span class='ocrx_word' id='word_1_639' title='bbox 2334 4996 2573 5081; x_wconf 91' lang='lat' dir='ltr'><strong>teneri,</strong></span> <span class='ocrx_word' id='word_1_640' title='bbox 2624 5012 2759 5064; x_wconf 89' lang='lat' dir='ltr'><strong>tum</strong></span> <span class='ocrx_word' id='word_1_641' title='bbox 2805 4995 2951 5083; x_wconf 86' lang='lat' dir='ltr'><strong>quia</strong></span> <span class='ocrx_word' id='word_1_642' title='bbox 2998 4994 3172 5062; x_wconf 92' lang='lat' dir='ltr'><strong>omni</strong></span> <span class='ocrx_word' id='word_1_643' title='bbox 3218 5008 3513 5082; x_wconf 89' lang='lat' dir='ltr'><strong>tempore</strong></span> <span class='ocrx_word' id='word_1_644' title='bbox 3554 4994 3778 5061; x_wconf 77' lang='lat' dir='ltr'><strong>factum</strong></span> <span class='ocrx_word' id='word_1_645' title='bbox 3802 4989 3877 5080; x_wconf 54' lang='lat'><strong>0⁸}</strong></span> 
     </span>
     <span class='ocr_line' id='line_1_111' title="bbox 2335 5079 3876 5170; baseline -0.003 -21"><span class='ocrx_word' id='word_1_646' title='bbox 2335 5084 2444 5169; x_wconf 91' lang='lat' dir='ltr'><strong>ita,</strong></span> <span class='ocrx_word' id='word_1_647' title='bbox 2492 5095 2631 5152; x_wconf 91' lang='lat' dir='ltr'><strong>tum</strong></span> <span class='ocrx_word' id='word_1_648' title='bbox 2690 5085 2839 5170; x_wconf 86' lang='lat' dir='ltr'><strong>quia</strong></span> <span class='ocrx_word' id='word_1_649' title='bbox 2899 5085 3269 5152; x_wconf 87' lang='lat' dir='ltr'><strong>decessores</strong></span> <span class='ocrx_word' id='word_1_650' title='bbox 3316 5079 3801 5170; x_wconf 80' lang='lat' dir='ltr'><strong>Archiepiscopi,</strong></span> <span class='ocrx_word' id='word_1_651' title='bbox 3837 5091 3876 5136; x_wconf 74' lang='lat'><strong>8¹</strong></span> 
     </span>
     <span class='ocr_line' id='line_1_112' title="bbox 2335 5168 3878 5259; baseline -0.001 -22"><span class='ocrx_word' id='word_1_652' title='bbox 2335 5172 2648 5259; x_wconf 89' lang='lat' dir='ltr'><strong>aliquibus</strong></span> <span class='ocrx_word' id='word_1_653' title='bbox 2695 5172 2871 5241; x_wconf 90' lang='lat' dir='ltr'><strong>cordi</strong></span> <span class='ocrx_word' id='word_1_654' title='bbox 2903 5173 3023 5240; x_wconf 76' lang='lat' dir='ltr'><strong>fuit</strong></span> <span class='ocrx_word' id='word_1_655' title='bbox 3056 5171 3176 5240; x_wconf 88' lang='lat' dir='ltr'><strong>hoc</strong></span> <span class='ocrx_word' id='word_1_656' title='bbox 3206 5191 3416 5239; x_wconf 91' lang='lat' dir='ltr'><strong>annuo</strong></span> <span class='ocrx_word' id='word_1_657' title='bbox 3446 5170 3739 5259; x_wconf 72' lang='lat' dir='ltr'><strong>suffragio</strong></span> <span class='ocrx_word' id='word_1_658' title='bbox 3766 5168 3878 5255; x_wconf 57' lang='lat' dir='ltr'><strong>pot»t</strong></span> 
     </span>
     <span class='ocr_line' id='line_1_113' title="bbox 2334 5260 3878 5350; baseline -0.005 -24"><span class='ocrx_word' id='word_1_659' title='bbox 2334 5272 2611 5328; x_wconf 88' lang='lat' dir='ltr'><strong>mortem</strong></span> <span class='ocrx_word' id='word_1_660' title='bbox 2641 5260 2762 5327; x_wconf 81' lang='lat' dir='ltr'><strong>frui</strong></span> <span class='ocrx_word' id='word_1_661' title='bbox 2803 5281 3014 5350; x_wconf 88' lang='lat' dir='ltr'><strong>posse,</strong></span> <span class='ocrx_word' id='word_1_662' title='bbox 3051 5278 3367 5349; x_wconf 78' lang='lat' dir='ltr'><strong>congruos</strong></span> <span class='ocrx_word' id='word_1_663' title='bbox 3411 5278 3640 5328; x_wconf 90' lang='lat' dir='ltr'><strong>census</strong></span> <span class='ocrx_word' id='word_1_664' title='bbox 3671 5261 3878 5325; x_wconf 71' lang='lat' dir='ltr'><strong>Mensae</strong></span> 
     </span>
     <span class='ocr_line' id='line_1_114' title="bbox 2334 5345 3621 5438; baseline -0.001 -23"><span class='ocrx_word' id='word_1_665' title='bbox 2334 5347 2677 5438; x_wconf 75' lang='lat' dir='ltr'><strong>capitulari</strong></span> <span class='ocrx_word' id='word_1_666' title='bbox 2724 5347 2788 5416; x_wconf 89' lang='lat' dir='ltr'><strong>in</strong></span> <span class='ocrx_word' id='word_1_667' title='bbox 2834 5360 3225 5437; x_wconf 84' lang='lat' dir='ltr'><strong>perpetuum</strong></span> <span class='ocrx_word' id='word_1_668' title='bbox 3272 5345 3621 5437; x_wconf 70' lang='lat' dir='ltr'><strong>legarunt?</strong></span> 
     </span>
    </p>
   </div>
   <div class='ocr_carea' id='block_1_4' title="bbox 3957 451 3960 1037">
    <p class='ocr_par' dir='ltr' id='par_1_19' title="bbox 3957 451 3960 1037">
     <span class='ocr_line' id='line_1_115' title="bbox 3957 451 3960 1037; baseline 0 0"><span class='ocrx_word' id='word_1_669' title='bbox 3957 451 3960 1037; x_wconf 95' lang='lat' dir='ltr'><strong> </strong></span> 
     </span>
    </p>
   </div>
  </div>
 </body>
</html>
