4042 5950
2074 291 2177 305 -—
2230 242 2546 325 274-

667 412 1026 501 prudenter
1071 406 1565 475 occurrendum.
1620 409 1803 474 Sacra
1833 406 2046 492 itaque
2089 408 2251 472 con-

670 499 958 587 gregatio
1005 496 1071 563 in
1116 515 1232 561 suo
1280 503 1345 561 et
1393 494 1844 562 consultorum
1903 513 2094 560 sensu
2151 512 2251 559 re·

667 587 981 676 spondet:
1031 584 1205 670 quod
1239 582 1291 648 si
1323 582 1700 684 Amplitudo
1732 586 1877 683 Tua·
1895 581 2255 670 prudenter

673 673 912 741 iudicet
956 691 1197 739 moram
1247 682 1596 757 temporis,
1647 689 1809 756 quae
1862 683 2033 736 inter
2078 667 2303 759 Ordi-¹

673 762 994 829 nationem
1025 762 1255 827 horum
1278 757 1824 826 Subdiaconorum
1855 758 1920 825 in
1949 757 2254 825 Diaconos

674 859 740 915 et
784 851 1312 938 supplementum
1358 847 1652 914 defectus
1699 846 2087 930 intercessit,
2124 858 2255 912 tan·

674 949 801 1005 tam
873 939 1067 1006 fuisse
1132 947 1204 1003 ut
1262 934 1515 1002 moralis
1585 933 1946 1001 coniunctio
2015 933 2258 1000 formae

676 1045 824 1093 cum
871 1024 1212 1093 traditione
1263 1024 1563 1091 materiae
1608 1022 1836 1088 merito
1892 1021 2063 1089 haud
2109 1041 2258 1088 cen·

676 1123 891 1181 seatur
936 1114 1225 1201 abrupta,
1276 1112 1604 1179 Ordinatos
1649 1110 2018 1178 huiusmodi
2067 1109 2260 1176 relin-

679 1222 883 1288 quere
927 1201 1125 1289 possit
1171 1201 1235 1268 in
1281 1221 1388 1266 sua
1435 1199 1595 1266 bona
1645 1199 1772 1267 fide
1818 1198 2260 1298 quoadprae·

557 1288 566 1315 ⁸
684 1290 980 1374 teritum,
1030 1301 1096 1354 et
1141 1311 1171 1354 a
1217 1288 1503 1376 qualibet
1561 1287 1979 1376 suspensione
2043 1305 2109 1353 tn
2155 1305 2264 1385 P⁰t

682 1390 925 1444 sterum
990 1378 1308 1444 absolutos
1379 1377 1740 1460 declarare,
1792 1385 2103 1462 qnatenus
2166 1393 2264 1440 sui

678 1466 929 1533 Ordinis
975 1464 1255 1532 officium
1304 1463 1559 1550 publice
1594 1473 1724 1530 tuta
1760 1461 2143 1530 conscientia
2187 1461 2263 1549 (si

683 1554 854 1620 alind
916 1573 1045 1620 non
1107 1554 1315 1620 obstet
1383 1551 1951 1639 impedimentum)
2003 1571 2121 1638 pro
2167 1570 2263 1616 ra-

687 1641 859 1708 tione
926 1641 1023 1708 sui
1090 1652 1286 1706 status
1356 1640 1560 1706 libere
1614 1641 1865 1707 valeant
1927 1657 2259 1705 exercere.

688 1729 754 1796 Si
808 1749 962 1796 vero
1009 1728 1261 1795 dubitet
1317 1738 1561 1795 tantum
1608 1728 1798 1795 fuisse
1845 1726 2155 1815 temporis
2201 1735 2266 1793 et

686 1817 1082 1884 diversarum
1131 1815 1571 1903 operationum
1623 1816 2172 1903 intercapedinem
2206 1825 2271 1881 et

687 1904 1061 1972 varietatem
1089 1955 1107 1989 ,
1155 1914 1226 1971 ut
1272 1904 1480 1971 hiatus
1542 1906 1659 1971 iste
1705 1904 1875 1971 inter
1917 1902 2268 1970 OrdinatIo-

688 2012 838 2060 nem
885 2003 949 2058 et
995 1992 1520 2081 supplementum
1570 1992 1863 2061 defectus
1893 1992 2071 2058 nulla
2117 2010 2267 2079 pro-

688 2082 982 2148 batorum
1026 2085 1378 2148 Auctorum
1413 2080 1939 2169 interpretatione
1971 2077 2269 2164 coniungi

693 2170 926 2257 possit;
979 2179 1129 2236 tunc
1163 2169 1423 2253 iterum,
1457 2169 1510 2234 si
1544 2188 1691 2235 cum
1722 2168 2061 2237 traditione
2095 2167 2271 2256 prius

696 2257 923 2323 omissa
981 2256 1148 2324 Libri
1209 2257 1706 2343 Evangeliorum
1765 2257 1951 2323 simul
2001 2255 2272 2343 protulit

691 2346 990 2429 formam,
1017 2346 1170 2412 sciat
1193 2365 1262 2411 se
1287 2364 1474 2432 posse
1504 2346 1940 2429 acquiescere,
1969 2356 2035 2410 et
2060 2345 2140 2410 ita
2163 2347 2273 2410 Or-

693 2432 940 2500 dinatos
974 2433 1037 2499 in
1060 2452 1318 2499 suorum
1351 2434 1659 2500 Ordinum
1692 2433 2000 2500 exercitio
2033 2431 2274 2518 pariter

694 2520 1173 2605 acquiescentes
1204 2521 1556 2588 dimittere.
1586 2523 1647 2588 Si
1675 2541 1829 2587 vero
1859 2521 2058 2586 solam
2084 2520 2273 2586 tradi-

695 2608 788 2674 dit
819 2607 1152 2695 partialem
1194 2608 1521 2676 materiam
1566 2608 1736 2674 Libri
1786 2608 2272 2696 Evangeliorum

695 2696 831 2762 sine
876 2697 1111 2773 forma;
1164 2697 1360 2763 tutius
1405 2697 1550 2782 erit,
1585 2696 1636 2762 si
1667 2716 1784 2783 pro
1814 2695 2129 2764 Ordinatis
2156 2698 2276 2763 bu-

696 2783 971 2851 iusmodi
1033 2793 1215 2849 caute
1269 2796 1333 2850 et
1378 2795 1648 2851 secreto·
1687 2805 1809 2872 sup
1859 2786 1983 2851 leat
2045 2803 2277 2872 oppor-

697 2883 853 2938 tuno
914 2882 1206 2958 tempore
1271 2872 1639 2958 defectum,
1693 2883 1784 2939 tra
1836 2873 2098 2940 itionem
2147 2892 2275 2939 ma-

701 2959 896 3026 teriae
941 2958 1135 3026 simul
1206 2980 1353 3028 cum
1420 2960 1778 3049 prolatione
1821 2980 1970 3028 suae
2035 2961 2278 3029 formae

701 3049 1078 3135 repetendo.
1146 3051 1279 3126 Quo
1341 3051 1404 3117 in
1455 3069 1640 3129 casu,
1688 3050 1739 3115 si
1786 3051 1862 3117 ad
1910 3050 2278 3117 huiusmodi

697 3137 1224 3226 supplementum
1259 3149 1514 3226 tempus
1546 3138 1872 3226 proximae
1895 3138 2146 3206 futurae
2170 3140 2278 3205 Or-

700 3224 1039 3291 dinationis
1084 3246 1117 3291 a
1164 3229 1415 3295 canone
1477 3227 1888 3294 constitutum
1955 3226 2280 3312 expectari

698 3325 975 3399 nequeat
1027 3314 1107 3381 ob
1154 3317 1513 3403 periculum
1558 3316 1833 3383 scandali
1879 3317 1986 3383 vel
2019 3316 2101 3382 ob
2134 3317 2281 3383 alias

701 3420 828 3468 non
883 3401 1043 3469 levis
1094 3403 1404 3470 momenti
1459 3423 1703 3469 caussas
1758 3414 1822 3470 et
1871 3405 2280 3471 circumstan-

701 3490 854 3571 tias,
893 3508 1057 3575 ⁴quas
1118 3491 1489 3577 Amplitudo
1551 3495 1679 3557 Tua
1740 3493 1941 3581 probe
2004 3492 2279 3575 noverit,

701 3595 822 3643 nec
870 3577 1041 3644 aliud
1074 3578 1281 3645 obstet
1312 3578 1885 3665 impedimentum;
1933 3582 2174 3668 poterit
2206 3582 2281 3648 ab

705 3664 1056 3729 interstitiis
1088 3665 1455 3753 dispensare
1487 3678 1552 3733 et
1595 3669 1889 3754 proximo
1923 3689 2135 3756 quove
2168 3674 2282 3736 Fe-

702 3760 799 3817 sto
846 3750 1175 3819 defectum
1224 3754 1620 3841 praedictum
1671 3758 2025 3843 prudenter
2072 3770 2137 3825 et
2183 3778 2280 3823 se·

705 3848 881 3905 creto
938 3842 1271 3927 supplere.
1337 3842 1514 3919 Quod
1574 3844 1650 3910 ad
1704 3846 1981 3912 clericos
2041 3856 2286 3933 spectat

706 3927 1070 4027 SeculareS,
1123 3930 1207 3997 de
1254 3929 1484 4017 quibus
1544 3944 1736 4017 prout
1785 3932 1845 3999 in
1893 3954 2040 4001 casu
2086 3955 2283 4021 expo·

705 4026 879 4082 nitur
922 4016 1247 4083 dubitatur
1279 4038 1355 4084 an
1404 4018 1656 4085 omissio
1689 4022 1913 4087 eadem
1953 4022 2280 4109 acciderit,

706 4122 928 4170 curare
979 4124 1097 4191 pro
1155 4126 1267 4173 sua
1336 4107 1670 4194 prudentia
1729 4110 2099 4195 Amplitudo
2154 4115 2282 4176 Tua

705 4192 948 4280 poterit
991 4205 1063 4260 ut
1107 4194 1386 4262 Ordinati
1441 4194 1806 4263 huiusmodi
1856 4200 2281 4277 innotescant3

709 4281 910 4368 (quod
964 4300 1091 4348 non
1136 4283 1395 4350 videtur
1461 4293 1589 4350 tam
1648 4285 1902 4352 difficile
1949 4287 1999 4352 si
2044 4288 2285 4353 catalo—

709 4386 904 4455 gum,
954 4390 1148 4457 quem
1196 4373 1365 4459 apud
1412 4391 1480 4437 se
1542 4384 1718 4439 certe
1774 4373 2062 4462 habebit,
2125 4377 2284 4444 Sub-

709 4458 1120 4527 diaconorum
1153 4460 1217 4526 in
1241 4480 1310 4528 ea
1341 4461 1746 4528 Ordinatione
1771 4464 1847 4530 ad
1881 4463 2285 4531 Diaconatum

712 4557 1081 4615 erectorum
1149 4548 1505 4636 percurrat)
1567 4560 1632 4615 et
1692 4570 1801 4618 eos
1867 4552 1929 4617 in
1975 4572 2135 4639 quos
2181 4573 2282 4619 su-

709 4635 906 4724 spicio
974 4636 1335 4704 buinsmodi
1400 4637 1630 4703 cadere
1739 4650 1941 4725 otest,
1991 4651 2174 4707 caute
2224 4652 2288 4706 et

707 4735 956 4789 secreto
989 4725 1152 4791 circa
1200 4724 1563 4792 huiusmodi
1608 4727 1697 4794 dn
1745 4727 1873 4794 ium
1908 4728 2284 4816 interrogari

711 4809 919 4877 faciat.
967 4812 1029 4880 Si
1077 4832 1234 4899 quos
1283 4812 1477 4899 igitur
1524 4813 1862 4899 invenerit,
1913 4817 2141 4903 quibus
2185 4838 2288 4884 ea-

709 4897 862 4965 dem
911 4900 1179 4986 contigit
1211 4902 1487 4984 omissio,
1522 4901 1692 4969 idem
1738 4905 2078 4989 praestabit
2115 4908 2286 4992 quod

709 4988 1007 5074 superius
1054 4990 1293 5056 dictum
1349 5001 1445 5055 est
1494 4991 1579 5057 de
1622 4990 1871 5058 duobus
1919 4994 2283 5079 Religiosis3

711 5083 778 5138 et
834 5074 888 5138 si
944 5093 1056 5142 eos
1115 5078 1420 5145 Ordinem
1490 5079 1862 5146 Diaconatus
1931 5081 2087 5147 bona
2156 5082 2284 5148 fide

710 5160 1015 5230 hactenns
1062 5167 1422 5232 exercuisse
1473 5168 1823 5252 repererit,
1880 5189 1912 5233 a
1959 5171 2282 5255 censuris,

712 5259 1025 5333 quatenus
1073 5271 1230 5339 opus
1278 5253 1494 5334 fuerit,
1542 5252 1594 5317 si
1639 5253 1798 5320 nibil
1843 5256 2015 5322 aliud
2053 5256 2287 5343 obstet,

711 5336 1031 5423 absolvat,
1083 5350 1149 5406 et
1194 5341 1269 5406 ad
1333 5341 1617 5406 eiusdem
1684 5341 1932 5406 Ordinis
1999 5344 2282 5410 ministe-

2355 404 2522 472 rium
2581 416 2648 471 et
2713 403 2990 471 officium
3054 400 3118 469 in
3188 409 3553 490 posterum,
3630 409 3916 488 quatenus

2355 513 2516 581 opus
2563 492 2759 560 fuerit
2807 491 3268 575 exercendum,
3316 490 3438 556 hoc
3484 500 3581 555 est
3631 489 3709 555 ad
3745 489 3917 575 pieet

2356 581 2642 648 fideliter
2686 581 2752 647 in
2787 589 3089 670 suscepto
3116 579 3487 645 Diaconatus
3518 596 3797 643 munere
3826 578 3918 643 mi·

2357 668 2753 736 nistrandum
2807 679 2976 735 tutos
3022 667 3084 735 in
3135 665 3516 732 conscientia
3571 665 3918 733 declarabit.

2357 759 2563 835 Quum
2610 775 2727 843 per
2774 757 2886 823 has
2932 755 3378 843 responsiones
3435 752 3740 819 omnibus
3784 774 3813 817 a
3853 757 3921 819 'fe

2358 844 2664 933 expositis
2712 844 2905 912 fuerit
2952 855 3314 929 opportune
3363 841 3764 919 consultum,
3804 846 3920 908 Am-
3982 852 3983 885 ³

2361 933 2661 1023 plitudini
2709 938 2879 1000 Tuae
2928 933 3295 1000 diuturnam
3328 949 3408 996 ex
3441 930 3659 997 animo
3695 940 3918 1016 exopta-

2363 1040 2504 1088 mus
2552 1021 2945 1088 felicitatem.

2494 1109 2608 1176 Die
2661 1113 2738 1176 16
2785 1107 2946 1176 lunii
2998 1111 3187 1176 1837.

2365 1251 2633 1343 2⁷68„
2961 1253 3332 1341 Flamma.
3727 1250 3918 1337 (tait)

2494 1376 2859 1443 Novissimis
2881 1375 3222 1443 Ordinariis
3252 1377 3477 1442 Sacrae
3500 1372 3771 1441 Ritnum
3795 1377 3920 1441 con·
3982 1420 3983 1429 ι

2367 1464 2752 1552 gregationis
2797 1463 3081 1533 comitiis
3127 1463 3234 1530 die
3259 1466 3358 1556 ‚11
3408 1463 3613 1529 Martii
3662 1472 3921 1529 vertente

2367 1572 2527 1619 anno
2576 1552 2939 1619 coadunatis
2990 1551 3055 1617 in
3116 1555 3342 1619 caussa
3401 1550 3737 1617 Firmana:
3796 1553 3923 1616 con·

2370 1639 2819 1711 troversiarum
2880 1640 3046 1706 inter
3103 1644 3351 1706 Fratres
3401 1638 3661 1706 Ordinis
3714 1637 3923 1704 Eremi-
3982 1652 3983 1717 ἴ

2373 1739 2577 1795 tarum
2646 1729 2856 1796 Sancti
2922 1726 3259 1815 Augustini
3328 1737 3393 1792 et
3450 1726 3859 1794 Sodalitatem
3902 1746 3926 1789 a
3982 1720 3983 1733 ¹

2370 1818 2560 1884 Sacra
2603 1815 2796 1903 Spina
2846 1827 3273 1902 nuncupatam
3323 1834 3404 1881 ex
3448 1834 3573 1881 una
3599 1864 3618 1899 ,
3671 1825 3738 1880 et
3783 1814 3928 1900 capi-

2375 1905 2581 1971 tulum
2628 1902 3145 1993 Metropolitanae
3191 1902 3509 1970 Ecclesiae
3555 1902 3759 1969 simul
3811 1920 3929 1968 cum

2373 1992 2737 2079 magistratu
2780 1992 3067 2080 partibus
3115 2010 3194 2057 ex
3240 1992 3463 2075 altera,
3508 1990 3798 2058 discusso
3838 1989 3929 2055 du-

2374 2081 2519 2147 bio:
2555 2101 2594 2144 ‹
2627 2083 2724 2145 An
2753 2079 3025 2165 reliquia
3054 2082 3279 2147 Sacrae
3311 2081 3541 2167 Spinae
3570 2077 3932 2165 reportanda

2376 2169 2455 2235 sit
2500 2168 2578 2235 ad
2626 2168 2977 2235 Ecclesiam
3045 2172 3296 2235 Patrum
3346 2167 3930 2252 Augustinianorum

2376 2257 2439 2323 in
2470 2276 2617 2322 casu
2650 2254 2829 2324 etc.“?
2859 2279 2896 2322 ν
2945 2275 3150 2343 eoque
3183 2268 3562 2343 sequentem
3597 2256 3667 2321 in
3699 2254 3931 2321 formam

2380 2345 2698 2411 resoluto:
2751 2366 2788 2409 «
2820 2344 3234 2427 Affirmative,
3266 2344 3535 2411 servatis
3563 2342 3856 2409 omnibus
3881 2352 3932 2406 ιιι

2382 2444 2559 2500 erant
2583 2445 2727 2500 ante
2755 2432 3228 2500 translationem
3252 2433 3580 2518 Reliquiae
3606 2451 3777 2498 anno
3798 2432 3934 2498 1808
3982 2468 3983 2491 ι

2377 2531 2740 2607 peractam;
2791 2532 2855 2587 et
2898 2521 3170 2609 amplius
3201 2542 3265 2607 »ς
3319 2520 3489 2587 illico
3529 2519 3934 2588 controversia

2381 2612 2512 2697 ipsa
2559 2627 2677 2696 pro
2725 2621 2905 2696 parte
2966 2608 3354 2696 Magistratus
3420 2609 3701 2675 Firmani
3772 2607 3936 2674 finem

2380 2701 2654 2782 recepit.
2717 2697 2842 2764 Sed
2903 2697 3423 2786 metropolitanae
3483 2697 3811 2764 Ecclesiae
3852 2699 3939 2761 ca·

2379 2788 2659 2875 pitulum
2708 2805 2787 2851 ex
2835 2785 3129 2869 adverso,
3170 2804 3299 2851 non
3346 2786 3638 2852 obstante
3687 2784 3938 2852 clausula

2381 2874 2710 2963 Rescripto
2755 2874 2992 2956 addita,
3043 2893 3162 2959 qua
3210 2874 3760 2961 praecludebatur
3791 2872 3940 2937 locus
3982 2868 3983 2929 l

2382 2961 2874 3052 repropositioni
2922 2965 3212 3046 Caussae,
3263 2961 3498 3030 iterum
3542 2982 3751 3048 penes
3797 2957 3938 3027 Emi·
3982 2958 3983 3012 l

2382 3054 2827 3120 nentissimum
2862 3060 2927 3116 et
2955 3051 3588 3117 Reverendissimum
3621 3050 3941 3117 Dominum

2382 3140 2776 3209 cardinalem
2825 3138 3116 3207 carolum
3168 3140 3417 3206 Mariam
3465 3139 3752 3206 Pedicini
3817 3135 3938 3223 Epi·

2382 3248 2645 3316 scopum
2714 3228 3239 3311 Praenestinum,
3308 3231 3572 3296 Sanctae
3648 3231 3938 3294 Romanae

2382 3316 2702 3387 Ecclesiae
2763 3315 3423 3384 Vice-Cancellarium
3486 3325 3557 3381 et
3596 3314 3814 3383 eidem
3854 3316 3940 3380 Sa-

2385 3424 2640 3473 crorum
2708 3406 2968 3472 Rituum
3016 3403 3509 3492 congregationi
3566 3404 3940 3470 Praefectum

2389 3493 2651 3578 institit,
2713 3502 2786 3560 ut
2853 3512 3013 3560 nova
3080 3492 3175 3558 illi
3245 3492 3644 3560 tribueretur
3709 3489 3942 3559 facultas

2434 3579 2830 3648 raesentandi
2877 3583 3101 3647 saltem
3154 3581 3512 3669 supplicem
3565 3582 3843 3647 alterum
3882 3577 3939 3642 li-

2433 3671 2674 3752 ellum,
2723 3688 2849 3754 quo
2905 3669 3161 3756 aliquod
3226 3667 3487 3735 honoris
3555 3667 3941 3756 privilegium

2385 3757 2632 3843 assequi
2686 3759 2954 3841 valeret,
3001 3768 3340 3842 antequam
3408 3754 3693 3842 Reliquia
3744 3760 3939 3823 Sacrae

2389 3848 2617 3933 Spinae
2658 3844 2991 3933 pristinum
3031 3844 3093 3911 in
3127 3846 3340 3911 locum
3368 3855 3763 3932 reportetur.
3800 3841 3940 3909 Emi-

2387 3934 2795 4001 nentissimus
2855 3933 3199 4000 cardinalis
3270 3934 3631 3999 Praefectus
3691 3952 3771 3999 ex
3816 3948 3938 3997 con·

2388 4043 2559 4089 cessa
2598 4022 2716 4090 sibi
2766 4042 2798 4086 a
2844 4021 2982 4088 iure
3031 4021 3328 4088 facultate
3374 4020 3672 4109 precibus
3716 4035 3938 4108 morem

2390 4128 2646 4196 gerens,
2682 4110 2786 4177 die
2840 4111 2925 4176 10
2954 4110 3190 4198 Aprilis
3239 4110 3469 4176 eodem
3508 4109 3629 4177 hoc
3669 4117 3938 4177 vertente

2386 4215 2550 4265 anno
2598 4198 2952 4284 rescripsit:
3003 4219 3042 4262 ι
3075 4202 3193 4264 Pro
3227 4198 3422 4283 gratia
3452 4216 3655 4264 novae
3688 4197 3939 4265 Audien-

2390 4286 2537 4372 tiae,
2568 4285 2699 4352 -sed
2747 4288 2950 4373 quoad
2998 4286 3510 4355 honorificentias
3566 4297 3845 4368 tantum,
3885 4289 3939 4345 ut

2393 4376 2457 4441 in
2502 4374 2836 4461 precibus:
2908 4385 3299 4462 proponatur
3368 4385 3585 4441 autem
3654 4375 3723 4441 in
3769 4373 3937 4463 prima

2388 4466 2724 4530 Sacrorum
2771 4462 3032 4529 Rituum
3077 4463 3585 4551 congregatione
3613 4460 3937 4537 Ordinaria,

2387 4572 2457 4617 ac
2493 4551 2773 4638 partibus
2814 4551 3149 4618 intimetur
3178 4573 3243 4618 ι».
3291 4552 3505 4619 Rebus
3533 4552 3611 4619 ad
3647 4553 3937 4618 tramitem

2395 4639 2579 4705 buius
2609 4639 2920 4727 Rescripti
2951 4639 3296 4727 dispositis,
3331 4644 3552 4706 Sacrae
3585 4644 3627 4708 S
3680 4642 3817 4708 inae
3844 4643 3938 4705 Re·

2390 4726 2584 4815 liquia
2606 4727 2810 4794 adbuc
2844 4727 3213 4793 servabatur
3244 4728 3303 4795 in
3338 4732 3626 4817 Metropo
3658 4731 3819 4795 itana
3848 4732 3938 4793 Ec-

2390 4815 2601 4900 clesia,
2637 4835 2970 4902 quousque
3018 4816 3480 4883 decerneretur
3509 4817 3665 4902 quid
3712 4811 3938 4884 honoris

2393 4903 2457 4970 in
2503 4924 2647 4970 casu
2709 4904 3036 4971 canonicis
3104 4905 3456 4972 oratoribus
3523 4905 3726 4971 vellet
3786 4908 3935 4972 Sacra

2392 4994 2812 5082 Congregatio
2849 4993 3155 5072 tribuere;
3191 5013 3350 5081 quae
3382 4991 3727 5060 Ordinariis
3758 4993 3819 5061 in
3842 4994 3937 5058 co—

2391 5080 2582 5148 mitiis
2629 5081 2862 5148 iterum
2906 5084 3259 5170 subscripta
3304 5082 3411 5148 die
3462 5083 3632 5167 apud
3680 5084 3936 5148 Sanctam

2391 5171 2645 5236 Mariam
2688 5191 2881 5258 supra
2929 5171 3296 5256 Minervam,
3351 5171 3487 5236 loco
3542 5169 3756 5235 Palatii
3800 5173 3936 5268 AP⁰T

2393 5257 2596 5324 stolici
2664 5258 2998 5335 Quirinalis
3067 5259 3151 5325 de
3217 5258 3515 5326 mandato
3582 5258 3936 5325 Sanctisstmt

2392 5346 2761 5428 coadunata,
2795 5347 3137 5433 auditaque
3163 5367 3323 5413 nova
3359 5348 3664 5414 relatione
3690 5346 3766 5410 ab
3797 5341 3935 5412 Emi-
