4042 5950
1506 251 1807 328 —391
1874 294 1977 309 —

108 404 344 475 Rituale
392 410 789 474 Romanum:
842 407 1020 476 Stola
1081 410 1274 492 niqra
1330 408 1425 474 vel
1477 411 1677 476 etiam

99 494 377 581 pluviale
421 496 700 562 eiusdem
745 495 1003 561 coloris.
1416 562 1419 563 γ

226 586 294 649 2.
364 586 527 650 Num
597 583 906 651 Sacerdos
973 585 1137 652 alius
1194 584 1331 649 loco
1390 582 1672 666 Parocbi,

108 669 201 756 qui
249 670 312 737 in
363 671 715 739 Ecclesiam
761 672 1030 740 cadaver
1074 670 1460 755 introduxit,
1508 671 1677 738 cele-

110 758 278 824 brans
319 759 605 829 Officium
653 770 1052 829 mortuorum
1089 770 1382 827 teneatur
1409 759 1713 836 induere,

107 846 333 913 Stolam
389 859 459 914 et
518 846 802 936 pluviale
858 848 919 914 ni
974 849 1023 913 ri
1086 846 1315 914 coloris
1359 847 1437 913 ab
1498 846 1676 913 initio

106 933 285 1000 Officii
350 947 797 1019 mortuorum;
855 954 935 1002 ve
1024 946 1269 1003 tantum
1314 935 1391 1002 ad
1454 939 1679 1002 Preces

110 1023 449 1092 recitandas
494 1023 559 1090 in
607 1023 733 1090 line
780 1025 1127 1108 Nocturni,
1164 1041 1374 1109 ‚quum
1435 1022 1682 1090 Laudes

108 1129 223 1176 non
268 1111 610 1200 dicuntur,
661 1123 727 1178 et
780 1130 935 1179 num
983 1112 1089 1178 has
1134 1114 1363 1177 Preces
1410 1110 1679 1177 recitare

110 1198 293 1284 possit
335 1198 576 1285 absque
622 1201 793 1268 Stola
841 1211 907 1267 et
953 1195 1269 1288 pluviali?

229 1290 295 1354 3.
344 1290 442 1355 An
491 1288 679 1355 tertio
710 1287 1064 1371 Sacerdoti,
1096 1308 1129 1352 a
1158 1285 1537 1376 supradictis
1576 1288 1683 1355 Sa·

107 1375 463 1442 cerdotibus
509 1374 791 1461 diverso,
825 1376 1153 1443 celebrare
1182 1374 1370 1441 liceat
1409 1373 1678 1459 nissam,

110 1470 173 1526 ut
216 1461 279 1530 in
324 1462 433 1531 die
480 1465 713 1546 obitus,
764 1474 904 1552 post
947 1464 1192 1532 Laudes
1221 1463 1357 1529 sive
1388 1472 1530 1552 post
1562 1463 1683 1527 No·

106 1561 425 1634 cturnum,
472 1568 672 1637 quum
716 1551 962 1619 Laudes
1004 1570 1134 1618 non
1178 1548 1532 1617 dicuntur?
1583 1550 1679 1636 (1)

230 1642 292 1706 t.
346 1643 415 1705 ln
459 1639 674 1708 Officio
722 1650 1148 1722 mortuorum,
1197 1656 1398 1725 quum
1435 1638 1683 1706 Laudes

113 1727 345 1793 recitari
381 1746 512 1793 non
542 1739 807 1816 possunt
854 1738 918 1792 et
964 1727 1223 1794 unicum
1268 1737 1513 1794 tantum
1546 1747 1684 1793 can-

111 1824 265 1881 tatur
331 1817 727 1883 Nocturnum
755 1864 773 1899 ,
834 1814 1113 1881 Psalmus
1180 1817 1265 1881 De
1335 1816 1683 1899 profundis

110 1902 293 1968 debet
338 1922 426 1969 ne
472 1902 720 1970 recitari
770 1904 846 1970 ad
894 1905 1144 1985 Preces,
1195 1921 1360 1987 quae
1403 1914 1551 1968 sunt
1583 1923 1680 1968 re·

110 1990 387 2058 citandae
436 1990 501 2057 in
550 1990 677 2057 fine
721 1986 1063 2059 Landum‘?

233 2083 297 2145 δ.
344 2081 553 2158 Quum
597 2083 793 2148 Rmus
836 2079 1188 2164 Episcopus
1235 2076 1689 2165 pontificaliter

111 2166 408 2250 celebrat,
457 2177 763 2234 tenentur
806 2187 890 2234 ne
934 2184 1156 2233 omnes
1200 2163 1495 2233 canonici
1541 2165 1687 2232 huic

111 2254 465 2323 assistentes
509 2265 577 2322 et
620 2253 724 2323 alii
770 2253 1092 2337 canonici,
1142 2253 1278 2319 sive
1323 2252 1525 2342 parati
1551 2254 1688 2320 sive

112 2361 227 2408 non
282 2341 526 2429 parati,
575 2342 1013 2432 genuflectere
1073 2359 1275 2427 quum
1331 2342 1688 2408 solemnem

113 2429 206 2496 dat
252 2429 766 2585 begedictionem
816 2432 881 2498 in
928 2430 1055 2497 fine
1102 2429 1319 2497 Missae
1352 2442 1417 2496 et
1449 2433 1689 2517 Vespe-

114 2537 315 2585 rarum

231 2610 295 2674 6.
346 2607 613 2694 Saepius
662 2606 733 2673 tit
779 2606 843 2673 in
890 2604 1172 2674 Dioecesi
1220 2605 1564 2690 Briocensi,
1614 2619 1685 2674 ut

116 2691 171 2759 in
226 2696 355 2763 line
428 2694 657 2761 ffissae.
702 2706 768 2762 et
827 2698 1256 2782 vesperarum
1325 2692 1687 2767 benedictio

115 2800 248 2849 cum
296 2781 759 2871 Angustissimo
807 2786 1212 2851 Sacramento
1257 2781 1687 2849 Eucharistiae

116 2870 342 2958 populo
376 2871 780 2959 impertiatur
808 2892 840 2937 a
871 2870 1275 2939 celebrante.
1312 2869 1468 2936 Hinc
1498 2889 1691 2955 quae-

117 2957 300 3026 ritura
336 2962 435 3028 An
464 2957 543 3027 ab
587 2960 900 3049 Episcopo
931 2958 1299 3036 assistente;
1339 2958 1444 3026 vel
1480 2957 1692 3045 potius

118 3067 145 3110 a
174 3046 550 3116 celebrante
585 3049 731 3117 thus
760 3048 827 3122 in
857 3046 1257 3116 thuribulum
1305 3046 1548 3134 imponi
1581 3048 1693 3114 de·

119 3134 249 3202 beat
295 3135 373 3205 ad
426 3136 920 3205 thurificandum
965 3133 1440 3203 sanctissimum
1480 3138 1688 3204 Sacra-

118 3234 398 3293 mentum
423 3219 458 3291 ?
502 3224 677 3292 Ratio
724 3222 1058 3292 dubitandi
1106 3233 1227 3305 est,
1275 3222 1423 3308 quia
1472 3223 1535 3289 in
1575 3223 1693 3289 hoc

119 3330 254 3378 casu
298 3314 450 3380 thus
513 3312 801 3381 benedici
850 3330 983 3378 uon
1025 3310 1250 3394 debet,
1297 3310 1413 3377 sed
1460 3310 1699 3399 simpli·

120 3398 272 3467 citer
314 3400 471 3489 poni
516 3400 580 3466 in
628 3400 1054 3468 thuribulum.

243 3491 304 3555 7.
327 3494 509 3557 quta
527 3488 1006 3556 Caeremoniale
1022 3487 1480 3576 Episcoporum
1500 3486 1617 3555 lib.
1635 3492 1697 3571 1,

121 3596 248 3663 cap.
290 3581 395 3662 12,
432 3582 471 3657 S
510 3580 616 3643 11.
648 3576 1035 3645 candelabra
1067 3577 1131 3642 in
1163 3576 1357 3643 Alteri
1400 3576 1699 3662 ponenda

122 3683 237 3730 non
279 3675 431 3732 sunt
476 3664 732 3732 omnino
778 3664 946 3732 inter
987 3684 1061 3731 se
1106 3665 1417 3749 aequalia.
1456 3666 1698 3731 Verum

122 3750 179 3818 in
209 3761 334 3819 tota
380 3751 667 3821 Dioecesi
714 3751 1031 3819 Briocensi
1061 3763 1206 3817 sunt
1238 3753 1497 3820 omnino
1530 3752 1700 3818 inter

120 3857 184 3905 se
211 3841 519 3928 aequalia.
569 3841 940 3920 Quaeritur:
977 3842 1202 3906 Utrum
1234 3839 1354 3907 boc
1387 3838 1698 3927 praescri·

119 3937 297 4012 ptum
340 3928 829 3998 caeremonialia
873 3931 922 3994 E
972 3926 1331 4012 iscoporum
1381 3947 1453 3994 ea
1498 3928 1579 3996 de
1628 3947 1698 3994 re

122 4014 197 4080 sit
221 4016 509 4106 rigorose
556 4018 912 4087 tenendum
982 4018 1124 4084 etsi
1157 4015 1556 4100 affirmative,
1590 4035 1707 4103 pe-

126 4104 297 4189 titur,
330 4117 403 4174 ut
435 4106 510 4172 iis
556 4103 962 4184 candelabris
1007 4104 1174 4172 inter
1220 4122 1288 4170 se
1337 4106 1705 4191 aequalibus

125 4188 182 4258 in
225 4192 518 4263 omnibus
562 4191 864 4261 Ecclesiis
924 4212 1038 4260 seu
1093 4193 1418 4280 cappellis
1476 4194 1565 4260 uti
1630 4193 1701 4260 li·

125 4291 280 4365 ceat,
313 4280 518 4350 donec
561 4280 905 4350 admodum
954 4281 1313 4348 renovanda
1358 4279 1532 4350 sint?

246 4373 314 4437 8.
361 4371 696 4449 Quaeritur
754 4386 833 4435 an
895 4369 959 4435 in
1013 4367 1513 4435 administrando
1564 4368 1704 4437 Via-

128 4455 245 4524 tico
290 4461 485 4526 Sacro
542 4456 894 4544 aegrotanti
954 4456 1282 4525 Sacerdoti
1342 4456 1568 4542 aliquis
1625 4457 1706 4523 sit

128 4544 279 4614 ritus
322 4547 615 4635 specialis
659 4545 953 4613 diversus
996 4566 1030 4611 a
1075 4544 1201 4611 ritu
1248 4545 1643 4632 praescripto
1673 4565 1707 4610 a

127 4634 346 4701 Rituali
373 4639 655 4703 Romano
679 4635 752 4701 de
785 4636 1240 4702 communione
1271 4632 1707 4719 infirmorum,-

128 4733 196 4788 ut
239 4723 507 4791 innuere
555 4722 814 4789 videtur
856 4721 1334 4790 caeremoniale
1363 4721 1709 4808 Episcopo·

130 4828 268 4876 rum
315 4809 431 4882 lib.
467 4815 532 4895 2,
583 4828 726 4896 cap.
762 4811 873 4893 38,
910 4810 947 4893 9
984 4814 1022 4877 3
1058 4820 1122 4875 et
1155 4813 1195 4875 δ
1243 4810 1501 4876 dicens:
1552 4811 1709 4873 Pro-

128 4897 388 4981 fiteatur
432 4902 794 4986 Episcopus
839 4911 1180 4983 aegrotans
1213 4896 1602 4964 catholicam
1639 4898 1711 4982 fi-

130 4983 282 5069 dein,
328 5005 409 5054 ea>
452 4988 744 5072 formula
790 4985 866 5052 ab
914 4985 1275 5072 Apostolica
1325 4985 1472 5050 Sede
1523 5004 1709 5069 prae·

132 5077 393 5159 scripta.
446 5078 525 5142 Et
569 5087 886 5162 quatenus
930 5074 1323 5156 affirmative,
1372 5091 1532 5140 aune
1579 5091 1710 5139 ser·

134 5162 255 5228 vari
314 5165 509 5250 possit
578 5181 855 5249 sequens
912 5162 1111 5246 ritus,
1173 5161 1281 5247 qui
1344 5160 1581 5248 legitur
1647 5160 1711 5227 in

266 5354 343 5426 (l)
376 5357 438 5415 R.
476 5356 619 5416 nuh.
655 5356 706 5413 b.
744 5364 801 5413 et
833 5355 885 5413 6.

1774 406 2051 493 quodam
2098 406 2356 476 Rituali.
2411 411 2469 475 Ι.
2525 407 2750 474 Paratis
2797 407 3128 493 omnibus,
3179 420 3251 477 ut
3297 410 3362 477 in

1774 495 2008 564 Rituali
2076 499 2356 563 Romano
2420 495 2504 562 de
2564 495 3027 563 Communione
3087 497 3367 565 infirmo-

1778 601 1945 667 rum,
1972 585 2282 650 Sacerdos
2311 582 2599 651 infirmus
2632 586 2881 650 Sacram
2913 586 3367 653 Eucharistiam

1776 682 2149 758 sumpturus
2195 670 2494 739 induatur
2538 671 3018 758 superpelliceo
3067 683 3132 739 et
3191 674 3366 741 Stola

1779 758 1905 826 albi
1936 758 2167 824 coloris
2199 781 2230 823 a
2262 760 2430 826 collo
2525 759 2832 827 endente.
2882 764 2945 827 2.
2984 759 3230 828 Deinde
3261 763 3368 828 Sa-

1782 847 2009 913 cerdos
2057 846 2418 914 ministrans
2461 781 2726 917 ‹fomum
2756 846 3132 934 ingrediens
3160 847 3366 916 dicat:

1780 937 1925 1001 Pax
1970 934 2128 1001 huic
2173 936 2396 1003 domui
2427 945 2577 1014 etc„
2615 934 2779 1001 utin
2810 934 3041 1003 Rituali
3087 940 3368 1004 Romano

1781 1022 1866 1089 de
1894 1022 2361 1091 Communione
2407 1024 2808 1091 intirmorum
2851 1043 3055 1110 usque
3084 1023 3163 1090 ad
3195 1022 3370 1091 Anti-

1782 1110 2094 1196 pbonam:
2123 1115 2416 1195 Asperyes
2439 1132 2535 1179 me
2560 1110 2897 1194 inclusive,
2924 1112 3113 1180 etism
3139 1112 3372 1198 repeti-

1784 1209 1946 1277 tam;
1974 1211 2041 1265 et
2071 1216 2368 1265 reversus
2398 1199 2476 1267 ad
2505 1197 2980 1268 sanctissimum
3004 1201 3371 1268 Sacramen-

1785 1297 1921 1352 tum
1968 1284 2384 1374 genuflectat,
2417 1297 2484 1353 et
2514 1297 2682 1353 stans
2726 1286 2936 1354 dicat:
2980 1284 3057 1370 ᾗ.
3110 1288 3372 1355 Ostende

1786 1373 1984 1453 nobis,
2036 1377 2326 1455 Domine,
2376 1374 2891 1441 misericordias·
2925 1385 3128 1443 tuam.
3167 1379 3255 1460 m.
3287 1379 3371 1442 Et

1781 1461 2078 1527 salutare
2111 1470 2301 1529 tuum
2331 1462 2415 1527 da
2449 1463 2647 1529 nobis.
2699 1460 2774 1544 9·-
2809 1464 3076 1531 Salvum
3103 1466 3215 1548 fac
3243 1483 3374 1529 ser-

1782 1560 2150 1615 vammum
2180 1551 2470 1616 Domine.
2499 1553 2585 1635 R)-
2617 1553 2777 1616 Πρω
2808 1570 2983 1619 meas
3014 1563 3375 1637 sperantem

1787 1640 1859 1703 in
1891 1647 1973 1702 tc.
2001 1635 2076 1719 ir.
2105 1638 2288 1704 Mitte
2311 1641 2375 1703 ei
2405 1640 2744 1705 auxilium
2772 1638 2846 1705 de
2875 1639 3140 1706 Sancte.
3174 1643 3257 1725 Β).
3290 1642 3372 1706 Et

1782 1725 1855 1791 de
1888 1725 2045 1791 Sion
2079 1736 2256 1791 tuere
2285 1744 2458 1793 eum.
2490 1724 2562 1810 ᾗ.
2599 1727 2780 1794 Nihil
2807 1729 3113 1813 proficiat
3145 1731 3375 1795 ini-ti-

1785 1833 1899 1880 σω
1932 1815 2006 1879 in
2037 1833 2131 1879 ce.
2164 1816 2252 1899 fh.
2284 1817 2370 1880 Et
2400 1815 2581 1901 filius
2613 1818 3001 1899 iniquitatis
3031 1834 3159 1880 non
3190 1835 3378 1901 appo-

1786 1913 1903 1969 nat
1950 1921 2173 1969 nocere
2218 1904 2306 1968 ei.
2354 1900 2426 1985 5.
2478 1905 2632 1969 Esto
2677 1906 2760 1980 ei,
2811 1905 3106 1986 Domine,
3163 1906 3378 1971 turris

1784 1990 2232 2074 fortitudinis.
2269 1993 2353 2076 R).
2398 1993 2444 2059 A
2474 1992 2652 2074 facie
2679 1993 2969 2059 ini-tici.
3003 1989 3079 2075 y.
3113 1993 3379 2059 Domine

1785 2077 2033 2144 exaudi
2102 2081 2460 2145 orationem
2518 2097 2744 2146 meam.
2825 2083 2916 2167 R).
2972 2082 3058 2146 Et
3135 2079 3379 2146 clamor

1788 2184 1960 2233 meus
2008 2167 2091 2233 ad
2140 2176 2197 2231 tc
2242 2170 2490 2234 veniat.
2540 2165 2611 2247 9⁷.
2662 2170 2978 2235 Dominus
3031 2167 3376 2234 vobiscum.

1789 2255 1874 2339 R).
1924 2257 2007 2320 Et
2057 2273 2207 2320 cum
2248 2258 2502 2339 spiritu
2549 2266 2689 2322 tuo.
2740 2257 3029 2323 oremus.
3085 2256 3252 2322 Deus
3284 2257 3382 2322 in-

1787 2343 2126 2427 firmitatis
2193 2342 2519 2411 humanae
2561 2343 2899 2429 singulare
2946 2343 3375 2430 praesidium,

1789 2430 2049 2497 auxilii
2081 2433 2187 2496 tui
2210 2450 2404 2516 super
2434 2433 2772 2520 infirmum
2802 2442 3102 2499 nostrum
3134 2433 3386 2499 ostende

1786 2520 2122 2599 virtutem,
2172 2528 2250 2583 ut
2297 2537 2405 2604 ope
2451 2520 2940 2588 misericordiae
2988 2530 3141 2587 tuac
3187 2520 3381 2587 adisi-

1794 2618 1899 2673 tus
1964 2606 2291 2673 Ecclesiae
2349 2617 2506 2674 tuae
2560 2618 2829 2675 sauctae
2888 2610 3237 2677 incolumis
3284 2627 3384 2675 re-

1788 2697 2200 2779 praesentari
2231 2705 2582 2763 mereatur.
2635 2699 2761 2763 Per
2795 2696 3134 2764 Christum
3170 2699 3388 2763 Domi-

1794 2801 1953 2848 num
2000 2792 2324 2849 nostrum.
2374 2785 2457 2867 R).
2495 2786 2720 2851 Amen.
2770 2789 2835 2852 3.
2871 2783 3072 2852 Finita
3102 2784 3388 2851 oratione

1795 2869 2175 2956 genuflectit
2220 2871 2526 2937 Sacerdos
2573 2871 2932 2939 ministrans
2960 2920 2981 2957 ,
3032 2884 3097 2938 et
3142 2872 3389 2940 accedit

1795 2959 1875 3027 ad
1920 2956 2271 3040 infirmum,
2306 2979 2338 3024 a
2384 2978 2513 3046 quo
2560 2958 3024 3047 professionem
3057 2959 3210 3034 fidei
3249 2959 3386 3027 exi-

1796 3047 1888 3132 git
1931 3046 2199 3114 dicens-2
2251 3049 2486 3114 Frater
2532 3051 2894 3129 carissime,
2949 3050 3024 3137 (si
3071 3048 3154 3115 sit
3196 3067 3385 3135 snpe-

1801 3136 1953 3217 rior,
2006 3135 2352 3202 Reverendo
2411 3136 2636 3220 Pater)
2699 3146 2942 3222 oportet
2987 3139 3061 3203 in
3109 3140 3390 3206 testimo-

1798 3226 1987 3290 nium
2032 3222 2393 3309 fiddissimi
2426 3226 2639 3291 animi
2687 3227 2820 3306 tui,
2861 3235 2940 3291 ut
2986 3225 3387 3292 catholicam

1794 3311 1976 3398 fidem
2020 3329 2218 3394 quam
2263 3330 2502 3397 semper
2548 3314 2851 3392 tenuisti,
2895 3331 3071 3379 nunc
3119 3315 3388 3380 Sacram

1798 3399 2296 3467 Eucharistiae·
2351 3408 2737 3485 sumpturus
2755 3445 2777 3481 ,
2822 3401 3216 3485 profitearis.
3279 3399 3386 3468 Dic

1800 3487 1996 3576 igitur
2047 3486 2242 3553 Credo
2289 3490 2363 3554 iu
2407 3489 2611 3553 mum
2654 3497 2777 3555 etc.
2815 3488 2980 3555 idest
3017 3487 3389 3576 Symbolum

1802 3576 2284 3663 Apostolorum.
2335 3575 2397 3645 Si
2445 3574 2737 3642 infirmus
2769 3576 3078 3644 Sacerdos
3109 3594 3261 3665 prae
3295 3578 3389 3643 in·

1802 3663 2100 3731 firmitate
2147 3673 2429 3750 nequeat
2473 3663 2851 3751 Symbolum
2899 3664 3195 3747 recitare,
3228 3666 3391 3734 alter

1802 3752 1939 3818 eius
1986 3751 2248 3819 nomine
2310 3752 2472 3821 illud
2534 3756 2785 3838 integre
2849 3752 3100 3819 recitet.
3156 3756 3220 3819 t.
3267 3755 3422 3820 Re-‘

1804 3840 1990 3906 citato
2038 3839 2372 3925 Symbolo,
2406 3840 2718 3908 Sacerdos
2761 3839 3143 3924 ministrans,
3177 3840 3230 3906 si
3260 3841 3391 3926 pla-

1806 3939 1933 4009 cet,
1965 3926 2339 3994 adhortatur
2371 3927 2696 3996 infirmum
2721 3928 3154 3996 Sacerdotem.
3190 3932 3258 3995 ll.
3285 3933 3395 3996 Fa-

1807 4028 1904 4083 cta
1965 4014 2411 4082 exhortatione
2473 4014 2578 4082 vel
2639 4016 2903 4083 recitato
2964 4015 3268 4104 Symbolo
3315 4018 3393 4104 (si

1806 4123 1934 4171 non
1983 4102 2054 4170 fit
2102 4103 2487 4192 exhortatio)
2536 4105 2674 4190 ipse
2720 4103 3010 4171 infirmus
3055 4104 3392 4191 Sacerdos,

1806 4195 1911 4260 vel
1957 4191 2120 4258 alter
2166 4192 2304 4258 eius
2349 4192 2632 4271 nomine,
2765 4202 3086 4259 ccatorum
3147 4192 3394 4260 confes·

1805 4283 2051 4348 sionem
2116 4279 2298 4346 faciat
2356 4280 2578 4348 dicens
2650 4211 3001 4366 gamem,-
3047 4300 3177 4367 quo
3223 4279 3413 4352 dicto·

1808 4388 1959 4437 mox
2018 4367 2324 4433 Sacerdos
2385 4368 2745 4435 ministrans
2812 4368 3025 4440 diost:
3097 4370 3397 4436 Miserea-

1811 4470 1926 4524 tur
1955 4466 2080 4523 etc.
2133 4454 2613 4541 Indulgentiae·
2651 4465 2773 4522 etc.
2825 4459 2979 4522 Tum
3027 4457 3286 4524 accedat
3317 4458 3396 4525 ad

1812 4544 2161 4628 infirmum,
2209 4562 2380 4610 sacra
2426 4543 2666 4631 Pyxide
2713 4543 3139 4631 discooperta,
3189 4554 3256 4610 et
3303 4545 3396 4612 in-

1810 4632 2001 4719 cipiat
2033 4633 2354 4719 Hymnum
2397 4634 2473 4698 Te
2504 4634 2728 4712 mum,
2781 4650 2978 4717 quem
3024 4632 3402 4700 Sacerdotes

1814 4731 1882 4788 et
1925 4719 2158 4786 Clerici
2205 4719 2684 4788 circumstantes
2731 4718 3087 4788 recitabunt
3130 4721 3400 4787 alterna·

1814 4808 1930 4874 tim
1977 4825 2177 4892 usque
2207 4809 2283 4875 ad
2323 4808 2494 4875 bunc
2543 4825 2800 4875 versum
2845 4807 3197 4876 inclusive:
3245 4811 3401 4877 Fiat

1815 4895 2267 4963 misericordia
2312 4906 2430 4963 etc.
2485 4900 2658 4963 Tunc
2706 4895 3012 4964 Sacerdos
3043 4895 3405 4962 ministrans

1815 4994 2022 5050 sumat
2094 4985 2340 5050 Sacram
2413 4983 2869 5051 Eucharistiam
2933 4982 3094 5052 intra
3139 4982 3401 5068 digitos,

1815 5088 2003 5158 quam
2052 5070 2344 5137 ostendat
2391 5070 2671 5156 infirmo,
2703 5069 2813 5158 qui
2857 5069 3195 5138 silentibus
3237 5069 3402 5155 aliis,

1817 5159 2012 5230 dicit:
2060 5160 2138 5224 Iu
2182 5169 2242 5225 te
2291 5160 2556 5228 Domine
2599 5170 2723 5227 etc.
2783 5157 2917 5237 Quo
2979 5166 3240 5245 peracto
3298 5159 3404 5227 Sa·
