4042 5950
1561 233 1977 318 -63-

173 393 417 465 nimine
484 395 1086 466 commemoratione
1130 397 1381 481 Fet-iae,
1431 417 1576 464 cum
1622 400 1710 464 de

173 508 231 552 ea
272 486 492 553 cantari
525 486 753 553 debeat
784 486 898 552 alia
928 485 1103 551 Missa
1135 496 1278 570 post
1306 488 1543 552 Nonam
1573 484 1710 552 sine

171 574 735 640 commemoratione
768 574 1235 659 conceptioniS,
1268 575 1351 641 de
1382 591 1502 664 qua
1532 572 1706 638 nulla

170 661 255 728 hic
296 671 386 727 est
427 659 714 728 habenda
748 659 929 728 ratio.
971 661 1287 728 Dicendae
1316 671 1528 727 autem
1561 671 1710 726 sunt

169 749 457 816 Orationes
485 748 829 837 assignatae
861 748 928 815 in
959 748 1090 903 igsa
1121 749 1323 833 Feria,
1351 765 1588 834 nempe
1618 765 1713 813 se·

171 837 380 902 cunda:
412 839 578 903 Deus
609 841 722 920 qui
751 837 825 900 de
856 839 928 902 Β.
1030 882 1046 898 .
1084 838 1153 902 V.
1187 847 1398 918 utero,
1427 844 1491 900 et
1526 834 1710 902 tertia

171 925 458 991 Ecclesiae
514 924 621 990 vel
669 942 787 1010 pro
836 925 1070 1009 Papus
1120 942 1265 990 cum
1318 922 1708 989 Praefatione

170 1011 481 1095 communi,
516 1020 587 1077 ut
619 1011 846 1078 videre
892 1022 984 1078 oet
1034 1012 1097 1078 in
1141 1010 1409 1079 Robrica
1451 1009 1709 1075 Missalis

169 1099 418 1165 Romani.
482 1099 658 1165 Idem
715 1101 1098 1166 servandum
1160 1109 1252 1165 est
1313 1099 1377 1164 in
1420 1096 1596 1163 Missa
1620 1107 1708 1164 ‚et

168 1185 364 1253 Officiis
387 1189 450 1255 S.
481 1185 836 1269 Benedicti,
860 1205 979 1253 nec
1010 1206 1136 1254 non
1169 1186 1438 1251 aliorum
1462 1188 1711 1252 Sancto-

47 1333 48 1336 ,
170 1294 288 1340 rum
328 1294 403 1340 ex
447 1274 711 1363 speciali
759 1274 1099 1360 privilegio
1143 1284 1422 1340 octavam
1461 1273 1525 1338 in
1555 1274 1712 1349 Qua·-

171 1361 488 1448 dragesima
509 1361 916 1430 habentibus.
941 1365 1208 1443 Verum,
1235 1360 1286 1425 si
1307 1360 1591 1428 Officium
1617 1380 1714 1426 re-

172 1451 370 1516 citetur
399 1461 575 1516 extra
609 1461 862 1536 tempus
885 1450 1215 1531 PassioniS,
1241 1448 1458 1514 Missae
1492 1467 1712 1515 omnes

171 1536 273 1603 dici
311 1536 544 1603 debent
582 1537 671 1604 de
714 1537 893 1605 Feria
928 1555 1072 1603 cum
1102 1535 1709 1602 commemoratione

171 1635 388 1689 octavae
415 1674 432 1708 ,
492 1635 558 1690 et
613 1625 799 1691 tertia
864 1626 1158 1692 Oratione
1219 1624 1488 1690 Concede
1511 1670 1532 1705 ,
1583 1641 1708 1690 non

169 1728 297 1776 vero
339 1713 388 1775 A
434 1716 738 1793 cuncti-s,-
783 1722 1075 1798 tempore
1127 1721 1340 1777 autem
1383 1710 1709 1793 Passionis,

171 1797 385 1882 quando
415 1799 742 1885 contingat
787 1800 926 1866 fieri
957 1799 1243 1866 Officium
1276 1799 1358 1865 de
1400 1798 1505 1865 die
1552 1797 1711 1864 infra

172 1895 440 1969 octavam,
475 1888 664 1953 unica
711 1888 943 1954 cantari
987 1887 1187 1953 debet
1217 1887 1392 1952 Missa
1423 1887 1506 1953 de
1537 1885 1716 1951 Feria

171 1991 289 2038 cum
351 1975 958 2041 commemoratione
1017 1974 1144 2041 diei
1204 1974 1360 2041 infra
1406 1981 1710 2055 octavium

171 2071 224 2123 et
259 2062 634 2130 Praefatione
691 2063 775 2129 de
822 2071 1034 2128 octava
1061 2110 1077 2142 ,
1126 2062 1177 2127 si
1223 2062 1525 2129 habeatur
1567 2078 1716 2145 pro-

169 2147 302 2233 pria,
329 2160 395 2215 ut
439 2150 692 2218 dictum
725 2161 822 2216 est
864 2149 1157 2237 superius
1188 2149 1273 2215 de
1305 2159 1520 2216 octava
1550 2150 1720 2240 Con-f

170 2236 441 2322 captionis
472 2263 536 2305 ι.

275 2328 375 2390 27.
420 2326 788 2401 Quaeritur:
832 2329 929 2392 An
969 2324 1034 2391 in
1063 2323 1240 2390 Missa
1285 2324 1514 2406 feriali,
1550 2341 1713 2409 quae

175 2409 542 2481 substituitur
598 2413 819 2480 Missae
878 2414 960 2480 de
1006 2423 1255 2497 octava,
1302 2411 1383 2478 sit
1428 2410 1715 2500 genufle-

175 2498 440 2566 ctendum
487 2502 556 2568 in
601 2497 856 2567 Chore?

273 2590 352 2671 R).
402 2589 888 2671 ‹Affirmative,
936 2588 1000 2655 in
1048 2586 1337 2655 omnibus
1383 2587 1578 2654 Missis
1624 2587 1711 2653 fe-

47 2693 48 2702 *
173 2670 418 2758 rialibus,
471 2677 664 2742 etiam
713 2676 872 2741 infra
913 2685 1163 2741 octavas
1194 2696 1257 2741 ν.

277 2764 374 2827 28.
422 2763 764 2839 Quaeritur
822 2762 1119 2828 tandem:
1184 2763 1351 2839 Quae
1396 2762 1719 2830 Orationes

47 2889 48 2936 4
172 2842 444 2914 dicendae
475 2852 609 2917 sint
657 2851 720 2916 in
766 2848 944 2917 Missa
974 2850 1181 2915 votiva
1212 2869 1377 2935 quae
1411 2849 1713 2917 celebrari

47 2994 48 2997 ,
172 2931 471 3018 aliquando
521 2947 736 3039 potest
781 2937 938 3006 'infra
985 2936 1315 3005 octavam?

275 3027 353 3107 ιζ.
404 3048 442 3088 ‹
476 3029 540 3093 Si
590 3027 751 3094 infra
789 3037 1074 3093 octavam
1105 3024 1352 3094 dicatur
1381 3025 1715 3112 aliquando

173 3107 318 3175 llissa
345 3113 581 3195 votiva,
619 3129 770 3181 tunc
818 3114 1021 3201 prima
1067 3112 1272 3180 Oratio
1313 3113 1434 3180 erit
1464 3113 1718 3200 propria

170 3194 236 3260 de
273 3198 464 3284 lissa,
512 3201 796 3268 secunda
844 3202 924 3268 de
970 3203 1220 3285 Octava,
1269 3201 1451 3268 tertia
1505 3211 1715 3285 autem

47 3360 48 3379 χ
171 3282 236 3347 de
275 3287 473 3369 Feria;
523 3307 740 3374 neque
770 3288 836 3354 in
863 3287 993 3354 fine
1025 3286 1395 3355 recitabitur
1425 3293 1714 3376 Evange-

175 3370 302 3437 lium
331 3378 571 3461 Periae,
608 3376 723 3442 sed
755 3375 1010 3443 Initium
1041 3379 1106 3443 S.
1146 3377 1412 3461 loannis,
1442 3395 1714 3465 nempe:

177 3460 234 3521 1¹2
266 3469 585 3550 iii-incipio
618 3485 685 3529 iv.

275 3552 607 3640 Propositis
649 3551 714 3617 in
759 3554 825 3619 S.
878 3555 953 3620 R.
997 3554 1072 3618 C.
1119 3548 1199 3616 ab
1242 3556 1400 3619 Effio
1447 3563 1509 3618 et
1554 3556 1712 3619 Rmo

47 3636 50 3731 ᾗ
172 3634 226 3696 D·
282 3641 460 3707 Card.
531 3639 810 3726 Georgio
868 3638 1183 3739 spinula,
1225 3638 1302 3705 ad
1357 3639 1713 3739 instantiam

47 3750 56 3809 ε
171 3720 222 3783 Ρ.
278 3725 523 3793 Abbatis
593 3730 950 3792 nonasterii
1014 3726 1409 3793 Einsiedeln.
1470 3729 1716 3794 Ordinis

172 3809 223 3873 S·
263 3813 584 3880 Benedicti
631 3813 1154 3900 congregationis
1199 3814 1585 3899 Helveticae,
1614 3835 1717 3881 su·-

47 3896 48 3933 ³
171 3902 503 3988 prascriptis
549 3899 799 3986 dubiis,
848 3901 1101 3987 illisque
1148 3910 1716 3993 mature·perpen-

47 4002 48 4025 ¹
172 3982 238 4048 sis
272 3996 451 4073 atque
501 3988 898 4073 examinatiS,

273 4078 335 4175 S.
395 4077 624 4176 eadem
668 4078 880 4175 ,32⁰⁶
931 4098 970 4141 ι
1002 4074 1441 4175 Resolutiones
1486 4095 1713 4176 appro-

173 4158 335 4245 bavit,
384 4172 450 4229 et
494 4181 778 4251 imprimi
822 4170 1008 4251 posse
1055 4174 1458 4230 concessit».
1517 4168 1629 4231 Die
1675 4168 1716 4228 ὅ

47 4290 48 4317 i
174 4248 285 4314 inii
331 4254 518 4318 ivae.
567 4320 576 4341 ,

173 4418 396 4491 2320.
652 4428 1204 4493 SENOGALMEN.
1483 4427 1708 4517 (toto)

280 4603 438 4666 Inter
483 4604 864 4671 modernum
911 4604 1189 4672 Priorem
1223 4614 1288 4670 et
1318 4606 1574 4673 Clerum
1607 4628 1715 4694 pa-

174 4685 432 4754 rochialis
477 4690 800 4757 Ecclesiae
847 4694 911 4759 S.
963 4692 1181 4758 Severi
1228 4694 1456 4759 Terrae
1491 4692 1714 4761 Montis

171 4772 304 4872 Novi
345 4778 664 4845 Dioecesis
710 4778 1137 4867 senogallien.
1190 4798 1271 4845 ex
1319 4798 1475 4864 una,
1523 4792 1712 4867 atque

176 4858 520 4932 Societatem
552 4866 725 4932 SSffii
753 4868 1135 4933 sacramenti
1171 4867 1459 4933 eiusdem
1484 4871 1714 4935 Terrae

175 4948 428 5039 partibus
469 4971 548 5019 ex
579 4955 815 5037 altera,
863 4973 1061 5041 super
1102 4952 1242 5020 iure
1287 4956 1712 5041 praecedendi

178 5038 757 5132 in.mceaeionims
801 5041 1062 5127 aliisque
1104 5043 1183 5109 ad
1230 5045 1293 5108 S.
1351 5046 1426 5109 R.
1475 5046 1550 5112 G.
1597 5046 1712 5110 de·-

175 5116 313 5199 latis;
357 5128 546 5194 Euius
593 5140 657 5195 et
686 5132 884 5196 Rmus
922 5135 996 5196 D.
1033 5130 1217 5196 card.
1253 5131 1573 5218 Guadagni
1619 5134 1713 5200 in-

178 5202 466 5366 frascripta
510 5215 699 5282 dubia
732 5216 900 5285 inter
945 5227 1156 5304 partes
1188 5219 1556 5286 concordata
1605 5222 1713 5288 de-

179 5292 354 5365 claran
400 5323 431 5367 a
476 5304 801 5393 proposuit
824 5327 843 5371 ε

1956 402 2010 463 1.
2063 399 2158 464 An
2221 398 2405 465 liceat
2471 393 2888 467 confrati-ibus
2944 401 3104 468 Veii.
3176 394 3385 467 Socie-

1817 484 1958 550 tatis
2022 486 2191 552 SSmi
2240 487 2619 554 Sacramenti
2673 491 2902 553 Terrae
2961 488 3186 555 Montis
3231 488 3387 554 Novi

1814 571 2117 639 incedere
2164 591 2308 640 cum
2359 575 2678 641 intortitiis
2732 585 2875 662 post
2920 576 3178 643 Clerum
3239 576 3386 642 binc

1817 659 1965 725 iude
2035 673 2100 726 et
2157 672 2303 727 ante
2370 662 2815 730 baldachinum
2860 662 2923 729 in
2981 663 3387 729 solemnitate

1815 746 1986 813 Sani
2035 749 2328 835 Corporis
2374 750 2644 828 Christi3
2700 749 2834 816 sive
2875 749 3085 836 potius
3129 759 3388 816 tenean-

1816 842 1920 900 tur
1966 833 2266 902 incedere
2314 857 2347 904 a
2396 838 2592 903 latere
2641 836 2926 904 eiusdem
2987 832 3392 904 baldachini‘?

1945 926 2008 988 2.
2044 924 2140 988 An
2170 923 2448 1011 idipsum
2480 925 2664 991 liceat
2693 924 2757 989 in
2787 924 3194 991 processione
3224 941 3387 1009 quae

1814 1007 1955 1073 fieri
1983 1009 2149 1075 solet
2178 1010 2355 1077 Feria
2381 1013 2459 1078 VI
2488 1012 2737 1078 maioris
2760 1011 3203 1080 Hebdomadae
3240 1029 3386 1078 cum

1815 1097 2027 1162 Statua
2086 1097 2371 1165 defuncti
2428 1098 2810 1184 Salvatoris;
2877 1117 2990 1166 seu
3038 1101 3247 1187 potius
3291 1109 3385 1164 te-

1816 1193 2086 1251 neantur
2145 1185 2335 1251 etiam
2387 1185 2688 1254 incedere
2746 1204 2778 1250 a
2825 1186 3023 1252 latere
3092 1183 3391 1256 statuae?

1943 1274 2010 1337 S.
2073 1276 2149 1339 R.
2205 1277 2308 1356 C„
2369 1273 2649 1374 partibus
2710 1284 2834 1340 tam
2893 1274 3140 1360 scriptis
3199 1291 3387 1359 quam

1820 1376 1973 1424 voce
2022 1359 2504 1427 informantibus
2534 1361 2790 1445 auditis,
2823 1362 3102 1446 visisque
3144 1361 3389 1428 iuribus

1817 1443 1962 1511 hinc
2009 1447 2160 1513 inde
2206 1448 2526 1533 deductis,
2577 1448 3055 1516 rescribendum
3101 1449 3381 1517 censuit:

1945 1534 2042 1600 Ad
2098 1538 2158 1599 1.
2204 1557 2243 1598 ‹
2276 1536 2605 1622 Negative,
2654 1538 2735 1616 ad
2777 1537 3045 1625 primam
3098 1545 3384 1623 partem;

1815 1619 2230 1705 Affirmative,
2278 1624 2355 1689 ad
2401 1624 2742 1692 secundam
2780 1645 2844 1690 ic.

1947 1709 2043 1775 Ad
2070 1714 2135 1776 2.
2165 1729 2203 1773 ‹
2228 1711 2553 1778 Provisum
2577 1712 2642 1778 in
2666 1711 2902 1798 primm
2940 1722 3004 1777 et
3028 1712 3293 1800 amplius
3321 1733 3384 1777 ».

1949 1801 2027 1863 Et
2087 1797 2169 1862 ita
2229 1797 2576 1863 declaravit
2620 1818 2689 1865 ac
2749 1799 2986 1866 servari
3044 1799 3388 1866 mandavit.

1815 1884 1928 1950 Die
1974 1890 2013 1951 5
2060 1886 2198 1952 Maii
2251 1885 2442 1988 173sp

1817 2021 2062 2096 2321.
2399 2027 2802 2094 ARIMINEN.
3159 2028 3384 2112 (4046)
3428 2018 3435 2025 ’

1946 2147 2182 2212 Delatis
2234 2148 2311 2214 ad
2370 2150 2437 2213 S.
2488 2151 2563 2214 R.
2618 2149 2689 2213 C.
2748 2148 3189 2214 controversiis
3246 2167 3390 2216 ver-

1818 2233 2097 2301 tentibus
2144 2235 2310 2300 inter
2337 2235 2774 2302 mansionarios
2821 2235 3138 2301 Ecclesiae
3166 2237 3391 2304 Cathe-

1817 2320 2008 2422 dralis
2054 2321 2405 2389 Ariminen.
2457 2342 2537 2388 ex
2583 2343 2730 2406 una,
2765 2333 2831 2388 et
2860 2323 3194 2390 Martinam
3225 2328 3390 2424 Uge-

1819 2407 2017 2476 linum
2066 2409 2383 2476 vicarium
2451 2412 2754 2477 Curatum
2824 2409 3028 2477 dictae
3075 2411 3390 2478 Ecclesiae

1819 2517 1897 2564 ex
1943 2498 2139 2561 altera
2187 2495 2492 2595 partibus,
2539 2515 2739 2586 super
2780 2498 2919 2564 iure
2958 2498 3388 2583 praecedendi

1816 2586 1879 2650 in
1925 2585 2331 2651 associatione
2392 2585 2769 2652 cadaverum
2794 2635 2811 2669 ,
2863 2603 2938 2651 ee
2980 2585 3152 2672 quod
3210 2605 3391 2672 prae·-

1817 2671 2082 2739 tendant
2128 2672 2220 2738 illi
2267 2671 2682 2760 collegialiter
2707 2672 3106 2757 accedentes,
3140 2692 3267 2741 non
3294 2675 3393 2741 in·-

1821 2758 2321 2827 tervenientibus
2375 2772 2588 2828 tamen
2646 2759 3081 2850 capitulaiiter
3132 2763 3391 2829 Canoni-

1819 2849 1933 2933 cis,
1974 2846 2489 2932 praecedentiam
2533 2848 2653 2915 sibi
2683 2847 2905 2915 deberi
2947 2847 3259 2932 privative
3289 2869 3393 2918 su-

1817 2955 1938 3025 per
1983 2936 2300 3004 Vicaiium
2369 2938 2669 3002 Curatum
2741 2936 2803 3002 in
2868 2935 3271 3004 absolutione
3328 2950 3393 3005 et

1817 3024 2224 3091 associatione
2272 3022 2652 3089 cadaverum
2699 3024 2780 3090 de
2833 3023 3127 3089 parocbia
3174 3027 3393 3091 Eccle-

1815 3113 1941 3178 siae
1987 3111 2378 3179 Catbedralis
2411 3109 2928 3177 tumulandorum
2970 3110 3032 3175 in
3062 3109 3231 3176 dicta
3275 3117 3393 3178 Ec*

1819 3200 2002 3266 clesia
2051 3202 2154 3265 vel
2202 3200 2268 3264 in
2312 3198 2464 3275 aiia3
2513 3214 2709 3284 super
2751 3197 2848 3263 his
2879 3201 3074 3263 Emus
3105 3207 3171 3264 et
3198 3203 3392 3265 Rmus

1817 3292 1892 3353 D.
1933 3288 2122 3354 eard.
2170 3286 2336 3353 Gotti
2384 3284 2850 3369 infrascriptum
2912 3283 3181 3351 dubium
3226 3286 3392 3353 inter

1820 3384 2028 3463 partes
2061 3372 2512 3441 concordatum
2543 3372 2990 3439 declarandum
3020 3375 3385 3459 proposuit:

1947 3467 2090 3545 An,
2162 3461 2489 3528 Canonicis
2535 3460 2968 3546 capitulariter
3012 3479 3139 3527 non
3200 3460 3392 3529 inter-

1816 3550 2250 3633 venientibus,
2285 3549 2555 3636 gestatio
2603 3547 2814 3614 Stolae
2842 3558 2909 3613 et
2944 3549 3392 3636 praecedentia

1820 3639 1884 3704 in
1930 3637 2335 3703 associatione
2382 3638 2543 3704 etin
2574 3635 2968 3703 absolutione
3014 3637 3391 3704 cadaverum

1817 3725 1900 3792 de
1931 3725 2226 3792 Parochia
2258 3724 2579 3791 Ecclesiae
2614 3720 3005 3791 cathedralis
3035 3722 3385 3793 Ariminen.

1817 3813 2338 3879 tumulandorum
2375 3811 2439 3878 in
2484 3812 2651 3878 dicta
2682 3811 2786 3875 vel
2820 3811 2885 3877 in
2928 3812 3043 3877 alia
3080 3813 3385 3899 Ecclesia,

1818 3901 2130 3968 debeatur
2173 3898 2359 3965 alicui
2392 3916 2474 3964 ex
2504 3899 2927 3965 Mansionariis
2971 3899 3392 3986 collegialiter

1816 3987 2295 4065 accedentibus3
2330 3989 2433 4053 vel
2458 3987 2670 4072 potius
2697 3986 2938 4052 Vicario
2961 3990 3192 4054 Curato
3221 4004 3390 4054 amo-

1815 4074 1994 4141 vibili
2043 4075 2332 4141 eiusdem
2378 4072 2816 4140 cathedralis?

1946 4169 2026 4229 Et
2072 4166 2140 4228 S.
2173 4166 2250 4229 R.
2284 4165 2386 4244 G.,
2437 4160 2587 4227 visis
2632 4161 2871 4230 iuribus
2900 4162 3046 4227 hinc
3080 4162 3228 4229 inde
3274 4162 3387 4229 de-

1816 4249 2051 4333 ductis,
2101 4261 2292 4335 atque
2339 4261 2463 4315 tam
2514 4248 2766 4336 scriptis
2811 4266 2999 4336 quam
3043 4268 3203 4316 voce
3247 4267 3387 4337 par-

1819 4340 1980 4407 tibus
2029 4336 2510 4404 informantibus
2577 4336 2843 4423 auditis,
2907 4338 3387 4403 rescribendum

1818 4424 2108 4494 censuit:
2170 4447 2213 4491 c
2243 4425 2588 4511 Negative,
2644 4424 2719 4491 ad
2771 4423 3039 4512 primam
3094 4422 3384 4512 ’ρει-ωιτη

1815 4515 2242 4598 Affirmative,
2307 4513 2382 4580 ad
2444 4512 2829 4591 secundeum
2893 4523 2958 4577 et
3017 4511 3287 4599 amptius
3318 4532 3380 4576 ιν.

1815 4605 1897 4668 Et
1946 4602 2029 4667 ita
2075 4601 2364 4670 decrevit
2406 4621 2478 4668 ac
2522 4599 2754 4665 servari
2801 4598 3137 4666 mandavit.
3188 4597 3299 4663 Die
3348 4603 3391 4663 ti

1817 4690 1951 4758 Maii
2004 4694 2193 4757 1736.

1817 4828 2067 4899 2322.

1945 4952 2405 5020 praetendente
2451 4950 2812 5016 Alexandro
2878 4949 3147 5017 Fabritio
3192 4955 3387 5018 Cano·

1814 5040 1956 5108 nico
2001 5038 2425 5105 praebendato
2473 5038 2789 5104 Ecclesiae
2818 5038 3211 5105 cathedralis
3258 5039 3388 5106 Fir-

1814 5146 2033 5194 manae
2082 5127 2143 5193 in
2193 5125 2328 5191 eius
2358 5125 2784 5211 Hebdomada,
2825 5126 3079 5211 quando
3127 5138 3387 5194 exercet

1811 5214 2088 5283 officium
2157 5213 2481 5280 diaconale
2528 5214 2592 5279 in
2638 5213 2815 5280 Missa
2882 5214 3195 5299 solemni,
3244 5216 3389 5281 assi-

1809 5315 2020 5376 stente
2065 5306 2224 5370 Rffio
2270 5300 2783 5389 Arcbiepiscopo,
2832 5303 3387 5370 committeretale

2336 4829 2706 4898 Finitimi.
3160 4826 3387 4915 (4047)
