4042 5950
2031 239 2596 321 ..mo-.-

630 402 1024 489 vandorum,
1074 401 1406 490 praecepit
1452 411 1523 469 ut
1569 411 1933 470 servaretur
1990 399 2212 469 festiva
2312 398 2673 467 rendissimi
2734 397 3069 488 Episcopi,
3117 402 3368 467 Sacram
3423 396 3698 468 Ritunm
3735 401 3904 467 Con·

627 492 748 558 sub
793 504 1069 578 utroque
1124 500 1471 578 praecepto
1532 489 1910 557 solemnitas
1964 488 2214 556 Patroni

630 579 954 666 praecipui
1004 578 1465 663 cuiuscumque
1512 576 1850 660 Dioecesis,
1898 577 2003 642 vel
2051 576 2215 643 civi-

634 665 798 750 tatis,
847 667 952 733 vel
999 666 1255 754 Oppidi,
1292 666 1465 731 iuxta
1513 684 1759 733 morem
1810 663 1960 731 inibi
2006 684 2215 729 serva-

635 766 794 820 tum.
845 755 1051 833 Quum
1098 773 1253 821 vero
1299 772 1427 819 non
1473 772 1597 820 una
1656 753 1737 819 sit
1799 752 2011 839 opinio
2069 750 2215 851 Epi·

633 861 971 929 scoporum
1006 842 1071 909 in
1105 842 1474 929 assignanda
1507 841 1868 909 huiusmodi
1903 841 2218 907 Festivtta·

640 940 727 1014 te,
765 927 1357 997 Reverendissimus
1394 927 1830 996 Ventimilien.
1867 928 2217 1016 Episcopus

640 1017 738 1082 sui
782 1017 1068 1084 muneris
1102 1036 1239 1084 esse
1271 1017 1460 1084 duxit
1488 1015 1567 1081 ab
1597 1017 1711 1084 hac
1742 1019 1925 1084 Sacra
1956 1016 2217 1083 Rituum

637 1105 1147 1192 congregatione
1213 1104 1593 1190 exquirere,
1642 1104 1796 1191 quid
1845 1104 1911 1171 in
1959 1122 2030 1169 re
2094 1121 2221 1169 non

643 1192 857 1280 exigui
926 1204 1104 1259 certe
1171 1192 1506 1274 momenti,
1564 1211 1683 1278 pro
1727 1192 1844 1260 sibi
1892 1190 2222 1258 commissa

643 1280 926 1346 Dioecesi
991 1280 1380 1347 constituere
1441 1289 1772 1359 teneatur;
1820 1300 1890 1347 ac
1950 1277 2223 1368 proinde

639 1386 759 1454 pro
809 1377 1166 1456 opportuna
1210 1368 1639 1435 declaratione
1666 1370 1998 1453 sequentia
2033 1363 2226 1432 dubia

643 1455 1012 1543 proposuit3
1061 1455 1361 1523 nimirum

780 1547 839 1609 1.
889 1543 986 1608 An
1031 1543 1092 1609 vi
1132 1544 1348 1611 Brevis
1380 1542 1509 1612 diei
1541 1548 1581 1610 6
1612 1542 2007 1631 Septembris
2058 1545 2223 1611 1853

645 1648 839 1716 super
884 1631 1263 1698 reductione
1318 1635 1676 1716 Festorum,
1739 1631 2090 1698 servandus
2148 1629 2228 1695 sit

646 1716 786 1784 dies
829 1721 1050 1785 Festus
1080 1719 1328 1785 Patroni
1373 1720 1689 1786 Dioecesis
1719 1719 1892 1786 iuxta
1938 1732 2223 1797 morem;

646 1805 752 1871 vel
804 1804 1020 1892 potius
1078 1807 1325 1873 Patroni
1388 1806 1887 1893 uniuscuiusque
1945 1804 2226 1874 civitatis

647 1893 752 1958 vel
798 1893 1030 2048 Oppidi
1078 1894 1248 1961 iuxta
1309 1913 1551 1962 morem
1614 1893 2048 1982 pariter—inibi
2094 1913 2228 1959 ser·

653 1990 867 2049 vatum

781 2072 845 2137 2.
882 2074 977 2137 An
1011 2083 1281 2157 uterque
1313 2071 1453 2139 dies
1477 2075 1698 2139 Festus
1726 2070 2079 2138 servandus
2107 2066 2232 2137 sit?

784 2163 848 2225 3.
881 2159 983 2225 An
1016 2159 1349 2227 retinenda
1378 2161 1484 2243 sit,
1518 2169 1590 2226 ut
1623 2158 1928 2247 legitima,
1962 2175 2229 2225 consue·

655 2243 810 2311 tudo
856 2246 1134 2315 civitatis
1180 2249 1284 2315 vel
1330 2248 1561 2334 Oppidi
1609 2247 1693 2314 de
1750 2246 2064 2313 servando
2126 2245 2231 2313 die

652 2335 836 2401 Festo
902 2334 1190 2418 Patroni,
1243 2335 1392 2402 licet
1451 2335 1831 2403 destituatur
1901 2333 2087 2401 titulo
2156 2334 2231 2400 ab

651 2422 1013 2507 Apostolica
1060 2423 1229 2490 Sede
1273 2425 1656 2510 impetrato;
1696 2421 1872 2489 etde
1905 2420 2086 2487 cuius
2117 2421 2230 2486 im·

655 2511 1013 2663 petrativone
1085 2529 1295 2597 neque
1367 2509 1777 2577 traditionalis
1854 2519 2031 2575 extet
2097 2528 2233 2576 me·

656 2614 853 2664 moria

784 2685 954 2761 Quae
1000 2683 1262 2771 quidem
1308 2684 1497 2753 dubia
1545 2687 1620 2752 ab
1670 2684 2066 2773 infrascripto
2126 2688 2235 2753 Se-

657 2769 926 2837 cretario
993 2772 1162 2838 inter
1229 2784 1440 2839 cetera
1506 2775 1700 2840 relata
1766 2776 1831 2841 in
1905 2772 2235 2840 Ordinatio

657 2862 857 2925 coetu
902 2862 1240 2928 Sacrorum
1285 2861 1544 2928 Rituum
1591 2860 2112 2949 congregationis
2157 2861 2236 2929 ad

657 2946 1030 3034 Vaticanum
1075 2947 1380 3017 hodierna
1423 2949 1531 3018 die
1579 2949 1817 3036 habito,
1866 2953 2046 3019 Sacra
2105 2949 2236 3038 ipsa

658 3037 1083 3125 Congregatio
1125 3039 1608 3106 rescribendum
1655 3039 1949 3105 censuitz

790 3125 884 3192 Ad
940 3128 999 3192 1.
1052 3146 1091 3192 α
1126 3129 1382 3202 Festum
1429 3126 1753 3215 praecipui
1785 3127 2030 3194 Patroni
2061 3127 2240 3194 Dioe·

661 3213 821 3280 cesis
863 3214 1249 3281 servandum
1293 3214 1413 3282 sub
1459 3227 1801 3303 praecepto
1850 3215 1912 3283 in
1959 3215 2140 3298 locis,
2176 3217 2239 3281 in

661 3302 889 3387 quibus
949 3321 1078 3370 non
1148 3302 1417 3370 babetur
1480 3303 1771 3392 specialis
1838 3308 2138 3370 Patronus
2205 3323 2240 3369 a

661 3393 725 3459 S.
779 3390 945 3457 Sede
995 3390 1442 3478 confirmatus3
1493 3393 1578 3459 de
1607 3411 1734 3481 quo
1768 3391 1832 3458 in
1865 3411 2009 3458 casu
2049 3409 2240 3478 agen-

662 3478 818 3578 dum
845 3490 961 3632 vest
1005 3478 1090 3546 de
1141 3492 1516 3569 praecepto,
1580 3481 1718 3547 loco
1763 3479 2013 3547 Patroni
2058 3481 2241 3545 Dioe-

664 3584 825 3636 cesis
908 3588 945 3630 s

796 3653 889 3719 Ad
939 3657 1002 3720 2.
1054 3675 1093 3718 a
1127 3656 1257 3724 Sub
1303 3656 1444 3722 data
1489 3656 1567 3723 ad
1614 3655 1978 3744 proximum
2027 3655 2241 3724 distin-

668 3738 906 3825 ctione,
955 3742 1036 3809 de
1084 3762 1210 3810 uno
1258 3752 1502 3811 tantum
1546 3745 1793 3831 agendo
1852 3746 1935 3812 de
1978 3762 2241 3832 praece-

665 3839 805 3982 pto,
843 3847 924 3894 ex
955 3830 1105 3917 ipsis
1147 3830 1652 3917 Apostolicarum
1694 3832 2074 3900 Litterarum
2106 3850 2244 3898 ver-

713 3935 762 3981 is
795 3940 862 3983 »-
2098 3966 2112 3980 .

797 4006 896 4073 Ad
941 4011 1006 4074 3.
1053 4027 1092 4073 α
1126 4008 1470 4096 Negative3
1521 4017 1586 4073 et
1630 4009 1958 4096 provisum
2006 4009 2070 4076 in
2115 4009 2243 4098 pri-

670 4109 775 4158 mo
811 4114 878 4161 ι.

801 4186 1010 4269 Atque
1054 4184 1138 4252 ita
1183 4184 1504 4273 rescripsit
1535 4197 1600 4251 et
1628 4185 1865 4251 servari
1899 4184 2239 4253 mandavit.

801 4271 914 4337 Die
967 4275 1045 4338 12
1091 4273 1356 4360 Augusti
1410 4276 1599 4340 1854.

673 4444 939 4514 3029.
1275 4449 1639 4535 smoan„
2016 4447 2243 4535 (sace)

803 4623 1008 4700 Quum
1028 4626 1104 4690 R.
1138 4626 1206 4689 D.
1236 4622 1571 4690 casimirus
1601 4629 1871 4709 Renaut,
1892 4623 2247 4693 canonicus

672 4709 749 4777 ad
797 4710 1107 4776 honorem
1152 4710 1542 4779 cathedralis
1571 4712 1920 4780 Briocensis
1954 4725 2019 4780 et
2052 4714 2115 4780 in
2149 4733 2249 4780 ea-

673 4798 822 4865 dem
868 4799 1147 4865 Ecclesia
1193 4801 1740 4868 caeremoniarum
1790 4802 2116 4890 Magister,
2166 4802 2249 4869 de

672 4888 966 4954 mandato
1011 4886 1108 4953 sui
1153 4889 1689 4956 Reverendissimi
1720 4890 2015 4978 Episcopi
2060 4890 2248 4957 sedu-

676 4975 801 5039 lam
830 4979 1323 5061 'accuratamque
1370 4995 1630 5064 operam
1671 4979 1996 5064 impendat
2026 4977 2092 5044 in
2125 4979 2250 5044 ela·-

674 5061 955 5130 borando
1018 5082 1233 5150 parvo·
1266 5067 1718 5132 caeremoniali
1765 5069 1843 5134 ad
1888 5085 2074 5134 usum
2135 5071 2253 5132 Ec-

676 5148 1009 5219 clesiarum
1054 5153 1419 5234 Ruralium;
1469 5156 1728 5221 nomine
1792 5156 1989 5243 ipsius
2048 5159 2250 5223 Reve-

821 5345 899 5420 (t)
934 5349 995 5407 n.
1034 5348 1173 5406 nub.
1210 5347 1277 5414 x,
1316 5349 1409 5415 x1,
1448 5349 1568 5418 xn,
1606 5349 1735 5409 xlv
1772 5357 1826 5407 et
1863 5351 2010 5411 xv1.

2316 488 2758 575 gregationem
2826 486 3018 554 enixe
3085 487 3367 573 rogavit,
3433 497 3506 555 ut
3567 487 3908 574 sequentia

2315 577 2506 645 dubia
2550 575 2882 643 declarare
2925 575 3335 663 dignaretur3
3385 576 3735 643 nimirum:

2451 670 2496 730 l.
2546 665 2709 731 Num
2769 662 2834 730 in
2892 663 3235 731 Dominicis
3294 682 3492 749 quum
3554 664 3912 731 celebrans

2321 751 2385 819 in
2431 751 2793 837 aspersione
2840 770 3040 838 aquae
3064 760 3211 818 ante
3243 752 3483 818 Missam
3529 752 3912 820 Solemnem

2321 839 2565 908 intonat
2619 838 3043 925 Antiphonam
3106 843 3403 925 Asper-yos
3445 860 3578 921 mc,
3626 841 3914 908 debeant

2321 926 2661 1009 chorales,
2708 925 2875 994 idest
2933 925 3163 994 clerici
3224 925 3288 994 in
3356 927 3569 994 choro
3634 929 3912 995 circum·

2319 1024 2582 1096 stantes,
2629 1032 2768 1081 sese
2814 1025 3070 1081 vertere
3115 1015 3191 1083 ad
3238 1013 3506 1082 Alt'are‘?

2457 1107 2530 1169 ll.
2564 1104 2729 1169 Num
2761 1101 3064 1169 Chorales
3099 1120 3301 1187 quum
3332 1103 3396 1170 in
3429 1104 3604 1171 Missa
3633 1103 3912 1170 solemni

2326 1190 2456 1259 bini
2479 1201 2569 1261 ,et
2615 1189 2743 1257 bini
2787 1190 3057 1256 recitant
3105 1192 3328 1271 Credo,
3379 1190 3661 1259 debeant
3705 1209 3914 1278 genu-

2326 1278 2591 1346 flectere
2655 1278 2732 1345 ad
2796 1296 2866 1343 ea
2925 1277 3117 1344 verba
3173 1281 3259 1345 Et
3315 1284 3715 1346 incarnatus
3779 1289 3870 1344 σε
3889 1326 3908 1357 ,

2327 1385 2554 1520 quum?
2581 1367 2717 1454 ipse
2773 1366 3114 1434 celebrans
3174 1377 3241 1433 et
3299 1366 3560 1434 Ministri
3620 1368 3915 1455 genufle-

2332 1464 2501 1522 etant

2459 1546 2559 1609 111.
2595 1545 2761 1610 Num
2785 1542 3326 1611 caeremoniarius
3354 1562 3553 1630 quum
3589 1542 3728 1631 ipse
3757 1553 3916 1625 stet,

2328 1629 2775 1699 celebrantem
2808 1630 3109 1697 monendi
3141 1631 3336 1717 gratia
3384 1631 3467 1698 de
3499 1630 3920 1698 inclinatione

2328 1717 2635 1801 facienda,
2698 1718 2775 1783 ad
2830 1719 3021 1786 verba
3069 1721 3151 1785 Et
3198 1721 3588 1786 incarnatus
3634 1730 3755 1798 est,
3809 1736 3922 1805 ge-

2333 1805 2686 1873 nuflectere
2731 1805 3015 1873 debeat?

2461 1896 2567 1961 tv.
2616 1896 2781 1961 Num
2825 1895 3139 1961 Parochus
3179 1914 3300 1996 pro
3344 1895 3701 1963 deferendo
3737 1895 3920 1962 cada-

2333 2000 2490 2050 vere
2534 1982 2600 2048 in
2645 1980 2993 2049 Ecclesiam
3030 1994 3229 2069 possit
3258 1984 3546 2070 accipere
3574 1984 3826 2052 stolam
3857 1996 3924 2049 et

2337 2069 2616 2169 pluviale
2651 2069 2838 2157 'nigri
2897 2069 3181 2171 coloris?
3236 2075 3395 2139 Item
3452 2089 3608 2138 num
3654 2072 3722 2137 in
3774 2091 3924 2137 exe·

2336 2158 3928 2350 332¹sstartesiacas&wasa

2339 2333 2647 2401 cadavere
2705 2333 2772 2398 in
2830 2331 3216 2421 Ecclesiam,
3265 2348 3465 2421 possit
3526 2336 3778 2403 Stolam
3826 2336 3930 2401 vel

2337 2420 2619 2577 pluviale
2651 2419 2818 2507 nigri
2849 2421 3082 2488 coloris
3111 2424 3389 2491 retinere
3434 2423 3512 2490 ad
3559 2423 3930 2491 canendum

2396 2523 2736 2577 octurnum
2764 2509 2962 2577 Officii
3011 2522 3437 2594 mortuorum,
3471 2522 3576 2579 aut
3607 2516 3932 2601 Vesper-as

2344 2607 2769 2682 mortuorum,
2817 2595 2870 2662 si
2902 2598 2966 2665 in
2998 2618 3143 2667 casu
3189 2598 3580 2667 necessitatis
3609 2600 3932 2686 exequiae

2342 2704 2614 2838 vesper?
2658 2684 2835 2770 flant,
2885 2697 2953 2753 et
3001 2689 3317 2775 vesperae
3366 2686 3748 2755 immediate
3787 2707 3933 2755 can·

2345 2782 2560 2839 tentur

2478 2863 2552 2927 V.
2604 2864 2768 2929 Num
2817 2862 2880 2930 in
2927 2863 3035 2930 die
3081 2869 3195 2949 lll,
3243 2868 3393 2947 vu,
3439 2867 3610 2932 XXX
3667 2874 3742 2930 et
3805 2868 3933 2931 An·

2341 2949 2680 3017 niversaria
2726 2951 3089 3039 ceterisque
3132 2951 3270 3020 aliis
3315 2951 3567 3036 diebus,
3613 2954 3935 3022 Sacerdos

2343 3055 2665 3108 assumere
2693 3041 2907 3127 possit
2953 3041 3190 3108 stolam
3221 3052 3290 3108 et
3320 3042 3599 3129 pluviale
3629 3042 3706 3109 ab
3749 3041 3936 3108 initio

2341 3124 2539 3193 Officii
2588 3139 2988 3195 mortuorum
3036 3128 3208 3214 quod
3255 3139 3542 3197 cantatur
3584 3138 3736 3197 ante
3784 3130 3934 3197 llis-

2343 3211 2529 3280 sam‘?
2573 3227 2638 3280 et
2683 3228 2994 3301 quatenus
3040 3217 3364 3303 negative,

2476 3305 2578 3369 vt.
2628 3304 2793 3369 Num
2841 3314 3131 3371 teneatur
3175 3324 3497 3372 assumere
3544 3306 3789 3373 Stolam
3823 3308 3934 3373 vel

2341 3389 2625 3477 pluviale
2668 3410 2787 3478 pro
2835 3392 3174 3461 recitandis
3219 3393 3517 3460 Precibus
3546 3394 3613 3460 in
3641 3393 3777 3460 fine
3807 3396 3935 3460 No-

2343 3478 2578 3634 {mmi’
2619 3497 2825 3633 falum
2872 3481 2954 3547 ob
2999 3481 3437 3635 rational-{ilem
3481 3499 3734 3549 causam
3771 3485 3936 3577 Lau3

2391 3586 2459 3633 es
2504 3586 2635 3634 reci
2701 3588 2753 3633 ri
2800 3587 2927 3635 non
3018 3588 3205 3636 ossun

2479 3657 2607 3722 vn.
2656 3658 2823 3723 Num
2876 3657 2942 3723 in
2971 3587 3287 3744 pexequiis
3333 3679 3401 3726 v.
3450 3677 3516 3746 g.
3564 3677 3930 3746 pauperum

2347 3743 2518 3809 cerei
2564 3743 2808 3811 accensi
2856 3744 2920 3811 in
2965 3745 3164 3812 Altari
3209 3747 3537 3836 pauciores
3583 3765 3727 3812 esse
3785 3766 3931 3834 pos-

2350 3831 2477 3898 sint
2522 3849 2791 3898 numero
2854 3852 3043 3920 quam
3086 3852 3241 3920 sex,
3292 3846 3356 3902 et
3400 3834 3467 3903 in
3513 3833 3712 3902 Missis
3775 3854 3930 3921 quo-

2353 3919 2601 4071 tidianis
2657 3924 2918 3989 cantatis
2972 3941 3091 4009 pro
3152 3923 3475 3990 Defunctis
3536 3941 3732 4009 quam
3780 3942 3931 4009 qua·

2352 4019 2495 4073 tuor
3857 4032 3868 4042 ·

2480 4099 2638 4163 Vlll.
2686 4099 2850 4164 Num
2894 4098 3093 4185 possit
3139 4100 3445 4168 Sacerdos
3494 4100 3571 4167 ad
3620 4102 3928 4187 vesperas

2348 4183 2798 4252 defunctorum
2843 4186 3135 4273 accipere
3165 4189 3401 4256 Stolam
3446 4197 3511 4254 et
3543 4187 3836 4277 pluviale
3863 4187 3927 4252 ab

2349 4272 2527 4339 initio
2577 4277 2999 4360 vesperarum
3029 4272 3063 4340 ⁰?
3119 4287 3184 4344 et
3229 4288 3543 4363 quatenus
3603 4277 3925 4363 negative,

2479 4363 2587 4427 lx.
2636 4364 2801 4429 Num
2836 4374 3128 4431 teneatur
3165 4365 3460 4453 accipere
3490 4365 3568 4432 ad
3598 4363 3926 4432 canticum

2352 4448 2767 4626 Magnigcat),
2816 4450 2923 4519 vel
2980 4452 3208 4520 saltem
3265 4472 3382 4542 pro
3425 4452 3732 4521 Precibus
3780 4453 3928 4520 reci·

2355 4549 2455 4604 tan
2505 4538 2555 4605 is
2657 4543 2717 4624 (1
3231 4541 3236 4550 “

2481 4629 2564 4694 X.
2612 4629 2776 4693 Num
2824 4638 2964 4716 post
3010 4629 3255 4697 ltlissam
3302 4630 3363 4697 in
3396 4630 3500 4698 die
3532 4627 3752 4697 obitus
3784 4629 3927 4696 alius

2350 4716 2656 4783 Sacerdos
2722 4735 2755 4780 a
2822 4715 3199 4786 celebrante
3266 4718 3557 4785 diversus
3624 4719 3924 4786 accedere

2353 4802 2550 4891 possit
2594 4803 2670 4870 ad
2718 4803 3181 4872 absolutionem
3227 4800 3710 4895 peragendam?

2481 4895 2592 4960 Xl.
2639 4897 2710 4960 In
2751 4891 2982 4959 Officiis
3035 4893 3513 4980 defunctorum,
3561 4895 3628 4961 in
3688 4894 3924 4962 Matuti-

2355 4978 2449 5045 nis
2495 4983 2964 5064 Tenebrarum,
3022 5002 3143 5070 per
3186 4984 3500 5070 integram
3557 4984 3808 5050 Feriam
3861 4983 3925 5048 Vl

2354 5066 2421 5134 in
2471 5072 2806 5136 Parasceve
2864 5090 2934 5136 ac
2988 5070 3253 5139 Sabbato
3312 5075 3539 5139 Sancto
3598 5090 3808 5158 usque
3859 5070 3926 5137 ad

2357 5156 2602 5223 Missam
2660 5159 3030 5226 solemnem
3089 5161 3453 5244 exclusive,
3516 5160 3570 5226 si
3632 5161 3777 5245 quis
3833 5179 3924 5226 su·
