4042 5950
1567 253 2037 333 —455—

176 424 463 482 mentum
509 412 942 482 Poenitentiae
1000 413 1108 480 abs
1155 433 1241 481 ue
1298 413 1472 481 Stola
1497 462 1514 497 ,
1566 413 1758 482 etiam

176 503 238 570 in
290 502 572 604 Ecclesia
631 512 724 602 et·
754 502 923 569 Sede
986 505 1117 569 con
1150 501 1472 586 essionali,
1520 502 1758 570 servari

170 599 414 746 cst.
437 608 622 746 „aa
656 590 904 746 aasz?
931 589 1759 778 ,trstzsffltsrsz

170 778 680 846 cramentorum,
741 766 980 833 addat:
1038 786 1154 832 nist
1224 784 1289 832 tn
1354 767 1756 834 sacramento

169 852 600 922 Poenitentiae
645 853 1061 922 ministrando
1108 852 1349 920 occasio
1375 902 1393 937 ,
1443 854 1546 921 vel
1607 874 1757 921 con-

167 942 469 1026 suetudo,
503 943 610 1009 vel
644 942 821 1009 locus
869 942 1193 1010 interdum
1226 941 1411 1009 aliter
1452 943 1753 1021 suadeat;

171 1039 237 1094 et
269 1028 414 1096 alibi
450 1029 621 1097 idem
655 1029 905 1097 Rituale
950 1029 1226 1099 subdat:
1275 1029 1447 1098 Stola
1492 1028 1755 1098 violacei

123 1116 398 1210 'coloris
446 1127 684 1201 utatur,
732 1130 925 1205 prout
983 1127 1239 1205 tempus
1297 1118 1401 1184 vel
1465 1119 1751 1186 locorum

166 1206 559 1273 consuetudo
604 1203 824 1272 seret?

299 1296 399 1361 ΙΙΙ.
450 1297 679 1361 Utrum
724 1313 842 1380 pro
888 1293 1362 1383 superpelliceo
1409 1293 1504 1362 uti
1547 1294 1753 1361 valeat

169 1382 482 1450 Sacerdos
529 1381 684 1449 Alba
730 1399 877 1448 cum
922 1380 1096 1450 Stola
1143 1381 1220 1448 ad
1268 1393 1497 1468 pectus
1552 1393 1754 1449 trans-

167 1488 383 1555 versa,
446 1470 510 1537 in
566 1469 809 1538 casibus
868 1469 1198 1558 praefatis3
1247 1469 1625 1557 praesertim
1686 1469 1748 1536 in

165 1557 547 1627 celebrando
581 1556 1001 1642 matrimonio,
1029 1576 1174 1624 cum
1208 1556 1579 1626 immediate
1609 1570 1755 1645 post

162 1643 626 1714 absolutionem
672 1646 833 1713 ritus
878 1645 1250 1712 Matrimonii
1275 1694 1294 1730 ,
1342 1645 1585 1714 Missam
1632 1664 1749 1732 pro

165 1735 410 1819 Sponso
457 1743 522 1801 et
568 1736 808 1820 Sponsa
855 1733 1296 1802 celebraturus
1339 1731 1475 1801 sit?

296 1823 481 1889 Sacra
550 1840 704 1888 vero
773 1821 999 1888 eadem
1068 1823 1529 1910 congregatio,
1606 1829 1750 1909 post

162 1908 455 1979 auditum
500 1919 721 1976 votum
776 1908 1040 1978 alterius
1100 1928 1179 1976 ex
1238 1909 1744 1998 Apostolicorum

163 1995 721 2065 eaeremoniarum
765 1997 1098 2084 magistris,
1148 1996 1492 2085 propositis
1537 1996 1747 2066 dubiis

162 2095 413 2151 mature
477 2096 900 2174 accurateque
971 2085 1341 2173 perpensis,
1391 2084 1746 2153 rescribere

161 2183 292 2239 rata
340 2183 485 2239 est:

291 2260 388 2328 Ad
436 2266 482 2329 l.
534 2281 573 2327 α
606 2265 914 2330 Recurrat
968 2263 1047 2331 ad
1107 2265 1358 2331 Sacram
1415 2262 1745 2330 Universa·

161 2346 295 2415 lem
341 2348 821 2435 inquisitionem
854 2374 917 2417 ».

290 2436 389 2505 Ad
434 2442 508 2505 ll.
562 2459 600 2501 ι
632 2440 1037 2506 Conveniens
1081 2449 1200 2521 est,
1234 2447 1307 2505 ut
1355 2438 1419 2506 in
1465 2438 1746 2507 Ecclesia

151 2524 541 2594 adhibeatur
583 2527 784 2612 Stola,
832 2528 1006 2606 iuxta
1052 2530 1116 2596 S.
1153 2529 1226 2593 R.
1262 2527 1335 2592 c.
1379 2531 1644 2594 Decreta
1677 2549 1741 2592 ».

292 2613 386 2682 Ad
435 2617 540 2680 ut.
589 2633 628 2679 ⁴1
661 2617 724 2683 Si
772 2615 1137 2684 immediate
1194 2615 1484 2698 sequitur
1536 2615 1742 2698 Missa,

153 2700 466 2768 Sacerdos
509 2711 765 2789 praeter
806 2704 1029 2772 Albam
1079 2711 1143 2768 et
1188 2702 1426 2770 Stolam
1474 2702 1745 2771 induere

155 2787 357 2856 debet
404 2789 598 2856 etiam
644 2790 968 2860 Planetam
1003 2813 1065 2856 ».

293 2878 502 2964 Atque
547 2878 634 2945 ita
671 2880 997 2966 rescripsit
1029 2889 1094 2945 et
1123 2877 1362 2946 servari
1394 2878 1740 2947 mandavit.

289 2965 402 3036 Die
447 2969 529 3037 31
578 2967 845 3056 Augusti
899 2970 1091 3037 1867.
1243 2982 1250 2991 ·

149 3141 409 3212 3159.
603 3142 1285 3221 COMPOSTELLANA.
1516 3139 1741 3229 (6383)

289 3323 359 3386 In
402 3317 698 3387 omnibus
742 3317 882 3385 fere
927 3316 1406 3386 cathedralibus
1445 3316 1744 3384 Ecclesiis

49 3406 62 3421 “
149 3407 486 3496 Hispaniae
557 3416 700 3494 post
765 3405 1055 3473 solemne
1109 3404 1576 3473 concordatum
1637 3425 1744 3473 an-

149 3517 238 3565 no
291 3499 454 3564 1861
503 3494 673 3562 inter
717 3497 1005 3562 Sanctam
1052 3491 1291 3563 Sedem
1332 3503 1399 3559 et
1435 3493 1740 3580 Reginam

153 3585 413 3668 initum,
464 3583 528 3651 in
572 3582 839 3670 quibus,
888 3595 1145 3672 praeter
1188 3580 1573 3665 Canonicos,
1623 3584 1741 3648 Be-

149 3670 429 3740 neficiati
478 3672 541 3738 in
585 3680 880 3737 veterum
940 3669 1473 3737 Portionariorum
1527 3670 1739 3736 locum

152 3759 479 3828 constituti
531 3770 597 3825 et
635 3758 966 3845 subrogati
1010 3770 1183 3841 sunt,
1235 3756 1431 3824 iidem
1489 3756 1737 3826 Benefi-

153 3848 299 3916 ciati
346 3849 412 3915 in
456 3843 810 3915 ministerio
842 3845 1096 3914 Diaconi
1130 3857 1196 3913 et
1227 3843 1606 3914 subdiaconi
1644 3844 1737 3913 in-

150 3934 446 4004 serviunt
503 3934 570 4001 in
627 3933 823 4001 Missis
866 3932 1408 4003 conventualibus
1450 3952 1484 3999 a
1543 3936 1742 4003 cano·

154 4023 316 4091 uicis
382 4021 745 4090 celebratis.
817 4029 1103 4092 lamvero
1163 4040 1359 4109 quum
1416 4025 1611 4090 Emus
1674 4031 1741 4088 et

150 4116 350 4180 umus
394 4113 468 4178 D.
517 4110 706 4178 card.
755 4113 1019 4180 Michael
1070 4111 1283 4179 carcia
1342 4112 1569 4177 cuesta
1627 4113 1741 4177 Ar-

151 4198 600 4288 chiepiscopus
623 4200 1172 4289 Compostellanus
1200 4220 1233 4265 a
1264 4201 1448 4267 Sacra
1479 4199 1737 4266 Rituum

149 4285 662 4375 congregatione
723 4290 1052 4374 petiisset:
1110 4290 1208 4356 An
1262 4286 1416 4355 haec
1472 4304 1738 4353 consue·

148 4376 315 4444 tudo
363 4375 428 4444 in
474 4374 761 4461 Hispania
822 4377 1155 4445 retinenda
1200 4376 1328 4455 sit3
1378 4373 1482 4441 vel
1543 4375 1739 4441 cano-

148 4462 307 4547 nici,
374 4463 601 4530 saltem
661 4462 725 4530 in
781 4465 981 4532 Festis
1038 4464 1281 4552 primae
1339 4460 1577 4545 classis,
1626 4460 1738 4529 de-

150 4553 344 4620 beant
390 4548 698 4706 igservire
746 4551 809 4620 in
854 4572 1125 4620 munere
1170 4548 1423 4618 Diaconi
1469 4559 1536 4616 et
1581 4550 1741 4617 Sub-

151 4638 404 4709 diaconi

287 4730 471 4796 Sacra
524 4728 749 4797 eadem
793 4729 1054 4796 Rituum
1100 4726 1552 4816 congregatio,
1597 4734 1743 4812 post

149 4816 434 4886 auditam
476 4815 859 4884 sententiam
904 4817 1169 4885 alterius
1216 4835 1297 4883 ex
1352 4813 1739 4900 Apostolica-

150 4923 299 4973 rum
344 4905 900 4972 Caeremoniarum
948 4904 1294 4991 magistris,
1343 4902 1737 4971 declaravit:

151 5016 192 5058 ι
226 4993 405 5072 Quod
460 4994 898 5076 consuetudo,
947 5003 1019 5060 ut
1075 4994 1140 5061 in
1200 4990 1430 5077 Missis,
1480 5009 1639 5077 quae
1704 5012 1737 5058 a

148 5082 482 5150 Canonicis
527 5081 985 5167 decantantur,
1036 5082 1163 5149 duo
1220 5078 1613 5148 Beneficiarii
1672 5080 1737 5147 in

147 5169 507 5238 ministerio
552 5168 807 5237 Diaconi
856 5181 922 5238 et
949 5167 1325 5239 Subdiaconi
1371 5166 1736 5252 inserviant,

150 5258 420 5325 retineri
467 5267 607 5325 tuto
655 5270 891 5347 potest.
943 5260 1185 5326 Verum
1230 5257 1282 5323 si
1344 5255 1408 5323 in
1456 5255 1735 5322 Ecclesia

149 5347 515 5415 Cathedrali
561 5347 725 5413 adsit
768 5346 975 5434 aliqua
1019 5344 1321 5433 Dignitas,
1371 5344 1464 5411 uti
1523 5341 1740 5411 Archi·

1861 415 2232 504 presbyter,
2280 412 2775 483 Archidiaconus
2822 427 2978 499 etc.,
3019 413 3345 501 convenit,
3382 427 3453 485 ut

1862 503 2115 589 quoties
2160 523 2231 570 ea
2278 503 2557 592 Dignitas
2603 502 2845 571 Missam
2891 506 3253 572 solemnem
3286 507 3454 573 cele·

1860 591 2046 659 brare
2092 590 2313 675 debet,
2364 610 2594 659 munus
2638 590 2892 659 Diaconi
2922 604 3007 660 .et
3070 591 3450 662 subdiaconi

1858 697 1987 746 non
2048 700 2083 745 a
2142 678 2568 747 Beneficiariis
2620 679 2736 747 sed
2792 700 2823 745 a
2883 679 3211 748 canonicis
3265 700 3449 748 exer·

1863 776 2112 834 ceatur.
2162 788 2203 830 ‹
2237 769 2445 853 Atque
2492 766 2574 834 ita
2621 767 3060 836 declaravit».

1989 854 2103 921 Die
2149 859 2230 924 31
2280 855 2549 943 Augusti
2604 858 2795 924 1867.

1858 994 2116 1065 3160.
2307 998 2989 1064 COMPOSTELLANA.
3217 996 3447 1085 (5384)

1986 1121 2057 1184 ln
2077 1117 2557 1186 cathedralibus
2582 1117 2884 1186 Ecclesiis
2908 1117 3237 1206 Hispaniae
3271 1135 3444 1185 com-

1853 1204 2139 1273 muniter
2185 1225 2265 1272 ex
2313 1206 2654 1294 privilegio
2699 1215 2992 1274 cantatur
3020 1206 3442 1295 Evangelium

1857 1293 1920 1359 in
1967 1293 2256 1360 Ambone
2322 1313 2437 1361 seu
2486 1293 2781 1380 Pulpito,
2831 1294 2988 1362 dum
3044 1298 3228 1364 Sacra
3281 1295 3445 1361 sole-

1854 1381 2022 1448 mnia
2066 1381 2512 1467 celebrantur,
2577 1383 2977 1452 Subdiacono
3035 1382 3308 1470 proinde
3369 1382 3444 1448 li·

1857 1468 2044 1536 brum
2090 1469 2334 1536 interea
2379 1489 2508 1537 non
2569 1481 2853 1538 tenente.
2919 1475 3203 1538 lamvero
3263 1471 3442 1537 finito

1853 1557 2183 1646 Evangelii
2217 1557 2405 1625 can'tu
2437 1569 2663 1646 putant
2693 1557 2884 1645 aliqui
2918 1560 3261 1626 Diaconum
3293 1577 3442 1646 por-

1853 1646 2068 1733 rigere
2114 1644 2353 1714 debere
2416 1644 2816 1715 subdiacono
2881 1645 3155 1731 librum,
3204 1658 3278 1714 ut
3336 1648 3441 1714 Sa·

1853 1732 2102 1801 cerdoti
2147 1733 2647 1802 deosculandum
2712 1734 3006 1802 deieratz
3064 1734 3166 1801 alii
3223 1746 3438 1802 autem

1853 1831 2081 1911 putant
2126 1820 2594 1889 subdiaconum
2643 1822 2848 1889 teneri
2911 1821 3144 1891 librum
3205 1840 3325 1909 per
3368 1842 3438 1888 se

1851 1928 2139 1992 sumere,
2173 1907 2328 1994 quin
2359 1909 2418 1977 ei
2465 1931 2496 1975 a
2544 1910 2814 1978 Diacono
2862 1910 3169 1994 tradatur,
3207 1912 3271 1977 in
3300 1909 3442 1977 Pul·

1900 1998 1985 2063 ito
2056 1998 2432 2084 praesertim
2499 1996 2648 2064 satis
2725 1997 2935 2083 amplo
3006 2008 3070 2064 et
3136 1996 3432 2098 spatioso.

1847 2017 2055 2164 guum
2087 2094 2302 2151 autem
2333 2084 2398 2155 in
2431 2084 2912 2171 metropolitana
2942 2086 3222 2154 Ecclesia
3248 2088 3436 2154 Com-

1847 2172 2238 2260 postellana,
2285 2172 2352 2239 in
2412 2193 2536 2260 qua
2595 2173 2975 2242 afferebatur
3032 2174 3254 2242 adesse
3306 2167 3435 2260 pri-

1848 2279 2016 2336 mam
2064 2261 2595 2328 consuetudinem
2643 2262 2835 2350 (quae
2886 2272 3095 2329 tamen
3126 2261 3246 2329 etsi
3284 2280 3434 2328 vera

1849 2358 2044 2433 esset,
2077 2349 2155 2415 ab
2185 2351 2346 2415 Emo
2379 2360 2445 2415 et
2475 2352 2633 2416 Rmo
2663 2353 2736 2416 D.
2771 2349 3084 2417 cardinali
3131 2348 3434 2417 Michaele

1849 2436 2066 2505 Garcia
2111 2439 2340 2503 cuesta
2386 2434 2879 2538 Archiepiscopo
2918 2437 3433 2526 compostellano

1849 2543 1966 2613 per
2010 2528 2354 2591 Decretum
2401 2535 2472 2591 ut
2516 2544 2645 2591 non
2692 2525 3063 2625 obligatoria
3119 2524 3430 2594 declarata

1847 2611 1969 2698 est)
2018 2613 2102 2681 ob
2135 2612 2292 2679 hanc
2324 2611 2697 2700 opinionum
2725 2623 3094 2680 vanetatem
3125 2611 3433 2681 dissensio

1844 2719 1975 2769 non
2023 2699 2182 2766 levis
2228 2711 2446 2767 exorta
2479 2700 2711 2780 fuerit3
2748 2700 2922 2769 idem
2967 2704 3163 2768 Emus
3193 2700 3304 2770 Vir
3333 2703 3434 2768 Sa-

1848 2807 2017 2855 cram
2086 2787 2348 2855 Rituum
2423 2787 2994 2877 Congregationem
3069 2787 3432 2858 humillime

1845 2875 2159 2959 exoravit,
2205 2886 2277 2942 ut
2323 2875 2649 2943 declarare
2711 2875 3089 2964 dignaretur
3147 2877 3301 2964 quid
3368 2877 3433 2945 in

1846 2984 1993 3032 casu
2041 2974 2209 3031 esset
2256 2960 2632 3053 agendum?

1980 3056 2059 3118 Et
2124 3054 2308 3120 Sacra
2377 3051 2604 3119 eadem
2675 3053 3149 3139 congregatio,
3217 3053 3430 3120 audita

1845 3139 2026 3227 prius
2070 3140 2385 3208 sententia
2432 3140 2496 3206 in
2540 3138 2794 3227 scriptis
2839 3140 3102 3208 alterius
3148 3160 3227 3208 ex
3262 3143 3429 3227 Apo.-

1844 3228 2213 3296 stolicarum
2274 3227 2828 3295 caeremoniarum
2882 3226 3190 3315 Magistris
3245 3238 3312 3295 et
3357 3246 3429 3295 re

1845 3325 2097 3383 mature
2212 3334 2479 3403 erpensa
2508 3363 2525 3397 ,
2584 3315 3065 3384 rescribendum
3133 3316 3427 3382 censuit:

1848 3424 1885 3467 ‹
1918 3406 2159 3471 Servan
2206 3421 2307 3469 am
2353 3421 2492 3469 esse
2537 3403 3067 3472 consuetudinem
3100 3425 3163 3469 ».
3220 3408 3429 3490 Atque

1843 3492 1928 3559 ita
1975 3490 2303 3580 rescripsit
2346 3501 2412 3558 et
2456 3490 2694 3558 servari
2740 3490 3057 3558 mandavit
3101 3491 3167 3560 in
3198 3495 3427 3558 Metro-

1844 3581 2122 3668 politana
2170 3579 2449 3646 Ecclesia
2495 3579 3031 3666 compostellana.

1974 3668 2089 3735 Die
2136 3671 2215 3735 31
2264 3666 2535 3756 Augusti
2585 3671 2778 3736 1867.

1842 3810 2084 3882 3161.
2375 3813 2903 3879 mmmmm.
3197 3809 3424 3900 (aasz)

1972 3936 2271 4022 Magister
2326 3937 2883 4009 caeremoniarum
2940 3938 3263 4006 Ecclesiae
3315 3941 3426 4005 ca-

1845 4024 2150 4093 thedralis
2197 4024 2595 4092 Malacitanae
2642 4045 2676 4091 a
2722 4028 2903 4092 Sacra
2948 4025 3212 4094 Rituum
3262 4030 3425 4094 con·-

1840 4113 2216 4201 gregatione
2264 4110 2627 4180 humillime
2670 4112 3144 4200 insequentium
3199 4111 3425 4182 dubio·-

1841 4219 1988 4267 rum
2033 4199 2418 4268 solutionem
2466 4199 2847 4286 exquisivit3
2896 4201 3246 4269 nimirum:

1973 4293 2025 4355 1.
2074 4292 2301 4357 Utrum
2347 4287 2766 4355 concionator
2796 4298 3024 4376 petere
3052 4288 3285 4356 debeat
3314 4289 3423 4356 be-

1839 4375 2280 4444 nedictionem
2336 4396 2369 4442 a
2425 4374 2802 4443 celebrante
2849 4376 3009 4443 intra
3067 4376 3313 4443 Missam
3356 4377 3425 4443 in

1839 4463 2040 4533 Feriis
2069 4461 2638 4550 Quadragesimae;
2670 4461 2990 4549 siquidem
3020 4484 3147 4532 non
3182 4473 3425 4533 constat

1843 4572 1924 4619 ex
1970 4550 2426 4619 caeremoniali
2474 4548 2961 4639 Episcoporum,
3006 4571 3156 4621 cum
3194 4552 3277 4619 sit
3305 4570 3424 4620 usu

1841 4651 1909 4707 et
1953 4639 2420 4707 consuetudine
2468 4649 2829 4726 receptum,
2879 4653 2951 4708 ut
2995 4660 3122 4708 non
3168 4649 3426 4728 petatur

1840 4727 2210 4796 Benedictio
2258 4729 2419 4795 intra
2466 4726 2711 4793 Missam
2772 4727 2837 4796 in
2891 4728 3071 4796 Feria
3116 4732 3197 4798 tv
3240 4727 3423 4795 Cine-

1837 4833 2011 4900 rum,
2061 4815 2178 4882 nisi
2221 4837 2254 4881 a
2301 4824 2636 4903 praesente
2759 4815 2939 4903 oprio
2980 4811 3342 4905 Episcopo?

1969 4909 2046 4971 ll.
2096 4907 2325 4971 Utrum
2370 4901 2628 4970 Ministri
2679 4835 2847 4970 geri
2880 4904 2972 4970 uti
3012 4905 3255 4991 possint
3283 4902 3423 4969 Dal·

1840 4992 2087 5059 maticis
2148 4991 2212 5058 in
2269 4989 2609 5058 Dominicis
2654 4991 2986 5060 Adventus
3028 5002 3096 5057 et
3155 4990 3425 5070 Quadra-

1840 5078 2119 5166 gesimae
2167 5078 2230 5146 in
2276 5075 2599 5161 Ecclesiis,
2634 5077 2741 5147 ubi
2776 5076 3119 5167 exponitur
3162 5078 3426 5149 Sanctis-

1840 5168 2072 5233 simum
2118 5164 2544 5234 Eucharistiae
2591 5169 3069 5235 Sacramentum
3128 5168 3209 5237 ad
3265 5166 3423 5235 fide-

1842 5255 2001 5322 lium
2042 5255 2547 5339 venerationem,
2580 5265 2651 5322 ut
2685 5255 3014 5323 lucrentur
3045 5254 3419 5338 lubilaeum,

1840 5343 1948 5430 qui
1997 5343 2231 5410 dicitur
2275 5341 2690 5431 Quadraginta
2736 5341 3098 5414 Horarum?
