4042 5950
1625 242 2041 367 443.-

228 444 437 510 clesiae
501 444 865 511 Parocbialis
932 442 995 510 S.
1073 445 1238 510 Petri
1317 444 1542 532 Oppidi
1625 445 1766 511 Fori

228 529 495 616 Pompilii
526 530 807 616 partibus
839 550 917 596 ex
949 533 1179 617 altera3
1217 532 1368 599 inita
1400 534 1567 597 iuter
1600 534 1768 619 ipsos

226 617 295 682 ab
347 618 515 683 annis
580 621 740 683 1641
793 630 856 683 et
920 623 1085 687 1682
1135 619 1518 701 concordia,
1568 638 1769 704 eaque

230 724 411 790 usque
462 705 543 770 ¹ad
593 724 825 772 annum
885 711 1049 772 1726
1098 705 1243 772 hinc
1291 704 1437 772 inde
1486 702 1764 783 servata3

227 792 345 879 ipsa
378 802 581 858 tamen
612 812 740 858 nou
770 794 1083 877 obstante,
1119 812 1336 860 mense
1369 793 1570 879 Aprili
1604 794 1769 875 eius,-

224 881 359 946 dem
389 879 554 964 anni,
592 892 729 966 post
759 880 1052 948 indictam
1090 904 1119 946 a
1154 882 1444 966 Capitulo
1486 893 1551 947 et
1582 883 1768 948 clero

226 971 279 1034 S.
313 968 538 1034 nuffilli
580 970 799 1035 horam
828 987 943 1054 pro
974 971 1336 1056 peragenda
1369 969 1770 1034 Processioue

225 1061 280 1123 S.
325 1055 528 1138 Marci,
563 1056 636 1121 ad
670 1074 859 1140 quam
889 1057 1112 1123 clerus
1151 1056 1355 1122 dictae
1400 1056 1768 1123 Parocbialis

225 1146 284 1209 S.
326 1143 485 1208 Petri
530 1144 838 1210 accedere
912 1145 1277 1227 tenebatur,
1329 1145 1498 1211 idem
1546 1144 1767 1210 clerus

224 1233 283 1297 S.
317 1232 471 1296 Petri
517 1231 793 1297 similem
840 1232 1309 1299 processionem
1344 1233 1574 1299 eodem
1595 1240 1766 1296 ‘tem-

222 1336 363 1401 pore
409 1318 659 1384 indixit.
708 1320 869 1384 Ortis
901 1320 1169 1406 proinde
1203 1320 1368 1386 inter
1410 1321 1575 1405 ipsos
1605 1319 1767 1384 mul-

224 1406 289 1469 tis
345 1406 785 1472 controversiis
846 1406 1096 1493 illisque
1156 1407 1232 1474 ad
1295 1410 1359 1474 S.
1409 1412 1483 1473 Β.
1533 1411 1605 1473 6.
1663 1407 1768 1472 de-

223 1494 367 1575 latis,
414 1496 606 1559 Emus
652 1503 717 1559 et
762 1497 955 1560 {linus
1000 1500 1071 1561 D.
1123 1496 1311 1563 Card.
1358 1496 1537 1562 Picus
1585 1493 1763 1560 infra-

220 1580 429 1668 scripta
497 1579 687 1647 dubia
734 1579 904 1647 inter
960 1595 1170 1669 partes
1224 1582 1596 1649 concordata
1654 1581 1764 1648 de-

221 1668 487 1734 claranda
530 1670 909 1755 proposuit:

338 1759 392 1820 1.
441 1761 537 1821 An
584 1755 757 1822 inter
799 1758 1059 1824 Clerum
1104 1757 1444 1823 Abbatialis
1507 1767 1570 1822 et
1616 1755 1764 1822 insi-

221 1843 341 1927 gnis
381 1843 765 1930 collegiatae
827 1845 1148 1912 Ecclesiae
1207 1849 1273 1912 S.
1330 1844 1564 1911 Ruffilli
1599 1842 1764 1910 ‘Fori

220 1930 483 2017 Pompilii
529 1931 780 1996 Nullius
826 1933 1188 1999 Provinciae
1218 1938 1648 1999 Ravennaten.
1685 1944 1769 1996 at-

219 2036 329 2101 que
372 2020 633 2085 cterum
692 2020 1062 2106 parochialis
1109 2020 1427 2086 Ecclesiae
1481 2024 1545 2087 S.
1596 2018 1763 2084 Petri

219 2104 483 2171 eiusdem
527 2105 757 2195 Oppidi
820 2127 937 2175 seu
1003 2107 1285 2174 Civitatis
1337 2108 1642 2174 servanda
1686 2108 1767 2173 sit

220 2194 527 2260 concordia
574 2214 770 2281 super
818 2195 1322 2262 Processionibus
1370 2194 1670 2263 faciendis
1703 2195 1765 2261 in

219 2280 445 2346 Litaniis
502 2282 842 2347 maioribus
913 2297 978 2349 et
1036 2283 1385 2349 minoribus
1416 2334 1433 2367 ,
1481 2284 1547 2348 in
1592 2285 1768 2350 Sole-

219 2367 457 2434 mnitate
525 2371 703 2438 88ῶί
762 2371 1056 2454 Corporis
1111 2371 1345 2438 Christi
1411 2382 1475 2437 et
1536 2372 1597 2436 in
1651 2375 1765 2435 Do-

218 2453 419 2521 minica
462 2456 639 2522 infra·
688 2456 824 2524 eius
886 2468 1166 2524 octavam
1214 2461 1288 2525 ad
1350 2460 1616 2526 formam
1671 2460 1763 2524 in·

215 2551 697 2611 strumentorum
757 2544 1039 2632 desuper
1093 2546 1539 2635 stipulatorum
1593 2546 1769 2612 aunis

222 2633 361 2696 1641
408 2642 471 2697 et
524 2630 747 2699 1682?
791 2643 856 2698 et
899 2644 1210 2718 quatenus
1255 2634 1667 2717 affirmative,

284 2800 292 2809 Ι
328 2722 387 2784 2.
436 2723 531 2786 Au
564 2720 915 2807 Regulares
949 2720 1254 2787 interesse
1284 2722 1564 2788 debeant
1592 2742 1770 2808 prae·

216 2806 378 2872 dictis
422 2808 723 2876 omnibus
768 2806 1323 2876 Processionibus‘?

327 2898 385 2959 3.
437 2897 532 2962 An
595 2896 1006 2979 convocatio,
1075 2896 1387 2963 ordinatio
1454 2910 1518 2963 et
1573 2898 1766 2963 horae

217 2983 548 3078 praefinitio
582 2985 649 3050 in
692 2985 958 3070 siugulis
1004 2986 1297 3071 praefatis
1349 2985 1764 3052 Processioni-

218 3068 314 3132 bus
374 3082 623 3158 spectet
667 3073 744 3139 ad
792 3073 1151 3159 Capitulum
1220 3072 1582 3159 praedictae
1644 3074 1762 3139 Ab·

218 3155 430 3223 batialis
475 3173 541 3226 et
589 3160 972 3246 collegiatae
1022 3160 1337 3226 Ecclesiae
1369 3163 1434 3226 S.
1469 3157 1765 3227 Ruffilli‘?

324 3249 383 3311 4.
432 3248 529 3313 Au
563 3247 779 3313 eidem
812 3247 1101 3334 Capitulo
1150 3248 1333 3313 liceat
1360 3250 1478 3315 sub
1510 3249 1760 3335 propria

210 3333 388 3398 cruce
431 3336 507 3401 ad
556 3335 757 3401 dictas
824 3336 1260 3400 processiones
1323 3335 1632 3403 accedere
1693 3356 1763 3401 ac

210 3418 311 3482 sub
351 3441 421 3485 ea
463 3422 529 3488 in
566 3421 790 3488 iisdem
838 3419 1185 3488 incedere?

320 3511 381 3573 ὅ.
428 3512 523 3575 An
572 3508 691 3574 sub
748 3511 927 3575 unica
974 3513 1177 3576 cruce
1245 3509 1529 3576 eiusdem
1579 3512 1757 3610 Capi·

206 3594 307 3744 ἑιῖϋ
349 3595 651 3746 ipcedere
698 3597 973 3664 debeant
1036 3597 1370 3682 utriusque
1429 3600 1757 3665 Parochiae

271 3683 351 3746 eri
475 3685 538 3768 1)
598 3701 599 3708 ’

318 3773 391 3834 Et
435 3687 501 3839 ¹(S.
544 3776 621 3839 Β.
663 3777 765 3855 6.,
816 3783 1083 3857 utraque
1146 3787 1325 3858 parte
1371 3773 1624 3860 scriptis
1667 3788 1757 3840 at-

203 3873 311 3937 que
356 3879 507 3926 voce
555 3860 933 3925 informante
984 3862 1221 3945 audita,
1274 3861 1755 3929 rescribendum

209 3948 470 4014 censuitt

314 4035 401 4100 Ad
457 4040 608 4100 1.-‹
646 4036 989 4122 Negative3
1040 4038 1154 4103 sed
1200 4039 1276 4103 ab
1322 4050 1589 4122 utraque
1642 4042 1757 4102 Ec-

202 4119 368 4186 clesia
412 4141 557 4189 cum
605 4143 719 4188 suo
791 4125 1149 4210 respective
1201 4127 1389 4192 Clero
1439 4125 1756 4192 Saeculari

202 4216 255 4268 et
295 4211 583 4294 Regulari
631 4232 699 4276 ac
745 4210 1377 4278 confraternitatibus
1408 4212 1756 4278 Processio-

202 4310 327 4359 uem
381 4298 556 4364 88ῶί
602 4298 898 4384 Corporis
945 4299 1173 4365 Christi
1220 4299 1572 4365 faciendam
1620 4317 1754 4364 esse

201 4399 300 4531 per
340 4387 594 4451 easdem
641 4387 790 4472 viaS,
842 4389 961 4471 p'er
1008 4405 1158 4472 quas
1201 4388 1504 4454 hactenus
1550 4387 1755 4454 habita

223 4480 324 4553 uit,
369 4485 611 4539 servata
655 4474 1067 4553 alternativa;
1120 4473 1202 4540 ita
1247 4486 1322 4540 ut
1367 4477 1567 4561 prima
1614 4477 1755 4541 vice

199 4554 289 4620 fiat
328 4580 358 4623 a
401 4562 746 4646 collegiata
798 4564 864 4628 S.
912 4562 1149 4628 Ruffilli
1196 4561 1260 4627 iu
1309 4562 1415 4628 die
1457 4568 1641 4628 Festo
1673 4564 1756 4629 de

200 4660 398 4740 mane,
447 4668 480 4712 a
530 4649 821 4716 Parocbia
868 4669 1024 4715 vero
1072 4654 1136 4716 S.
1175 4652 1341 4714 Petri
1390 4652 1455 4716 in
1484 4653 1589 4718 die
1636 4657 1753 4717 Do·

200 4732 402 4798 manica
446 4735 603 4802 iufra
653 4749 935 4806 octavam
1031 4736 1224 4802 ariter
1269 4737 1353 4802 de
1402 4754 1623 4814 mane;
1691 4750 1756 4805 et

196 4835 339 4883 anno
383 4823 834 4908 sequenti-fiat
864 4825 928 4890 in
1026 4825 1086 4889 ie
1117 4829 1302 4889 Festo
1336 4845 1368 4888 a
1407 4826 1750 4892 Parochial'i

197 4917 252 4969 et
292 4907 350 4971 in
394 4910 497 4975 die
543 4911 857 4977 Dominica
893 4933 925 4977 a
957 4911 1326 4997 collegiata.
1377 4914 1553 4989 Quod
1587 4913 1637 4978 si
1671 4913 1752 4978 ob

195 4992 426 5078 aliquod
478 4998 839 5085 legitimum
904 5001 1442 5087 impedimentum
1501 5000 1578 5065 ab
1639 5006 1749 5066 Ec·

198 5080 383 5166 clesia,
410 5086 483 5152 ad
520 5103 708 5172 quam
740 5088 911 5153 iuxta
936 5089 1282 5174 praefatam
1313 5089 1751 5155 alternativam

196 5183 516 5254 spectaret,
563 5193 781 5260 neque
826 5177 907 5243 de
958 5194 1140 5242 mane
1188 5195 1399 5262 neque
1443 5188 1590 5263 post
1624 5180 1744 5243 Ve-

315 5363 390 5435 (1)
424 5367 487 5424 Ε.
514 5370 659 5440 nub.
694 5369 745 5436 6,
782 5370 831 5436 7,
866 5371 916 5436 8,
951 5372 985 5425 9
1022 5377 1076 5426 et
1114 5371 1196 5427 10.

1846 1622 1855 1630 ·
1871 1584 2100 1653 2285
2111 1634 2127 1651 .

1848 2548 2043 2612 ‘sione
2089 2548 2324 2634 Synodi

1867 464 2082 532 speras
2126 446 2277 513 dicti
2311 446 2440 513 diei
2475 446 2614 513 festi
2648 448 2966 514 Processio
2997 447 3137 514 fieri
3171 448 3429 533 poterit,

1876 533 1938 599 in
1986 534 2104 599 hoc
2152 554 2296 600 casu
2343 556 2374 598 a
2421 534 2584 601 dicta
2647 534 2921 601 Ecclesia
2971 535 3081 601 fiet
3127 535 3212 602 de
3257 555 3440 601 mane

1870 620 2229 688 Dominicae
2279 621 2436 687 infra
2483 632 2790 705 octavam,
2843 633 2906 689 et
2949 625 3025 690 ab
3056 625 3251 705 altera
3295 634 3439 709 post

1872 711 2214 795 vesperas:
2263 709 2700 775 processiones
2730 710 3146 795 Rogationum
3194 710 3345 776 fiant
3375 710 3439 775 in

1875 797 2097 863 eadem
2144 796 2250 863 die
2279 796 2354 861 ab
2401 807 2670 882 utraque
2703 797 2974 863 Ecclesia
3010 816 3154 864 cum
3199 817 3313 863 suo
3347 818 3441 863 re·

1870 884 2156 970 spective
2204 886 2390 950 Clero
2419 933 2436 966 ,
2485 894 2558 949 ut
2601 904 2835 970 supra,
2885 903 3001 971 per
3059 885 3186 949 vias
3240 883 3438 969 magis

1870 981 2043 1070 aptas
2111 972 2456 1037 existentes
2503 971 2566 1036 in
2625 972 2754 1037 suis
2819 971 3182 1058 respective
3253 971 3436 1036 terri·

1875 1070 2049 1123 torus
2080 1082 2142 1123 ».
2309 1064 2316 1074 '

2001 1147 2096 1213 Ad
2142 1150 2207 1212 2.
2259 1151 2325 1213 3.
2376 1150 2441 1213 4.
2490 1157 2555 1213 et
2602 1151 2668 1211 ὅ.
2730 1169 2767 1211 ‹
2800 1153 2924 1214 lam
2984 1146 3310 1234 provisum
3372 1145 3435 1210 in

1872 1233 2081 1319 primo
2117 1256 2180 1300 ».

2004 1326 2077 1386 Et
2124 1321 2206 1387 ita
2238 1319 2525 1387 decrevit
2555 1342 2624 1386 ac
2656 1323 2888 1387 servari
2935 1322 3276 1388 mandavit:
3327 1320 3437 1387 Die

1877 1410 1955 1474 10
2001 1406 2235 1501 Aprilis
2286 1413 2478 1479 1728.

2423 1588 2896 1652 cAuERmEN.
3210 1585 3434 1671 (3978)

1996 1760 2560 1827 Praetendentibus
2605 1760 3025 1847 Dignitatibus
3072 1771 3137 1825 et
3168 1759 3431 1827 Canoni-

1868 1847 1955 1913 cis
1985 1848 2303 1913 Ecclesiae
2349 1849 2737 1915 cathedralis
2782 1847 3143 1928 Camerini,
3187 1848 3432 1925 ,nedum
3553 1844 3568 1855 ‘

1866 1934 2017 2019 ipsis
2065 1947 2434 2021 competere
2481 1945 2803 2020 praestare
2833 1936 3244 2017 assistentiam
3297 1934 3439 2021 Epi·

1868 2040 2059 2107 scopo
2105 2022 2482 2090 pontificalia
2517 2022 2846 2088 exercenti
2890 2022 2954 2088 in
2988 2022 3262 2089 Ecclesia
3296 2022 3437 2087 Col-

1870 2111 2096 2196 legiata
2129 2114 2191 2177 S.
2230 2110 2518 2180 venantii
2552 2111 2841 2176 eiusdem
2877 2109 3184 2194 CivitatiS,
3218 2128 3434 2196 quam-

1866 2196 1959 2261 vis
2004 2197 2351 2284 Dignitates
2400 2209 2462 2263 et
2508 2197 2802 2265 Canonici
2851 2199 3165 2284 praefatae
3211 2198 3437 2264 cathe-

1868 2283 2060 2351 dralis
2105 2305 2232 2351 nou
2279 2285 2703 2370 collegialiter
2730 2302 2942 2370 neque
2979 2285 3434 2372 capitulariter,

1868 2372 1978 2438 sed
2028 2372 2120 2437 uti
2166 2373 2426 2459 singuli,
2459 2372 2794 2449 accedant3
2847 2390 3068 2437 verum
3102 2374 3291 2438 etiam
3324 2373 3436 2438 de·

1868 2475 2103 2544 negare
2159 2461 2446 2549 Capitulo
2513 2459 2719 2525 dictae
2778 2459 3199 2544 collegiatae,
3262 2479 3437 2527 occa-

2409 2551 2630 2614 locum-
2667 2551 2730 2613 in
2777 2547 3000 2613 eadem
3068 2549 3230 2614 linea
3291 2566 3436 2614 cum

1868 2634 2157 2719 Capitulo
2224 2597 2659 2719 cathedraliS,
2722 2633 3006 2720 quamvis
3075 2633 3435 2721 Capitulum

1869 2722 2295 2807 Collegiatae,
2352 2722 2572 2809 vigore
2642 2734 2851 2790 motus
2920 2720 3156 2821 proprii
3223 2744 3274 2787 s.
3345 2742 3434 2788 m.

1867 2810 2037 2876 Pauli
2070 2813 2168 2894 lll,
2205 2811 2267 2877 in
2299 2808 2803 2876 Processionibus
2840 2810 3103 2896 aliisque
3144 2810 3437 2877 ecclesia-

1867 2896 2036 2963 sticis
2083 2897 2511 2963 functionibus
2556 2915 2757 2963 unum
2796 2918 3026 2988 corpus
3072 2900 3205 2965 fere
3254 2897 3437 2964 effor-

1868 2985 2137 3068 mand0,
2184 2987 2249 3052 iu
2295 2986 2514 3053 eadem
2549 2986 2712 3051 linea
2760 3004 2905 3051 cum
2953 2985 3086 3072 ipso
3147 2987 3438 3074 Capitulo

1867 3074 2255 3141 Catbedralis
2315 3072 2615 3140 incedere
2659 3073 2898 3156 soleat,
2948 3074 3240 3140 cedendo
3307 3085 3436 3139 tau-

1869 3172 2001 3227 tum
2048 3162 2335 3247 Capitulo
2362 3160 2751 3227 cathedralis
2776 3177 3030 3228 manum
3063 3162 3434 3240 dexteram3

1864 3268 2061 3334 super
2125 3248 2391 3334 quibus,
2442 3248 2678 3313 exortis
2738 3246 2904 3313 inter
2959 3247 3089 3314 duo
3147 3248 3431 3335 capitula

1865 3335 2310 3402 controversiis
2355 3335 2609 3420 illisque
2654 3334 2729 3400 ad
2780 3339 2843 3402 S.
2901 3339 2975 3402 Β.
3038 3338 3111 3403 C.
3175 3335 3427 3418 delatiS,

1862 3444 1893 3487 a
1958 3424 2044 3488 cl.
2107 3440 2301 3488 mem.
2358 3423 2541 3489 card.
2601 3422 2820 3488 Casino
2881 3426 3157 3489 Poueute
3188 3473 3205 3506 ,
3268 3441 3432 3490 anno

1868 3515 2060 3592 1714,
2109 3510 2189 3575 ob
2236 3510 2674 3575 imminentem
2693 3510 3205 3576 ‘celebrationem
3237 3514 3432 3599 Syno-

1865 3598 1926 3665 di
1973 3603 2313 3664 Decretum
2359 3596 2781 3685 provisionale
2821 3597 3068 3664 editum
3115 3597 3257 3681 fuit,
3306 3617 3433 3683 quo

1830 3685 2174 3768 ‚mandavit
2220 3686 2388 3753 dicta
2445 3685 2730 3771 capitula
2784 3686 3016 3751 sedere
3075 3686 3315 3752 debere
3369 3685 3431 3750 in

1856 3773 2125 3839 scamnis
2192 3773 2553 3859 aequalibus
2598 3783 2663 3838 et
2717 3792 2919 3858 aeque
2979 3774 3355 3841 distantibus
3401 3793 3432 3836 a

1858 3861 2021 3928 Sede
2054 3861 2435 3949 Episcopali,
2464 3879 2662 3927 uuum
2694 3860 2770 3926 ad
2806 3861 3167 3945 dexteram,
3195 3879 3432 3946 nempe
3545 3911 3550 3920 .

1858 3950 2217 4034 Capitulum
2275 3949 2711 4033 cathedralis,
2771 3959 2836 4013 et
2886 3948 3161 4015 alterum
3207 3970 3238 4014 a
3283 3949 3433 4014 sini-

1856 4036 2039 4119 striS,
2095 4055 2332 4123 nempe
2401 4035 2762 4123 Capitulum
2830 4035 3254 4124 Collegiatae;
3316 4037 3429 4103 sed

1902 4126 2302 4208 ostmodum,
2351 4134 2739 4208 reassumpta
2798 4125 3261 4208 controversia,
3321 4143 3435 4212 per

1914 4217 2089 4279 mum
2137 4223 2202 4276 et
2247 4216 2475 4277 Rsnum
2505 4216 2577 4276 D.
2615 4212 2798 4278 card.
2836 4210 3295 4279 Zondadarium
3343 4212 3432 4276 in·

1855 4299 2177 4385 trascripta
2224 4298 2411 4365 dubia
2460 4299 2624 4365 iuter
2654 4309 2866 4385 partes
2913 4300 3340 4384 concordata,¹
3370 4298 3434 4364 in

1857 4390 1919 4453 S.
1956 4391 2029 4452 Β.
2074 4392 2144 4455 C.
2196 4386 2595 4471 declaranda,
2645 4386 2968 4474 proposita
3017 4386 3320 4452 luerunt:

1985 4480 2044 4540 1.
2104 4477 2198 4542 An
2266 4477 2579 4561 Episcopo
2648 4472 3028 4541 Pontificalia
3099 4473 3427 4539 exercenti

1852 4563 1916 4629 iu
1959 4564 2307 4650 Collegiata
2354 4566 2417 4629 S.
2455 4561 2745 4630 Venantii
2787 4562 3100 4627 debeatur
3143 4559 3430 4625 assisten-

1857 4652 1935 4715 tia
1980 4672 2011 4715 a
2062 4650 2476 4736 Dignitatibus
2511 4661 2575 4714 et
2606 4647 2931 4716 canonicis
2969 4648 3289 4713 Ecclesiae
3318 4650 3430 4714 Ca-

1858 4737 2193 4815 thedralis;
2242 4756 2355 4804 seu
2401 4737 2610 4823 potius
2656 4758 2688 4801 a
2734 4735 2949 4800 Priore
3000 4746 3064 4799 et
3103 4733 3431 4800 canonicis

1855 4825 2142 4891 eiusdem
2189 4822 2623 4909 collegiatae?

1981 4917 2044 4977 2.
2097 4912 2213 4978 Ubi
2273 4923 2338 4976 et
2394 4913 2715 4997 quomodo
2787 4907 3115 4975 occasione
3183 4905 3422 4996 Synodi

1850 5000 2078 5066 sedere
2124 5000 2396 5066 debeant
2451 4998 2519 5063 Di
2569 4999 2794 5066 nitates
2853 5006 2919 5062 et
2962 4997 3256 5064 Canonici
3317 5002 3431 5064 Ec-

1852 5089 2080 5153 clesiae
2124 5014 2564 5153 cathedralis}

1982 5179 2064 5241 Et
2131 5179 2192 5242 S.
2264 5178 2335 5241 Β.
2406 5177 2523 5258 6.,
2595 5186 2866 5259 utraque
2933 5186 3111 5261 parte
3178 5171 3428 5259 scriptis
