4042 5950
1556 255 1870 334 ...2395
1924 298 2028 315 ...

154 411 389 482 iudicio
447 434 561 481 suo
613 414 883 482 ferendo
927 435 1122 504 super
1166 413 1462 500 sequenti
1507 413 1732 498 dubio,

152 502 321 587 quod
376 503 443 570 in
484 502 801 570 positione
848 503 953 569 illa
1000 522 1271 571 numero
1316 504 1601 572 secundo
1637 501 1734 570 di-

150 588 458 658 stinctum
488 603 661 667 erat3
710 590 1050 658 nimirum:
1092 593 1188 658 An
1222 590 1283 658 in
1316 590 1732 659 Processioni·

154 680 265 746 bus
316 679 588 834 aliisque
652 676 1121 762 functionibus,
1182 678 1434 764 quoties
1488 682 1773 745 Fratres·

153 766 426 833 Minores
506 786 544 835 e
572 767 979 836 observantia
1022 784 1151 833 non
1182 766 1518 849 accedunt,
1600 785 1733 832 rae·

153 855 385 923 cedere
437 856 712 924 debeant
758 854 1028 922 Minores
1073 854 1442 937 Reformati,
1476 874 1556 922 ve
1621 872 1734 941 po-

156 943 271 1009 tius
317 941 834 1011 conventuales?
876 952 942 1009 et
989 942 1373 1030 rescriptum
1423 940 1736 1028 prodierit

152 1052 187 1094 a
219 1031 468 1110 Dilata;
517 1042 580 1097 et
625 1031 854 1099 scribat
883 1031 1046 1097 alter
1077 1030 1370 1119 Magister
1398 1033 1733 1098 caeremo-

154 1119 498 1198 niarum,»;
532 1119 608 1186 ad
642 1130 926 1185 mentem
959 1122 1181 1186 Sacrae
1213 1116 1735 1206 congregationis

153 1207 447 1274 delectus
496 1206 658 1274 alter
713 1227 792 1275 ex
842 1205 1343 1296 Apostolicarum
1402 1209 1733 1275 caeremo-

153 1293 394 1361 niarum
451 1295 758 1382 Magistris
804 1305 1025 1362 votum
1084 1313 1270 1361 suum
1317 1294 1592 1361 coniecit
1639 1305 1733 1381 ty-

154 1384 377 1472 pisque
427 1383 768 1453 mandavit.

279 1475 350 1538 ln
398 1471 578 1538 novis
625 1472 837 1559 itaque
882 1474 1105 1541 Sacrae
1151 1471 1407 1540 Rituum
1453 1473 1733 1559 congre·

154 1559 420 1646 gationis
450 1559 731 1627 comitiis
778 1558 1083 1628 hodierna
1116 1558 1220 1629 die
1253 1559 1330 1627 ad
1366 1558 1731 1627 Vaticanum

156 1646 389 1733 pariter
435 1646 822 1731 coadunatis,
857 1666 974 1733 per
1005 1647 1306 1715 eumdem
1354 1645 1731 1715 Eminentia·

152 1735 380 1801 simum
430 1745 499 1802 et
543 1735 1166 1804 Reverendissimum
1216 1735 1550 1804 Dominum
1587 1738 1732 1803 car-

156 1821 431 1890 dinalem
477 1822 703 1890 Altieri
748 1823 1112 1892 Relatorem
1146 1824 1381 1892 iterum
1417 1821 1736 1911 proposita

154 1914 377 1996 Causa;
433 1914 617 1978 Sacra
664 1913 893 1979 eadem
936 1911 1387 2001 congregatio,
1441 1911 1737 1979 omnibus

155 2011 445 2066 accurate
474 2000 836 2087 perpensis,
858 1999 1215 2069 rescribere
1239 2012 1371 2067 rata
1402 2010 1536 2067 est:
1571 2020 1608 2064 ⁴1
1636 2003 1733 2065 lu·

159 2098 255 2151 xta
300 2097 527 2154 votum
580 2088 854 2173 Magistri
903 2089 1505 2156 Caeremoniarum:
1569 2086 1734 2154 idest

153 2174 571 2260 Reformatos,
620 2173 769 2242 licet
812 2175 934 2243 soli
966 2187 1031 2243 et
1061 2177 1179 2245 sub
1209 2177 1468 2263 propria
1499 2177 1730 2256 cruce,

152 2260 1732 2441 tttplaess‘t'ffimsl‘ff‘.’.fflsssstssjwpssfft'a'g‘

153 2437 361 2506 dentia
408 2458 575 2526 quae
620 2399 1106 2507 &bservantibus
1152 2441 1553 2530 competit».

268 2531 492 2614 Atque
566 2526 649 2594 ita
724 2526 1048 2617 rescripsit
1115 2549 1184 2596 ac
1253 2529 1492 2597 servari
1563 2529 1733 2593 m'an·

157 2614 344 2682 davit.
398 2616 514 2683 Die
559 2619 645 2684 2⁴
691 2616 826 2683 Maii
879 2621 1072 2685 1866.

279 2706 493 2792 Super
519 2703 752 2789 quibus
790 2704 949 2772 tacta
993 2705 1404 2794 postmodum
1436 2724 1556 2792 per
1586 2703 1734 2771 sub-

156 2791 487 2947 mut-
520 2792 1407 2952 ⁸0⁰⁸³sm
1441 2792 1734 2947 aaz}

156 2901 553 3068 negoripnffit
585 2900 808 3040 Saalcrge
832 2900 1351 3057 congssggfficnis
1383 2901 1588 3038 r‘atlun‘t
1624 2969 1732 3036 ha-

160 3055 287 3122 bunt
317 3068 383 3124 et
432 3058 873 3138 confit-marim
923 3060 1372 3147 mandavitque
1419 3069 1490 3126 ut
1536 3075 1733 3143 super

52 3187 55 3194 κ
157 3142 355 3210 dubiis
414 3145 707 3213 omnibus
754 3145 819 3214 in
867 3147 977 3213 bac
1025 3150 1217 3216 causa
1261 3168 1295 3214 a
1342 3151 1525 3217 Sacra
1572 3147 1732 3213 con·

156 3232 520 3318 gregatione
564 3232 869 3317 defluitis,
920 3248 1056 3301 tum
1110 3240 1189 3304 16
1234 3233 1558 3302 Februarii
1587 3251 1732 3298 ver·

156 3321 341 3386 tentis
387 3322 557 3405 anni,
608 3331 747 3389 tum
793 3342 982 3411 supra
1029 3323 1259 3410 scripta
1304 3324 1441 3407 die,
1476 3340 1595 3411 pro
1638 3318 1733 3387 di-

158 3408 345 3475 versis
396 3410 464 3477 S.
496 3408 811 3478 Francisci
873 3411 1147 3479 Familiis
1190 3410 1400 3478 Assisii
1455 3425 1734 3478 commo-

159 3496 461 3581 rantibus,
488 3497 915 3585 expediantur
942 3497 1218 3566 Litterae
1244 3498 1643 3586 Apostolicae
1668 3495 1734 3561 in

159 3581 349 3651 forma
396 3586 642 3654 Brevis.

279 3673 394 3741 Die
440 3678 524 3743 29
570 3674 947 3742 Novembris
997 3680 1193 3744 1866.

159 3828 407 3900 3041.
616 3833 1279 3900 CONGREGATIONIS

412 3939 912 4006 GLEmcoRtJM
959 3941 1470 4007 REGULARIUM

322 4045 602 4111 SANCTI
648 4045 876 4111 PAULI
924 4046 1557 4114 BARNABHARUM.

277 4209 477 4274 Rmus
527 4207 596 4270 P.
637 4207 1009 4270 Procurator
1068 4204 1394 4271 Generalis
1452 4210 1732 4291 congre·

1504 3832 1730 3921 (5230)

160 4292 417 4377 gationis
483 4292 876 4360 clericorum
944 4292 1358 4379 Regularium
1428 4295 1492 4362 S.
1560 4294 1765 4360 Pauli*

160 4380 618 4448 Barnabitarum
670 4390 1016 4467 sequentes
1060 4381 1462 4467 quaestiones
1508 4384 1732 4449 Sacrae

161 4467 412 4537 Ritunm
441 4468 929 4556 congregationi
969 4470 1327 4538 enodandas
1360 4467 1729 4569 proposuit:

284 4562 330 4625 l.
377 4557 715 4636 Quaeritur
760 4555 913 4642 quid
961 4559 1280 4644 agendum
1326 4568 1430 4640 stt,
1470 4557 1521 4624 si
1556 4555 1733 4625 idem

160 4642 463 4729 Officium,
512 4645 687 4732 quod
737 4663 1108 4712 concessum
1142 4645 1260 4712 fuit
1291 4656 1539 4711 nostrae
1570 4648 1731 4712 con-

163 4733 533 4819 gregationi,
583 4733 906 4800 indultum
951 4751 1211 4820 quoque
1273 4732 1391 4800 luit
1450 4732 1732 4800 Dioecesi

165 4819 223 4883 in
264 4839 381 4906 qua
433 4840 778 4904 moramur,
826 4821 936 4888 sed
986 4839 1104 4907 pro
1150 4821 1265 4887 alia
1314 4817 1473 4887 die?

286 4912 356 4976 ll.
406 4910 739 4988 Quaeritur
784 4910 937 4994 quid
992 4909 1316 4996 agendum
1359 4908 1465 4990 sit,
1514 4907 1564 4973 si
1612 4926 1732 4995 pro

166 4995 385 5063 eodem
431 4998 694 5082 quidem
740 4998 848 5065 die
894 4997 1008 5065 sed
1055 4996 1174 5064 sub
1218 4996 1339 5064 alio
1373 4997 1524 5081 ritu,
1558 4995 1733 5064 idem

162 5082 471 5168 Officium,
531 5098 663 5152 tum
725 5084 1213 5173 congregationi
1276 5097 1532 5152 nostrae
1592 5095 1730 5151 tum

166 5169 437 5240 Dioecesi
500 5174 565 5240 in
624 5193 745 5260 qua
809 5191 1154 5259 moramur,
1202 5174 1524 5242 indultum
1570 5167 1736 5240 fuit?

291 5366 783 5442 u)at1mm.vt

1963 417 2065 481 111.
2132 412 2467 492 Quaeritur
2541 411 2694 499 quid
2770 412 3094 501 agendum
3159 412 3284 496 sit,
3315 452 3320 457 -
3352 411 3407 480 si

1836 504 2090 586 quando
2138 500 2622 589 congregationi
2673 512 2921 567 nostrae
2967 499 3222 587 aliquod
3272 501 3419 570 offi-

1838 588 2007 657 cium
2056 590 2139 658 de
2185 589 2544 675 communi,
2583 587 2866 656 Dioecesi
2898 608 3052 655 vero
3086 589 3413 677 proprium

1840 696 2211 746 concessum
2259 677 2477 762 fuerit,
2527 675 2632 744 vel
2678 673 3058 745 viceversa?

1971 768 2072 833 tv.
2121 766 2329 845 Quum
2376 783 2456 831 ex
2503 762 2735 833 nostris
2779 763 3346 833 constitutionibus
3389 785 3422 832 a

1839 856 2059 920 Sancta
2107 853 2274 921 Sede
2320 852 2677 941 approbatis
2724 864 3054 920 teneamus
3092 853 3424 922 celebrare

1838 950 2088 1007 octavas
2133 939 2343 1009 Sancti
2399 939 2645 1009 Patroni
2705 941 2852 1009 Loci
2913 939 2978 1008 in
3039 960 3169 1028 quo
3218 960 3426 1009 mora-

1839 1047 2029 1115 mur3
2096 1030 2468 1115 quaeritur:
2526 1032 2622 1096 An
2690 1027 3021 1097 celebrare
3092 1040 3425 1097 teneamur

1840 1135 2065 1185 omnes
2111 1129 2384 1199 octavas,
2433 1135 2592 1204 quae
2639 1126 2974 1184 servantur
3005 1116 3066 1184 in
3099 1118 3278 1185 Locis
3311 1117 3418 1185 ubi

1840 1204 2062 1294 plures
2107 1215 2255 1272 sunt
2302 1202 2604 1273 Patroni?

1970 1292 2046 1362 V.
2095 1294 2299 1373 Quum
2346 1292 2632 1380 collegio
2678 1290 2887 1361 Sancti
2935 1292 3136 1361 caroli
3183 1294 3262 1362 ad
3309 1297 3421 1361 ca-

1843 1380 2097 1449 tinarios
2144 1382 2226 1450 de
2275 1380 2443 1448 Urbe
2487 1399 2860 1450 concessum
2923 1381 3116 1448 fuerit
3165 1392 3236 1448 ut
3278 1380 3422 1450 offi-

1839 1468 2006 1538 cium
2053 1473 2278 1537 Beatae
2325 1466 2546 1535 uariae
2593 1468 2866 1569 Virginis
2910 1468 3030 1536 sub
3074 1468 3263 1537 titulo
3299 1471 3422 1536 Au-

1841 1557 2064 1624 xilium
2110 1555 2612 1625 christianorum
2658 1557 2763 1623 dte
2811 1560 3005 1626 XXIV
3053 1556 3190 1624 Maii
3253 1558 3423 1625 cele·

1842 1647 2064 1713 bretur
2119 1644 2241 1711 sub
2301 1644 2426 1712 ritu
2490 1644 2729 1734 duplici
2789 1646 3107 1713 secundae
3162 1646 3419 1725 classis;

1838 1733 2166 1819 quaeritur
2195 1754 2213 1800 z
2260 1730 2424 1812 Quid
2472 1733 2795 1819 agendum
2826 1733 2932 1816 sit,
2963 1733 3014 1799 si
3050 1735 3283 1803 eodem
3314 1734 3424 1803 die

1840 1833 2131 1889 occurrat
2161 1821 2303 1888 dies
2331 1829 2547 1887 octava
2577 1819 2975 1889 Ascensionis
3020 1820 3271 1891 Domini
3302 1824 3423 1889 No·

1837 1910 1950 1978 stri
1997 1915 2141 1978 lesu
2187 1906 2475 1979 christi?
2506 1909 2600 1995 (1)

1968 2001 2133 2066 Haec
2182 1999 2394 2085 itaque
2456 1995 2685 2080 dubia,
2732 2015 2929 2085 super
2980 1996 3213 2084 quibus
3260 1998 3427 2065 alter

1838 2105 1919 2152 ex
1957 2086 2462 2173 Apostolicarum
2509 2085 3064 2153 caeremoniarum
3113 2086 3421 2174 magistris

1834 2193 2025 2243 suum
2091 2186 2314 2243 votum
2383 2170 2653 2262 protulit
2723 2172 3013 2262 typisque
3077 2173 3420 2259 commisit,

1837 2281 2040 2349 quum
2099 2262 2649 2331 Eminentissimus
2710 2271 2775 2327 et
2832 2260 3423 2333 Revereudissimus

1839 2355 1913 2418 D.
1960 2352 2147 2418 Card.
2198 2350 2556 2419 Ludovicus
2599 2347 2827 2417 Altieri
2881 2352 3128 2417 Ponens
3189 2366 3422 2439 propo-

1837 2439 2042 2505 suerit
2088 2441 2152 2507 in
2196 2437 2526 2508 ordinario
2556 2442 2759 2507 coetu
2788 2439 3125 2507 Sacrorum
3158 2437 3421 2506 Rituum

1839 2527 2145 2596 hodierna
2193 2526 2298 2596 die
2344 2527 2421 2594 ad
2469 2526 2836 2594 Vaticanum
2881 2525 3138 2605 habito;
3186 2526 3334 2594 Emi
3358 2536 3425 2594 et

1838 2615 1978 2683 Rmi
2008 2618 2232 2683 Patres.
2250 2612 2453 2684 Sacris
2482 2614 2736 2683 tuendis
2763 2612 3012 2683 Ritibus
3049 2614 3419 2714 praepositi,

1835 2702 2133 2771 omnibus
2162 2714 2454 2771 accurate
2500 2702 2863 2792 perpensis,
2897 2701 3110 2769 dubins
3142 2702 3291 2791 ipsis
3325 2723 3422 2770 re·

1836 2792 2243 2859 scribendum
2291 2800 2717 2859 censueruntz

1970 2880 2066 2947 Ad
2106 2885 2165 2948 ¹.
2194 2902 2232 2946 a
2257 2886 2326 2948 ln
2351 2899 2497 2948 casu
2522 2878 2802 2948 clericos
2832 2879 3183 2966 Regulares
3211 2879 3422 2946 Sancti

1837 2968 2007 3036 Pauli
2042 2969 2438 3037 conformare
2469 2988 2540 3036 se
2571 2967 2815 3036 debere
2846 2965 3059 3053 quoad
3105 2964 3282 3035 diem
3310 2970 3421 3036 Ca-

1843 3057 2128 3125 lendario
2174 3059 2558 3124 Dioecesano
2592 3078 2657 3122 ν.

1966 3147 2065 3213 Ad
2097 3150 2159 3213 2.
2198 3155 2263 3211 et
2287 3148 2360 3212 3.
2400 3166 2438 3210 a
2471 3145 2752 3214 clericos
2798 3142 3149 3230 Regulares
3179 3144 3422 3213 debere

1840 3233 2167 3301 celebrare
2213 3237 2473 3300 Festum
2520 3232 2646 3300 ritu
2691 3231 2901 3298 altiori
2933 3241 3001 3299 et
3028 3230 3242 3300 Officio
3275 3252 3422 3332 pro-

1887 3323 1981 3389 rio
2030 3319 2431 3411 respective:
2495 3319 2846 3388 dummodo
2898 3318 2964 3388 in
3009 3338 3422 3387 concessione

1836 3343 2034 3478 ssfficfi
2082 3409 2322 3498 proprii
2370 3408 2528 3476 lacta
2568 3406 2883 3491 Dioecesi,
2931 3407 3280 3495 Regulares
3313 3428 3422 3476 ex·

1839 3498 2057 3588 plicite
2105 3517 2233 3565 non
2284 3498 2709 3565 excludantur
2741 3518 2809 3561 a.

1973 3586 2069 3654 Ad
2118 3589 2181 3653 t.
2233 3607 2271 3651 a
2304 3584 2729 3675 Affirmativ03
2780 3583 2829 3651 si
2880 3583 3124 3672 liquido
3171 3593 3422 3651 constet

1838 3676 1921 3742 de
1970 3674 2248 3762 legitima
2299 3675 2582 3764 plurium
2641 3676 3056 3740 Patronorum
3106 3671 3421 3762 principa-

1840 3764 1996 3830 lium
2040 3762 2234 3832 Officii
2283 3761 2715 3831 celebratione
2749 3786 2813 3829 ιι.

1970 3852 2066 3919 Ad
2114 3855 2177 3918 6.
2231 3874 2269 3914 a
2302 3856 2479 3918 luxta
2524 3849 2824 3918 Rubricas
2868 3848 3233 3917 iaciendum
3278 3865 3422 3915 esse

1836 3939 2120 4008 Officium
2185 3938 2270 4006 de
2332 3938 2572 4026 duplici
2634 3937 2954 4006 secundae
3014 3936 3226 4002 classis
3271 3954 3420 4003 cum

1839 4028 2449 4096 commemoratione
2479 4025 2610 4094 diei
2646 4037 2904 4092 octavae
2925 4023 3325 4092 Ascensionis
3358 4023 3425 4091 in

1835 4116 2123 4201 utrisque
2161 4118 2280 4183 Ves
2330 4116 2478 4198 eris,
2512 4113 2828 4182 Laudibus
2860 4122 2924 4179 et
2959 4111 3134 4179 Missa
3166 4135 3231 4178 ι.

1968 4205 2081 4271 Die
2127 4206 2212 4272 2⁹
2285 4201 2634 4284 ‚ovembris
2685 4204 2874 4268 1866.

1838 4381 2099 4450 3042.
2384 4382 2865 4449 STRIGONIEN.

2219 4560 2372 4622 Eme
2420 4564 2489 4622 et
2540 4560 2696 4624 Rme
2745 4556 3036 4624 Domine.

3191 4377 3420 4467 (casa)

1965 4734 2171 4814 Quum
2221 4733 2580 4801 Eminentia
2611 4735 2833 4800 Vestra
2880 4732 3027 4801 huic
3063 4736 3286 4802 Sacrae
3317 4732 3418 4802 Ri-

1837 4833 2019 4889 tuum
2052 4820 2542 4908 congregationi
2591 4819 2898 4888 nonnulla
2949 4821 3143 4888 dubia
3189 4839 3421 4910 propo-

1836 4909 2035 4976 suerit
2082 4927 2200 4995 pro
2246 4921 2600 4997 opportuna
2648 4908 3119 4988 declaratione;
3170 4908 3419 4994 eadem,

1835 4995 1913 5063 ab
1941 5000 2103 5063 Emo
2136 5007 2201 5062 et
2230 5001 2387 5065 Rmo
2422 4996 2686 5064 Domino
2730 4996 3063 5065 cardinale
3095 4997 3420 5065 Ludovico

1837 5084 2060 5151 Altieri
2109 5087 2391 5151 Ponente
2437 5084 2501 5151 in
2547 5085 2659 5152 bac
2707 5087 2902 5152 Causa
2948 5085 3281 5171 designato
3320 5104 3419 5151 re-

1838 5174 1955 5241 lata
2016 5182 2166 5240 sunt
2228 5171 2290 5238 in
2347 5171 2687 5241 ordinariis
2741 5171 3028 5241 comitiis
3081 5175 3420 5243 Sacrorum
