4042 5950
1934 252 2408 329 —156—

526 409 719 475 enixe
764 431 837 477 su
889 411 1229 498 plicarunt,
1266 423 1360 496 ut,
1397 430 1514 499 pro
1562 410 1961 497 infrascripto
1992 411 2114 478 du·

527 497 656 581 bio,
707 497 815 584 qui
906 499 1293 566 servandum
1347 499 1426 567 sit
1484 501 1842 567 decernere
1889 500 2113 589 digna-

527 597 733 669 retur,
783 606 1059 675 nempe:
1108 590 1203 654 An
1253 588 1652 655 consuetudo
1693 588 1885 654 dandi
1919 589 2115 655 bene-

526 674 876 741 dictionem
937 695 1082 742 cum
1143 681 1326 744 Sacra
1373 676 1614 763 Pyxide
1663 676 2115 744 Sanctimonia-

529 760 717 846 libus,
744 757 872 829 rit‘u
904 764 1200 852 superius
1232 783 1564 852 expresse,
1592 764 1673 830 sit
1704 762 2118 832 sustinenda?

660 856 736 916 Et
769 855 834 918 S.
864 857 937 919 Β.
967 855 1073 935 c.,
1101 852 1416 938 exquisita
1460 851 1775 919 sententia
1810 853 2000 920 unius
2034 871 2114 918 ex

527 940 1031 1025 Apostolicarum
1058 941 1619 1008 caeremoniarum
1642 941 1978 1027 Magistris‚
2011 962 2120 1007 au-

528 1027 663 1093 dito
734 1028 923 1095 etiam
991 1032 1149 1096 nmo
1212 1029 1745 1117 Arcbiepiscopo,
1811 1048 1930 1096 nec
1991 1049 2121 1095 non

530 1115 853 1183 referente
876 1121 1058 1182 -Εῐῑιο
1108 1128 1171 1183 et
1202 1122 1362 1185 Rmo
1395 1121 1576 1183 Dom.
1614 1118 1799 1184 Card.
1836 1116 2116 1201 Salviati,

527 1204 884 1291 rescripsit:
934 1227 975 1270 ι
1009 1206 1316 1293 Negative
1365 1206 1426 1271 in
1461 1206 1752 1272 omnibus
1786 1229 1848 1271 ».
1887 1205 1997 1271 Die
2033 1210 2116 1272 26

532 1292 791 1364 ianuarii
846 1297 1035 1361 1793.

531 1472 791 1541 2544.
1101 1470 1543 1538 ASCULANA.
1892 1469 2117 1555 (4450)

663 1649 896 1724 Exorta
927 1643 1356 1711 controversia
1387 1647 1556 1711 inter
1584 1644 2120 1713 Archidiaconum

528 1732 891 1821 Philippum
938 1733 1116 1800 Merli
1164 1733 1560 1800 Praefectum
1619 1734 1827 1800 Choro
1888 1736 2115 1801 Cathe-

529 1820 723 1887 dralis
755 1822 1103 1889 Asculanae
1134 1821 1662 1922 et.Magistratum
1695 1822 1990 1890 eiusdem
2022 1825 2123 1891 ci·

529 1908 762 1992 vitatis,
813 1929 1010 1998 super
1060 1911 1383 1977 nonnullis
1428 1912 1808 1978 reverentiis
1854 1930 1971 1977 seu
2019 1933 2115 1978 ca-

529 1996 679 2086 pitis
728 1996 1235 2065 inclinationibus
1270 1997 1407 2066 fieri
1440 1999 1643 2067 solitis
1674 2019 1888 2068 coram
1918 2002 2115 2069 Ssmo

525 2089 928 2153 Sacramento
990 2087 1280 2174 publicae
1337 2088 1733 2155 venerationi
1792 2090 2111 2175 exposite,

528 2191 675 2240 cum
722 2179 915 2243 Rffius
946 2175 1230 2243 vicarius
1271 2174 1644 2263 capitularis
1692 2176 2116 2264 provisionale

529 2266 870 2331 Decretum
921 2264 1397 2351 interposuerit,
1450 2265 1718 2349 eiusque
1769 2265 2118 2331 revocatio-

528 2369 677 2416 nem
728 2352 1222 2419 Arcbidiaconus
1270 2373 1301 2417 a
1351 2354 1530 2441 8.,Β.
1564 2356 1635 2419 C.
1688 2351 1989 2439 petierit;

660 2443 723 2505 S.
778 2439 1007 2507 eadem
1050 2445 1128 2508 Β.
1179 2442 1282 2524 c.,
1331 2442 1692 2529 Magistratu
1745 2439 2117 2508 dilationem

529 2526 757 2593 frustra
791 2530 1180 2616 postulante,
1209 2549 1277 2594 ac
1311 2530 1638 2595 referente
1670 2532 1826 2594 Εῐῖιο
1861 2540 1925 2595 et
1957 2533 2118 2597 Rmo

529 2619 713 2683 Dom.
764 2618 950 2683 Card.
1003 2617 1250 2704 Bor-gia,
1295 2617 1779 2684 rescribendum
1828 2616 2115 2685 censuit:

532 2725 568 2767 ι
603 2705 854 2771 Nemini
885 2704 1110 2772 deberi
1135 2704 1612 2789 ⁸reverentiam;
1659 2706 2023 2795 etamplius
2052 2730 2114 2772 ».

531 2792 645 2859 Die
677 2797 756 2860 31
791 2794 1060 2880 Augusti
1099 2796 1288 2862 1793.

531 2935 789 3005 2545.
1046 2936 1590 3005 CAESENATEN.

662 3063 897 3125 Exorta
960 3059 1415 3144 controversia,
1478 3060 1647 3127 inter
1707 3062 2119 3128 Sacerdotem

532 3154 827 3215 loannem
917 3146 1131 3215 Galeffi
1233 3150 1691 3237 cappellanum
1785 3148 2120 3216 Societatis

532 3240 600 3305 S.
649 3237 875 3303 Mariae
935 3236 1020 3303 de
1077 3236 1318 3326 Populo
1379 3241 1609 3304 Terrae
1671 3236 1873 3305 Gattei
1942 3238 2121 3302 Dioe-

531 3326 689 3391 cesis
756 3329 1171 3393 caesenaten.
1250 3336 1313 3392 et
1381 3328 1791 3393 Sacerdotem
1865 3329 2124 3391 Petrum

530 3414 970 3481 Coelestinum
1016 3413 1201 3496 Galli,
1245 3416 1328 3481 de
1377 3416 1514 3480 loco
1565 3427 1627 3481 et
1676 3413 2126 3500 praecedentia

534 3502 595 3566 in
627 3502 904 3588 publicis
936 3501 1381 3568 ecclesiasticis
1426 3502 1884 3586 functionibus,
1923 3520 2123 3586 eaque

531 3591 741 3656 delata
789 3593 867 3656 ad
914 3592 1162 3656 Sacram
1205 3590 1467 3657 Rituum
1498 3593 2119 3680 congregationem;

667 3680 732 3742 S.
780 3677 1006 3744 eadem
1064 3681 1139 3744 Β.
1187 3682 1289 3761 c.,
1342 3690 1611 3765 utraque
1674 3691 1855 3766 parte
1928 3679 2121 3744 infor·
2183 3714 2196 3725 ι

534 3776 773 3847 mante,
800 3765 876 3832 ad
911 3764 1384 3853 infrascriptum
1437 3767 1704 3835 dubium
1730 3774 1861 3854 'per
1894 3771 2123 3833 Emum

534 3865 600 3922 et
654 3859 881 3922 Βῐῑιιιω
932 3854 1270 3922 Dominum
1335 3856 1733 3922 Cardinalem
1778 3857 2126 3921 Antonium

533 3942 611 4010 ab
655 3941 846 4008 Auria
892 3945 1257 4011 Relatorem
1307 3944 1707 4033 propositum
1755 3945 1862 4012 die
1911 3948 1995 4011 26
2041 3947 2125 4008 Ia-

532 4031 736 4098 nuarii
806 4031 1073 4097 labentis
1118 4032 1295 4117 anni,
1344 4033 1639 4100 scilicet:
1703 4038 1797 4099 An
1857 4031 2125 4118 cappel-

536 4123 718 4186 lanus
764 4124 827 4186 S.
866 4120 1092 4186 Mariae
1125 4122 1207 4186 de
1242 4123 1482 4208 Populo
1514 4127 1747 4188 Terrae
1791 4121 1992 4187 Gattei
2037 4119 2129 4185 in-

538 4208 747 4291 vitari,
798 4218 863 4274 et
909 4208 1268 4295 respective
1317 4210 1626 4276 inservire
1673 4209 1907 4276 debeat
1940 4207 2130 4274 tertio

537 4297 678 4362 loco
726 4298 788 4363 in
834 4296 1024 4363 sacris
1087 4297 1360 4384 publicis
1418 4296 1879 4380 functionibus,
1931 4295 2011 4361 ita
2063 4306 2131 4362 ut

535 4387 616 4452 sit
664 4386 867 4454 danda
930 4388 1326 4452 manutentio
1378 4387 1440 4454 in
1488 4383 1688 4453 casu?
1746 4384 2126 4472 respondit:

535 4499 572 4543 α
608 4474 918 4562 Negative
953 4496 1016 4539 ›.

668 4567 827 4632 Cum
876 4564 1110 4631 iterum
1160 4563 1223 4629 in
1272 4565 1581 4631 hodierna
1620 4562 2136 4650 Congregatione

537 4654 620 4721 de
670 4653 899 4719 eadem
949 4671 1130 4720 causa
1174 4663 1387 4719 actum
1432 4652 1510 4718 sit
1559 4651 1676 4718 sub
1724 4650 1971 4719 dubio:
2039 4654 2132 4717 An

537 4744 618 4809 sit
676 4742 967 4808 standum
1034 4741 1139 4808 vel
1202 4742 1644 4811 recedendum
1691 4761 1723 4806 a
1771 4740 2004 4807 decisis
2068 4740 2134 4805 in

430 4905 441 4917 ‚
540 4850 686 4898 casu
704 4827 737 4894 Ῥ

671 4921 737 4985 S.
789 4917 1018 4985 eadem
1076 4923 1150 4987 Β.
1202 4922 1304 5003 c.,
1367 4930 1638 5005 utraque
1699 4929 1877 5007 parte
1938 4917 2134 4985 infor-

541 5018 779 5092 mante,
830 5026 900 5071 ac
948 5008 1274 5074 referente
1334 5011 1490 5074 Eme
1542 5022 1605 5074 et
1653 5011 1810 5075 Βῐῖιο
1867 5006 2136 5075 Domino

536 5093 727 5175 Card.
780 5094 1072 5178 Salviati,
1135 5096 1275 5162 loco
1335 5096 1602 5180 praefati
1674 5097 1808 5162 Emi
1876 5107 1941 5161 et
1994 5096 2133 5163 Rsni

540 5181 789 5252 Domini
846 5182 1032 5248 Card.
1099 5185 1354 5250 Antonii
1427 5184 1504 5250 ab
1572 5183 1760 5248 Auria
1823 5182 1899 5248 ab
1965 5186 2140 5251 Urbe

540 5271 847 5355 absentis,
913 5272 1295 5371 rescriptum
1350 5272 1602 5340 edidit:
1667 5292 1705 5334 α
1740 5277 1804 5337 ln
1854 5272 2132 5355 decisis;

540 5372 605 5428 et
650 5360 923 5447 amplius
956 5381 1021 5424 ι.
1071 5364 1182 5431 Die
1232 5364 1313 5426 31
1364 5356 1633 5449 Augusti
1687 5362 1881 5425 1793.

1887 2936 2159 3024 (4451)-

2220 410 2482 480 2546.
2776 412 3250 479 FAVENTINA.

3573 416 3804 501 (4452)

2346 588 2553 663 Quum
2579 607 2694 675 pro
2716 587 3184 654 communitate
3205 590 3661 659 Balneacaballi
3691 612 3808 658 nec

2217 695 2346 742 non
2392 676 2707 742 Societate
2754 678 2822 742 S.
2871 678 3114 760 Annae,
3163 678 3359 763 vulgo
3404 681 3506 745 dai
3551 681 3809 746 battuti

2217 766 2387 837 neri,
2439 775 2655 829 contra
2705 768 2916 831 Patres
2962 766 3430 832 Conventuales
3492 765 3810 834 infrascri-

2220 862 2403 937 ptum
2449 851 2718 918 dubium
2765 853 3238 920 discutiendum
3288 863 3352 920 et
3397 854 3810 923 iudicandum

2220 962 2252 1005 a
2299 943 2365 1008 S.
2410 943 2483 1006 R.
2532 943 2604 1006 c.
2656 941 3056 1027 propositum
3101 941 3219 1018 sit;
3270 941 3549 1010 scilicet:
3601 946 3704 1009 An
3751 943 3810 1009 in

2220 1027 2728 1095 processionibus
2776 1034 2843 1095 B.
2882 1033 2961 1094 Μ.
2999 1033 3106 1111 V.‚
3157 1047 3319 1113 quae
3370 1031 3530 1097 liunt
3569 1030 3650 1095 ab
3697 1036 3811 1097 Ec-

2219 1115 2408 1182 clesia
2457 1120 2708 1181 Patrum
2757 1118 3070 1183 Minorum
3116 1119 3681 1202 conventualium,
3720 1119 3809 1185 in·

2219 1203 2620 1271 terreniente
2668 1205 2959 1290 capitulo
3002 1205 3321 1287 Ecclesiae
3353 1207 3632 1273 matricis
3663 1225 3814 1273 cum

2222 1293 2357 1358 eius
2415 1291 2705 1378 Magistro
2771 1294 3364 1376 caeremoniarum,
3416 1295 3604 1361 liceat
3664 1294 3815 1383 ipsis

2219 1380 2503 1447 Patribus
2573 1379 2914 1447 Minoribus
2982 1380 3520 1449 conventualibus
3587 1403 3812 1469 super-

2218 1466 2496 1556 pelliceo
2545 1468 2781 1534 indutis
2828 1471 3067 1558 vagari,
3102 1471 3221 1538 sub
3268 1482 3610 1558 praetextu
3660 1472 3812 1538 diri-

2220 1556 2414 1644 gendi
2474 1557 2949 1625 processionem
2996 1568 3105 1624 aut
3150 1558 3488 1625 deferendi
3537 1562 3602 1627 S.
3661 1564 3815 1625 lma-

2221 1645 2487 1730 ginem;
2548 1646 2653 1711 vel
2703 1646 2914 1733 potius
2977 1656 3314 1714 teneantur
3362 1645 3453 1712 illi
3498 1646 3619 1713 sub
3668 1667 3816 1735 pro-

2223 1734 2397 1821 priae
2442 1732 2795 1820 Religionis
2836 1733 3079 1800 vexillo
3129 1733 3479 1802 incedere?

2355 1824 2422 1887 S.
2460 1822 2682 1888 eadem
2730 1825 2802 1889 Β.
2839 1826 2943 1905 c.,
2994 1822 3323 1889 referente
3371 1828 3526 1889 Eme
3558 1833 3627 1891 et
3659 1829 3816 1892 Rmo

2222 1913 2404 1974 Dom.
2454 1909 2644 1976 card.
2693 1910 3001 1978 Archinto
3053 1910 3406 1994 Praefecto,
3457 1911 3816 1980 rescriben-

2224 1997 2378 2062 dum
2426 1998 2708 2064 censuit:
2742 2019 2779 2063 α
2805 1998 3223 2082 Affirmative,
3259 1999 3336 2066 ad
3369 1999 3639 2086 primam
3673 2019 3814 2087 par-

2227 2098 2398 2163 tem;
2446 2087 2778 2171 Negative‚
2814 2086 2892 2153 ad
2926 2087 3310 2172 secundam;
3349 2099 3414 2153 et
3445 2089 3726 2173 amplius
3751 2110 3811 2153 ».

2229 2172 2337 2239 Die
2385 2178 2462 2240 31
2518 2175 2784 2261 Augusti
2841 2177 3030 2242 1793.

2226 2314 2478 2383 2547.
2742 2317 3301 2418 RAVENNATEN.
3586 2315 3816 2404 (4454)

2352 2440 2556 2515 Quum
2602 2460 2633 2503 a
2677 2443 2836 2506 Rev.
2874 2444 3052 2505 Dom.
3091 2440 3554 2507 Archidiacono
3593 2441 3813 2509 Eccle-

2218 2528 2346 2593 siae
2378 2527 2898 2613 Metropolitanae
2921 2528 3172 2595 Andrea
3203 2529 3476 2615 Pignotti
3511 2539 3578 2595 et
3608 2551 3640 2595 a
3678 2533 3820 2596 Pro-

2222 2626 2470 2681 motore
2530 2616 2750 2682 Fiscali
2811 2615 3037 2683 curiae
3091 2616 3646 2706 archiepiscopalis
3703 2621 3818 2692 lla-

2221 2722 2466 2769 vennae
2496 2704 2663 2789 apud
2700 2707 2764 2771 S.
2796 2707 2871 2771 Β.
2900 2706 2974 2770 C.
3002 2724 3278 2790 sequens
3310 2705 3580 2771 dubium
3613 2707 3821 2774 discu-

2224 2791 2521 2858 tiendum
2592 2794 2992 2880 propositum
3061 2791 3294 2877 fuerit,
3369 2810 3646 2880 nempe:
3727 2796 3818 2861 An

2223 2879 2719 2948 Archidiaconus
2765 2883 2846 2947 sit
2887 2881 2946 2946 in
2978 2881 3380 2969 possessione
3412 2882 3696 2949 ducendi
3731 2903 3820 2947 se-

2225 2987 2371 3035 cum
2414 2968 2490 3036 ad
2543 2970 2702 3037 latus
2747 2969 3079 3057 proprium
3111 2969 3572 3057 Cappellanum
3608 2969 3674 3038 in
3712 2992 3819 3060 pu-

2223 3056 2407 3122 blicis
2449 3057 3044 3148 supplicationibus,
3082 3078 3244 3145 quae
3295 3059 3456 3125 fiunt
3500 3057 3637 3125 sive
3672 3080 3818 3127 cum

2225 3146 2592 3213 interventu
2652 3146 2790 3211 sive
2850 3148 2990 3213 sine
3058 3147 3428 3213 interventu
3487 3148 3819 3235 Archiepi-

2224 3234 2426 3320 scopi,
2479 3234 2559 3300 ita
2607 3245 2678 3299 ut
2724 3234 2803 3300 sit
2851 3236 3053 3302 danda
3101 3234 3495 3301 manutentio
3529 3235 3592 3301 in
3627 3233 3821 3303 casu?

2360 3327 2437 3388 Et
2485 3325 2553 3389 S.
2587 3327 2660 3389 Β.
2698 3329 2799 3407 c.,
2836 3327 3117 3390 Ponente
3150 3327 3308 3389 Eme
3342 3334 3408 3388 et
3439 3327 3595 3390 Rmo
3629 3329 3816 3391 Dom.

2225 3412 2412 3478 Card.
2450 3410 2755 3478 Archinto
2802 3412 3152 3494 Praefecto,
3205 3411 3578 3497 rescripsit:
3629 3434 3667 3476 α
3709 3416 3819 3480 Ne·
3903 3431 3911 3441 ·

2227 3499 2441 3584 gative
2500 3499 2567 3567 in
2630 3499 2970 3577 omnibus;
3033 3510 3096 3566 et
3153 3498 3518 3584 amplius».
3578 3501 3693 3567 Die
3742 3505 3815 3569 31

2227 3588 2497 3673 Augusti
2554 3591 2749 3655 1793.
2820 3656 2828 3665 ,

2234 3730 2492 3799 2548.
2750 3732 3316 3799 SENOGALLOEN.
3503 3720 3528 3751 ²
3595 3730 3817 3817 (4458)

2361 3858 2519 3921 cnm
2569 3865 2790 3920 exorta
2822 3854 3014 3921 fuerit
3045 3855 3474 3920 controversia
3513 3856 3682 3923 inter
3715 3860 3820 3923 ca·

2229 3945 2487 4011 uonicos
2549 3943 2871 4009 Ecclesiae
2928 3942 3322 4011 cathedralis
3386 3946 3815 4031 senogallien.

2230 4051 2308 4097 ex
2362 4051 2505 4116 una,
2547 4043 2737 4117 atque
2785 4031 3224 4097 mansionarios
3274 4032 3567 4099 eiusdem
3602 4034 3821 4100 Eccle-

2228 4120 2354 4185 siae
2403 4140 2484 4184 ex
2532 4119 2727 4185 altera
2777 4119 3084 4205 partibuS,
3124 4121 3285 4186 circa
3333 4138 3526 4187 onera
3566 4141 3819 4188 eorum·

2231 4209 2380 4274 dem
2415 4206 2968 4275 mansionariorum
3016 4220 3081 4273 et
3123 4207 3547 4275 ministerium
3580 4229 3699 4275 seu
3734 4230 3819 4275 as-

2231 4292 2579 4363 sistentiam
2626 4296 2699 4361 ab
2746 4296 2975 4361 iisdem
3026 4296 3461 4382 praestandam
3497 4295 3822 4364 Canonicis

2237 4386 2300 4452 in
2355 4384 2560 4451 officio
2608 4382 2858 4450 Diaconi
2910 4395 2974 4449 et
3035 4384 3455 4464 Subdiaconi3
3515 4383 3824 4452 infrascri-

2233 4485 2338 4560 pta
2387 4473 2579 4539 dubia
2625 4473 2700 4537 ad
2753 4471 3059 4539 iudicium
3092 4476 3157 4541 S.
3192 4476 3266 4540 Β.
3302 4476 3374 4538 C.
3413 4474 3618 4541 delata
3651 4487 3821 4555 sunt,

2236 4580 2513 4648 nempe:

2373 4655 2429 4716 1.
2483 4654 2578 4716 An
2629 4659 2962 4716 teneantur
3026 4650 3419 4719 mansionarii
3477 4652 3542 4718 in
3602 4650 3823 4719 diebus

2237 4738 2560 4807 ferialibus
2606 4737 2933 4805 celebrare
2965 4758 3080 4805 seu
3112 4757 3342 4806 canere
3393 4739 3633 4806 Missam
3665 4744 3821 4807 cou-

2238 4823 2658 4895 ventualem‘?
3440 4867 3443 4871 ,

2369 4920 2433 4983 2.
2487 4918 2583 4982 An
2643 4926 2982 4983 teneantur
3043 4915 3434 4982 Man'sionarii
3502 4927 3822 5004 praestare

2241 5005 2666 5072 ministerium
2739 5002 2991 5070 Diaconi
3051 5014 3117 5070 et
3180 5003 3560 5071 Subdiaconi
3632 5010 3822 5073 Cano·

2243 5094 2384 5160 nico
2447 5093 2685 5178 ubique
2751 5088 3155 5160 celebranti?
3201 5102 3265 5159 et
3310 5104 3621 5179 quatenus
3666 5092 3822 5160 affir-

2245 5183 2506 5264 mative‚

2373 5274 2437 5335 3.
2489 5275 2584 5336 An
2632 5270 2770 5356 cogi
2822 5270 3064 5356 possint
3107 5269 3497 5337 Mansionarii
3537 5271 3613 5339 ad
3646 5289 3820 5356 prae-

2243 5357 2538 5423 standum
2607 5357 3029 5424 ministerium
3098 5358 3413 5429 canonico
3483 5357 3823 5427 celebranti
