4042 5950
2123 273 2538 349 —18-

715 425 975 493 2220.
1351 426 1637 493 ΒΑΒΕΝ.

2047 425 2275 514 (3859)

839 607 1047 692 Super
1086 602 1331 667 iuribus
1380 601 1741 669 honorificis
1785 604 1922 670 sive
1964 604 2278 690 praeemi-

705 690 936 759 nentiis
982 690 1048 756 in
1093 689 1601 755 Processionibus
1647 692 1912 776 aliisque
1981 691 2276 757 ecclesia-

703 777 876 845 sticis
920 774 1351 844 functionibus
1397 776 1561 842 inter
1616 779 1978 866 Capitulum
2041 791 2108 844 et
2167 781 2280 844 Ca·

703 868 959 932 nonicos
1023 864 1342 931 Ecclesiae
1410 866 1610 931 Metro
1701 868 1928 934 litanae
1995 865 2280 933 civitatis

702 959 926 1021 Baren.
956 973 1036 1020 ex
1071 972 1218 1034 una,
1244 961 1434 1036 atque
1466 953 1554 1017 Co
1632 952 2066 1020 raternitatem
2099 951 2277 1021 ssmi

702 1041 1084 1108 Sacramenti
1146 1038 1431 1106 eiusdem
1494 1039 1775 1119 civitatis
1842 1039 2125 1126 partibus
2194 1058 2275 1106 ex

700 1130 923 1211 altera,
950 1123 1409 1207 controversiis
1429 1128 1694 1210 exortis,
1723 1129 1799 1195 ab
1831 1132 1989 1193 Ειῖιο
2025 1136 2088 1193 et
2115 1132 2274 1197 nmo

700 1222 771 1283 D.
809 1216 996 1284 card.
1044 1215 1130 1281 de
1174 1212 1394 1280 Abdua
1425 1213 1490 1280 in
1531 1216 1597 1281 S.
1633 1221 1710 1284 R.
1744 1219 1816 1283 c.
1868 1214 2279 1301 infrascriptis

697 1303 906 1375 dubiis
994 1300 1316 1390 ropositiS,
1365 1301 1717 1368 videlicet:

833 1395 891 1457 1.
995 1410 1038 1456 n
1096 1389 1161 1454 in
1220 1387 1624 1454 Processione
1684 1409 1848 1476 qnae
1909 1388 1979 1454 lit
2044 1389 2107 1455 iu
2168 1389 2277 1456 die

697 1477 993 1564 Corporis
1037 1476 1270 1544 christi
1330 1485 1396 1541 et
1457 1477 1519 1541 in
1578 1475 1696 1542 alia
1755 1497 1921 1562 quae
1980 1476 2053 1541 fit
2112 1474 2274 1543 infra

698 1577 1004 1643 octavam,
1039 1583 1157 1630 nec
1189 1583 1316 1631 non
1350 1560 1538 1627 etiam
1572 1563 1634 1629 in
1682 1565 1818 1631 aliis
1908 1562 2272 1630 uibuscum·

694 1673 824 1754 que
868 1650 1373 1717 Processionibus
1405 1669 1565 1735 quae
1604 1650 1759 1719 fiunt
1807 1652 1870 1717 in
1900 1670 1963 1717 ra
2008 1668 2269 1734 anuum,

697 1743 880 1807 liceat
939 1738 1370 1806 confratribus
1430 1737 1607 1804 SSmi
1668 1738 2058 1805 sacramenti
2103 1738 2274 1805 ince-

694 1828 854 1894 dere
886 1836 1029 1914 post
1058 1828 1325 1892 Crucem
1371 1829 1451 1891 ca
1502 1825 1644 1893 ituli
1690 1847 1802 1893 seu
1848 1826 2268 1909 Patriarchae,

696 1915 954 1983 iunctim
1002 1920 1116 1980 seu
1166 1913 1436 1979 interme
1486 1913 1545 1978 ie
1593 1932 1739 1980 cum
1786 1912 2114 1978 canonicis
2142 1916 2269 1979 Me-

692 2002 1108 2089 tropolitanae
1169 2000 1512 2082 Ecclesiae,
1568 2000 1702 2068 sive
1735 2000 1833 2066 isti
1867 2000 2159 2066 incedant
2207 2000 2270 2066 in

693 2088 908 2176 habitu
956 2087 1192 2153 chorali
1226 2087 1364 2152 sive
1395 2106 1541 2153 cum
1587 2088 1999 2175 pluvialibus,
2032 2097 2271 2154 attenta

694 2186 1024 2266 praetensa
1073 2173 1588 2241 consuetudine?
1918 2249 1926 2255 ,

823 2270 887 2332 2.
939 2270 1034 2331 Au
1079 2263 1356 2350 idipsum
1401 2263 1587 2329 liceat
1642 2263 1850 2329 eidem
1911 2262 2269 2329 confrater-

690 2354 865 2421 nitati
934 2355 999 2419 in
1070 2350 1480 2417 associatione
1548 2352 2269 2435 cadaverum„att‚euta

688 2453 1021 2530 praetensa
1082 2434 1603 2504 consuetudine?
1659 2450 1723 2503 et
1782 2447 2097 2523 quatenus
2155 2454 2268 2502 ne·

735 2527 899 2594 ative
1564 2546 1571 2555 ·

691 2546 730 2615 g
820 2618 882 2681 3.
909 2576 1030 2679 ’An
1078 2612 1264 2679 liceat
1309 2611 1821 2678 confraternitati
1873 2613 1935 2678 in
1975 2608 2266 2677 omnibus

690 2700 1029 2790 praedictis
1095 2698 1601 2766 processionibus
1658 2718 1785 2767 non
1845 2699 2116 2766 invitare
2171 2698 2265 2764 di-

690 2801 862 2855 ctum
907 2787 1269 2875 Capitulum
1319 2797 1382 2852 et
1430 2784 1826 2854 canonicos?
1914 2830 1923 2839 -

820 2880 883 2941 t.
938 2876 1031 2941 An
1072 2874 1140 2941 in
1183 2872 1468 2959 qualibet
1528 2894 1608 2940 ex
1669 2874 1853 2942 dictis
1911 2872 2260 2964 Processio-

686 2963 871 3034 nibus
916 2962 1279 3048 requiratur
1326 2981 1666 3028 consensus
1713 2971 1778 3028 et
1839 2961 2088 3030 licentia
2155 2963 2263 3028 Ca-

691 3052 870 3141 pituli
918 3052 1052 3117 sive
1098 3047 1625 3137 Arcbiepiscopi'?

818 3145 881 3206 ὅ.
931 3143 1028 3205 An
1084 3137 1147 3204 in
1208 3136 1642 3204 anniversariis
1695 3157 1857 3224 quae
1914 3138 2077 3204 finnt
2144 3158 2258 3225 pro

684 3226 1005 3296 animabus
1050 3225 1494 3310 confratrum,
1544 3236 1880 3314 praesente
1912 3225 2256 3310 Capitale,

688 3317 925 3405 possint
970 3315 1163 3380 iidem
1223 3313 1580 3379 confratres
1637 3314 1867 3379 sedere
1932 3313 1995 3378 in
2059 3313 2257 3379 banco

684 3402 888 3491 posito
937 3402 999 3469 in
1044 3399 1260 3465 medio
1306 3400 1505 3466 chori
1545 3421 1573 3462 a
1622 3399 1871 3468 duobus
1922 3399 2059 3466 eius
2106 3400 2260 3467 late-

683 3491 883 3571 ribus,
934 3497 1170 3552 attenta
1216 3499 1549 3573 praetensa
1592 3483 2109 3554 consuetudine?

816 3580 883 3643 6.
932 3581 1027 3641 An
1079 3575 1256 3640 Feria
1317 3578 1370 3642 V
1432 3585 1496 3640 et
1555 3578 1633 3641 Vl
1695 3575 1948 3640 maioris
2008 3572 2256 3641 Hebdo-

682 3663 904 3730 madae
970 3662 1208 3748 possint
1278 3661 1473 3727 iidem
1540 3660 1904 3728 confratres
1969 3659 2258 3727 assistere

685 3749 1110 3817 functionibus
1176 3747 1460 3815 sedendo
1526 3748 1591 3816 in
1655 3748 1852 3814 stallis
1914 3749 2258 3815 Canonioo-

686 3857 851 3921 rum,
901 3835 1225 3903 Canonicis
1269 3836 1639 3902 sedentibus
1697 3836 1760 3900 in
1817 3836 2035 3902 medio
2095 3837 2258 3901 eius·

683 3927 831 3991 dem
879 3922 1068 3992 chori
1116 3925 1191 3990 ab
1236 3934 1511 4009 utroque
1558 3925 1783 4006 latere,
1821 3933 1885 3989 et
1926 3923 2256 4021 Archiepi-

682 4032 874 4100 scopo
937 4011 1204 4078 sedente
1262 4010 1323 4076 in
1382 4011 1597 4077 medio
1658 4010 2108 4097 pontificaliter
2163 4030 2259 4076 1n·

682 4099 865 4182 duto,
914 4107 1149 4165 attenta
1244 4111 1527 4164 raetensa
1574 4094 2089 4165 consuetudine?

815 4190 877 4252 7.
926 4189 1022 4251 An
1069 4184 1131 4251 iu
1225 4185 1285 4251 ie
1332 4186 1628 4273 Corporis
1673 4185 1904 4253 Christi
1941 4195 2006 4251 et
2038 4195 2253 4250 octava

682 4273 919 4362 possint
965 4271 1160 4339 iidem
1205 4273 1565 4340 confratres
1611 4272 1847 4339 babere
1884 4273 2108 4339 sedem
2131 4281 2254 4337 'seu

685 4365 895 4429 locum
942 4371 1116 4428 retro
1160 4360 1374 4426 Altare
1419 4359 1615 4425 maius
1680 4361 1965 4426 eiusdem
2027 4359 2253 4425 Cathe-

680 4449 893 4532 dralis,
942 4459 1178 4516 attenta
1222 4459 1552 4533 praetensa
1598 4442 2116 4513 consuetudine?

810 4541 969 4604 cum
1002 4539 1065 4603 S.
1104 4541 1179 4604 R.
1227 4539 1330 4616 C.,
1382 4545 1652 4617 utraque
1697 4544 1876 4620 parte
1924 4544 2047 4599 tam
2093 4550 2255 4597 voce

678 4645 886 4712 quam.
921 4624 1172 4712 scriptis
1231 4623 1609 4689 informante
1658 4622 1907 4705 audita,
1963 4621 2112 4686 alias
2158 4637 2255 4684 re-

677 4713 1043 4798 scripserit:
1108 4733 1145 4776 «
1179 4712 1272 4778 Ad
1320 4721 1604 4778 mentem
1637 4731 1701 4788 ι»,
1769 4720 1835 4775 et
1878 4727 2061 4775 mens
2113 4706 2250 4772 fue·

682 4805 785 4883 rit,
812 4812 882 4864 ut
906 4799 1295 4867 scriberetur
1323 4802 1481 4866 limo
1512 4801 1586 4865 D.
1615 4797 2111 4884 Archiepiscopo
2142 4794 2252 4879 qui

677 4898 929 4952 curaret
961 4899 1172 4972 partes
1214 4905 1356 4954 com
1405 4899 1633 4964 onere;
1668 4903 1948 4970 cumque
1993 4883 2251 4949 Confra-

682 4975 945 5038 teruitas
987 4974 1307 5060 praedicta
1399 4972 1717 5040 uiusmodi
1766 4972 2076 5058 rescripto
2134 4969 2249 5034 mi·

676 5061 848 5127 nime
907 5060 1287 5146 aquieverit,
1336 5063 1411 5127 ab
1474 5061 1703 5127 eodem
1753 5064 1910 5126 Εῶο
1972 5069 2035 5124 et
2092 5061 2249 5124 Βιῖιο

678 5153 749 5215 D.
787 5147 977 5213 Card.
1023 5148 1107 5212 de
1156 5147 1372 5215 Abdua
1400 5147 1824 5234 suprascripta
1856 5145 2049 5213 dubia
2080 5144 2249 5210 inter

678 5247 887 5323 partes
929 5237 1296 5300 concordata
1346 5235 1578 5302 iterum
1624 5233 1982 5300 decidenda
2015 5249 2248 5319 propo-

675 5324 790 5388 sita
837 5324 1120 5399 fuerint3

2515 432 2583 497 S.
2637 431 2859 497 eadem
2917 434 3129 515 R.·c.,
3179 430 3461 531 partibus
3524 443 3650 499 tam
3712 435 3948 521 seriptis

2388 536 2575 601 quam
2630 537 2787 584 voce
2849 519 3328 586 informantibus
3386 520 3655 604 auditis,
3703 539 3948 606 respon-

2387 603 2672 671 dendum
2720 607 3007 673 censuit:

2517 692 2611 758 Ad
2665 695 2726 777 1,
2774 696 2814 758 2
2864 704 2927 760 et
2973 698 3037 761 3.
3089 695 3473 780 ‹Negative
3507 718 3570 759 »-

2459 781 2475 796 ⁶
2515 780 2610 845 Ad
2658 781 2721 846 4.
2773 804 2813 845 α
2844 781 3102 867 Requiri
3137 780 3452 847 licentiam
3483 782 3949 870 Archiepiscopi

2387 878 2630 932 tantum
2665 888 2728 933 ».

2514 954 2607 1020 Ad
2657 960 2724 1037 ὅ,
2766 959 2807 1020 6
2855 967 2920 1022 et
2966 960 3033 1022 7.
3080 978 3117 1021 ‹
3160 956 3508 1041 Negative3
3544 969 3629 1022 ·et
3691 957 3952 1042 amplius

2383 1041 2445 1105 in
2495 1041 2788 1107 omnibus
2819 1065 2886 1107 ».

2512 1132 2591 1193 Et
2659 1130 2741 1194 ita
2811 1131 3099 1198 decrevit
3166 1152 3237 1197 ac
3299 1131 3536 1197 servari
3609 1131 3950 1198 mandavit.

2381 1215 2492 1281 Die
2540 1218 2623 1282 23
2670 1217 3066 1302 Septembris
3120 1223 3310 1285 1713.

2382 1392 2622 1463 2221.
2906 1394 3434 1461 MEDIOLANEN.
3493 1436 3508 1453 .

2508 1569 2668 1633 Cum
2729 1566 2792 1631 in
2856 1567 3134 1633 Ecclesia
3192 1566 3539 1651 collegiata
3600 1570 3664 1634 S.
3721 1568 3956 1635 Nazarii

3732 1396 3953 1480 ‹³⁸6⁰›
4035 1362 4036 1371 ‘

2380 1652 2624 1720 Maioris
2667 1652 2946 1721 civitatis
2991 1653 3349 1738 Mediolani,
3385 1655 3449 1720 in
3495 1674 3618 1740 qua
3661 1656 3956 1723 canonici
4035 1694 4036 1701 κ

2376 1740 2648 1806 vicissim
2729 1739 3182 1827 obligationem
3260 1742 3492 1808 babent
3567 1742 3955 1809 inserviendi
4035 1730 4036 1779 t

2376 1828 2736 1913 Praeposito
2783 1828 2989 1894 dictae
3035 1827 3420 1915 collegiatae
3474 1827 3702 1893 diebus
3755 1830 3957 1895 Domi·

2376 1912 2533 1980 nicis
2577 1914 2841 2000 aliisque
2900 1915 3390 1981 solemnioribus
3449 1915 3592 1983 anni
3648 1916 3959 1982 festivita·

4027 1800 4037 1833 i

4035 1928 4036 1961 l

4035 1966 4036 1999 l

2380 2003 2546 2069 tibus
2589 2001 2654 2068 in
2699 2002 2903 2069 officio
2967 2003 3216 2069 Diaconi
3267 2017 3331 2068 et
3379 2003 3795 2085 subdiaconi,
3859 2006 3958 2070 ab·
4035 2034 4036 2055 a

2377 2108 2529 2157 usus
2573 2089 2903 2177 irrepserit
2947 2090 3289 2156 nonnullos
3361 2108 3442 2155 ex
3511 2090 3638 2155 illis
3703 2090 3959 2158 Ordinis
4035 2144 4036 2157 ,

2376 2175 2873 2259 Subdiaconatis‚
2923 2177 3077 2261 quin
3123 2176 3294 2243 dicto
3343 2177 3579 2245 Ordine
3618 2177 3750 2241 sint
3817 2178 3957 2245 insi-

2373 2263 2578 2352 gniti,
2650 2262 2922 2330 officinm
2993 2264 3490 2332 subdiaconatus
3557 2266 3955 2351 exercendi,
4035 2258 4036 2345 s

2374 2353 2615 2419 utendo
2662 2349 2994 2416 Dalmatica
3042 2350 3277 2436 absque
3314 2362 3525 2419 tamen
3567 2352 3953 2439 „manipulm

2370 2458 2540 2507 nunc
2572 2459 2654 2505 ex
2675 2448 2855 2524 parte
2887 2439 3070 2503 Marci
3105 2440 3328 2504 Mariae
3357 2440 3742 2506 Barbavarae
3776 2443 3959 2505 Prae·

2420 2527 2558 2591 ositi
2605 2523 2927 2593 Ecclesiae
2974 2526 3332 2612 praedictae
3379 2526 3442 2591 iu
3487 2528 3554 2593 S.
3605 2529 3681 2593 R.
3734 2530 3813 2593 c.
3868 2529 3956 2593 in·
4035 2542 4036 2547 ’

2398 2613 2696 2701 rescripta
2728 2610 2916 2678 dubia
2948 2612 3115 2678 inter
3146 2624 3357 2700 partes
3389 2614 3766 2680 concordata
3811 2634 3956 2700 pro-

2375 2700 2573 2788 posita
2621 2701 2929 2765 luerunt:

2508 2792 2569 2853 1.
2617 2792 2711 2853 An
2756 2786 3052 2854 canonici
3103 2787 3363 2873 insignis
3407 2787 3801 2872 collegiatae
3842 2792 3956 2853 Ec·

2372 2874 2600 2942 clesiae
2661 2876 2725 2940 S.
2778 2875 3013 2938 Nazarii
3077 2875 3405 2942 Mediolani
3472 2873 3537 2940 in
3596 2873 3954 2941 Minoribus

2365 2958 2705 3031 Ordinibus
2752 2962 3074 3029 constituti
3129 2980 3437 3029 exercere
3496 2962 3752 3028 valeant
3815 2963 3950 3030 offi-

2369 3053 2534 3118 cium
2597 3047 3017 3131 subdiaconi,
3088 3050 3500 3119 ministrando
3566 3050 3950 3117 solemniter
4035 3115 4036 3118 ,

2369 3135 2714 3208 celebranti
2780 3135 2984 3202 induti
3039 3138 3376 3203 Dalmatica
3424 3137 3690 3222 aliisque
3751 3139 3951 3205 sacris

2365 3226 2670 3307 vestibus,
2702 3223 2814 3288 sed
2847 3222 3081 3308 absque
3116 3224 3437 3311 manipulo
3458 3222 3492 3289 ἱ)
3537 3235 3602 3289 et
3628 3234 3951 3309 quatenus

2366 3335 2448 3382 ne
2496 3315 2689 3395 ative,

2452 3332 2559 3467 82.
2610 3401 2707 3465 An
2756 3410 3093 3465 teneantur
3127 3400 3415 3487 recipere
3444 3398 3750 3466 Ordinem
3781 3398 3950 3466 Sub-

2364 3484 2784 3564 diaconatus‘?
3279 3501 3296 3518 ’
3691 3543 3697 3548 ,
3765 3521 3774 3528 -

2493 3580 2573 3641 Et
2618 3578 2682 3642 S.
2720 3579 2793 3642 R.
2830 3576 2931 3657 c.,
2981 3575 3262 3661 partibus
3309 3571 3792 3639 informantibus
3838 3593 3950 3639 au-

2364 3662 2538 3745 ditis,
2573 3662 2649 3728 ad
2683 3660 3055 3727 relationem
3094 3661 3228 3727 Emi
3261 3674 3328 3727 et
3357 3660 3496 3727 Rmi
3529 3663 3706 3728 Dom.
3747 3660 3943 3725 card.

2363 3749 2714 3832 Cori-adini,
2763 3748 3284 3834 respondendum
3332 3748 3624 3814 censuit:

2494 3837 2588 3904 Ad
2642 3840 2701 3902 1.
2751 3857 2788 3900 α
2821 3836 3124 3920 Negative
3158 3858 3221 3900 ».

2491 3924 2585 3991 Ad
2618 3928 2685 3989 2.
2725 3947 2760 3986 «
2785 3925 2880 3991 Ad
2905 3925 3156 3990 Sacram
3178 3923 3754 4009 congregationem
3775 3926 3949 3989 Con·

2362 4012 2489 4077 cilii
2523 4033 2591 4077 ».

2490 4103 2569 4164 Et
2626 4100 2706 4164 ita
2767 4099 3107 4167 declaravit
3166 4118 3234 4163 ac
3289 4098 3527 4164 servari
3588 4098 3943 4165 mandavit.

2360 4187 2472 4254 Die
2502 4191 2587 4253 23
2621 4187 3012 4275 Septembris
3049 4190 3238 4253 1713.

2359 4361 2608 4429 2222.
2877 4359 3438 4427 SENOGALLlEN.
3708 4363 3945 4449 (3861)

2488 4536 2658 4599 luter
2699 4532 3258 4600 confraternitates
3300 4536 3547 4620 aliaque
3612 4540 3770 4602 Loca
3833 4539 3946 4605 Pia

2357 4631 2484 4686 tam
2531 4619 2956 4686 Saecularium
2989 4638 3177 4704 quam
3211 4622 3620 4707 Regularium
3649 4624 3948 4692 Civitatis

2355 4707 2781 4793 Senogallieu.
2837 4724 2918 4773 ex
2966 4726 3111 4788 nna,
3144 4718 3337 4792 atque
3369 4710 3946 4778 confraternitates

2356 4798 2422 4862 S.
2465 4795 2708 4881 losephi
2759 4804 2825 4861 et
2857 4792 3157 4861 ‘caritatis
3187 4815 3257 4861 ac
3286 4798 3713 4881 Magistratum
3765 4800 3944 4865 eius-

2354 4884 2501 4950 dem
2548 4881 2826 4949 civitatis
2873 4882 3154 4969 partibus
3202 4901 3279 4948 ex
3315 4883 3537 4968 altera,
3573 4904 3768 4972 super
3799 4887 3947 4953 ele-

2354 4969 2604 5036 vatione
2651 4969 2867 5035 sedilis
2913 4969 3068 5035 dum
3118 4970 3289 5035 idem
3338 4971 3728 5055 Magistratus
3787 4974 3943 5040 fun·

2354 5057 2666 5124 ctionibus
2700 5057 3139 5123 ecclesiasticis
3185 5057 3560 5143 intervenit,
3596 5060 3748 5126 ortis
3780 5080 3941 5127 con-

2354 5145 2676 5209 troversiis
2724 5144 2976 5230 illisque
3022 5147 3097 5210 ad
3132 5148 3199 5212 S.
3227 5148 3302 5210 R.
3338 5149 3413 5209 c.
3447 5147 3698 5229 delatis,
3736 5152 3942 5213 Emns

2354 5243 2420 5298 et
2475 5234 2668 5297 {lmus
2735 5236 2915 5297 Dom.
2966 5233 3150 5297 card.
3219 5234 3288 5295 S.
3335 5232 3678 5300 Clementis
3735 5235 3934 5300 infra—

2349 5320 2581 5403 scripta
2626 5318 2816 5384 dubia
2861 5318 3236 5386 declaranda
3282 5322 3657 5404 proposuit:
