4042 5950
1988 209 2460 289 -250-

596 367 1157 471 quesingulariter
1190 340 1527 469 peragere,
1561 367 1639 436 ad
1670 387 1831 455 quae
1862 378 2165 436 tenentur

2397 369 2491 436 Ad
2537 373 2601 436 ts.
2638 390 2676 435 ‹
2700 368 2914 448 Quoad
2940 369 3213 457 primam
3242 377 3518 456 partem,
3550 369 3671 436 iam
3691 330 3847 460 pro·

597 462 893 528 Canomct
953 456 1238 525 eiusdem
1295 456 1546 526 Ordinis
1603 455 1668 523 in
1725 476 1834 523 sua
1893 457 2164 544 quisque
2266 456 2521 544 visum,
2569 456 2899 546 Negative,
2956 457 3164 544 quoad
3209 457 3558 524 secundam
3587 480 3653 525 s.

596 542 1045 615 hebdomada?
1090 554 1154 612 et
1200 556 1512 630 quatenus
1556 544 1953 628 affirmative,

731 638 791 702 4.
837 635 932 700 An
961 631 1257 718 sandalis,
1291 633 1665 719 Dalmaticis,
1699 634 1906 719 mitra,
1941 635 2166 701 baculo

598 721 918 812 pastorali,
964 724 1168 789 Cruce
1201 730 1265 787 et
1294 720 1603 789 similibus
1651 722 1963 811 Episcopo
1996 741 2166 789 com·

595 808 964 899 petentibus
1008 810 1103 878 uti
1155 806 1436 877 debeat?
1480 820 1545 876 et
1604 821 1914 897 quatenus
1973 829 2167 899 nega-

601 899 753 978 tivo,

728 991 791 1054 ts.
842 989 939 1053 An
983 985 1100 1051 sibi
1161 984 1347 1052 liceat
1390 1005 1423 1051 a
1467 986 1761 1073 praefatis
1819 986 2170 1054 Hebdoma-

599 1075 758 1144 darii
815 1072 1042 1142 Officiis
1094 1092 1164 1140 se
1217 1072 1580 1154 abstinere3
1642 1084 1708 1141 et
1766 1093 1846 1141 an
1901 1075 1965 1141 in
2025 1094 2173 1140 casu

600 1160 1076 1232 distributiones
1127 1161 1395 1244 amittat,
1444 1161 1727 1247 quamvis
1772 1163 1978 1230 Choro
2025 1181 2171 1229 cum

601 1250 830 1319 ceteris
871 1248 1196 1317 Canonicis
1242 1247 1658 1316 interfuerit?

731 1343 795 1406 6.
847 1338 943 1404 An
996 1337 1228 1406 debeat
1294 1336 1786 1425 Archiepiscopo
1853 1337 2172 1406 solemnia

601 1427 812 1514 agenti
872 1423 1198 1511 assistere,
1264 1424 1622 1492 ministrare
1686 1426 1928 1512 aliaque
1989 1445 2171 1514 prae·

601 1526 765 1582 stare
856 1531 1017 1600 quae
1074 1510 1274 1579 ceteri
1332 1512 1621 1580 eiusdem
1667 1513 1917 1583 Ordinis
1975 1518 2172 1583 Cano·

601 1603 725 1670 nici
769 1564 853 1669 de
900 1618 1080 1667 more
1127 1599 1338 1668 eidem
1385 1600 1756 1688 praestant?

735 1695 798 1758 7.
847 1690 1054 1767 Ouum
1097 1698 1309 1755 autem
1357 1698 1568 1757 orator
1607 1689 1872 1758 minime
1920 1690 2172 1778 ignoret

602 1801 636 1846 a
681 1778 914 1845 ceteris
971 1775 1260 1843 eiusdem
1316 1776 1564 1845 Ordinis
1610 1778 1938 1846 Canonicis
1982 1798 2174 1867 aegre

605 1866 756 1935 ferri
799 1866 1184 2018 Episcopum
1220 1883 1257 1931 e
1289 1864 1536 1952 gremio
1583 1866 1870 1941 eiusdem
1903 1866 2178 1954 Capituli

603 1961 813 2021 vestes
860 1963 926 2020 et
970 1971 1040 2017 ca
1070 1952 1197 2040 igas
1243 1953 1473 2021 coloris
1524 1953 1822 2039 violacei,
1877 1965 1941 2021 et
1992 1953 2175 2042 quid-

605 2041 759 2129 quid
809 2039 978 2109 aliud
1027 2041 1463 2128 Episcopalem
1507 2041 1887 2130 Dignitatem
1941 2043 2179 2110 referat

607 2131 671 2198 in
723 2130 929 2197 Chore
985 2147 1340 2217 eorumque
1398 2146 1743 2216 congressu
1803 2142 2055 2217 gestare
2111 2140 2178 2197 et

605 2218 1207 2305 quomodocumque
1235 2238 1305 2285 se
1337 2218 1414 2285 ab
1455 2218 1605 2304 ipsis
1635 2217 2073 2306 distinguere;
2108 2239 2178 2286 ac

607 2307 875 2395 proinde
919 2325 1048 2373 non
1094 2305 1315 2373 multis
1357 2305 1584 2374 abhinc
1627 2307 1803 2373 annis
1849 2307 1979 2373 duo
2013 2308 2177 2373 eius-

606 2397 756 2463 dem
801 2394 1070 2483 Capituli
1116 2394 1487 2479 canonicos,
1519 2415 1552 2460 a
1583 2397 1845 2462 Summo
1875 2394 2180 2462 Pontifice

607 2482 949 2571 Episcopos
1009 2480 1075 2548 in
1128 2480 1410 2567 partibus
1470 2481 1885 2566 renuntiatus,
1935 2482 2176 2565 locum,

608 2589 802 2657 quem
847 2578 1026 2636 antea
1072 2568 1138 2634 in
1181 2569 1391 2637 Chore
1418 2569 1734 2637 habehant
1765 2581 1831 2636 et
1863 2569 1928 2636 in
1957 2570 2183 2655 quovis

607 2656 878 2745 Capituli
926 2674 1270 2745 congressu
1316 2656 1620 2743 retinere,
1654 2669 1846 2744 atque
1875 2657 2085 2725 Missas
2116 2668 2184 2724 et

609 2750 735 2816 ves
785 2765 922 2812 eras
965 2745 1239 2832 aliasque
1283 2744 1640 2813 functiones
1684 2746 1751 2812 in
1795 2766 1906 2813 sua
1940 2745 2183 2814 hebdo-

610 2852 713 2900 ma
758 2853 815 2918 a,
862 2832 1038 2901 nulla
1084 2832 1359 2901 adhibita
1411 2832 1936 2902 indumentorum
1982 2833 2181 2901 aliave

610 2920 1043 3007 distinctione,
1078 2941 1197 2990 ceu
1228 2922 1506 3010 reliquos
1550 2921 1893 2991 Canonicos
1939 2921 2182 2990 hebdo-

609 3009 943 3096 madarios,
970 3009 1293 3079 celebrare
1319 3010 1748 3095 consuevisse,
1773 3029 1973 3097 seque
1997 3011 2183 3078 dum-

612 3109 778 3167 taxat
807 3120 840 3165 a
884 3099 1446 3189 supplicationibus
1475 3097 1747 3187 publicis
1793 3097 2183 3187 Episcopalis

611 3187 867 3258 honoris
913 3206 1067 3275 ergo
1121 3186 1525 3271 abstinuisse,
1573 3185 2051 3254 distributiones
2098 3197 2184 3253 ta·

612 3295 763 3344 men
815 3276 1169 3344 amittendo
1228 3296 1299 3343 ac
1356 3276 1408 3343 si
1469 3275 1874 3362 culpabiliter
1917 3273 2185 3343 minime

612 3364 1083 3451 interfuissent,
1125 3363 1693 3449 obsequentissime
1741 3363 2053 3453 postulat:
2090 3362 2187 3427 An

612 3461 905 3519 teneatur
966 3453 1069 3520 vel
1129 3452 1356 3519 saltem
1414 3452 1532 3519 sibi
1587 3451 1776 3519 liceat
1827 3451 1974 3519 huic
2038 3468 2184 3519 con-

611 3539 932 3607 suetudini
989 3560 1058 3608 se
1118 3538 1510 3607 conformare
1572 3539 1638 3605 in
1699 3540 2029 3625 omnibus,
2080 3547 2186 3604 aut

614 3643 882 3714 quanam
927 3628 992 3694 in
1037 3623 1277 3715 parte?

743 3697 823 3780 Et
868 3718 1051 3783 Sacra
1100 3716 1362 3783 Rituum
1405 3714 1851 3802 congregatio,
1899 3717 1963 3782 in
2008 3714 2187 3783 Ordi-

616 3802 789 3871 nario
834 3806 1035 3871 Coetu
1079 3805 1158 3871 ad
1206 3804 1575 3872 Vaticanum
1632 3801 1751 3869 suh
1795 3805 2035 3891 signata
2080 3803 2187 3871 die

615 3892 986 3976 coadunata,
1019 3890 1343 3959 referente
1370 3892 1772 3980 infrascripto
1811 3892 2190 3976 Secretario,

615 3980 868 4047 attentis
915 3978 1218 4082 expositis
1262 4000 1330 4046 ac
1377 3981 1645 4067 singulis
1698 3980 2010 4046 rationum
2057 3999 2191 4046 mo-

615 4067 849 4136 mentis
893 4088 1059 4135 sei-10
1107 4067 1400 4137 examine
1443 4069 1801 4156 perpensis,
1834 4066 2189 4134 rescriben-

615 4161 772 4229 dum
818 4156 1112 4225 censuit=

745 4246 842 4315 Ad
896 4252 952 4314 1.
990 4255 1055 4313 et
1087 4249 1153 4312 2.
1196 4265 1234 4310 ‹
1267 4247 1527 4313 Ratione
1559 4246 1970 4334 Episcopatus
2000 4262 2189 4330 posse

619 4347 684 4402 et
721 4333 961 4404 debere
1002 4334 1100 4400 uti
1146 4333 1363 4402 habitu
1409 4332 1728 4401 ordinario
1765 4351 1891 4421 quo
1924 4340 2194 4399 utuntur

619 4422 913 4513 Episcopi
957 4421 1022 4489 in
1069 4427 1340 4491 Romana
1385 4421 1598 4505 Curia,
1629 4421 1696 4490 id
1733 4432 1827 4490 est
1862 4421 2191 4488 rocchetto

616 4531 804 4599 supra
850 4509 1189 4579 Subtanam
1236 4520 1302 4576 et
1345 4511 1747 4577 mantelletto
1791 4506 2057 4578 violacei
2089 4527 2191 4576 co-

617 4602 801 4686 loris,
867 4609 930 4666 et
983 4597 1225 4667 dehere
1279 4598 1666 4686 praecedere
1725 4596 2014 4665 omnibus
2060 4597 2196 4664 aliis

618 4685 944 4758 Canonicis
990 4698 1054 4755 et
1098 4688 1328 4755 sedere
1393 4687 1458 4754 in
1558 4687 1717 4754 rimo
1761 4687 1956 4755 stallo
2000 4703 2192 4775 supra

619 4796 881 4847 omnes:
931 4787 1003 4844 ut
1046 4775 1111 4843 in
1155 4776 1522 4864 compostel
1553 4794 1664 4842 ana
1692 4777 1810 4844 sub
1842 4776 1948 4843 die
1985 4778 2067 4841 125
2099 4778 2191 4842 Iu-

620 4865 688 4932 lii
740 4867 903 4934 1617
937 4886 1001 4932 ».

751 4953 844 5021 Ad
896 4957 961 5019 3.
1011 4974 1050 5017 ‹
1081 4957 1149 5020 In
1193 4951 1390 5019 Missis
1421 4954 1504 5021 de
1535 4963 1727 5022 turno
1759 4952 2092 5035 abstineat,
2128 4962 2193 5019 et

621 5042 927 5128 subroget
957 5040 1151 5108 alium
1198 5048 1270 5107 ut
1315 5042 1373 5108 in
1425 5042 1730 5110 Asculana
1760 5043 1865 5109 die
1903 5045 1981 5108 10
2011 5039 2195 5128 Apri-

624 5129 700 5196 lis
736 5133 935 5197 {7282
988 5129 1053 5196 in
1097 5128 1585 5198 solemnioribus
1621 5148 1767 5196 cum
1799 5128 2191 5197 indumentis

622 5215 1109 5309 pontificalibus,
1156 5217 1269 5284 sed
1328 5218 1411 5285 de
1473 5215 1726 5285 licentia
1780 5216 2088 5284 ordinarii
2126 5235 2191 5281 ».

753 5305 850 5374 Ad
897 5308 962 5373 4.
1010 5325 1050 5370 ι
1079 5309 1207 5372 Iam
1251 5303 1598 5393 provisum
1624 5304 1689 5370 in
1737 5303 1924 5371 tertio
1949 5323 2012 5368 ».

2397 546 2493 613 Ad
2540 551 2606 614 6.
2655 568 2694 611 ‹
2727 551 3007 615 Tenetur
3049 544 3281 612 sedere
3325 544 3391 611 in
3437 546 3650 613 Choro
3697 565 3845 614 cum

2269 633 2532 721 pluviali
2566 656 2629 702 ».

2397 722 2495 788 Ad
2545 726 2609 790 7.
2659 744 2698 787 ‹
2729 721 3033 807 Negative
3079 721 3146 787 in
3193 719 3481 788 omnihus
3513 742 3584 788 ».

2400 814 2609 897 Atque
2643 811 2726 876 ita
2748 808 3072 899 rescripsit
3100 808 3467 896 servarique
3496 811 3838 879 mandavit.

2271 897 2389 965 Die
2423 903 2500 965 16
2535 898 2731 965 Martii
2770 902 2960 967 1833.

2272 1038 2523 1108 270⁷.
2897 1039 3218 1104 cocras.
3623 1036 3847 1126 (4712)

2404 1162 2590 1248 Apud
2637 1161 2902 1230 Podium
2947 1161 3263 1229 Bonitium
3293 1162 3360 1227 in
3390 1160 3645 1228 Etruria
3676 1162 3849 1229 Dioe—

2275 1251 2435 1318 cesis
2456 1249 2704 1319 Collen.
2734 1248 3006 1317 celebris
3032 1261 3128 1316 est
3150 1249 3451 1316 memoria
3474 1248 3646 1316 Beati
3678 1251 3847 1317 Lucii

2272 1359 2388 1407 seu
2431 1338 2726 1406 Luchesii
2755 1337 3168 1423 Confessoris,
3200 1337 3309 1423 qui
3344 1336 3637 1426 pluribus
3668 1357 3847 1405 exor-

2275 1436 2459 1495 natus
2504 1425 2868 1510 virtutibus,
2903 1424 3119 1492 habitu
3168 1425 3334 1492 tertii
3364 1423 3613 1494 Ordinis
3646 1428 3848 1495 Sancti

2275 1513 2587 1583 Francisci
2629 1522 2952 1601 suscepto,
2984 1511 3053 1579 in
3096 1514 3223 1581 vita
3254 1515 3481 1581 sanctis
3524 1513 3848 1599 operibus,

2278 1614 2420 1692 post
2488 1600 2732 1668 obitum
2799 1602 3014 1669 multis
3079 1601 3399 1668 miraculis
3463 1602 3849 1685 coruscavit,

2275 1691 2461 1759 sicuti
2495 1690 2693 1757 refert
2724 1690 3240 1776 Martyrologium
3271 1696 3627 1759 Romanum
3660 1690 3853 1756 trium

2275 1779 2581 1847 Ordinum
2628 1776 2918 1844 eiusdem
2965 1778 3174 1845 Sancti
3219 1777 3526 1845 Francisci
3571 1777 3852 1845 decimo·

2275 1865 2554 1954 septimo
2585 1865 2887 1933 Calendas
2918 1864 3083 1932 Maii.
3126 1865 3231 1932 His
3262 1876 3595 1953 permotus
3628 1870 3852 1932 Beatus

2277 1953 2623 2041 Gregorius
2680 1957 2738 2021 X
2801 1956 3098 2021 Summus
3164 1952 3493 2037 Pontifex,
3560 1954 3722 2021 dum
3777 1954 3853 2023 ad

2277 2042 2707 2131 Lugdunense
2751 2041 3107 2109 Concilium
3156 2042 3279 2108 iter
3323 2041 3716 2126 institueret,
3746 2045 3855 2107 Po·

2280 2131 2458 2199 dium
2502 2129 2822 2199 Bonitium
2866 2130 3124 2196 visitans
3183 2129 3494 2218 expetivit
3550 2140 3624 2196 ut
3683 2149 3855 2196 sacro

2279 2217 2532 2305 agmine
2574 2217 2890 2301 instituto,
2925 2220 3128 2305 Caput
3155 2215 3502 2306 supradicti
3532 2217 3708 2284 Beati
3738 2218 3853 2284 cir-

2282 2306 2712 2373 cumferretur
2769 2323 2888 2392 per
2939 2305 3303 2395 Oppidum3
3366 2322 3496 2390 quo
3557 2325 3637 2373 ex
3698 2316 3858 2372 tem-

2282 2412 2465 2481 pore,
2513 2393 2615 2483 pia
2663 2392 2999 2461 traditione
3047 2395 3346 2478 docente,
3378 2392 3599 2464 haberi
3646 2394 3858 2481 coepit

2283 2484 2456 2550 idem
2500 2486 2725 2549 Beatus
2771 2482 3000 2549 Lucius
3046 2482 3248 2550 veluti
3293 2483 3681 2570 praecipuus
3738 2484 3857 2569 Op·

2284 2569 2417 2659 pidi
2450 2579 2514 2636 et
2543 2570 2890 2638 Comitatus
2933 2575 3258 2656 Patronus,
3309 2571 3574 2657 eiusque
3602 2574 3856 2637 Festum

2282 2658 2484 2727 veluti
2509 2658 2757 2725 Patroni
2780 2657 3041 2727 servari.
3066 2658 3430 2725 Novissimis
3459 2670 3676 2725 tamen
3701 2668 3859 2724 tem-

2282 2745 2542 2834 poribus
2586 2745 2827 2833 populo
2872 2745 3099 2835 Oppidi
3137 2747 3314 2814 Pedii
3344 2746 3570 2815 Bonitii
3601 2744 3862 2812 accessit

2286 2853 2444 2901 onus
2474 2834 2774 2919 ,servandi
2823 2834 3009 2900 etiam
3045 2833 3165 2902 sub
3194 2844 3472 2921 utroque
3513 2844 3859 2934 praecepto

2284 2926 2542 2992 Festum
2590 2920 2799 2990 Sancti
2845 2920 3133 2991 Martialis
3174 2923 3422 2991 Patroni
3468 2923 3751 2992 Civitatis
3799 2930 3863 2989 et

2283 3010 2598 3079 Dioecesis
2642 3011 2976 3079 collensis.
3023 3012 3151 3080 Sed
3196 3031 3397 3098 quum
3452 3011 3663 3081 Sancti
3708 3014 3860 3078 Mar-

2286 3100 2445 3168 tialis
2490 3098 2796 3166 festivitas
2843 3111 3131 3166 recurrat
3186 3101 3521 3185 quotannis
3566 3096 3861 3168 Calendis

2286 3189 2452 3273 Iulii,
2483 3189 2875 3278 plerumque
2908 3186 3171 3275 contigit
3203 3189 3508 3256 eumdem
3548 3189 3863 3277 populun

2289 3277 2482 3344 trium
2512 3274 2630 3344 sibi
2663 3276 3151 3343 succedentium
3187 3274 3443 3343 dierum
3487 3275 3863 3343 festivorum

2287 3364 2556 3454 periodo
2601 3363 2873 3449 gravari,
2907 3382 2980 3429 ea
3010 3364 3283 3430 maxime
3330 3373 3712 3451 tempestate
3742 3382 3865 3448 qua

2287 3463 2571 3520 maturae
2602 3454 2823 3518 messis
2852 3450 3105 3519 fervent
3129 3471 3346 3540 opera,
3371 3471 3492 3518 nec
3522 3452 3702 3519 adest
3735 3461 3864 3517 tan-

2290 3552 2426 3609 tum
2451 3540 2812 3628 periculum
2833 3538 3110 3608 violandi
3145 3540 3470 3640 praecepti
3501 3549 3567 3607 et
3599 3540 3865 3624 occasio,

2286 3630 2403 3697 sed
2427 3630 2616 3697 etiam
2640 3627 2905 3714 ipsamet
2922 3637 3292 3695 necessitas.
3308 3629 3708 3717 Quapropter
3729 3628 3874 3695 Cle-

2288 3737 2397 3785 rus
2421 3727 2487 3784 et
2509 3716 2787 3806 populus
2806 3714 2981 3783 Podii
3002 3715 3229 3783 Bonitii
3255 3726 3321 3783 et
3341 3716 3688 3784 Comitatus
3711 3714 3873 3782 eius-

2289 3806 2466 3890 dem,
2485 3823 2638 3893 prae
2663 3803 2862 3872 oculis
2884 3804 3192 3872 hahentes
3216 3804 3560 3893 Epistolam
3583 3824 3635 3870 s.
3653 3823 3741 3871 m.
3759 3808 3872 3871 Be-

2289 3893 2529 3961 nedicti
2568 3897 2765 3981 Papae
2797 3894 2961 3977 xlv,
2998 3892 3207 3959 datam
3253 3892 3735 3978 quartodecimo
3758 3896 3873 3961 Ca-

2292 3981 2511 4049 lendas
2543 3982 2811 4069 Augusti
2841 3984 3022 4048 Anno
3054 3984 3219 4049 1749
3255 3981 3767 4068 Archiepiscopis
3807 3993 3871 4047 et

2289 4069 2617 4157 Episcopis
2671 4069 2992 4154 Etruriae,
3040 4086 3205 4154 quae
3252 4070 3560 4158 praecipit
3599 4069 3873 4136 cuiusvis

2288 4168 2537 4224 tantum
2584 4157 2907 4246 praecipui
2949 4175 3499 4244 quarumcumque
3529 4157 3871 4226 civitatum

2293 4247 2397 4313 vel
2442 4248 2757 4313 Locorum
2815 4246 3060 4312 Patroni
3122 4264 3238 4334 pro
3298 4245 3503 4312 veteri
3548 4244 3873 4313 Ecclesiae

2290 4333 2648 4402 Catholicae
2724 4333 3011 4401 instituto
3077 4339 3335 4401 Festum
3409 4332 3528 4400 sub
3594 4345 3873 4420 utroque

2292 4433 2637 4511 praecepto
2684 4441 2822 4490 esse
2867 4423 3299 4502 servandum;
3348 4423 3568 4489 Sacrae
3615 4422 3874 4489 Rituum

2294 4509 2783 4599 congregationi
2812 4509 3175 4578 humillime
3204 4509 3755 4599 supplicaverunt,
3777 4522 3870 4594 ut,

2295 4600 2542 4666 elevato
2573 4598 2650 4665 ad
2686 4598 3009 4685 integrum
3038 4609 3455 4688 praeceptum
3484 4603 3671 4666 Festo
3704 4601 3871 4666 Beati

2290 4686 2467 4755 Lucii
2512 4686 2842 4776 praecipui
2886 4687 3132 4754 Patroni
3195 4685 3484 4754 eiusdem
3530 4687 3764 4774 Oppidi
3811 4698 3872 4753 et

2293 4773 2671 4859 Comitatus,
2729 4773 2981 4843 servilia
3039 4793 3234 4862 opera
3295 4775 3359 4845 in
3415 4780 3602 4842 Festo
3662 4775 3869 4843 Sancti

2292 4861 2613 4947 Martialis,
2661 4864 3037 4931 necessitate
3099 4872 3340 4931 tantum
3400 4861 3723 4933 Sacrificio
3768 4864 3868 4931 ad·

2295 4953 2500 5020 standi
2545 4962 2813 5036 servata,
2863 4951 3292 5041 permitteret.

2425 5044 2504 5107 Et
2549 5043 2734 5107 Sacra
2778 5040 3038 5109 Rituum
3083 5040 3508 5128 congregatio
3550 5038 3712 5108 nihil
3747 5040 3866 5129 pri·

2295 5127 2489 5197 mitus
2534 5126 2879 5196 declaravit
2906 5144 2941 5220 3,
2987 5127 3100 5196 sed
3148 5130 3267 5197 sub
3313 5129 3418 5196 die
3467 5133 3548 5196 12
3604 5129 3868 5198 Novem-

2298 5217 2423 5283 bris
2461 5220 2622 5284 1831
2662 5216 3198 5285 Reverendissimi
3228 5217 3528 5306 Episcopi
3576 5216 3868 5285 informa·

2302 5304 2541 5373 tionem
2587 5311 2652 5372 et
2693 5315 2917 5374 votum
2964 5303 3332 5395 exquisivit.
3385 5307 3520 5385 Quo
3568 5313 3864 5394 percepto
