<?xml version="1.0" encoding="UTF-8"?>
<!DOCTYPE html PUBLIC "-//W3C//DTD XHTML 1.0 Transitional//EN"
    "http://www.w3.org/TR/xhtml1/DTD/xhtml1-transitional.dtd">
<html xmlns="http://www.w3.org/1999/xhtml" xml:lang="en" lang="en">
 <head>
  <title>
</title>
<meta http-equiv="Content-Type" content="text/html;charset=utf-8" />
  <meta name='ocr-system' content='tesseract 3.04.00' />
  <meta name='ocr-capabilities' content='ocr_page ocr_carea ocr_par ocr_line ocrx_word'/>
</head>
<body>
  <div class='ocr_page' id='page_1' title='image "./decretaauthenti00ritugoog_0398.png"; bbox 0 0 4042 5950; ppageno 0'>
   <div class='ocr_carea' id='block_1_1' title="bbox 1944 267 2423 350">
    <p class='ocr_par' dir='ltr' id='par_1_1' title="bbox 1944 267 2423 350">
     <span class='ocr_line' id='line_1_1' title="bbox 1944 267 2423 350; baseline -0.002 -18"><span class='ocrx_word' id='word_1_1' title='bbox 1944 267 2423 350; x_wconf 84' lang='lat' dir='ltr'><strong>-35o·-</strong></span> 
     </span>
    </p>
   </div>
   <div class='ocr_carea' id='block_1_2' title="bbox 1038 431 1660 499">
    <p class='ocr_par' dir='ltr' id='par_1_2' title="bbox 1038 431 1660 499">
     <span class='ocr_line' id='line_1_2' title="bbox 1038 431 1660 499; baseline -0.003 0"><span class='ocrx_word' id='word_1_2' title='bbox 1038 431 1660 499; x_wconf 80' lang='lat' dir='ltr'><strong>CALAGURITANA.</strong></span> 
     </span>
    </p>
   </div>
   <div class='ocr_carea' id='block_1_3' title="bbox 846 571 1463 641">
    <p class='ocr_par' dir='ltr' id='par_1_3' title="bbox 846 571 1463 641">
     <span class='ocr_line' id='line_1_3' title="bbox 846 571 1463 641; baseline 0.003 -2"><span class='ocrx_word' id='word_1_3' title='bbox 846 571 1214 640; x_wconf 77' lang='lat' dir='ltr'><strong>Beatissimo</strong></span> <span class='ocrx_word' id='word_1_4' title='bbox 1257 577 1463 641; x_wconf 86' lang='lat' dir='ltr'><strong>Pater.</strong></span> 
     </span>
    </p>
   </div>
   <div class='ocr_carea' id='block_1_4' title="bbox 540 694 2138 2089">
    <p class='ocr_par' dir='ltr' id='par_1_4' title="bbox 540 694 2136 1561">
     <span class='ocr_line' id='line_1_4' title="bbox 671 694 2131 780; baseline -0.001 -16"><span class='ocrx_word' id='word_1_5' title='bbox 671 694 957 764; x_wconf 79' lang='lat' dir='ltr'>Placidus</span> <span class='ocrx_word' id='word_1_6' title='bbox 980 700 1191 762; x_wconf 89' lang='lat' dir='ltr'><strong>Bruno</strong></span> <span class='ocrx_word' id='word_1_7' title='bbox 1223 698 1306 763; x_wconf 90' lang='lat' dir='ltr'><strong>de</strong></span> <span class='ocrx_word' id='word_1_8' title='bbox 1338 695 1786 780; x_wconf 88' lang='lat' dir='ltr'><strong>Gaudraundo,</strong></span> <span class='ocrx_word' id='word_1_9' title='bbox 1822 699 2131 764; x_wconf 85' lang='lat' dir='ltr'><strong>Sacerdos</strong></span> 
     </span>
     <span class='ocr_line' id='line_1_5' title="bbox 541 783 2133 874; baseline -0.002 -20"><span class='ocrx_word' id='word_1_10' title='bbox 541 786 854 854; x_wconf 86' lang='lat' dir='ltr'><strong>Secularis</strong></span> <span class='ocrx_word' id='word_1_11' title='bbox 899 783 1127 874; x_wconf 80' lang='lat' dir='ltr'><strong>Oppidi</strong></span> <span class='ocrx_word' id='word_1_12' title='bbox 1160 785 1358 873; x_wconf 80' lang='lat' dir='ltr'><strong>vulgo</strong></span> <span class='ocrx_word' id='word_1_13' title='bbox 1391 786 1710 869; x_wconf 67' lang='lat' dir='ltr'><strong>Manquea</strong></span> <span class='ocrx_word' id='word_1_14' title='bbox 1750 784 1812 851; x_wconf 90' lang='lat' dir='ltr'><strong>in</strong></span> <span class='ocrx_word' id='word_1_15' title='bbox 1846 785 2133 851; x_wconf 90' lang='lat' dir='ltr'><strong>Dioecesi</strong></span> 
     </span>
     <span class='ocr_line' id='line_1_6' title="bbox 540 869 2134 963; baseline -0.003 -18"><span class='ocrx_word' id='word_1_16' title='bbox 540 873 997 963; x_wconf 87' lang='lat' dir='ltr'><strong>Calaguritana,</strong></span> <span class='ocrx_word' id='word_1_17' title='bbox 1042 873 1118 939; x_wconf 90' lang='lat' dir='ltr'><strong>ad</strong></span> <span class='ocrx_word' id='word_1_18' title='bbox 1154 875 1415 941; x_wconf 80' lang='lat' dir='ltr'><strong>Vestrae</strong></span> <span class='ocrx_word' id='word_1_19' title='bbox 1464 869 1876 940; x_wconf 87' lang='lat' dir='ltr'><strong>Beatitudinis</strong></span> <span class='ocrx_word' id='word_1_20' title='bbox 1928 873 2134 959; x_wconf 87' lang='lat' dir='ltr'><strong>pedes</strong></span> 
     </span>
     <span class='ocr_line' id='line_1_7' title="bbox 541 960 2132 1053; baseline -0.003 -22"><span class='ocrx_word' id='word_1_21' title='bbox 541 963 922 1053; x_wconf 77' lang='lat' dir='ltr'><strong>provolutus</strong></span> <span class='ocrx_word' id='word_1_22' title='bbox 971 960 1333 1029; x_wconf 84' lang='lat' dir='ltr'><strong>humillime</strong></span> <span class='ocrx_word' id='word_1_23' title='bbox 1367 982 1448 1028; x_wconf 79' lang='lat' dir='ltr'><strong>ex</strong></span> <span class='ocrx_word' id='word_1_24' title='bbox 1480 961 1679 1047; x_wconf 88' lang='lat' dir='ltr'><strong>gratia</strong></span> <span class='ocrx_word' id='word_1_25' title='bbox 1728 961 2005 1050; x_wconf 89' lang='lat' dir='ltr'><strong>postulat</strong></span> <span class='ocrx_word' id='word_1_26' title='bbox 2051 960 2132 1028; x_wconf 81' lang='lat' dir='ltr'><strong>fa·</strong></span> 
     </span>
     <span class='ocr_line' id='line_1_8' title="bbox 541 1049 2134 1149; baseline -0.003 -29"><span class='ocrx_word' id='word_1_27' title='bbox 541 1054 842 1120; x_wconf 89' lang='lat' dir='ltr'><strong>cultatem</strong></span> <span class='ocrx_word' id='word_1_28' title='bbox 904 1050 980 1117; x_wconf 90' lang='lat' dir='ltr'><strong>ad</strong></span> <span class='ocrx_word' id='word_1_29' title='bbox 1029 1049 1385 1117; x_wconf 77' lang='lat' dir='ltr'><strong>faciendam</strong></span> <span class='ocrx_word' id='word_1_30' title='bbox 1437 1068 1583 1117; x_wconf 90' lang='lat' dir='ltr'><strong>cum</strong></span> <span class='ocrx_word' id='word_1_31' title='bbox 1631 1050 1762 1115; x_wconf 90' lang='lat' dir='ltr'><strong>sola</strong></span> <span class='ocrx_word' id='word_1_32' title='bbox 1811 1068 1968 1136; x_wconf 87' lang='lat' dir='ltr'><strong>aqua</strong></span> <span class='ocrx_word' id='word_1_33' title='bbox 2014 1069 2134 1149; x_wconf 87' lang='lat' dir='ltr'><strong>pu-</strong></span> 
     </span>
     <span class='ocr_line' id='line_1_9' title="bbox 541 1137 2134 1225; baseline -0.003 -18"><span class='ocrx_word' id='word_1_34' title='bbox 541 1138 961 1208; x_wconf 86' lang='lat' dir='ltr'><strong>rificationem</strong></span> <span class='ocrx_word' id='word_1_35' title='bbox 1010 1138 1273 1223; x_wconf 83' lang='lat' dir='ltr'><strong>Calicis,</strong></span> <span class='ocrx_word' id='word_1_36' title='bbox 1326 1150 1391 1206; x_wconf 88' lang='lat' dir='ltr'><strong>et</strong></span> <span class='ocrx_word' id='word_1_37' title='bbox 1450 1137 1844 1205; x_wconf 85' lang='lat' dir='ltr'><strong>ablutionem</strong></span> <span class='ocrx_word' id='word_1_38' title='bbox 1898 1137 2134 1225; x_wconf 75' lang='lat' dir='ltr'><strong>digito-</strong></span> 
     </span>
     <span class='ocr_line' id='line_1_10' title="bbox 542 1226 2134 1315; baseline -0.003 -19"><span class='ocrx_word' id='word_1_39' title='bbox 542 1248 684 1296; x_wconf 88' lang='lat' dir='ltr'><strong>rum</strong></span> <span class='ocrx_word' id='word_1_40' title='bbox 732 1227 796 1294; x_wconf 91' lang='lat' dir='ltr'><strong>in</strong></span> <span class='ocrx_word' id='word_1_41' title='bbox 843 1226 1162 1294; x_wconf 85' lang='lat' dir='ltr'><strong>Sacrificio</strong></span> <span class='ocrx_word' id='word_1_42' title='bbox 1196 1228 1437 1311; x_wconf 82' lang='lat' dir='ltr'><strong>Missae,</strong></span> <span class='ocrx_word' id='word_1_43' title='bbox 1471 1237 1744 1315; x_wconf 90' lang='lat' dir='ltr'><strong>propter</strong></span> <span class='ocrx_word' id='word_1_44' title='bbox 1773 1238 2134 1315; x_wconf 80' lang='lat' dir='ltr'><strong>repugnan-</strong></span> 
     </span>
     <span class='ocr_line' id='line_1_11' title="bbox 544 1313 2136 1402; baseline -0.004 -18"><span class='ocrx_word' id='word_1_45' title='bbox 544 1318 690 1384; x_wconf 90' lang='lat' dir='ltr'><strong>tiam</strong></span> <span class='ocrx_word' id='word_1_46' title='bbox 752 1316 830 1383; x_wconf 89' lang='lat' dir='ltr'><strong>ad</strong></span> <span class='ocrx_word' id='word_1_47' title='bbox 880 1316 1099 1382; x_wconf 85' lang='lat' dir='ltr'><strong>vinum</strong></span> <span class='ocrx_word' id='word_1_48' title='bbox 1163 1317 1245 1382; x_wconf 95' lang='lat' dir='ltr'><strong>ob</strong></span> <span class='ocrx_word' id='word_1_49' title='bbox 1300 1314 1741 1382; x_wconf 86' lang='lat' dir='ltr'><strong>difficultatem</strong></span> <span class='ocrx_word' id='word_1_50' title='bbox 1789 1313 2136 1402; x_wconf 72' lang='lat' dir='ltr'><strong>digerendi</strong></span> 
     </span>
     <span class='ocr_line' id='line_1_12' title="bbox 543 1403 2132 1491; baseline -0.003 -19"><span class='ocrx_word' id='word_1_51' title='bbox 543 1405 735 1491; x_wconf 88' lang='lat' dir='ltr'><strong>iliud,</strong></span> <span class='ocrx_word' id='word_1_52' title='bbox 785 1405 866 1471; x_wconf 91' lang='lat' dir='ltr'><strong>ob</strong></span> <span class='ocrx_word' id='word_1_53' title='bbox 912 1424 1067 1490; x_wconf 90' lang='lat' dir='ltr'><strong>quas</strong></span> <span class='ocrx_word' id='word_1_54' title='bbox 1098 1424 1316 1470; x_wconf 78' lang='lat' dir='ltr'><strong>causas</strong></span> <span class='ocrx_word' id='word_1_55' title='bbox 1346 1423 1470 1471; x_wconf 92' lang='lat' dir='ltr'><strong>non</strong></span> <span class='ocrx_word' id='word_1_56' title='bbox 1518 1403 1724 1470; x_wconf 87' lang='lat' dir='ltr'><strong>utitur</strong></span> <span class='ocrx_word' id='word_1_57' title='bbox 1766 1403 1914 1469; x_wconf 79' lang='lat' dir='ltr'><strong>vino</strong></span> <span class='ocrx_word' id='word_1_58' title='bbox 1953 1415 2132 1469; x_wconf 84' lang='lat' dir='ltr'><strong>extra</strong></span> 
     </span>
     <span class='ocr_line' id='line_1_13' title="bbox 543 1491 1224 1561; baseline -0.004 0"><span class='ocrx_word' id='word_1_59' title='bbox 543 1493 761 1561; x_wconf 73' lang='lat' dir='ltr'><strong>Missae</strong></span> <span class='ocrx_word' id='word_1_60' title='bbox 808 1491 1224 1559; x_wconf 83' lang='lat' dir='ltr'><strong>Sacrificium.</strong></span> 
     </span>
    </p>

    <p class='ocr_par' dir='ltr' id='par_1_5' title="bbox 540 1579 2138 2021">
     <span class='ocr_line' id='line_1_14' title="bbox 674 1579 2135 1649; baseline -0.003 0"><span class='ocrx_word' id='word_1_61' title='bbox 674 1581 1116 1649; x_wconf 82' lang='lat' dir='ltr'><strong>Sanctissimus</strong></span> <span class='ocrx_word' id='word_1_62' title='bbox 1137 1579 1439 1647; x_wconf 81' lang='lat' dir='ltr'><strong>Dominus</strong></span> <span class='ocrx_word' id='word_1_63' title='bbox 1464 1582 1693 1647; x_wconf 82' lang='lat' dir='ltr'><strong>Noster</strong></span> <span class='ocrx_word' id='word_1_64' title='bbox 1715 1580 1859 1646; x_wconf 90' lang='lat' dir='ltr'><strong>Pius</strong></span> <span class='ocrx_word' id='word_1_65' title='bbox 1875 1582 1956 1648; x_wconf 80' lang='lat' dir='ltr'><strong>tx</strong></span> <span class='ocrx_word' id='word_1_66' title='bbox 1979 1583 2135 1645; x_wconf 91' lang='lat' dir='ltr'><strong>Pon·</strong></span> 
     </span>
     <span class='ocr_line' id='line_1_15' title="bbox 542 1668 2128 1756; baseline -0.003 -19"><span class='ocrx_word' id='word_1_67' title='bbox 542 1669 705 1743; x_wconf 65' lang='lat' dir='ltr'><strong>tifex</strong></span> <span class='ocrx_word' id='word_1_68' title='bbox 738 1668 1070 1752; x_wconf 72' lang='lat' dir='ltr'><strong>Maximus,</strong></span> <span class='ocrx_word' id='word_1_69' title='bbox 1106 1668 1435 1736; x_wconf 75' lang='lat' dir='ltr'><strong>referente</strong></span> <span class='ocrx_word' id='word_1_70' title='bbox 1465 1668 1825 1756; x_wconf 89' lang='lat' dir='ltr'><strong>subscripto</strong></span> <span class='ocrx_word' id='word_1_71' title='bbox 1857 1671 1923 1735; x_wconf 90' lang='lat' dir='ltr'><strong>S.</strong></span> <span class='ocrx_word' id='word_1_72' title='bbox 1949 1672 2029 1735; x_wconf 85' lang='lat' dir='ltr'><strong>R.</strong></span> <span class='ocrx_word' id='word_1_73' title='bbox 2056 1670 2128 1734; x_wconf 86' lang='lat' dir='ltr'><strong>C.</strong></span> 
     </span>
     <span class='ocr_line' id='line_1_16' title="bbox 542 1756 2135 1857; baseline -0.002 -33"><span class='ocrx_word' id='word_1_74' title='bbox 542 1757 933 1825; x_wconf 83' lang='lat' dir='ltr'><strong>secretario:</strong></span> <span class='ocrx_word' id='word_1_75' title='bbox 968 1778 1006 1821; x_wconf 65' lang='grc' dir='ltr'><em>α</em></span> <span class='ocrx_word' id='word_1_76' title='bbox 1032 1761 1121 1823; x_wconf 88' lang='lat' dir='ltr'><strong>De</strong></span> <span class='ocrx_word' id='word_1_77' title='bbox 1145 1758 1402 1857; x_wconf 85' lang='lat' dir='ltr'><strong>speciali</strong></span> <span class='ocrx_word' id='word_1_78' title='bbox 1438 1757 1634 1845; x_wconf 88' lang='lat' dir='ltr'><strong>gratia</strong></span> <span class='ocrx_word' id='word_1_79' title='bbox 1659 1756 1913 1835; x_wconf 91' lang='lat' dir='ltr'><strong>annuit;</strong></span> <span class='ocrx_word' id='word_1_80' title='bbox 1948 1757 2135 1822; x_wconf 91' lang='lat' dir='ltr'><strong>dum·</strong></span> 
     </span>
     <span class='ocr_line' id='line_1_17' title="bbox 543 1844 2138 1933; baseline -0.003 -20"><span class='ocrx_word' id='word_1_81' title='bbox 543 1847 734 1915; x_wconf 91' lang='lat' dir='ltr'><strong>modo</strong></span> <span class='ocrx_word' id='word_1_82' title='bbox 779 1864 1008 1933; x_wconf 82' lang='lat' dir='ltr'><strong>preces</strong></span> <span class='ocrx_word' id='word_1_83' title='bbox 1054 1845 1308 1912; x_wconf 77' lang='lat' dir='ltr'><strong>veritati</strong></span> <span class='ocrx_word' id='word_1_84' title='bbox 1354 1846 1637 1912; x_wconf 89' lang='lat' dir='ltr'><strong>nitantur</strong></span> <span class='ocrx_word' id='word_1_85' title='bbox 1668 1866 1730 1910; x_wconf 79' lang='lat'><strong>».</strong></span> <span class='ocrx_word' id='word_1_86' title='bbox 1792 1844 2138 1912; x_wconf 75' lang='lat' dir='ltr'><strong>Contrariis</strong></span> 
     </span>
     <span class='ocr_line' id='line_1_18' title="bbox 540 1933 1687 2021; baseline -0.002 -19"><span class='ocrx_word' id='word_1_87' title='bbox 540 1954 669 2002; x_wconf 92' lang='lat' dir='ltr'><strong>non</strong></span> <span class='ocrx_word' id='word_1_88' title='bbox 715 1933 1106 2012; x_wconf 71' lang='lat' dir='ltr'><strong>obstantibus</strong></span> <span class='ocrx_word' id='word_1_89' title='bbox 1153 1933 1687 2021; x_wconf 90' lang='lat' dir='ltr'><strong>quibuscumque.</strong></span> 
     </span>
    </p>

    <p class='ocr_par' dir='ltr' id='par_1_6' title="bbox 678 2022 1371 2089">
     <span class='ocr_line' id='line_1_19' title="bbox 678 2022 1371 2089; baseline -0.003 0"><span class='ocrx_word' id='word_1_90' title='bbox 678 2022 788 2089; x_wconf 90' lang='lat' dir='ltr'><strong>Die</strong></span> <span class='ocrx_word' id='word_1_91' title='bbox 839 2026 878 2088; x_wconf 75' lang='lat'>5</span> <span class='ocrx_word' id='word_1_92' title='bbox 923 2022 1124 2089; x_wconf 76' lang='lat' dir='ltr'><strong>Martii</strong></span> <span class='ocrx_word' id='word_1_93' title='bbox 1180 2025 1371 2089; x_wconf 73' lang='lat'><strong>1847.</strong></span> 
     </span>
    </p>
   </div>
   <div class='ocr_carea' id='block_1_5' title="bbox 547 2166 2134 2252">
    <p class='ocr_par' dir='ltr' id='par_1_7' title="bbox 547 2166 2134 2252">
     <span class='ocr_line' id='line_1_20' title="bbox 547 2166 2134 2252; baseline -0.001 -18"><span class='ocrx_word' id='word_1_94' title='bbox 547 2166 805 2236; x_wconf 81' lang='lat'><strong>2948.</strong></span> <span class='ocrx_word' id='word_1_95' title='bbox 1163 2167 1541 2236; x_wconf 62' lang='lat' dir='ltr'><strong>mrum.</strong></span> <span class='ocrx_word' id='word_1_96' title='bbox 1906 2166 2134 2252; x_wconf 74' lang='lat'>(5097)</span> 
     </span>
    </p>
   </div>
   <div class='ocr_carea' id='block_1_6' title="bbox 484 2289 2158 4927">
    <p class='ocr_par' dir='ltr' id='par_1_8' title="bbox 484 2289 2150 4059">
     <span class='ocr_line' id='line_1_21' title="bbox 677 2289 2135 2377; baseline -0.001 -22"><span class='ocrx_word' id='word_1_97' title='bbox 677 2291 902 2377; x_wconf 89' lang='lat' dir='ltr'><strong>loseph</strong></span> <span class='ocrx_word' id='word_1_98' title='bbox 925 2291 1118 2357; x_wconf 90' lang='lat' dir='ltr'><strong>Teoni</strong></span> <span class='ocrx_word' id='word_1_99' title='bbox 1152 2291 1458 2358; x_wconf 77' lang='lat' dir='ltr'><strong>Sacerdos</strong></span> <span class='ocrx_word' id='word_1_100' title='bbox 1490 2289 1806 2356; x_wconf 87' lang='lat' dir='ltr'><strong>Dioecesis</strong></span> <span class='ocrx_word' id='word_1_101' title='bbox 1837 2290 2135 2356; x_wconf 79' lang='lat' dir='ltr'><strong>Aretinae</strong></span> 
     </span>
     <span class='ocr_line' id='line_1_22' title="bbox 544 2376 2132 2466; baseline -0.003 -19"><span class='ocrx_word' id='word_1_102' title='bbox 544 2377 876 2447; x_wconf 89' lang='lat' dir='ltr'><strong>humiliter</strong></span> <span class='ocrx_word' id='word_1_103' title='bbox 924 2398 1005 2446; x_wconf 81' lang='lat' dir='ltr'><strong>ex</strong></span> <span class='ocrx_word' id='word_1_104' title='bbox 1096 2378 1187 2445; x_wconf 91' lang='lat' dir='ltr'><strong>nit</strong></span> <span class='ocrx_word' id='word_1_105' title='bbox 1231 2376 1347 2444; x_wconf 92' lang='lat' dir='ltr'><strong>sibi</strong></span> <span class='ocrx_word' id='word_1_106' title='bbox 1399 2395 1519 2466; x_wconf 88' lang='lat' dir='ltr'><strong>per</strong></span> <span class='ocrx_word' id='word_1_107' title='bbox 1563 2378 1972 2465; x_wconf 81' lang='lat' dir='ltr'><strong>Rescriptum</strong></span> <span class='ocrx_word' id='word_1_108' title='bbox 2020 2381 2132 2446; x_wconf 89' lang='lat' dir='ltr'><strong>SS.</strong></span> 
     </span>
     <span class='ocr_line' id='line_1_23' title="bbox 544 2465 2139 2534; baseline -0.002 -1"><span class='ocrx_word' id='word_1_109' title='bbox 544 2472 616 2534; x_wconf 92' lang='lat' dir='ltr'><strong>D.</strong></span> <span class='ocrx_word' id='word_1_110' title='bbox 653 2468 731 2533; x_wconf 88' lang='lat' dir='ltr'><strong>N.</strong></span> <span class='ocrx_word' id='word_1_111' title='bbox 765 2467 853 2533; x_wconf 91' lang='lat' dir='ltr'><strong>Pii</strong></span> <span class='ocrx_word' id='word_1_112' title='bbox 885 2470 965 2533; x_wconf 78' lang='lat' dir='ltr'><strong>tx</strong></span> <span class='ocrx_word' id='word_1_113' title='bbox 1046 2470 1105 2534; x_wconf 89' lang='lat' dir='ltr'><strong>&#39;e</strong></span> <span class='ocrx_word' id='word_1_114' title='bbox 1143 2469 1222 2533; x_wconf 91' lang='grc'><strong>18</strong></span> <span class='ocrx_word' id='word_1_115' title='bbox 1259 2466 1630 2532; x_wconf 83' lang='lat' dir='ltr'><strong>Decembris</strong></span> <span class='ocrx_word' id='word_1_116' title='bbox 1664 2469 1831 2532; x_wconf 71' lang='lat'><strong>1846</strong></span> <span class='ocrx_word' id='word_1_117' title='bbox 1879 2465 2139 2533; x_wconf 80' lang='lat' dir='ltr'><strong>faculta-</strong></span> 
     </span>
     <span class='ocr_line' id='line_1_24' title="bbox 543 2553 2142 2623; baseline -0.001 -1"><span class='ocrx_word' id='word_1_118' title='bbox 543 2566 675 2622; x_wconf 87' lang='lat' dir='ltr'><strong>tem</strong></span> <span class='ocrx_word' id='word_1_119' title='bbox 721 2555 948 2623; x_wconf 81' lang='lat' dir='ltr'><strong>factam</strong></span> <span class='ocrx_word' id='word_1_120' title='bbox 988 2556 1184 2623; x_wconf 74' lang='lat' dir='ltr'><strong>fuisse</strong></span> <span class='ocrx_word' id='word_1_121' title='bbox 1232 2554 1477 2620; x_wconf 81' lang='lat' dir='ltr'><strong>Missam</strong></span> <span class='ocrx_word' id='word_1_122' title='bbox 1510 2553 1912 2623; x_wconf 86' lang='lat' dir='ltr'><strong>celebrandi:</strong></span> <span class='ocrx_word' id='word_1_123' title='bbox 1955 2556 2142 2620; x_wconf 68' lang='lat' dir='ltr'><strong>dunt·</strong></span> 
     </span>
     <span class='ocr_line' id='line_1_25' title="bbox 546 2641 2142 2730; baseline 0.001 -21"><span class='ocrx_word' id='word_1_124' title='bbox 546 2644 723 2710; x_wconf 79' lang='lat' dir='ltr'><strong>modo</strong></span> <span class='ocrx_word' id='word_1_125' title='bbox 776 2644 1014 2711; x_wconf 79' lang='lat' dir='ltr'><strong>Orator</strong></span> <span class='ocrx_word' id='word_1_126' title='bbox 1053 2645 1375 2730; x_wconf 80' lang='lat' dir='ltr'><strong>privatim</strong></span> <span class='ocrx_word' id='word_1_127' title='bbox 1406 2641 1660 2707; x_wconf 77' lang='lat' dir='ltr'><strong>celebret</strong></span> <span class='ocrx_word' id='word_1_128' title='bbox 1703 2654 1763 2709; x_wconf 78' lang='lat' dir='ltr'><strong>ct</strong></span> <span class='ocrx_word' id='word_1_129' title='bbox 1796 2661 1947 2709; x_wconf 74' lang='lat' dir='ltr'><strong>cum</strong></span> <span class='ocrx_word' id='word_1_130' title='bbox 1975 2647 2142 2710; x_wconf 81' lang='lat' dir='ltr'><strong>assi·</strong></span> 
     </span>
     <span class='ocr_line' id='line_1_26' title="bbox 544 2730 2141 2800; baseline -0.001 -2"><span class='ocrx_word' id='word_1_131' title='bbox 544 2736 789 2800; x_wconf 73' lang='lat' dir='ltr'><strong>stantia</strong></span> <span class='ocrx_word' id='word_1_132' title='bbox 868 2732 1146 2800; x_wconf 77' lang='lat' dir='ltr'><strong>alterius</strong></span> <span class='ocrx_word' id='word_1_133' title='bbox 1213 2732 1606 2797; x_wconf 75' lang='lat' dir='ltr'><strong>Sacerdotis.</strong></span> <span class='ocrx_word' id='word_1_134' title='bbox 1686 2730 2141 2799; x_wconf 80' lang='lat' dir='ltr'><strong>Huiuscemodi</strong></span> 
     </span>
     <span class='ocr_line' id='line_1_27' title="bbox 548 2818 2140 2906; baseline -0.001 -18"><span class='ocrx_word' id='word_1_135' title='bbox 548 2819 934 2888; x_wconf 90' lang='lat' dir='ltr'><strong>conditionis</strong></span> <span class='ocrx_word' id='word_1_136' title='bbox 988 2821 1275 2888; x_wconf 85' lang='lat' dir='ltr'><strong>adiectae</strong></span> <span class='ocrx_word' id='word_1_137' title='bbox 1339 2818 1496 2884; x_wconf 88' lang='lat' dir='ltr'><strong>ratio</strong></span> <span class='ocrx_word' id='word_1_138' title='bbox 1556 2818 1716 2903; x_wconf 87' lang='lat' dir='ltr'><strong>i&#39;uit,</strong></span> <span class='ocrx_word' id='word_1_139' title='bbox 1763 2819 1933 2906; x_wconf 88' lang='lat' dir='ltr'><strong>quod</strong></span> <span class='ocrx_word' id='word_1_140' title='bbox 1985 2820 2140 2905; x_wconf 87' lang='lat' dir='ltr'><strong>ille,</strong></span> 
     </span>
     <span class='ocr_line' id='line_1_28' title="bbox 547 2906 2143 2998; baseline -0.001 -21"><span class='ocrx_word' id='word_1_141' title='bbox 547 2927 738 2977; x_wconf 87' lang='lat' dir='ltr'><strong>manu</strong></span> <span class='ocrx_word' id='word_1_142' title='bbox 781 2907 1028 2977; x_wconf 87' lang='lat' dir='ltr'><strong>sinistra</strong></span> <span class='ocrx_word' id='word_1_143' title='bbox 1076 2926 1338 2992; x_wconf 88' lang='lat' dir='ltr'><strong>careus,</strong></span> <span class='ocrx_word' id='word_1_144' title='bbox 1388 2906 1571 2975; x_wconf 86' lang='lat' dir='ltr'><strong>aliam</strong></span> <span class='ocrx_word' id='word_1_145' title='bbox 1618 2907 1737 2980; x_wconf 87' lang='lat' dir='ltr'><strong>sibi</strong></span> <span class='ocrx_word' id='word_1_146' title='bbox 1782 2920 2143 2998; x_wconf 84' lang='lat' dir='ltr'><strong>sumpserat</strong></span> 
     </span>
     <span class='ocr_line' id='line_1_29' title="bbox 545 2996 2142 3067; baseline 0 -2"><span class='ocrx_word' id='word_1_147' title='bbox 545 2998 777 3066; x_wconf 79' lang='lat' dir='ltr'><strong>affabre</strong></span> <span class='ocrx_word' id='word_1_148' title='bbox 808 2997 893 3065; x_wconf 86' lang='lat' dir='ltr'><strong>ita</strong></span> <span class='ocrx_word' id='word_1_149' title='bbox 923 2998 1275 3067; x_wconf 76' lang='lat' dir='ltr'><strong>confectam</strong></span> <span class='ocrx_word' id='word_1_150' title='bbox 1329 3009 1398 3063; x_wconf 92' lang='lat' dir='ltr'><strong>ut</strong></span> <span class='ocrx_word' id='word_1_151' title='bbox 1438 2996 1531 3063; x_wconf 91' lang='lat' dir='ltr'><strong>ins</strong></span> <span class='ocrx_word' id='word_1_152' title='bbox 1582 2996 1908 3064; x_wconf 91' lang='lat' dir='ltr'><strong>icientium</strong></span> <span class='ocrx_word' id='word_1_153' title='bbox 1942 2999 2142 3065; x_wconf 85' lang='lat' dir='ltr'><strong>oculis</strong></span> 
     </span>
     <span class='ocr_line' id='line_1_30' title="bbox 545 3086 2142 3172; baseline 0 -19"><span class='ocrx_word' id='word_1_154' title='bbox 545 3089 622 3155; x_wconf 90' lang='lat' dir='ltr'><strong>ab</strong></span> <span class='ocrx_word' id='word_1_155' title='bbox 668 3087 912 3172; x_wconf 75' lang='lat' dir='ltr'><strong>integra</strong></span> <span class='ocrx_word' id='word_1_156' title='bbox 946 3105 1135 3154; x_wconf 89' lang='lat' dir='ltr'><strong>manu</strong></span> <span class='ocrx_word' id='word_1_157' title='bbox 1168 3088 1436 3155; x_wconf 74' lang='lat' dir='ltr'><strong>dextera</strong></span> <span class='ocrx_word' id='word_1_158' title='bbox 1481 3104 1545 3151; x_wconf 78' lang='lat' dir='ltr'><strong>nt</strong></span> <span class='ocrx_word' id='word_1_159' title='bbox 1620 3086 1879 3152; x_wconf 85' lang='lat' dir='ltr'><strong>omnino</strong></span> <span class='ocrx_word' id='word_1_160' title='bbox 1923 3087 2142 3154; x_wconf 79' lang='lat' dir='ltr'><strong>differ·</strong></span> 
     </span>
     <span class='ocr_line' id='line_1_31' title="bbox 484 3174 2144 3261; baseline 0 -19"><span class='ocrx_word' id='word_1_161' title='bbox 484 3205 490 3212; x_wconf 92' lang='lat'><strong>·</strong></span> <span class='ocrx_word' id='word_1_162' title='bbox 549 3185 685 3255; x_wconf 91' lang='lat' dir='ltr'><strong>ret;</strong></span> <span class='ocrx_word' id='word_1_163' title='bbox 733 3195 858 3261; x_wconf 89' lang='lat' dir='ltr'><strong>qua</strong></span> <span class='ocrx_word' id='word_1_164' title='bbox 903 3195 1025 3243; x_wconf 91' lang='lat' dir='ltr'><strong>una</strong></span> <span class='ocrx_word' id='word_1_165' title='bbox 1073 3196 1223 3243; x_wconf 89' lang='lat' dir='ltr'><strong>usus</strong></span> <span class='ocrx_word' id='word_1_166' title='bbox 1268 3192 1491 3261; x_wconf 90' lang='lat' dir='ltr'><strong>parem</strong></span> <span class='ocrx_word' id='word_1_167' title='bbox 1538 3192 1607 3240; x_wconf 87' lang='lat' dir='ltr'><strong>se</strong></span> <span class='ocrx_word' id='word_1_168' title='bbox 1656 3174 1943 3242; x_wconf 85' lang='lat' dir='ltr'><strong>reddidit</strong></span> <span class='ocrx_word' id='word_1_169' title='bbox 1988 3195 2144 3242; x_wconf 89' lang='lat' dir='ltr'><strong>cun-</strong></span> 
     </span>
     <span class='ocr_line' id='line_1_32' title="bbox 547 3262 2148 3351; baseline -0.001 -21"><span class='ocrx_word' id='word_1_170' title='bbox 547 3264 666 3331; x_wconf 93' lang='lat' dir='ltr'><strong>ctis</strong></span> <span class='ocrx_word' id='word_1_171' title='bbox 706 3273 845 3330; x_wconf 85' lang='lat' dir='ltr'><strong>tuto</strong></span> <span class='ocrx_word' id='word_1_172' title='bbox 877 3284 947 3330; x_wconf 90' lang='lat' dir='ltr'><strong>ac</strong></span> <span class='ocrx_word' id='word_1_173' title='bbox 979 3263 1100 3330; x_wconf 86' lang='lat' dir='ltr'><strong>rite</strong></span> <span class='ocrx_word' id='word_1_174' title='bbox 1135 3262 1481 3351; x_wconf 86' lang='lat' dir='ltr'><strong>implendis</strong></span> <span class='ocrx_word' id='word_1_175' title='bbox 1512 3264 1931 3330; x_wconf 89' lang='lat' dir='ltr'><strong>caeremoniis</strong></span> <span class='ocrx_word' id='word_1_176' title='bbox 1964 3283 2148 3351; x_wconf 87' lang='lat' dir='ltr'><strong>prae-</strong></span> 
     </span>
     <span class='ocr_line' id='line_1_33' title="bbox 545 3351 2143 3441; baseline -0.001 -22"><span class='ocrx_word' id='word_1_177' title='bbox 545 3352 841 3440; x_wconf 74' lang='lat' dir='ltr'><strong>scriptis:</strong></span> <span class='ocrx_word' id='word_1_178' title='bbox 891 3353 1094 3419; x_wconf 89' lang='lat' dir='ltr'><strong>hostia</strong></span> <span class='ocrx_word' id='word_1_179' title='bbox 1140 3356 1299 3441; x_wconf 92' lang='lat' dir='ltr'><strong>quip</strong></span> <span class='ocrx_word' id='word_1_180' title='bbox 1349 3372 1384 3418; x_wconf 89' lang='lat' dir='ltr'><strong>e</strong></span> <span class='ocrx_word' id='word_1_181' title='bbox 1430 3363 1611 3419; x_wconf 88' lang='lat' dir='ltr'><strong>antea</strong></span> <span class='ocrx_word' id='word_1_182' title='bbox 1656 3361 1826 3437; x_wconf 88' lang='lat' dir='ltr'><strong>aptat</strong></span> <span class='ocrx_word' id='word_1_183' title='bbox 1873 3362 1945 3418; x_wconf 91' lang='lat' dir='ltr'><strong>ut</strong></span> <span class='ocrx_word' id='word_1_184' title='bbox 1991 3351 2143 3418; x_wconf 89' lang='lat' dir='ltr'><strong>dein</strong></span> 
     </span>
     <span class='ocr_line' id='line_1_34' title="bbox 549 3439 2150 3541; baseline -0.001 -34"><span class='ocrx_word' id='word_1_185' title='bbox 549 3442 732 3508; x_wconf 75' lang='lat' dir='ltr'><strong>facile</strong></span> <span class='ocrx_word' id='word_1_186' title='bbox 780 3441 846 3507; x_wconf 93' lang='lat' dir='ltr'><strong>in</strong></span> <span class='ocrx_word' id='word_1_187' title='bbox 898 3453 1110 3529; x_wconf 88' lang='lat' dir='ltr'><strong>partes</strong></span> <span class='ocrx_word' id='word_1_188' title='bbox 1159 3441 1286 3508; x_wconf 82' lang='lat' dir='ltr'><strong>divi</strong></span> <span class='ocrx_word' id='word_1_189' title='bbox 1342 3440 1358 3506; x_wconf 94' lang='lat' dir='ltr'><strong>i</strong></span> <span class='ocrx_word' id='word_1_190' title='bbox 1400 3439 1625 3541; x_wconf 85' lang='lat' dir='ltr'><strong>possit.</strong></span> <span class='ocrx_word' id='word_1_191' title='bbox 1677 3440 2019 3527; x_wconf 78' lang='lat' dir='ltr'><strong>Expositae</strong></span> <span class='ocrx_word' id='word_1_192' title='bbox 2053 3439 2150 3506; x_wconf 86' lang='lat' dir='ltr'><strong>rei</strong></span> 
     </span>
     <span class='ocr_line' id='line_1_35' title="bbox 545 3528 2147 3597; baseline -0.002 0"><span class='ocrx_word' id='word_1_193' title='bbox 545 3530 886 3597; x_wconf 76' lang='lat' dir='ltr'><strong>veritatem</strong></span> <span class='ocrx_word' id='word_1_194' title='bbox 959 3540 1274 3597; x_wconf 88' lang='lat' dir='ltr'><strong>testantur</strong></span> <span class='ocrx_word' id='word_1_195' title='bbox 1341 3528 1625 3595; x_wconf 83' lang='lat' dir='ltr'><strong>V1carius</strong></span> <span class='ocrx_word' id='word_1_196' title='bbox 1695 3531 2013 3595; x_wconf 82' lang='lat' dir='ltr'><strong>Foraneus</strong></span> <span class='ocrx_word' id='word_1_197' title='bbox 2080 3539 2147 3594; x_wconf 93' lang='lat' dir='ltr'><strong>et</strong></span> 
     </span>
     <span class='ocr_line' id='line_1_36' title="bbox 544 3616 2148 3702; baseline -0.001 -17"><span class='ocrx_word' id='word_1_198' title='bbox 544 3617 750 3685; x_wconf 88' lang='lat' dir='ltr'><strong>ceteri</strong></span> <span class='ocrx_word' id='word_1_199' title='bbox 796 3617 1052 3684; x_wconf 89' lang='lat' dir='ltr'><strong>Parochi</strong></span> <span class='ocrx_word' id='word_1_200' title='bbox 1098 3628 1205 3684; x_wconf 91' lang='lat' dir='ltr'><strong>aut</strong></span> <span class='ocrx_word' id='word_1_201' title='bbox 1251 3617 1627 3686; x_wconf 84' lang='lat' dir='ltr'><strong>Sacerdotes</strong></span> <span class='ocrx_word' id='word_1_202' title='bbox 1683 3617 1793 3702; x_wconf 90' lang='lat' dir='ltr'><strong>qui</strong></span> <span class='ocrx_word' id='word_1_203' title='bbox 1841 3616 2148 3683; x_wconf 86' lang='lat' dir='ltr'><strong>hactenus</strong></span> 
     </span>
     <span class='ocr_line' id='line_1_37' title="bbox 549 3704 2149 3793; baseline 0 -22"><span class='ocrx_word' id='word_1_204' title='bbox 549 3706 644 3772; x_wconf 88' lang='lat' dir='ltr'><strong>illi</strong></span> <span class='ocrx_word' id='word_1_205' title='bbox 676 3705 1023 3772; x_wconf 87' lang='lat' dir='ltr'><strong>celebranti</strong></span> <span class='ocrx_word' id='word_1_206' title='bbox 1055 3706 1478 3790; x_wconf 89' lang='lat' dir='ltr'><strong>adstiterunt;</strong></span> <span class='ocrx_word' id='word_1_207' title='bbox 1515 3724 1634 3771; x_wconf 88' lang='lat' dir='ltr'><strong>nec</strong></span> <span class='ocrx_word' id='word_1_208' title='bbox 1668 3724 1796 3771; x_wconf 91' lang='lat' dir='ltr'><strong>non</strong></span> <span class='ocrx_word' id='word_1_209' title='bbox 1831 3704 1966 3790; x_wconf 90' lang='lat' dir='ltr'><strong>ipse</strong></span> <span class='ocrx_word' id='word_1_210' title='bbox 1998 3704 2149 3793; x_wconf 91' lang='lat' dir='ltr'><strong>Epi-</strong></span> 
     </span>
     <span class='ocr_line' id='line_1_38' title="bbox 550 3792 2145 3881; baseline -0.001 -20"><span class='ocrx_word' id='word_1_211' title='bbox 550 3812 782 3881; x_wconf 87' lang='lat' dir='ltr'><strong>scopus</strong></span> <span class='ocrx_word' id='word_1_212' title='bbox 828 3792 1275 3880; x_wconf 85' lang='lat' dir='ltr'><strong>Dioecesanus,</strong></span> <span class='ocrx_word' id='word_1_213' title='bbox 1323 3793 1639 3860; x_wconf 83' lang='lat' dir='ltr'><strong>affirmans</strong></span> <span class='ocrx_word' id='word_1_214' title='bbox 1679 3793 1866 3859; x_wconf 88' lang='lat' dir='ltr'><strong>illum</strong></span> <span class='ocrx_word' id='word_1_215' title='bbox 1899 3793 2145 3860; x_wconf 77' lang='lat' dir='ltr'><strong>Missam</strong></span> 
     </span>
     <span class='ocr_line' id='line_1_39' title="bbox 552 3880 2150 3972; baseline -0.002 -23"><span class='ocrx_word' id='word_1_216' title='bbox 552 3883 633 3949; x_wconf 90' lang='lat' dir='ltr'><strong>ita</strong></span> <span class='ocrx_word' id='word_1_217' title='bbox 703 3881 1090 3949; x_wconf 90' lang='lat' dir='ltr'><strong>celebrando</strong></span> <span class='ocrx_word' id='word_1_218' title='bbox 1159 3881 1319 3949; x_wconf 89' lang='lat' dir='ltr'><strong>nihil</strong></span> <span class='ocrx_word' id='word_1_219' title='bbox 1388 3901 1647 3972; x_wconf 88' lang='lat' dir='ltr'><strong>prorsus</strong></span> <span class='ocrx_word' id='word_1_220' title='bbox 1715 3880 2150 3948; x_wconf 87' lang='lat' dir='ltr'><strong>admirationis</strong></span> 
     </span>
     <span class='ocr_line' id='line_1_40' title="bbox 549 3970 1565 4059; baseline -0.001 -22"><span class='ocrx_word' id='word_1_221' title='bbox 549 3971 997 4059; x_wconf 86' lang='lat' dir='ltr'><strong>praesentibus</strong></span> <span class='ocrx_word' id='word_1_222' title='bbox 1043 3970 1307 4038; x_wconf 90' lang='lat' dir='ltr'><strong>iniicere</strong></span> <span class='ocrx_word' id='word_1_223' title='bbox 1356 3990 1565 4059; x_wconf 86' lang='lat' dir='ltr'><strong>posse.</strong></span> 
     </span>
    </p>

    <p class='ocr_par' dir='ltr' id='par_1_9' title="bbox 549 4058 2157 4839">
     <span class='ocr_line' id='line_1_41' title="bbox 678 4058 2148 4148; baseline -0.001 -21"><span class='ocrx_word' id='word_1_224' title='bbox 678 4059 1104 4139; x_wconf 84' lang='lat' dir='ltr'><strong>Quamobrem</strong></span> <span class='ocrx_word' id='word_1_225' title='bbox 1153 4060 1382 4148; x_wconf 88' lang='lat' dir='ltr'><strong>loseph</strong></span> <span class='ocrx_word' id='word_1_226' title='bbox 1429 4058 1778 4143; x_wconf 85' lang='lat' dir='ltr'><strong>Sacerdos,</strong></span> <span class='ocrx_word' id='word_1_227' title='bbox 1829 4078 1975 4125; x_wconf 92' lang='lat' dir='ltr'><strong>cum</strong></span> <span class='ocrx_word' id='word_1_228' title='bbox 2021 4059 2148 4127; x_wconf 80' lang='lat' dir='ltr'><strong>dif-</strong></span> 
     </span>
     <span class='ocr_line' id='line_1_42' title="bbox 551 4148 2153 4234; baseline -0.001 -19"><span class='ocrx_word' id='word_1_229' title='bbox 551 4148 722 4215; x_wconf 80' lang='lat' dir='ltr'><strong>ficile</strong></span> <span class='ocrx_word' id='word_1_230' title='bbox 753 4148 870 4216; x_wconf 90' lang='lat' dir='ltr'><strong>sibi</strong></span> <span class='ocrx_word' id='word_1_231' title='bbox 902 4150 1127 4216; x_wconf 79' lang='lat' dir='ltr'><strong>evadat</strong></span> <span class='ocrx_word' id='word_1_232' title='bbox 1172 4148 1588 4216; x_wconf 86' lang='lat' dir='ltr'><strong>adsistentem</strong></span> <span class='ocrx_word' id='word_1_233' title='bbox 1618 4165 1881 4234; x_wconf 87' lang='lat' dir='ltr'><strong>semper</strong></span> <span class='ocrx_word' id='word_1_234' title='bbox 1911 4148 2153 4215; x_wconf 87' lang='lat' dir='ltr'><strong>habere</strong></span> 
     </span>
     <span class='ocr_line' id='line_1_43' title="bbox 550 4235 2153 4325; baseline -0.001 -22"><span class='ocrx_word' id='word_1_235' title='bbox 550 4238 888 4325; x_wconf 91' lang='lat' dir='ltr'><strong>proprium</strong></span> <span class='ocrx_word' id='word_1_236' title='bbox 919 4237 1270 4305; x_wconf 88' lang='lat' dir='ltr'><strong>Parocbum</strong></span> <span class='ocrx_word' id='word_1_237' title='bbox 1322 4237 1457 4324; x_wconf 88' lang='lat' dir='ltr'><strong>(qui</strong></span> <span class='ocrx_word' id='word_1_238' title='bbox 1493 4255 1570 4301; x_wconf 85' lang='lat' dir='ltr'><strong>eo</strong></span> <span class='ocrx_word' id='word_1_239' title='bbox 1612 4235 1734 4300; x_wconf 90' lang='lat' dir='ltr'><strong>loci</strong></span> <span class='ocrx_word' id='word_1_240' title='bbox 1783 4236 2007 4303; x_wconf 89' lang='lat' dir='ltr'><strong>unicus</strong></span> <span class='ocrx_word' id='word_1_241' title='bbox 2042 4256 2153 4303; x_wconf 81' lang='lat' dir='ltr'><strong>ex-</strong></span> 
     </span>
     <span class='ocr_line' id='line_1_44' title="bbox 550 4322 2149 4420; baseline -0.002 -29"><span class='ocrx_word' id='word_1_242' title='bbox 550 4336 672 4392; x_wconf 89' lang='lat' dir='ltr'><strong>stat</strong></span> <span class='ocrx_word' id='word_1_243' title='bbox 717 4325 1050 4420; x_wconf 77' lang='lat' dir='ltr'><strong>Sacerdos)</strong></span> <span class='ocrx_word' id='word_1_244' title='bbox 1113 4346 1183 4392; x_wconf 89' lang='lat' dir='ltr'><strong>ac</strong></span> <span class='ocrx_word' id='word_1_245' title='bbox 1231 4326 1496 4413; x_wconf 89' lang='lat' dir='ltr'><strong>insuper</strong></span> <span class='ocrx_word' id='word_1_246' title='bbox 1549 4322 1982 4391; x_wconf 89' lang='lat' dir='ltr'><strong>necessarium</strong></span> <span class='ocrx_word' id='word_1_247' title='bbox 2031 4325 2149 4391; x_wconf 89' lang='lat' dir='ltr'><strong>sibi</strong></span> 
     </span>
     <span class='ocr_line' id='line_1_45' title="bbox 549 4412 2154 4503; baseline -0.001 -24"><span class='ocrx_word' id='word_1_248' title='bbox 549 4414 633 4480; x_wconf 92' lang='lat' dir='ltr'><strong>sit</strong></span> <span class='ocrx_word' id='word_1_249' title='bbox 683 4434 799 4503; x_wconf 88' lang='lat' dir='ltr'><strong>pro</strong></span> <span class='ocrx_word' id='word_1_250' title='bbox 845 4434 956 4481; x_wconf 89' lang='lat' dir='ltr'><strong>sua</strong></span> <span class='ocrx_word' id='word_1_251' title='bbox 1001 4414 1469 4481; x_wconf 85' lang='lat' dir='ltr'><strong>sustentatione</strong></span> <span class='ocrx_word' id='word_1_252' title='bbox 1512 4412 1839 4479; x_wconf 71' lang='lat' dir='ltr'><strong>missarum</strong></span> <span class='ocrx_word' id='word_1_253' title='bbox 1871 4413 2154 4478; x_wconf 89' lang='lat' dir='ltr'><strong>eleemo-</strong></span> 
     </span>
     <span class='ocr_line' id='line_1_46' title="bbox 552 4500 2155 4591; baseline 0.001 -24"><span class='ocrx_word' id='word_1_254' title='bbox 552 4522 735 4590; x_wconf 78' lang='lat' dir='ltr'><strong>synas</strong></span> <span class='ocrx_word' id='word_1_255' title='bbox 780 4521 1176 4591; x_wconf 89' lang='lat' dir='ltr'><strong>comparare,</strong></span> <span class='ocrx_word' id='word_1_256' title='bbox 1212 4502 1450 4569; x_wconf 89' lang='lat' dir='ltr'><strong>iterum</strong></span> <span class='ocrx_word' id='word_1_257' title='bbox 1499 4504 1610 4568; x_wconf 90' lang='lat' dir='ltr'><strong>SS.</strong></span> <span class='ocrx_word' id='word_1_258' title='bbox 1647 4500 1985 4568; x_wconf 89' lang='lat' dir='ltr'><strong>Dominum</strong></span> <span class='ocrx_word' id='word_1_259' title='bbox 2025 4500 2155 4569; x_wconf 91' lang='lat' dir='ltr'><strong>adit</strong></span> 
     </span>
     <span class='ocr_line' id='line_1_47' title="bbox 554 4588 2157 4680; baseline -0.001 -24"><span class='ocrx_word' id='word_1_260' title='bbox 554 4589 903 4680; x_wconf 83' lang='lat' dir='ltr'><strong>implorans</strong></span> <span class='ocrx_word' id='word_1_261' title='bbox 953 4605 1024 4659; x_wconf 93' lang='lat' dir='ltr'><strong>ut</strong></span> <span class='ocrx_word' id='word_1_262' title='bbox 1070 4592 1329 4659; x_wconf 80' lang='lat' dir='ltr'><strong>facultas</strong></span> <span class='ocrx_word' id='word_1_263' title='bbox 1358 4591 1588 4659; x_wconf 91' lang='lat' dir='ltr'><strong>amodo</strong></span> <span class='ocrx_word' id='word_1_264' title='bbox 1622 4588 1729 4656; x_wconf 82' lang='lat' dir='ltr'><strong>fiat</strong></span> <span class='ocrx_word' id='word_1_265' title='bbox 1773 4589 2020 4656; x_wconf 73' lang='lat' dir='ltr'><strong>Missam</strong></span> <span class='ocrx_word' id='word_1_266' title='bbox 2052 4609 2157 4655; x_wconf 91' lang='lat' dir='ltr'><strong>ce-</strong></span> 
     </span>
     <span class='ocr_line' id='line_1_48' title="bbox 554 4677 2154 4769; baseline -0.002 -23"><span class='ocrx_word' id='word_1_267' title='bbox 554 4680 844 4748; x_wconf 89' lang='lat' dir='ltr'><strong>lebrandi</strong></span> <span class='ocrx_word' id='word_1_268' title='bbox 912 4681 1103 4749; x_wconf 89' lang='lat' dir='ltr'><strong>etiam</strong></span> <span class='ocrx_word' id='word_1_269' title='bbox 1167 4680 1423 4769; x_wconf 89' lang='lat' dir='ltr'><strong>publice</strong></span> <span class='ocrx_word' id='word_1_270' title='bbox 1483 4699 1552 4746; x_wconf 90' lang='lat' dir='ltr'><strong>ac</strong></span> <span class='ocrx_word' id='word_1_271' title='bbox 1601 4677 1741 4745; x_wconf 89' lang='lat' dir='ltr'><strong>sine</strong></span> <span class='ocrx_word' id='word_1_272' title='bbox 1786 4677 2154 4745; x_wconf 71' lang='lat' dir='ltr'><strong>adsistentis</strong></span> 
     </span>
     <span class='ocr_line' id='line_1_49' title="bbox 553 4769 1253 4839; baseline 0.006 -6"><span class='ocrx_word' id='word_1_273' title='bbox 553 4769 819 4836; x_wconf 88' lang='lat' dir='ltr'><strong>alterius</strong></span> <span class='ocrx_word' id='word_1_274' title='bbox 865 4772 1253 4839; x_wconf 78' lang='lat' dir='ltr'><strong>SacerdotiS.</strong></span> 
     </span>
    </p>

    <p class='ocr_par' dir='ltr' id='par_1_10' title="bbox 687 4857 2158 4927">
     <span class='ocr_line' id='line_1_50' title="bbox 687 4857 2158 4927; baseline -0.001 -3"><span class='ocrx_word' id='word_1_275' title='bbox 687 4862 765 4924; x_wconf 91' lang='lat' dir='ltr'><strong>Et</strong></span> <span class='ocrx_word' id='word_1_276' title='bbox 811 4859 1256 4927; x_wconf 86' lang='lat' dir='ltr'><strong>Sanctissimus</strong></span> <span class='ocrx_word' id='word_1_277' title='bbox 1286 4857 1594 4926; x_wconf 88' lang='lat' dir='ltr'><strong>Dominus</strong></span> <span class='ocrx_word' id='word_1_278' title='bbox 1623 4860 1855 4925; x_wconf 81' lang='lat' dir='ltr'><strong>Noster</strong></span> <span class='ocrx_word' id='word_1_279' title='bbox 1899 4857 2044 4924; x_wconf 90' lang='lat' dir='ltr'><strong>Pius</strong></span> <span class='ocrx_word' id='word_1_280' title='bbox 2075 4858 2158 4923; x_wconf 82' lang='lat' dir='ltr'><strong>IX</strong></span> 
     </span>
    </p>
   </div>
   <div class='ocr_carea' id='block_1_7' title="bbox 544 430 2128 517">
    <p class='ocr_par' dir='ltr' id='par_1_11' title="bbox 544 430 2128 517">
     <span class='ocr_line' id='line_1_51' title="bbox 544 430 2128 517; baseline -0.002 -15"><span class='ocrx_word' id='word_1_281' title='bbox 544 433 796 503; x_wconf 77' lang='lat'><strong>294⁷.</strong></span> <span class='ocrx_word' id='word_1_282' title='bbox 1899 430 2128 517; x_wconf 70' lang='lat' dir='ltr'><strong>(scos)</strong></span> 
     </span>
    </p>
   </div>
   <div class='ocr_carea' id='block_1_8' title="bbox 552 4945 2162 5213">
    <p class='ocr_par' dir='ltr' id='par_1_12' title="bbox 552 4945 2162 5213">
     <span class='ocr_line' id='line_1_52' title="bbox 554 4945 2152 5034; baseline -0.001 -24"><span class='ocrx_word' id='word_1_283' title='bbox 554 4946 848 5013; x_wconf 77' lang='lat' dir='ltr'><strong>Pontifex</strong></span> <span class='ocrx_word' id='word_1_284' title='bbox 880 4948 1214 5032; x_wconf 72' lang='lat' dir='ltr'><strong>Maximus,</strong></span> <span class='ocrx_word' id='word_1_285' title='bbox 1243 4945 1571 5014; x_wconf 82' lang='lat' dir='ltr'><strong>referente</strong></span> <span class='ocrx_word' id='word_1_286' title='bbox 1602 4945 1961 5034; x_wconf 89' lang='lat' dir='ltr'><strong>subscripto</strong></span> <span class='ocrx_word' id='word_1_287' title='bbox 1990 4947 2056 5011; x_wconf 90' lang='lat' dir='ltr'><strong>S.</strong></span> <span class='ocrx_word' id='word_1_288' title='bbox 2079 4949 2152 5011; x_wconf 87' lang='lat' dir='ltr'><strong>R.</strong></span> 
     </span>
     <span class='ocr_line' id='line_1_53' title="bbox 552 5032 2162 5123; baseline 0.001 -23"><span class='ocrx_word' id='word_1_289' title='bbox 552 5035 626 5100; x_wconf 85' lang='lat' dir='ltr'><strong>C.</strong></span> <span class='ocrx_word' id='word_1_290' title='bbox 662 5037 1047 5121; x_wconf 79' lang='lat' dir='ltr'><strong>secretario,</strong></span> <span class='ocrx_word' id='word_1_291' title='bbox 1090 5036 1349 5103; x_wconf 84' lang='lat' dir='ltr'><strong>attentis</strong></span> <span class='ocrx_word' id='word_1_292' title='bbox 1388 5032 1788 5123; x_wconf 85' lang='lat' dir='ltr'><strong>potissimum</strong></span> <span class='ocrx_word' id='word_1_293' title='bbox 1836 5038 2162 5101; x_wconf 80' lang='lat' dir='ltr'><strong>Reveren-</strong></span> 
     </span>
     <span class='ocr_line' id='line_1_54' title="bbox 559 5122 2160 5213; baseline -0.001 -26"><span class='ocrx_word' id='word_1_294' title='bbox 559 5122 803 5190; x_wconf 89' lang='lat' dir='ltr'><strong>dissimi</strong></span> <span class='ocrx_word' id='word_1_295' title='bbox 876 5124 1174 5213; x_wconf 84' lang='lat' dir='ltr'><strong>Episcopi</strong></span> <span class='ocrx_word' id='word_1_296' title='bbox 1243 5123 1502 5190; x_wconf 87' lang='lat' dir='ltr'><strong>Litteris</strong></span> <span class='ocrx_word' id='word_1_297' title='bbox 1571 5122 2160 5191; x_wconf 82' lang='lat' dir='ltr'><strong>commendatitiis:</strong></span> 
     </span>
    </p>
   </div>
   <div class='ocr_carea' id='block_1_9' title="bbox 2229 430 3828 1049">
    <p class='ocr_par' dir='ltr' id='par_1_13' title="bbox 2229 430 3828 941">
     <span class='ocr_line' id='line_1_55' title="bbox 2230 430 3821 500; baseline 0.001 -2"><span class='ocrx_word' id='word_1_298' title='bbox 2230 431 2465 498; x_wconf 90' lang='lat' dir='ltr'><strong>certior</strong></span> <span class='ocrx_word' id='word_1_299' title='bbox 2510 431 2619 498; x_wconf 82' lang='lat' dir='ltr'><strong>liat</strong></span> <span class='ocrx_word' id='word_1_300' title='bbox 2666 431 2881 499; x_wconf 84' lang='lat' dir='ltr'><strong>locum</strong></span> <span class='ocrx_word' id='word_1_301' title='bbox 2925 450 3150 499; x_wconf 81' lang='lat' dir='ltr'><strong>revera</strong></span> <span class='ocrx_word' id='word_1_302' title='bbox 3183 451 3312 499; x_wconf 91' lang='lat' dir='ltr'><strong>non</strong></span> <span class='ocrx_word' id='word_1_303' title='bbox 3345 450 3488 497; x_wconf 85' lang='lat' dir='ltr'><strong>esse</strong></span> <span class='ocrx_word' id='word_1_304' title='bbox 3521 430 3821 500; x_wconf 86' lang='lat' dir='ltr'><strong>indecen-</strong></span> 
     </span>
     <span class='ocr_line' id='line_1_56' title="bbox 2232 518 3821 606; baseline 0.001 -21"><span class='ocrx_word' id='word_1_305' title='bbox 2232 518 2351 586; x_wconf 86' lang='lat' dir='ltr'><strong>tiae</strong></span> <span class='ocrx_word' id='word_1_306' title='bbox 2412 532 2480 587; x_wconf 89' lang='lat' dir='ltr'><strong>et</strong></span> <span class='ocrx_word' id='word_1_307' title='bbox 2538 519 2981 587; x_wconf 80' lang='lat' dir='ltr'><strong>admirationi:</strong></span> <span class='ocrx_word' id='word_1_308' title='bbox 3045 530 3393 606; x_wconf 80' lang='lat' dir='ltr'><strong>caveatque</strong></span> <span class='ocrx_word' id='word_1_309' title='bbox 3463 539 3538 585; x_wconf 86' lang='lat' dir='ltr'><strong>ac</strong></span> <span class='ocrx_word' id='word_1_310' title='bbox 3605 520 3821 587; x_wconf 86' lang='lat' dir='ltr'><strong>stricte</strong></span> 
     </span>
     <span class='ocr_line' id='line_1_57' title="bbox 2229 607 3824 696; baseline 0 -23"><span class='ocrx_word' id='word_1_311' title='bbox 2229 609 2576 696; x_wconf 86' lang='lat' dir='ltr'><strong>praecipiat</strong></span> <span class='ocrx_word' id='word_1_312' title='bbox 2631 620 2702 675; x_wconf 91' lang='lat' dir='ltr'><strong>ut</strong></span> <span class='ocrx_word' id='word_1_313' title='bbox 2747 607 3103 675; x_wconf 88' lang='lat' dir='ltr'><strong>nullimode</strong></span> <span class='ocrx_word' id='word_1_314' title='bbox 3148 610 3640 675; x_wconf 78' lang='lat' dir='ltr'><strong>sacramentales</strong></span> <span class='ocrx_word' id='word_1_315' title='bbox 3683 628 3824 696; x_wconf 90' lang='lat' dir='ltr'><strong>spe·</strong></span> 
     </span>
     <span class='ocr_line' id='line_1_58' title="bbox 2229 695 3825 782; baseline 0.002 -22"><span class='ocrx_word' id='word_1_316' title='bbox 2229 697 2359 764; x_wconf 87' lang='lat' dir='ltr'><strong>cies</strong></span> <span class='ocrx_word' id='word_1_317' title='bbox 2389 717 2537 764; x_wconf 90' lang='lat' dir='ltr'><strong>cum</strong></span> <span class='ocrx_word' id='word_1_318' title='bbox 2574 715 2766 763; x_wconf 86' lang='lat' dir='ltr'><strong>manu</strong></span> <span class='ocrx_word' id='word_1_319' title='bbox 2798 695 3017 764; x_wconf 81' lang='lat' dir='ltr'><strong>fictitia</strong></span> <span class='ocrx_word' id='word_1_320' title='bbox 3051 706 3528 782; x_wconf 82' lang='lat' dir='ltr'><strong>pertractentur</strong></span> <span class='ocrx_word' id='word_1_321' title='bbox 3551 718 3619 763; x_wconf 59' lang='grc' dir='ltr'><strong>ν.</strong></span> <span class='ocrx_word' id='word_1_322' title='bbox 3667 700 3825 764; x_wconf 83' lang='lat' dir='ltr'><strong>Con·</strong></span> 
     </span>
     <span class='ocr_line' id='line_1_59' title="bbox 2232 784 3828 871; baseline 0.001 -21"><span class='ocrx_word' id='word_1_323' title='bbox 2232 786 2436 852; x_wconf 87' lang='lat' dir='ltr'><strong>trariis</strong></span> <span class='ocrx_word' id='word_1_324' title='bbox 2482 786 2998 871; x_wconf 85' lang='lat' dir='ltr'><strong>quibuscumque</strong></span> <span class='ocrx_word' id='word_1_325' title='bbox 3027 784 3520 871; x_wconf 81' lang='lat' dir='ltr'><strong>disponentibus</strong></span> <span class='ocrx_word' id='word_1_326' title='bbox 3564 784 3828 852; x_wconf 87' lang='lat' dir='ltr'><strong>minime</strong></span> 
     </span>
     <span class='ocr_line' id='line_1_60' title="bbox 2231 872 2647 941; baseline -0.005 -2"><span class='ocrx_word' id='word_1_327' title='bbox 2231 872 2647 941; x_wconf 88' lang='lat' dir='ltr'><strong>obstantibus.</strong></span> 
     </span>
    </p>

    <p class='ocr_par' dir='ltr' id='par_1_14' title="bbox 2366 960 3170 1049">
     <span class='ocr_line' id='line_1_61' title="bbox 2366 960 3170 1049; baseline -0.001 -20"><span class='ocrx_word' id='word_1_328' title='bbox 2366 962 2476 1029; x_wconf 77' lang='lat' dir='ltr'><strong>nie</strong></span> <span class='ocrx_word' id='word_1_329' title='bbox 2532 967 2608 1029; x_wconf 82' lang='lat'><strong>13</strong></span> <span class='ocrx_word' id='word_1_330' title='bbox 2654 960 2926 1049; x_wconf 75' lang='lat' dir='ltr'><strong>Augusti</strong></span> <span class='ocrx_word' id='word_1_331' title='bbox 2977 964 3170 1029; x_wconf 73' lang='lat'><strong>1847.</strong></span> 
     </span>
    </p>
   </div>
   <div class='ocr_carea' id='block_1_10' title="bbox 2234 1104 3824 1191">
    <p class='ocr_par' dir='ltr' id='par_1_15' title="bbox 2234 1104 3824 1191">
     <span class='ocr_line' id='line_1_62' title="bbox 2234 1104 3824 1191; baseline -0.001 -18"><span class='ocrx_word' id='word_1_332' title='bbox 2234 1105 2495 1175; x_wconf 79' lang='lat'><strong>2949.</strong></span> <span class='ocrx_word' id='word_1_333' title='bbox 2789 1107 3285 1172; x_wconf 63' lang='lat' dir='ltr'><strong>araneum.</strong></span> <span class='ocrx_word' id='word_1_334' title='bbox 3600 1104 3824 1191; x_wconf 77' lang='lat' dir='ltr'><strong>(soso)</strong></span> 
     </span>
    </p>
   </div>
   <div class='ocr_carea' id='block_1_11' title="bbox 2230 1227 3848 4762">
    <p class='ocr_par' dir='ltr' id='par_1_16' title="bbox 2230 1227 3848 3613">
     <span class='ocr_line' id='line_1_63' title="bbox 2361 1227 3829 1296; baseline -0.001 -1"><span class='ocrx_word' id='word_1_335' title='bbox 2361 1230 2577 1295; x_wconf 90' lang='lat' dir='ltr'><strong>Paucis</strong></span> <span class='ocrx_word' id='word_1_336' title='bbox 2638 1231 2714 1296; x_wconf 84' lang='lat' dir='ltr'><strong>ab</strong></span> <span class='ocrx_word' id='word_1_337' title='bbox 2775 1227 2923 1295; x_wconf 89' lang='lat' dir='ltr'><strong>binc</strong></span> <span class='ocrx_word' id='word_1_338' title='bbox 2985 1228 3164 1295; x_wconf 89' lang='lat' dir='ltr'><strong>annis</strong></span> <span class='ocrx_word' id='word_1_339' title='bbox 3237 1247 3374 1295; x_wconf 91' lang='lat' dir='ltr'><strong>mos</strong></span> <span class='ocrx_word' id='word_1_340' title='bbox 3437 1227 3707 1295; x_wconf 75' lang='lat' dir='ltr'><strong>invaluit</strong></span> <span class='ocrx_word' id='word_1_341' title='bbox 3768 1228 3829 1293; x_wconf 93' lang='lat' dir='ltr'><strong>in</strong></span> 
     </span>
     <span class='ocr_line' id='line_1_64' title="bbox 2232 1315 3835 1401; baseline -0.001 -17"><span class='ocrx_word' id='word_1_342' title='bbox 2232 1318 2448 1384; x_wconf 80' lang='lat' dir='ltr'><strong>Galliis</strong></span> <span class='ocrx_word' id='word_1_343' title='bbox 2497 1319 2654 1384; x_wconf 66' lang='lat' dir='ltr'><strong>telas</strong></span> <span class='ocrx_word' id='word_1_344' title='bbox 2696 1315 2932 1383; x_wconf 82' lang='lat' dir='ltr'><strong>sericas</strong></span> <span class='ocrx_word' id='word_1_345' title='bbox 2975 1315 3210 1382; x_wconf 82' lang='lat' dir='ltr'><strong>vitreas</strong></span> <span class='ocrx_word' id='word_1_346' title='bbox 3257 1316 3556 1401; x_wconf 67' lang='lat' dir='ltr'><strong>texoedi,</strong></span> <span class='ocrx_word' id='word_1_347' title='bbox 3603 1316 3835 1401; x_wconf 82' lang='lat' dir='ltr'><strong>quibus</strong></span> 
     </span>
     <span class='ocr_line' id='line_1_65' title="bbox 2230 1403 3834 1490; baseline -0.001 -18"><span class='ocrx_word' id='word_1_348' title='bbox 2230 1417 2444 1473; x_wconf 82' lang='lat' dir='ltr'><strong>vestes</strong></span> <span class='ocrx_word' id='word_1_349' title='bbox 2468 1404 2934 1472; x_wconf 89' lang='lat' dir='ltr'><strong>ecclesiasticae</strong></span> <span class='ocrx_word' id='word_1_350' title='bbox 2961 1403 3281 1472; x_wconf 84' lang='lat' dir='ltr'><strong>Sacrificio</strong></span> <span class='ocrx_word' id='word_1_351' title='bbox 3315 1405 3534 1472; x_wconf 73' lang='lat' dir='ltr'><strong>Missae</strong></span> <span class='ocrx_word' id='word_1_352' title='bbox 3564 1405 3834 1490; x_wconf 83' lang='lat' dir='ltr'><strong>aliisque</strong></span> 
     </span>
     <span class='ocr_line' id='line_1_66' title="bbox 2233 1490 3836 1562; baseline -0.002 0"><span class='ocrx_word' id='word_1_353' title='bbox 2233 1494 2467 1562; x_wconf 85' lang='lat' dir='ltr'><strong>divinis</strong></span> <span class='ocrx_word' id='word_1_354' title='bbox 2494 1493 2725 1561; x_wconf 85' lang='lat' dir='ltr'><strong>Officiis</strong></span> <span class='ocrx_word' id='word_1_355' title='bbox 2757 1493 3182 1559; x_wconf 77' lang='lat' dir='ltr'><strong>inservientes</strong></span> <span class='ocrx_word' id='word_1_356' title='bbox 3215 1490 3675 1561; x_wconf 81' lang='lat' dir='ltr'><strong>conficiuntur.</strong></span> <span class='ocrx_word' id='word_1_357' title='bbox 3725 1496 3836 1559; x_wconf 83' lang='lat' dir='ltr'><strong>Ea·</strong></span> 
     </span>
     <span class='ocr_line' id='line_1_67' title="bbox 2234 1580 3836 1669; baseline -0.003 -19"><span class='ocrx_word' id='word_1_358' title='bbox 2234 1602 2375 1650; x_wconf 87' lang='lat' dir='ltr'><strong>rum</strong></span> <span class='ocrx_word' id='word_1_359' title='bbox 2427 1594 2679 1649; x_wconf 81' lang='lat' dir='ltr'><strong>textura</strong></span> <span class='ocrx_word' id='word_1_360' title='bbox 2726 1601 2804 1648; x_wconf 86' lang='lat' dir='ltr'><strong>ex</strong></span> <span class='ocrx_word' id='word_1_361' title='bbox 2854 1580 3153 1669; x_wconf 85' lang='lat' dir='ltr'><strong>gossypio</strong></span> <span class='ocrx_word' id='word_1_362' title='bbox 3200 1591 3306 1647; x_wconf 90' lang='lat' dir='ltr'><strong>aut</strong></span> <span class='ocrx_word' id='word_1_363' title='bbox 3345 1581 3535 1648; x_wconf 88' lang='lat' dir='ltr'><strong>simili</strong></span> <span class='ocrx_word' id='word_1_364' title='bbox 3571 1580 3836 1647; x_wconf 83' lang='lat' dir='ltr'><strong>materia</strong></span> 
     </span>
     <span class='ocr_line' id='line_1_68' title="bbox 2231 1669 3836 1759; baseline -0.002 -22"><span class='ocrx_word' id='word_1_365' title='bbox 2231 1671 2434 1737; x_wconf 87' lang='lat' dir='ltr'><strong>solida</strong></span> <span class='ocrx_word' id='word_1_366' title='bbox 2481 1670 2931 1759; x_wconf 86' lang='lat' dir='ltr'><strong>componitur,</strong></span> <span class='ocrx_word' id='word_1_367' title='bbox 2984 1672 3084 1736; x_wconf 90' lang='lat' dir='ltr'><strong>cui</strong></span> <span class='ocrx_word' id='word_1_368' title='bbox 3143 1669 3642 1756; x_wconf 87' lang='lat' dir='ltr'><strong>superimposita</strong></span> <span class='ocrx_word' id='word_1_369' title='bbox 3687 1682 3836 1735; x_wconf 89' lang='lat' dir='ltr'><strong>sunt</strong></span> 
     </span>
     <span class='ocr_line' id='line_1_69' title="bbox 2235 1756 3837 1843; baseline -0.003 -17"><span class='ocrx_word' id='word_1_370' title='bbox 2235 1759 2553 1826; x_wconf 83' lang='lat' dir='ltr'><strong>filamenta</strong></span> <span class='ocrx_word' id='word_1_371' title='bbox 2600 1758 2800 1825; x_wconf 88' lang='lat' dir='ltr'><strong>serica</strong></span> <span class='ocrx_word' id='word_1_372' title='bbox 2847 1772 2912 1824; x_wconf 90' lang='lat' dir='ltr'><strong>et</strong></span> <span class='ocrx_word' id='word_1_373' title='bbox 2957 1756 3186 1841; x_wconf 83' lang='lat' dir='ltr'><strong>vitrea,</strong></span> <span class='ocrx_word' id='word_1_374' title='bbox 3236 1776 3403 1843; x_wconf 89' lang='lat' dir='ltr'><strong>quae</strong></span> <span class='ocrx_word' id='word_1_375' title='bbox 3431 1776 3626 1824; x_wconf 81' lang='lat' dir='ltr'><strong>aurea</strong></span> <span class='ocrx_word' id='word_1_376' title='bbox 3657 1768 3837 1823; x_wconf 88' lang='lat' dir='ltr'><strong>certe</strong></span> 
     </span>
     <span class='ocr_line' id='line_1_70' title="bbox 2234 1845 3838 1916; baseline -0.004 0"><span class='ocrx_word' id='word_1_377' title='bbox 2234 1847 2361 1916; x_wconf 91' lang='lat' dir='ltr'><strong>dici</strong></span> <span class='ocrx_word' id='word_1_378' title='bbox 2409 1848 2702 1915; x_wconf 82' lang='lat' dir='ltr'><strong>valerent</strong></span> <span class='ocrx_word' id='word_1_379' title='bbox 2745 1845 2799 1913; x_wconf 92' lang='lat' dir='ltr'><strong>si</strong></span> <span class='ocrx_word' id='word_1_380' title='bbox 2848 1866 2929 1912; x_wconf 76' lang='lat' dir='ltr'><strong>ex</strong></span> <span class='ocrx_word' id='word_1_381' title='bbox 2968 1846 3135 1911; x_wconf 81' lang='lat' dir='ltr'><strong>vitro</strong></span> <span class='ocrx_word' id='word_1_382' title='bbox 3183 1846 3297 1912; x_wconf 75' lang='lat' dir='ltr'><strong>lux</strong></span> <span class='ocrx_word' id='word_1_383' title='bbox 3329 1865 3484 1912; x_wconf 89' lang='lat' dir='ltr'><strong>auro</strong></span> <span class='ocrx_word' id='word_1_384' title='bbox 3515 1845 3838 1912; x_wconf 86' lang='lat' dir='ltr'><strong>simillima</strong></span> 
     </span>
     <span class='ocr_line' id='line_1_71' title="bbox 2235 1933 3838 2023; baseline -0.002 -21"><span class='ocrx_word' id='word_1_385' title='bbox 2235 1935 2504 2023; x_wconf 90' lang='lat' dir='ltr'><strong>produci</strong></span> <span class='ocrx_word' id='word_1_386' title='bbox 2551 1946 2804 2022; x_wconf 80' lang='lat' dir='ltr'><strong>posset3</strong></span> <span class='ocrx_word' id='word_1_387' title='bbox 2872 1936 3113 2002; x_wconf 82' lang='lat' dir='ltr'><strong>vitrum</strong></span> <span class='ocrx_word' id='word_1_388' title='bbox 3168 1933 3342 2001; x_wconf 92' lang='lat' dir='ltr'><strong>enim</strong></span> <span class='ocrx_word' id='word_1_389' title='bbox 3404 1933 3467 1999; x_wconf 90' lang='lat' dir='ltr'><strong>in</strong></span> <span class='ocrx_word' id='word_1_390' title='bbox 3516 1933 3838 2000; x_wconf 80' lang='lat' dir='ltr'><strong>filamenta</strong></span> 
     </span>
     <span class='ocr_line' id='line_1_72' title="bbox 2233 2021 3838 2092; baseline -0.002 -2"><span class='ocrx_word' id='word_1_391' title='bbox 2233 2024 2644 2092; x_wconf 84' lang='lat' dir='ltr'><strong>subtilissima</strong></span> <span class='ocrx_word' id='word_1_392' title='bbox 2703 2025 3034 2092; x_wconf 90' lang='lat' dir='ltr'><strong>redactum</strong></span> <span class='ocrx_word' id='word_1_393' title='bbox 3093 2021 3398 2089; x_wconf 89' lang='lat' dir='ltr'><strong>inseritur</strong></span> <span class='ocrx_word' id='word_1_394' title='bbox 3445 2023 3569 2089; x_wconf 81' lang='lat' dir='ltr'><strong>tilis</strong></span> <span class='ocrx_word' id='word_1_395' title='bbox 3616 2021 3838 2089; x_wconf 84' lang='lat' dir='ltr'><strong>sericis</strong></span> 
     </span>
     <span class='ocr_line' id='line_1_73' title="bbox 2238 2111 3838 2201; baseline -0.003 -21"><span class='ocrx_word' id='word_1_396' title='bbox 2238 2113 2474 2180; x_wconf 89' lang='lat' dir='ltr'><strong>eodem</strong></span> <span class='ocrx_word' id='word_1_397' title='bbox 2532 2113 2739 2179; x_wconf 73' lang='lat' dir='ltr'><strong>ferme</strong></span> <span class='ocrx_word' id='word_1_398' title='bbox 2797 2124 3024 2201; x_wconf 87' lang='lat' dir='ltr'><strong>pacto,</strong></span> <span class='ocrx_word' id='word_1_399' title='bbox 3082 2130 3210 2197; x_wconf 91' lang='lat' dir='ltr'><strong>quo</strong></span> <span class='ocrx_word' id='word_1_400' title='bbox 3271 2111 3592 2178; x_wconf 86' lang='lat' dir='ltr'><strong>filamenta</strong></span> <span class='ocrx_word' id='word_1_401' title='bbox 3647 2122 3838 2177; x_wconf 77' lang='lat' dir='ltr'><strong>‘aurea</strong></span> 
     </span>
     <span class='ocr_line' id='line_1_74' title="bbox 2239 2198 3842 2291; baseline -0.004 -21"><span class='ocrx_word' id='word_1_402' title='bbox 2239 2204 2344 2270; x_wconf 82' lang='lat' dir='ltr'><strong>vel</strong></span> <span class='ocrx_word' id='word_1_403' title='bbox 2393 2212 2695 2291; x_wconf 86' lang='lat' dir='ltr'><strong>argentea</strong></span> <span class='ocrx_word' id='word_1_404' title='bbox 2744 2200 3114 2268; x_wconf 86' lang='lat' dir='ltr'><strong>inseruntur</strong></span> <span class='ocrx_word' id='word_1_405' title='bbox 3161 2198 3306 2266; x_wconf 90' lang='lat' dir='ltr'><strong>telis</strong></span> <span class='ocrx_word' id='word_1_406' title='bbox 3336 2198 3545 2266; x_wconf 88' lang='lat' dir='ltr'><strong>aureis</strong></span> <span class='ocrx_word' id='word_1_407' title='bbox 3591 2200 3704 2264; x_wconf 80' lang='lat' dir='ltr'><strong>vel</strong></span> <span class='ocrx_word' id='word_1_408' title='bbox 3748 2217 3842 2264; x_wconf 87' lang='lat' dir='ltr'><strong>ar·</strong></span> 
     </span>
     <span class='ocr_line' id='line_1_75' title="bbox 2240 2287 3842 2378; baseline -0.003 -20"><span class='ocrx_word' id='word_1_409' title='bbox 2240 2291 2492 2378; x_wconf 83' lang='lat' dir='ltr'><strong>genteis</strong></span> <span class='ocrx_word' id='word_1_410' title='bbox 2537 2289 2956 2377; x_wconf 86' lang='lat' dir='ltr'><strong>nuncupatis;</strong></span> <span class='ocrx_word' id='word_1_411' title='bbox 3022 2287 3125 2354; x_wconf 83' lang='lat' dir='ltr'><strong>vel</strong></span> <span class='ocrx_word' id='word_1_412' title='bbox 3187 2288 3378 2354; x_wconf 83' lang='lat' dir='ltr'><strong>etiam</strong></span> <span class='ocrx_word' id='word_1_413' title='bbox 3436 2288 3517 2355; x_wconf 89' lang='lat' dir='ltr'><strong>ad</strong></span> <span class='ocrx_word' id='word_1_414' title='bbox 3569 2287 3842 2354; x_wconf 85' lang='lat' dir='ltr'><strong>mod-um</strong></span> 
     </span>
     <span class='ocr_line' id='line_1_76' title="bbox 2240 2374 3844 2468; baseline -0.002 -22"><span class='ocrx_word' id='word_1_415' title='bbox 2240 2378 2455 2468; x_wconf 90' lang='lat' dir='ltr'><strong>operis</strong></span> <span class='ocrx_word' id='word_1_416' title='bbox 2500 2379 2759 2466; x_wconf 79' lang='lat' dir='ltr'><strong>phrygii</strong></span> <span class='ocrx_word' id='word_1_417' title='bbox 2806 2376 3236 2463; x_wconf 89' lang='lat' dir='ltr'><strong>disponuntur</strong></span> <span class='ocrx_word' id='word_1_418' title='bbox 3279 2395 3480 2465; x_wconf 89' lang='lat' dir='ltr'><strong>super</strong></span> <span class='ocrx_word' id='word_1_419' title='bbox 3513 2374 3714 2441; x_wconf 86' lang='lat' dir='ltr'><strong>telam</strong></span> <span class='ocrx_word' id='word_1_420' title='bbox 3747 2396 3844 2442; x_wconf 81' lang='lat' dir='ltr'><strong>ea·</strong></span> 
     </span>
     <span class='ocr_line' id='line_1_77' title="bbox 2243 2462 3844 2545; baseline -0.003 -11"><span class='ocrx_word' id='word_1_421' title='bbox 2243 2469 2395 2535; x_wconf 90' lang='lat' dir='ltr'><strong>dem</strong></span> <span class='ocrx_word' id='word_1_422' title='bbox 2444 2467 2789 2534; x_wconf 77' lang='lat' dir='ltr'><strong>litamenta.</strong></span> <span class='ocrx_word' id='word_1_423' title='bbox 2838 2467 3047 2545; x_wconf 84' lang='lat' dir='ltr'><strong>Quum</strong></span> <span class='ocrx_word' id='word_1_424' title='bbox 3078 2477 3292 2531; x_wconf 89' lang='lat' dir='ltr'><strong>autem</strong></span> <span class='ocrx_word' id='word_1_425' title='bbox 3336 2463 3496 2530; x_wconf 80' lang='lat' dir='ltr'><strong>baec</strong></span> <span class='ocrx_word' id='word_1_426' title='bbox 3528 2462 3701 2529; x_wconf 82' lang='lat' dir='ltr'><strong>facili</strong></span> <span class='ocrx_word' id='word_1_427' title='bbox 3737 2483 3844 2531; x_wconf 85' lang='lat' dir='ltr'><strong>ne-</strong></span> 
     </span>
     <span class='ocr_line' id='line_1_78' title="bbox 2242 2551 3848 2644; baseline -0.003 -22"><span class='ocrx_word' id='word_1_428' title='bbox 2242 2556 2418 2644; x_wconf 89' lang='lat' dir='ltr'><strong>gotio</strong></span> <span class='ocrx_word' id='word_1_429' title='bbox 2476 2559 2540 2622; x_wconf 90' lang='lat' dir='ltr'><strong>in</strong></span> <span class='ocrx_word' id='word_1_430' title='bbox 2588 2552 3037 2621; x_wconf 86' lang='lat' dir='ltr'><strong>minutissimas</strong></span> <span class='ocrx_word' id='word_1_431' title='bbox 3080 2562 3297 2639; x_wconf 87' lang='lat' dir='ltr'><strong>partes</strong></span> <span class='ocrx_word' id='word_1_432' title='bbox 3349 2551 3554 2639; x_wconf 80' lang='lat' dir='ltr'><strong>frangi</strong></span> <span class='ocrx_word' id='word_1_433' title='bbox 3599 2553 3848 2636; x_wconf 61' lang='lat' dir='ltr'><strong>pomint</strong></span> 
     </span>
     <span class='ocr_line' id='line_1_79' title="bbox 2243 2639 3846 2729; baseline -0.004 -17"><span class='ocrx_word' id='word_1_434' title='bbox 2243 2656 2310 2712; x_wconf 87' lang='lat' dir='ltr'><strong>et</strong></span> <span class='ocrx_word' id='word_1_435' title='bbox 2356 2643 2567 2713; x_wconf 88' lang='lat' dir='ltr'><strong>delabi</strong></span> <span class='ocrx_word' id='word_1_436' title='bbox 2606 2645 2669 2709; x_wconf 90' lang='lat' dir='ltr'><strong>in</strong></span> <span class='ocrx_word' id='word_1_437' title='bbox 2700 2642 2976 2710; x_wconf 82' lang='lat' dir='ltr'><strong>Calicem</strong></span> <span class='ocrx_word' id='word_1_438' title='bbox 3022 2658 3169 2707; x_wconf 87' lang='lat' dir='ltr'><strong>cum</strong></span> <span class='ocrx_word' id='word_1_439' title='bbox 3204 2639 3514 2729; x_wconf 88' lang='lat' dir='ltr'><strong>probabili</strong></span> <span class='ocrx_word' id='word_1_440' title='bbox 3547 2639 3846 2728; x_wconf 80' lang='lat' dir='ltr'><strong>periculo</strong></span> 
     </span>
     <span class='ocr_line' id='line_1_80' title="bbox 2243 2728 3847 2814; baseline -0.003 -16"><span class='ocrx_word' id='word_1_441' title='bbox 2243 2731 2628 2801; x_wconf 88' lang='lat' dir='ltr'><strong>valetudinis</strong></span> <span class='ocrx_word' id='word_1_442' title='bbox 2677 2729 2848 2798; x_wconf 89' lang='lat' dir='ltr'><strong>illius</strong></span> <span class='ocrx_word' id='word_1_443' title='bbox 2879 2728 3264 2814; x_wconf 85' lang='lat' dir='ltr'><strong>Sacerdotis,</strong></span> <span class='ocrx_word' id='word_1_444' title='bbox 3313 2729 3424 2814; x_wconf 87' lang='lat' dir='ltr'><strong>qui</strong></span> <span class='ocrx_word' id='word_1_445' title='bbox 3472 2728 3582 2794; x_wconf 86' lang='lat' dir='ltr'><strong>bas</strong></span> <span class='ocrx_word' id='word_1_446' title='bbox 3630 2740 3847 2814; x_wconf 83' lang='lat' dir='ltr'><strong>partes</strong></span> 
     </span>
     <span class='ocr_line' id='line_1_81' title="bbox 2243 2815 3846 2904; baseline -0.004 -15"><span class='ocrx_word' id='word_1_447' title='bbox 2243 2842 2390 2889; x_wconf 87' lang='lat' dir='ltr'><strong>cum</strong></span> <span class='ocrx_word' id='word_1_448' title='bbox 2441 2825 2582 2889; x_wconf 89' lang='lat' dir='ltr'><strong>lesu</strong></span> <span class='ocrx_word' id='word_1_449' title='bbox 2624 2819 2855 2887; x_wconf 88' lang='lat' dir='ltr'><strong>Christi</strong></span> <span class='ocrx_word' id='word_1_450' title='bbox 2903 2815 3224 2904; x_wconf 74' lang='lat' dir='ltr'><strong>Sanguine</strong></span> <span class='ocrx_word' id='word_1_451' title='bbox 3269 2815 3624 2902; x_wconf 87' lang='lat' dir='ltr'><strong>deglutiat;</strong></span> <span class='ocrx_word' id='word_1_452' title='bbox 3675 2815 3846 2883; x_wconf 85' lang='lat' dir='ltr'><strong>Emi-</strong></span> 
     </span>
     <span class='ocr_line' id='line_1_82' title="bbox 2244 2904 3847 2979; baseline -0.005 0"><span class='ocrx_word' id='word_1_453' title='bbox 2244 2909 2654 2979; x_wconf 88' lang='lat' dir='ltr'><strong>nentissimus</strong></span> <span class='ocrx_word' id='word_1_454' title='bbox 2729 2920 2795 2978; x_wconf 88' lang='lat' dir='ltr'><strong>et</strong></span> <span class='ocrx_word' id='word_1_455' title='bbox 2871 2904 3465 2975; x_wconf 78' lang='lat' dir='ltr'><strong>Reverendissimus</strong></span> <span class='ocrx_word' id='word_1_456' title='bbox 3539 2905 3847 2973; x_wconf 86' lang='lat' dir='ltr'><strong>Dominus</strong></span> 
     </span>
     <span class='ocr_line' id='line_1_83' title="bbox 2247 2993 3846 3084; baseline -0.005 -17"><span class='ocrx_word' id='word_1_457' title='bbox 2247 2997 2595 3068; x_wconf 79' lang='lat' dir='ltr'><strong>cardinalis</strong></span> <span class='ocrx_word' id='word_1_458' title='bbox 2641 3001 2824 3084; x_wconf 84' lang='lat' dir='ltr'><strong>Hugo</strong></span> <span class='ocrx_word' id='word_1_459' title='bbox 2870 2996 3187 3062; x_wconf 84' lang='lat' dir='ltr'><strong>Robertus</strong></span> <span class='ocrx_word' id='word_1_460' title='bbox 3232 2999 3324 3061; x_wconf 90' lang='lat' dir='ltr'><strong>De</strong></span> <span class='ocrx_word' id='word_1_461' title='bbox 3364 2993 3418 3059; x_wconf 87' lang='lat' dir='ltr'><strong>ia</strong></span> <span class='ocrx_word' id='word_1_462' title='bbox 3450 2998 3622 3060; x_wconf 90' lang='lat' dir='ltr'><strong>Tour</strong></span> <span class='ocrx_word' id='word_1_463' title='bbox 3653 2994 3846 3060; x_wconf 80' lang='lat' dir='ltr'><strong>d’Au·</strong></span> 
     </span>
     <span class='ocr_line' id='line_1_84' title="bbox 2246 3081 3846 3173; baseline -0.004 -21"><span class='ocrx_word' id='word_1_464' title='bbox 2246 3104 2492 3173; x_wconf 77' lang='lat' dir='ltr'><strong>vergne</strong></span> <span class='ocrx_word' id='word_1_465' title='bbox 2552 3085 2928 3173; x_wconf 81' lang='lat' dir='ltr'><strong>Lauraguais</strong></span> <span class='ocrx_word' id='word_1_466' title='bbox 2997 3083 3348 3170; x_wconf 85' lang='lat' dir='ltr'><strong>Episcopus</strong></span> <span class='ocrx_word' id='word_1_467' title='bbox 3413 3081 3846 3148; x_wconf 80' lang='lat' dir='ltr'><strong>Atrebatensis</strong></span> 
     </span>
     <span class='ocr_line' id='line_1_85' title="bbox 2248 3170 3846 3259; baseline -0.005 -17"><span class='ocrx_word' id='word_1_468' title='bbox 2248 3180 2473 3250; x_wconf 81' lang='lat' dir='ltr'><strong>Sacrae</strong></span> <span class='ocrx_word' id='word_1_469' title='bbox 2519 3174 2778 3241; x_wconf 84' lang='lat' dir='ltr'><strong>Rituum</strong></span> <span class='ocrx_word' id='word_1_470' title='bbox 2810 3170 3302 3259; x_wconf 73' lang='lat' dir='ltr'><strong>congregationi</strong></span> <span class='ocrx_word' id='word_1_471' title='bbox 3349 3170 3724 3237; x_wconf 84' lang='lat' dir='ltr'><strong>humillime</strong></span> <span class='ocrx_word' id='word_1_472' title='bbox 3753 3190 3846 3234; x_wconf 83' lang='lat' dir='ltr'><strong>se·</strong></span> 
     </span>
     <span class='ocr_line' id='line_1_86' title="bbox 2247 3257 3845 3351; baseline -0.005 -20"><span class='ocrx_word' id='word_1_473' title='bbox 2247 3283 2453 3351; x_wconf 88' lang='lat' dir='ltr'><strong>quens</strong></span> <span class='ocrx_word' id='word_1_474' title='bbox 2498 3262 2832 3350; x_wconf 84' lang='lat' dir='ltr'><strong>proposuit</strong></span> <span class='ocrx_word' id='word_1_475' title='bbox 2863 3260 3132 3329; x_wconf 88' lang='lat' dir='ltr'><strong>dubium</strong></span> <span class='ocrx_word' id='word_1_476' title='bbox 3179 3259 3625 3342; x_wconf 79' lang='lat' dir='ltr'><strong>enodandum3</strong></span> <span class='ocrx_word' id='word_1_477' title='bbox 3660 3257 3845 3325; x_wconf 87' lang='lat' dir='ltr'><strong>nimi-</strong></span> 
     </span>
     <span class='ocr_line' id='line_1_87' title="bbox 2252 3345 3845 3420; baseline -0.006 0"><span class='ocrx_word' id='word_1_478' title='bbox 2252 3371 2434 3420; x_wconf 87' lang='lat' dir='ltr'><strong>rum:</strong></span> <span class='ocrx_word' id='word_1_479' title='bbox 2484 3357 2581 3418; x_wconf 76' lang='lat' dir='ltr'><strong>An</strong></span> <span class='ocrx_word' id='word_1_480' title='bbox 2617 3350 2866 3417; x_wconf 88' lang='lat' dir='ltr'><strong>licitum</strong></span> <span class='ocrx_word' id='word_1_481' title='bbox 2898 3351 2981 3415; x_wconf 86' lang='lat' dir='ltr'><strong>sit</strong></span> <span class='ocrx_word' id='word_1_482' title='bbox 3011 3347 3090 3414; x_wconf 87' lang='lat' dir='ltr'><strong>ad</strong></span> <span class='ocrx_word' id='word_1_483' title='bbox 3122 3345 3571 3414; x_wconf 86' lang='lat' dir='ltr'><strong>celebrandam</strong></span> <span class='ocrx_word' id='word_1_484' title='bbox 3601 3348 3845 3413; x_wconf 64' lang='lat' dir='ltr'><strong>Missam</strong></span> 
     </span>
     <span class='ocr_line' id='line_1_88' title="bbox 2251 3434 3848 3524; baseline -0.007 -16"><span class='ocrx_word' id='word_1_485' title='bbox 2251 3439 2643 3508; x_wconf 87' lang='lat' dir='ltr'><strong>ornamentis</strong></span> <span class='ocrx_word' id='word_1_486' title='bbox 2687 3439 2830 3522; x_wconf 92' lang='lat' dir='ltr'><strong>uti,</strong></span> <span class='ocrx_word' id='word_1_487' title='bbox 2878 3452 3155 3524; x_wconf 91' lang='lat' dir='ltr'><strong>quorum</strong></span> <span class='ocrx_word' id='word_1_488' title='bbox 3202 3445 3457 3503; x_wconf 76' lang='lat' dir='ltr'><strong>textura</strong></span> <span class='ocrx_word' id='word_1_489' title='bbox 3502 3434 3710 3502; x_wconf 83' lang='lat' dir='ltr'><strong>vitrea</strong></span> <span class='ocrx_word' id='word_1_490' title='bbox 3759 3445 3848 3501; x_wconf 87' lang='lat' dir='ltr'><strong>est</strong></span> 
     </span>
     <span class='ocr_line' id='line_1_89' title="bbox 2253 3521 3164 3613; baseline -0.009 -16"><span class='ocrx_word' id='word_1_491' title='bbox 2253 3530 2448 3597; x_wconf 84' lang='lat' dir='ltr'><strong>mixta</strong></span> <span class='ocrx_word' id='word_1_492' title='bbox 2494 3545 2648 3595; x_wconf 88' lang='lat' dir='ltr'><strong>auro</strong></span> <span class='ocrx_word' id='word_1_493' title='bbox 2694 3526 2800 3593; x_wconf 79' lang='lat' dir='ltr'><strong>vel</strong></span> <span class='ocrx_word' id='word_1_494' title='bbox 2846 3521 3164 3613; x_wconf 72' lang='lat' dir='ltr'><strong>argento?</strong></span> 
     </span>
    </p>

    <p class='ocr_par' dir='ltr' id='par_1_17' title="bbox 2251 3611 3847 4656">
     <span class='ocr_line' id='line_1_90' title="bbox 2385 3611 3843 3712; baseline -0.004 -28"><span class='ocrx_word' id='word_1_495' title='bbox 2385 3622 2463 3684; x_wconf 92' lang='lat' dir='ltr'><strong>Et</strong></span> <span class='ocrx_word' id='word_1_496' title='bbox 2509 3620 2693 3685; x_wconf 88' lang='lat' dir='ltr'><strong>Sacra</strong></span> <span class='ocrx_word' id='word_1_497' title='bbox 2724 3616 2987 3683; x_wconf 85' lang='lat' dir='ltr'><strong>Rituum</strong></span> <span class='ocrx_word' id='word_1_498' title='bbox 3017 3611 3468 3712; x_wconf 79' lang='lat' dir='ltr'><strong>Congregatio,</strong></span> <span class='ocrx_word' id='word_1_499' title='bbox 3517 3613 3594 3679; x_wconf 90' lang='lat' dir='ltr'><strong>ad</strong></span> <span class='ocrx_word' id='word_1_500' title='bbox 3642 3612 3843 3691; x_wconf 86' lang='lat' dir='ltr'><strong>Qniri-</strong></span> 
     </span>
     <span class='ocr_line' id='line_1_91' title="bbox 2251 3699 3846 3791; baseline -0.006 -17"><span class='ocrx_word' id='word_1_501' title='bbox 2251 3709 2427 3774; x_wconf 86' lang='lat' dir='ltr'><strong>nales</strong></span> <span class='ocrx_word' id='word_1_502' title='bbox 2471 3706 2683 3772; x_wconf 79' lang='lat' dir='ltr'><strong>Aedes</strong></span> <span class='ocrx_word' id='word_1_503' title='bbox 2726 3701 3080 3791; x_wconf 90' lang='lat' dir='ltr'><strong>subscripta</strong></span> <span class='ocrx_word' id='word_1_504' title='bbox 3126 3702 3234 3769; x_wconf 82' lang='lat' dir='ltr'><strong>dte</strong></span> <span class='ocrx_word' id='word_1_505' title='bbox 3265 3699 3609 3768; x_wconf 78' lang='lat' dir='ltr'><strong>ordinariis</strong></span> <span class='ocrx_word' id='word_1_506' title='bbox 3640 3701 3706 3766; x_wconf 92' lang='lat' dir='ltr'><strong>in</strong></span> <span class='ocrx_word' id='word_1_507' title='bbox 3738 3704 3846 3767; x_wconf 90' lang='lat' dir='ltr'><strong>Co·</strong></span> 
     </span>
     <span class='ocr_line' id='line_1_92' title="bbox 2251 3788 3846 3875; baseline -0.004 -13"><span class='ocrx_word' id='word_1_508' title='bbox 2251 3794 2445 3862; x_wconf 92' lang='lat' dir='ltr'><strong>mitiis</strong></span> <span class='ocrx_word' id='word_1_509' title='bbox 2492 3793 2881 3875; x_wconf 90' lang='lat' dir='ltr'><strong>coadunata,</strong></span> <span class='ocrx_word' id='word_1_510' title='bbox 2930 3791 3142 3858; x_wconf 88' lang='lat' dir='ltr'><strong>audita</strong></span> <span class='ocrx_word' id='word_1_511' title='bbox 3188 3788 3497 3855; x_wconf 88' lang='lat' dir='ltr'><strong>relatione</strong></span> <span class='ocrx_word' id='word_1_512' title='bbox 3558 3790 3636 3856; x_wconf 88' lang='lat' dir='ltr'><strong>ab</strong></span> <span class='ocrx_word' id='word_1_513' title='bbox 3681 3788 3846 3855; x_wconf 87' lang='lat' dir='ltr'><strong>Emi·</strong></span> 
     </span>
     <span class='ocr_line' id='line_1_93' title="bbox 2255 3876 3845 3950; baseline -0.006 0"><span class='ocrx_word' id='word_1_514' title='bbox 2255 3881 2624 3950; x_wconf 87' lang='lat' dir='ltr'><strong>nentissimo</strong></span> <span class='ocrx_word' id='word_1_515' title='bbox 2671 3891 2736 3945; x_wconf 91' lang='lat' dir='ltr'><strong>et</strong></span> <span class='ocrx_word' id='word_1_516' title='bbox 2784 3876 3337 3947; x_wconf 82' lang='lat' dir='ltr'><strong>Reverendissimo</strong></span> <span class='ocrx_word' id='word_1_517' title='bbox 3386 3877 3652 3944; x_wconf 91' lang='lat' dir='ltr'><strong>Domino</strong></span> <span class='ocrx_word' id='word_1_518' title='bbox 3707 3881 3845 3945; x_wconf 79' lang='lat' dir='ltr'><strong>car·</strong></span> 
     </span>
     <span class='ocr_line' id='line_1_94' title="bbox 2252 3964 3845 4047; baseline -0.006 -8"><span class='ocrx_word' id='word_1_519' title='bbox 2252 3971 2449 4039; x_wconf 90' lang='lat' dir='ltr'><strong>dinali</strong></span> <span class='ocrx_word' id='word_1_520' title='bbox 2481 3969 2883 4038; x_wconf 85' lang='lat' dir='ltr'><strong>Constantino</strong></span> <span class='ocrx_word' id='word_1_521' title='bbox 2916 3966 3140 4033; x_wconf 87' lang='lat' dir='ltr'><strong>Patrizi</strong></span> <span class='ocrx_word' id='word_1_522' title='bbox 3176 3967 3361 4033; x_wconf 86' lang='lat' dir='ltr'><strong>Urbis</strong></span> <span class='ocrx_word' id='word_1_523' title='bbox 3387 3964 3635 4033; x_wconf 85' lang='lat' dir='ltr'><strong>Vicario</strong></span> <span class='ocrx_word' id='word_1_524' title='bbox 3667 3966 3845 4047; x_wconf 75' lang='lat' dir='ltr'><strong>facta,</strong></span> 
     </span>
     <span class='ocr_line' id='line_1_95' title="bbox 2253 4054 3845 4146; baseline -0.006 -21"><span class='ocrx_word' id='word_1_525' title='bbox 2253 4058 2507 4146; x_wconf 87' lang='lat' dir='ltr'><strong>riteque</strong></span> <span class='ocrx_word' id='word_1_526' title='bbox 2567 4055 2982 4124; x_wconf 88' lang='lat' dir='ltr'><strong>consideratis</strong></span> <span class='ocrx_word' id='word_1_527' title='bbox 3047 4056 3119 4121; x_wconf 90' lang='lat' dir='ltr'><strong>iis</strong></span> <span class='ocrx_word' id='word_1_528' title='bbox 3181 4065 3343 4140; x_wconf 89' lang='lat' dir='ltr'><strong>quae</strong></span> <span class='ocrx_word' id='word_1_529' title='bbox 3402 4055 3479 4121; x_wconf 91' lang='lat' dir='ltr'><strong>ab</strong></span> <span class='ocrx_word' id='word_1_530' title='bbox 3532 4054 3845 4139; x_wconf 81' lang='lat' dir='ltr'><strong>exquisito</strong></span> 
     </span>
     <span class='ocr_line' id='line_1_96' title="bbox 2252 4142 3846 4231; baseline -0.006 -18"><span class='ocrx_word' id='word_1_531' title='bbox 2252 4158 2405 4214; x_wconf 83' lang='lat' dir='ltr'><strong>voto</strong></span> <span class='ocrx_word' id='word_1_532' title='bbox 2450 4144 2715 4214; x_wconf 86' lang='lat' dir='ltr'><strong>alterius</strong></span> <span class='ocrx_word' id='word_1_533' title='bbox 2761 4164 2842 4211; x_wconf 82' lang='lat' dir='ltr'><strong>ex</strong></span> <span class='ocrx_word' id='word_1_534' title='bbox 2873 4142 3379 4231; x_wconf 82' lang='lat' dir='ltr'><strong>Apostolicarum</strong></span> <span class='ocrx_word' id='word_1_535' title='bbox 3412 4142 3846 4210; x_wconf 79' lang='lat' dir='ltr'><strong>caeremonia·</strong></span> 
     </span>
     <span class='ocr_line' id='line_1_97' title="bbox 2256 4233 3845 4321; baseline -0.004 -20"><span class='ocrx_word' id='word_1_536' title='bbox 2256 4254 2398 4302; x_wconf 89' lang='lat' dir='ltr'><strong>rum</strong></span> <span class='ocrx_word' id='word_1_537' title='bbox 2447 4233 2754 4320; x_wconf 69' lang='lat' dir='ltr'><strong>Magistris</strong></span> <span class='ocrx_word' id='word_1_538' title='bbox 2796 4236 3021 4321; x_wconf 87' lang='lat' dir='ltr'><strong>praelo</strong></span> <span class='ocrx_word' id='word_1_539' title='bbox 3067 4249 3218 4298; x_wconf 92' lang='lat' dir='ltr'><strong>cuso</strong></span> <span class='ocrx_word' id='word_1_540' title='bbox 3265 4240 3710 4318; x_wconf 84' lang='lat' dir='ltr'><strong>exponuntur,</strong></span> <span class='ocrx_word' id='word_1_541' title='bbox 3756 4248 3845 4295; x_wconf 86' lang='lat' dir='ltr'><strong>re-</strong></span> 
     </span>
     <span class='ocr_line' id='line_1_98' title="bbox 2255 4317 3843 4405; baseline -0.005 -16"><span class='ocrx_word' id='word_1_542' title='bbox 2255 4323 2669 4390; x_wconf 90' lang='lat' dir='ltr'><strong>scribendum</strong></span> <span class='ocrx_word' id='word_1_543' title='bbox 2707 4321 2990 4389; x_wconf 80' lang='lat' dir='ltr'><strong>censuit:</strong></span> <span class='ocrx_word' id='word_1_544' title='bbox 3042 4342 3080 4385; x_wconf 64' lang='grc' dir='ltr'><em>α</em></span> <span class='ocrx_word' id='word_1_545' title='bbox 3113 4324 3184 4385; x_wconf 92' lang='lat' dir='ltr'><strong>ln</strong></span> <span class='ocrx_word' id='word_1_546' title='bbox 3213 4331 3361 4386; x_wconf 83' lang='lat' dir='ltr'><strong>voto</strong></span> <span class='ocrx_word' id='word_1_547' title='bbox 3393 4317 3672 4405; x_wconf 67' lang='lat' dir='ltr'><strong>Magistri</strong></span> <span class='ocrx_word' id='word_1_548' title='bbox 3705 4321 3843 4387; x_wconf 84' lang='lat' dir='ltr'><strong>Cae-</strong></span> 
     </span>
     <span class='ocr_line' id='line_1_99' title="bbox 2260 4406 3844 4493; baseline -0.005 -14"><span class='ocrx_word' id='word_1_549' title='bbox 2260 4411 2689 4479; x_wconf 89' lang='lat' dir='ltr'><strong>remoniarum</strong></span> <span class='ocrx_word' id='word_1_550' title='bbox 2747 4429 2863 4477; x_wconf 88' lang='lat' dir='ltr'><strong>seu</strong></span> <span class='ocrx_word' id='word_1_551' title='bbox 2912 4406 3268 4493; x_wconf 76' lang='lat' dir='ltr'><strong>Negative,</strong></span> <span class='ocrx_word' id='word_1_552' title='bbox 3315 4407 3394 4473; x_wconf 88' lang='lat' dir='ltr'><strong>ad</strong></span> <span class='ocrx_word' id='word_1_553' title='bbox 3449 4407 3844 4493; x_wconf 88' lang='lat' dir='ltr'><strong>propositum</strong></span> 
     </span>
     <span class='ocr_line' id='line_1_100' title="bbox 2257 4492 3847 4587; baseline -0.006 -19"><span class='ocrx_word' id='word_1_554' title='bbox 2257 4500 2559 4580; x_wconf 88' lang='lat' dir='ltr'><strong>dubium;</strong></span> <span class='ocrx_word' id='word_1_555' title='bbox 2595 4511 3068 4587; x_wconf 88' lang='lat' dir='ltr'><strong>proptereaque</strong></span> <span class='ocrx_word' id='word_1_556' title='bbox 3097 4495 3443 4582; x_wconf 87' lang='lat' dir='ltr'><strong>praedictis</strong></span> <span class='ocrx_word' id='word_1_557' title='bbox 3468 4492 3847 4561; x_wconf 88' lang='lat' dir='ltr'><strong>ornamentis</strong></span> 
     </span>
     <span class='ocr_line' id='line_1_101' title="bbox 2260 4589 2938 4656; baseline -0.006 -1"><span class='ocrx_word' id='word_1_558' title='bbox 2260 4589 2355 4655; x_wconf 92' lang='lat' dir='ltr'><strong>uti</strong></span> <span class='ocrx_word' id='word_1_559' title='bbox 2404 4608 2531 4656; x_wconf 92' lang='lat' dir='ltr'><strong>non</strong></span> <span class='ocrx_word' id='word_1_560' title='bbox 2578 4590 2778 4655; x_wconf 90' lang='lat' dir='ltr'><strong>licere</strong></span> <span class='ocrx_word' id='word_1_561' title='bbox 2806 4610 2876 4652; x_wconf 81' lang='lat'><strong>».</strong></span> <span class='ocrx_word' id='word_1_562' title='bbox 2933 4616 2938 4620; x_wconf 87' lang='lat'><strong>·</strong></span> 
     </span>
    </p>

    <p class='ocr_par' dir='ltr' id='par_1_18' title="bbox 2393 4673 3293 4762">
     <span class='ocr_line' id='line_1_102' title="bbox 2393 4673 3293 4762; baseline -0.003 -18"><span class='ocrx_word' id='word_1_563' title='bbox 2393 4678 2505 4745; x_wconf 90' lang='lat' dir='ltr'><strong>Die</strong></span> <span class='ocrx_word' id='word_1_564' title='bbox 2557 4680 2631 4743; x_wconf 90' lang='grc'><strong>11</strong></span> <span class='ocrx_word' id='word_1_565' title='bbox 2667 4673 3062 4762; x_wconf 87' lang='lat' dir='ltr'><strong>Septembris</strong></span> <span class='ocrx_word' id='word_1_566' title='bbox 3101 4677 3293 4741; x_wconf 76' lang='lat'><strong>1847.</strong></span> 
     </span>
    </p>
   </div>
   <div class='ocr_carea' id='block_1_12' title="bbox 2266 4807 3845 4901">
    <p class='ocr_par' dir='ltr' id='par_1_19' title="bbox 2266 4807 3845 4901">
     <span class='ocr_line' id='line_1_103' title="bbox 2266 4807 3845 4901; baseline -0.009 -10"><span class='ocrx_word' id='word_1_567' title='bbox 2266 4820 2530 4890; x_wconf 83' lang='grc'><strong>2959.</strong></span> <span class='ocrx_word' id='word_1_568' title='bbox 2784 4816 3346 4885; x_wconf 71' lang='lat' dir='ltr'><strong>aAvENNATsN.</strong></span> <span class='ocrx_word' id='word_1_569' title='bbox 3629 4807 3845 4901; x_wconf 77' lang='lat'>(5100)</span> 
     </span>
    </p>
   </div>
   <div class='ocr_carea' id='block_1_13' title="bbox 2266 4933 3848 5189">
    <p class='ocr_par' dir='ltr' id='par_1_20' title="bbox 2266 4933 3848 5189">
     <span class='ocr_line' id='line_1_104' title="bbox 2394 4933 3846 5025; baseline -0.008 -14"><span class='ocrx_word' id='word_1_570' title='bbox 2394 4944 2597 5012; x_wconf 89' lang='lat' dir='ltr'><strong>Simul</strong></span> <span class='ocrx_word' id='word_1_571' title='bbox 2647 4962 2717 5010; x_wconf 90' lang='lat' dir='ltr'><strong>ac</strong></span> <span class='ocrx_word' id='word_1_572' title='bbox 2763 4945 2837 5009; x_wconf 80' lang='lat' dir='ltr'><strong>R.</strong></span> <span class='ocrx_word' id='word_1_573' title='bbox 2886 4944 2960 5006; x_wconf 94' lang='lat' dir='ltr'><strong>D.</strong></span> <span class='ocrx_word' id='word_1_574' title='bbox 3002 4942 3265 5007; x_wconf 82' lang='lat' dir='ltr'><strong>Sanctes</strong></span> <span class='ocrx_word' id='word_1_575' title='bbox 3296 4938 3461 5006; x_wconf 78' lang='lat' dir='ltr'><strong>Valli</strong></span> <span class='ocrx_word' id='word_1_576' title='bbox 3493 4933 3846 5025; x_wconf 73' lang='lat' dir='ltr'><strong>Metropoli·</strong></span> 
     </span>
     <span class='ocr_line' id='line_1_105' title="bbox 2268 5023 3848 5113; baseline -0.008 -13"><span class='ocrx_word' id='word_1_577' title='bbox 2268 5047 2449 5100; x_wconf 88' lang='lat' dir='ltr'><strong>tanae</strong></span> <span class='ocrx_word' id='word_1_578' title='bbox 2474 5031 2793 5100; x_wconf 85' lang='lat' dir='ltr'><strong>Ecclesiae</strong></span> <span class='ocrx_word' id='word_1_579' title='bbox 2817 5028 3312 5096; x_wconf 74' lang='lat' dir='ltr'><strong>Ravennatensis</strong></span> <span class='ocrx_word' id='word_1_580' title='bbox 3329 5023 3848 5113; x_wconf 76' lang='lat' dir='ltr'><strong>Archipresbyter</strong></span> 
     </span>
     <span class='ocr_line' id='line_1_106' title="bbox 2266 5115 3848 5189; baseline -0.009 0"><span class='ocrx_word' id='word_1_581' title='bbox 2266 5121 2440 5189; x_wconf 84' lang='lat' dir='ltr'><strong>illius</strong></span> <span class='ocrx_word' id='word_1_582' title='bbox 2485 5120 2814 5188; x_wconf 85' lang='lat' dir='ltr'><strong>Paroeciae</strong></span> <span class='ocrx_word' id='word_1_583' title='bbox 2871 5134 3089 5184; x_wconf 85' lang='lat' dir='ltr'><strong>curam</strong></span> <span class='ocrx_word' id='word_1_584' title='bbox 3151 5115 3499 5182; x_wconf 87' lang='lat' dir='ltr'><strong>animarum</strong></span> <span class='ocrx_word' id='word_1_585' title='bbox 3555 5128 3848 5180; x_wconf 78' lang='lat' dir='ltr'><strong>exercere</strong></span> 
     </span>
    </p>
   </div>
   <div class='ocr_carea' id='block_1_14' title="bbox 555 5200 3846 5404">
    <p class='ocr_par' dir='ltr' id='par_1_21' title="bbox 555 5200 3846 5404">
     <span class='ocr_line' id='line_1_107' title="bbox 555 5200 3846 5302; baseline -0.003 -27"><span class='ocrx_word' id='word_1_586' title='bbox 555 5230 596 5275; x_wconf 64' lang='grc' dir='ltr'>ι</span> <span class='ocrx_word' id='word_1_587' title='bbox 637 5215 726 5277; x_wconf 91' lang='lat' dir='ltr'><strong>De</strong></span> <span class='ocrx_word' id='word_1_588' title='bbox 789 5212 1048 5302; x_wconf 86' lang='lat' dir='ltr'><strong>speciali</strong></span> <span class='ocrx_word' id='word_1_589' title='bbox 1108 5213 1306 5300; x_wconf 87' lang='lat' dir='ltr'><strong>gratia</strong></span> <span class='ocrx_word' id='word_1_590' title='bbox 1367 5212 1648 5300; x_wconf 90' lang='lat' dir='ltr'><strong>benigne</strong></span> <span class='ocrx_word' id='word_1_591' title='bbox 1707 5212 1929 5278; x_wconf 88' lang='lat' dir='ltr'><strong>annuit</strong></span> <span class='ocrx_word' id='word_1_592' title='bbox 1992 5211 2165 5277; x_wconf 83' lang='lat' dir='ltr'><strong>iuxta</strong></span> <span class='ocrx_word' id='word_1_593' title='bbox 2267 5209 2635 5297; x_wconf 87' lang='lat' dir='ltr'><strong>assumpsit,</strong></span> <span class='ocrx_word' id='word_1_594' title='bbox 2684 5207 3086 5295; x_wconf 86' lang='lat' dir='ltr'><strong>quaestiones</strong></span> <span class='ocrx_word' id='word_1_595' title='bbox 3132 5203 3298 5271; x_wconf 81' lang='lat' dir='ltr'><strong>circa</strong></span> <span class='ocrx_word' id='word_1_596' title='bbox 3344 5200 3846 5292; x_wconf 88' lang='lat' dir='ltr'><strong>praecedentiam</strong></span> 
     </span>
     <span class='ocr_line' id='line_1_108' title="bbox 558 5291 3845 5404; baseline -0.005 -37"><span class='ocrx_word' id='word_1_597' title='bbox 558 5317 833 5404; x_wconf 87' lang='lat' dir='ltr'><strong>preces;</strong></span> <span class='ocrx_word' id='word_1_598' title='bbox 901 5302 1252 5369; x_wconf 90' lang='lat' dir='ltr'><strong>dummodo</strong></span> <span class='ocrx_word' id='word_1_599' title='bbox 1314 5310 1529 5367; x_wconf 89' lang='lat' dir='ltr'><strong>tamen</strong></span> <span class='ocrx_word' id='word_1_600' title='bbox 1589 5301 1766 5388; x_wconf 89' lang='lat' dir='ltr'><strong>prius</strong></span> <span class='ocrx_word' id='word_1_601' title='bbox 1811 5299 2167 5387; x_wconf 88' lang='lat' dir='ltr'><strong>Episcopus</strong></span> <span class='ocrx_word' id='word_1_602' title='bbox 2267 5298 2596 5374; x_wconf 82' lang='lat' dir='ltr'><strong>sustinuit;</strong></span> <span class='ocrx_word' id='word_1_603' title='bbox 2621 5307 2814 5382; x_wconf 89' lang='lat' dir='ltr'><strong>atque</strong></span> <span class='ocrx_word' id='word_1_604' title='bbox 2837 5291 3172 5381; x_wconf 80' lang='lat' dir='ltr'><strong>privilegia</strong></span> <span class='ocrx_word' id='word_1_605' title='bbox 3197 5292 3503 5359; x_wconf 82' lang='lat' dir='ltr'><strong>nonnulla</strong></span> <span class='ocrx_word' id='word_1_606' title='bbox 3534 5310 3728 5378; x_wconf 90' lang='lat' dir='ltr'><strong>super</strong></span> <span class='ocrx_word' id='word_1_607' title='bbox 3755 5305 3845 5353; x_wconf 91' lang='lat' dir='ltr'><strong>ce·</strong></span> 
     </span>
    </p>
   </div>
   <div class='ocr_carea' id='block_1_15' title="bbox 563 5386 2161 5481">
    <p class='ocr_par' dir='ltr' id='par_1_22' title="bbox 563 5386 2161 5481">
     <span class='ocr_line' id='line_1_109' title="bbox 563 5386 2161 5481; baseline -0.004 -24"><span class='ocrx_word' id='word_1_608' title='bbox 563 5411 702 5481; x_wconf 76' lang='lat' dir='ltr'><strong>ipse</strong></span> <span class='ocrx_word' id='word_1_609' title='bbox 753 5388 1279 5480; x_wconf 82' lang='lat' dir='ltr'><strong>experimentum</strong></span> <span class='ocrx_word' id='word_1_610' title='bbox 1325 5408 1535 5456; x_wconf 88' lang='lat' dir='ltr'><strong>coram</strong></span> <span class='ocrx_word' id='word_1_611' title='bbox 1563 5407 1635 5456; x_wconf 89' lang='lat' dir='ltr'><strong>se</strong></span> <span class='ocrx_word' id='word_1_612' title='bbox 1674 5386 1985 5471; x_wconf 86' lang='lat' dir='ltr'><strong>instituat,</strong></span> <span class='ocrx_word' id='word_1_613' title='bbox 2033 5405 2161 5472; x_wconf 91' lang='lat' dir='ltr'><strong>quo</strong></span> 
     </span>
    </p>
   </div>
   <div class='ocr_carea' id='block_1_16' title="bbox 2275 5376 3845 5458">
    <p class='ocr_par' dir='ltr' id='par_1_23' title="bbox 2275 5376 3845 5458">
     <span class='ocr_line' id='line_1_110' title="bbox 2275 5376 3845 5458; baseline -0.009 -5"><span class='ocrx_word' id='word_1_614' title='bbox 2275 5398 2449 5453; x_wconf 89' lang='lat' dir='ltr'><strong>teros</strong></span> <span class='ocrx_word' id='word_1_615' title='bbox 2490 5385 2798 5452; x_wconf 85' lang='lat' dir='ltr'><strong>Parochos</strong></span> <span class='ocrx_word' id='word_1_616' title='bbox 2845 5382 3015 5450; x_wconf 88' lang='lat' dir='ltr'><strong>illius</strong></span> <span class='ocrx_word' id='word_1_617' title='bbox 3061 5379 3341 5450; x_wconf 74' lang='lat' dir='ltr'><strong>Civitatis</strong></span> <span class='ocrx_word' id='word_1_618' title='bbox 3385 5379 3503 5447; x_wconf 90' lang='lat' dir='ltr'><strong>sibi</strong></span> <span class='ocrx_word' id='word_1_619' title='bbox 3549 5376 3845 5458; x_wconf 79' lang='lat' dir='ltr'><strong>sumebat,</strong></span> 
     </span>
    </p>
   </div>
  </div>
 </body>
</html>
