4042 5950
1353 260 1475 374 ‘—
1526 314 1683 392 293
1739 358 1843 374 -

139 494 169 535 ι
197 469 617 570 committatur
673 468 1019 571 Episcopo,
1068 481 1140 538 ut
1186 468 1356 538 veris
1406 469 1550 571 ‚exi-
1651 480 1720 537 ut
1750 470 2038 558 singulae
2060 473 2395 540 Parochiae
2428 484 2495 542 et
2527 473 2857 563 publicum
2884 477 3244 546 oratorium
3294 546 3301 565 ,

66 558 290 627 tentibus
331 569 611 643 narratis,
659 556 1084 644 adhibitisque
1144 570 1552 647 praescriptis
1650 578 1838 628 suum
1882 561 2209 643 sortiatur,
2260 561 2323 628 in
2370 580 2498 647 quo
2543 583 2575 629 a
2622 580 2875 630 summo
2931 582 3118 633 mane
3164 565 3243 634 ad

66 647 273 731 actalia,
317 664 429 733 pro
473 665 587 713 suo
646 644 905 714 arbitrio
953 657 1021 714 et
1065 646 1406 733 prudentia
1459 646 1551 713 in·

66 737 253 821 :algeat
297 734 461 799 iuxta
505 750 735 820 preces
766 755 831 799 ι».

140 821 232 890 Die
279 821 789 910 ¹2·Septemhria
836 824 1029 890 1840.

66 962 237 1031 2813.
580 961 945 1027 ARETmA.
1328 962 1552 1049 (aesc)

142 1084 219 1151 Ad
258 1102 476 1169 preces
523 1082 768 1169 losephi
814 1082 1152 1169 cardinali,
1204 1083 1354 1151 civis
1400 1085 1558 1151 Are·

65 1171 152 1253 ini,
205 1169 550 1257 expetentis
610 1169 930 1237 indultum
978 1183 1075 1254 ut,
1132 1191 1212 1237 ex
1266 1171 1556 1239 interiori

66 1264 191 1326 lomo
229 1278 325 1323 sua
372 1258 733 1345 campestri,
780 1258 1030 1344 aperire
1075 1258 1281 1329 valeat
1327 1259 1557 1326 ostium

66 1367 92 1413 u
126 1344 438 1413 Ecclesiam
481 1346 579 1412 sui
624 1345 780 1412 iuris
841 1344 1073 1412 affabre
1132 1357 1557 1414 constructam

66 1454 92 1500 ιι
129 1432 436 1501 Territorio
479 1435 793 1501 Aretino:

140 1525 296 1590 Sacra
318 1521 578 1589 Rituum
600 1521 1050 1609 congregatio,
1075 1521 1402 1590 referente
1422 1522 1565 1589 sub-

67 1611 227 1764 erigito
268 1610 642 1695 Secretario,
694 1609 971 1696 benigne
1016 1608 1330 1676 commisit
1361 1613 1564 1678 Reve-

67 1717 127 1763 en
166 1697 358 1764 issimo
401 1698 665 1764 Aretino
709 1696 1081 1764 ordinario:

142 1806 172 1849 ‹
200 1787 273 1851 Ut
312 1785 480 1852 veris
514 1785 933 1854 existentibus
975 1784 1263 1869 narratis,
1300 1805 1415 1874 pro
1448 1805 1564 1852 suo

67 1872 250 1939 rbitrio
279 1883 343 1939 et
371 1873 741 1960 prudentia,
773 1873 1114 1961 indulgere
1146 1873 1354 1940 valeat
1392 1873 1566 1941 iuxta

67 1959 264 2029 >fatoris
302 1980 556 2061 preces,
589 1960 888 2028 adhibitis
936 1974 1146 2028 tamen
1193 1960 1455 2028 cautelis
1502 1971 1569 2027 et

67 2047 456 2116 :auditionibus
501 2049 794 2116 omnibus
841 2050 923 2119 de
970 2049 1108 2116 iure
1156 2059 1220 2115 et
1258 2048 1405 2115 stilo
1435 2066 1567 2114 ser·

66 2136 216 2203 randis
244 2158 303 2201 ν.
349 2136 695 2204 Contrariis
726 2155 855 2204 non
886 2135 1278 2205 obstantibus
1309 2134 1568 2222 quibus-

66 2242 294 2311 tumque.

141 2312 237 2379 Die
284 2317 359 2381 12
405 2313 803 2400 Septembris
855 2316 1047 2381 1840.

66 2452 244 2523 2814.
607 2454 947 2521 ennean.
1339 2452 1564 2540 (4897)

143 2575 465 2642 Nonnullae
497 2596 607 2643 sua
639 2576 702 2643 in
735 2574 1020 2643 Dioecesi
1057 2575 1571 2643 animadvertens

66 2664 483 2731 bnsuetudines
564 2662 1157 2733 Reverendissimus
1230 2662 1572 2750 Brugensis

66 2747 366 2838 Episcopus,
411 2770 571 2837 quas
616 2763 793 2819 certe
824 2772 854 2815 a
890 2761 1059 2818 recta
1104 2752 1326 2838 regula
1371 2748 1573 2817 defle·

66 2846 186 2902 :tere
224 2839 519 2928 suspicari
551 2851 790 2929 potest,
825 2840 900 2906 ad
935 2857 1189 2906 omnem
1234 2838 1574 2907 dubitatio·

66 2942 164 2990 nem
213 2928 616 2996 avertendam
679 2926 1184 3015 firmandamque
1243 2925 1572 2994 uniformi-

67 3023 223 3096 atem,
246 3016 463 3083 Sacrae
496 3016 757 3085 Rituum
782 3014 1274 3104 congregationi
1303 3034 1574 3100 sequen·

67 3101 108 3198 ia
128 3105 431 3201 proposuit
464 3103 657 3172 dubia
687 3123 806 3193 pro
839 3116 1196 3193 opportuna
1226 3103 1572 3182 solutione3

66 3206 340 3257 nmirum:
411 3197 442 3259 1

154 3282 202 3343 1.
229 3192 528 3349 Saces-dim
553 3279 880 3350 celebrans
912 3280 976 3347 in
998 3279 1282 3347 Oratorio
1313 3278 1573 3366 publico

66 3364 127 3430 rel
153 3366 379 3452 privato
425 3370 598 3456 qued
644 3388 773 3436 non
805 3368 996 3437 habet
1042 3370 1341 3434 Sanctum
1374 3370 1579 3433 Patro-

66 3468 170 3518 mm
219 3457 317 3522 vel
362 3453 751 3541 Titularem,
815 3456 1132 3525 debeatne
1179 3455 1242 3520 in
1286 3454 1579 3522 Oratione

66 3539 88 3603 l
124 3547 355 3610 cunctis
385 3544 464 3611 ad
501 3546 779 3611 litteram
809 3547 883 3611 N.
920 3543 1246 3610 nominare
1277 3545 1578 3610 Sanctum

66 3629 339 3726 latronum
385 3630 493 3699 vel
525 3633 873 3701 'titularem
906 3630 1227 3699 Ecclesiae
1257 3631 1580 3698 Parochia-

66 3715 130 3796 ls,
156 3717 301 3784 intra
346 3721 528 3789 cuius
575 3721 808 3788 limites
848 3722 1040 3787 situm
1074 3728 1171 3785 est
1198 3717 1577 3804 Oratorium,

66 3805 131 3869 tel
170 3808 456 3877 Sanctum
488 3814 825 3878 Patronum
855 3807 1178 3875 Ecclesiae
1220 3808 1318 3875 cui
1351 3807 1582 3875 adscri—

66 3901 167 3990 ptus
205 3905 332 3973 est;
378 3898 485 3964 vel
532 3897 740 3984 potius
773 3912 1030 3962 omnem
1065 3894 1439 3966 ulteriorem
1471 3914 1584 3964 no-

66 3981 419 4051 minationem
466 3982 816 4052 omittere?

155 4074 214 4135 2.
243 4075 585 4140 Decretum
609 4073 674 4140 in
697 4072 1101 4140 mechlinien.
1130 4070 1250 4139 sub
1280 4070 1388 4139 die
1417 4076 1448 4138 1
1477 4075 1588 4139 Se·

66 4158 319 4242 ptembris
369 4163 536 4229 1838
570 4162 633 4228 in
664 4161 1076 4249 responsione
1112 4161 1191 4227 ad
1237 4160 1480 4227 Praxim
1510 4164 1587 4246 ll,

66 4248 381 4328 praescribit
410 4260 482 4317 ut
514 4250 913 4333 Sacerdotes,
948 4248 1109 4316 nulli
1140 4249 1241 4314 vel
1282 4266 1412 4316 non
1441 4268 1591 4316 con-

66 4346 294 4430 secratae
322 4336 642 4405 Ecclesiae
689 4335 1013 4425 adscripti,
1050 4346 1313 4437 propter
1353 4337 1592 4405 unifor-

66 4430 299 4514 qntatem
342 4427 859 4494 Anniversarium
903 4423 1326 4493 Dedicattonis
1375 4424 1596 4492 Eccle-

66 4523 249 4576 siamm
293 4516 623 4581 celebrent
669 4531 815 4581 cum
861 4521 1102 4595 octava,
1152 4523 1223 4578 ut
1269 4513 1333 4580 in
1370 4514 1596 4581 cathe-

66 4592 192 4662 drali
231 4612 293 4667 et
335 4601 402 4670 in
432 4603 703 4669 Civitate
735 4600 1196 4668 mechliniensi.
1239 4602 1444 4679 Quum
1479 4601 1596 4666 hoc

67 4681 355 4756 Decretum
392 4691 686 4759 videatur
714 4690 1117 4758 solummodo
1149 4689 1597 4777 applicandum

66 4771 490 4845 Archidioecesi
535 4775 1000 4859 mechliniensi,
1050 4776 1292 4865 petitur
1337 4788 1406 4844 ut
1450 4797 1600 4864 pro·

67 4869 177 4955 pter
220 4867 504 4934 eamdem
536 4869 849 4935 rationem
885 4867 1074 4933 etiam
1107 4866 1490 4936 extendatur
1520 4866 1596 4932 ad

67 4945 369 5019 Dnoecesim
415 4958 834 5043 Brugensem.

167 5041 224 5103 3.
272 5045 337 5107 Ιιι
381 5042 667 5110 Dioecesi
715 5041 1024 5129 Brugensi
1086 5040 1301 5108 existit
1346 5042 1603 5109 confra-

67 5125 284 5193 temitas
348 5130 729 5199 adorationis
795 5142 1151 5232 perpetuae
1223 5130 1604 5200 Sanctissimi

67 5209 438 5304 Sacramenti,
488 5231 556 5286 et
614 5218 753 5286 dies
797 5238 942 5286 anni
1002 5229 1085 5285 ita
1140 5217 1608 5287 distribuuntur

178 5412 252 5486 (1)
283 5417 343 5475 B.
381 5417 517 5476 Dnb.
560 5416 608 5484 1,
642 5415 692 5485 5,
727 5414 763 5471 ὅ
798 5421 854 5473 et
888 5415 938 5474 7.

1654 666 1987 735 vesperam
2038 649 2420 716 Venerabile
2483 652 2963 720 Sacramentum
3015 664 3242 740 paten-

1658 746 1756 801 ter
1800 735 2146 804 adorationi
2196 736 2487 809 fidelium
2524 736 2605 804 sit
2638 737 3022 823 expositum.
3060 743 3241 808 Nunc

1655 823 2023 908 quaeritur:
2077 828 2169 890 An
2214 823 2533 892 sufficiens
2579 824 2683 891 hic
2732 825 3037 895 habeatur
3083 828 3245 895 ratio

1658 911 1735 978 ad
1783 910 2186 980 indicendam
2232 912 2477 978 Missam
2523 914 2813 980 Votivam
2855 915 2937 981 de
2970 915 3242 983 Sanctis·
3340 971 3353 983 ,

1657 997 1817 1066 simo
1865 1000 2270 1067 Sacramento
2319 1019 2435 1085 pro
2483 1019 2554 1067 re
2599 997 2823 1088 gravi?
2996 1058 3005 1065 .

1791 1091 1872 1153 Et
1917 1089 2103 1154 Sacra
2160 1088 2419 1156 Rituum
2477 1088 2926 1174 congregatio,
2975 1090 3054 1158 ad
3097 1090 3244 1169 Qui-

1662 1173 1893 1241 rinales
1938 1175 2147 1241 Aedes
2194 1175 2544 1263 subscripta
2591 1176 2699 1242 die
2747 1178 3121 1260 coadunata,
3168 1177 3246 1246 ad

1661 1262 2042 1328 relationem
2100 1262 2487 1351 infrascripti
2544 1263 2907 1348 secretarii,
2956 1263 3250 1333 omnihus

1660 1359 1908 1416 mature
1954 1350 2365 1418 consideratis
2412 1350 2664 1438 riteque
2713 1350 2980 1438 libratis,
3015 1352 3245 1419 rescri-

1660 1437 1943 1506 bendum
1990 1437 2288 1505 censuitt

1791 1526 1887 1592 Ad
1942 1530 2005 1593 1.
2052 1546 2091 1591 ‹
2124 1529 2466 1592 Patronum
2512 1524 2793 1593 civitatis
2823 1526 2929 1592 vel
2961 1525 3110 1594 Loci
3138 1547 3250 1594 no·

1662 1613 2037 1681 minandum
2084 1632 2223 1681 esse
2255 1635 2319 1679 ».

1794 1702 1890 1768 Ad
1938 1706 2008 1769 2.
2065 1724 2103 1766 ι
2135 1705 2253 1768 Pro
2302 1700 2520 1786 gratia,
2572 1701 2766 1778 instar
2826 1702 3253 1770 concessionis

1667 1789 1865 1857 iactae
1934 1792 2120 1858 Clero
2188 1788 2628 1858 mechliniensi
2688 1789 2794 1858 die
2862 1793 2892 1856 1
2957 1792 3253 1877 Septem-

1669 1876 1797 1945 bris
1850 1881 2017 1945 1838
2051 1899 2114 1944 ».

1797 1965 1890 2030 Ad
1941 1969 2005 2032 3.
2056 1985 2095 2030 ‹
2128 1964 2477 2051 Negative3
2527 1964 2648 2032 nisi
2685 1965 3144 2053 exponendum
3174 1965 3255 2033 sit

1666 2051 1732 2118 in
1778 2053 1978 2119 iorma
2020 2052 2443 2138 Quadraginta
2487 2056 2793 2119 Horarum
2827 2074 2895 2119 ».

1799 2142 2008 2226 Atque
2042 2140 2126 2205 ita
2154 2139 2485 2228 rescripsit
2515 2160 2582 2207 ac
2613 2140 2855 2207 servari
2896 2140 3251 2228 praecepit.

1671 2225 1784 2293 Die
1823 2231 1899 2294 12
1931 2225 2331 2315 Septembris
2382 2229 2576 2295 1840.
2799 2254 2804 2259 ·

1675 2366 1923 2437 2815.
2209 2367 2717 2434 oenomaum.
3026 2367 3254 2457 (4898)

1801 2487 2391 2557 Reverendissimus
2434 2489 2789 2579 Episcopus
2819 2493 3251 2559 cenomanen.

1674 2566 1740 2644 in
1774 2576 1967 2644 Gallia
1997 2578 2223 2645 Sacrae
2251 2577 2512 2645 Rituum
2543 2577 3034 2666 congregationi
3063 2598 3255 2665 quae-

1671 2666 1818 2734 dam
1865 2664 2231 2731 humillime
2280 2665 2577 2752 exposuit
2621 2665 2837 2750 dubia,
2884 2682 3112 2734 eorum
3157 2687 3259 2734 so·

1673 2753 1988 2821 lutionem
2034 2752 2314 2840 supplex
2359 2751 2747 2840 efflagitans3
2795 2753 3138 2821 nimirum:

1814 2844 1871 2907 1.
1923 2842 2018 2907 An
2078 2840 2273 2928 ipsius
2332 2839 2819 2906 consecrationis
2880 2840 3260 2911 Anniversa-

1676 2929 1843 2998 rium
1874 2927 2258 3016 regulariter
2305 2926 2612 2997 celebrari
2660 2926 2857 3015 possit
2887 2947 2962 2996 eo
2996 2927 3104 2996 die
3133 2947 3261 3016 quo

1677 3017 1918 3100 evenit,
1968 3015 2267 3086 nimirum
2318 3015 2498 3084 Feria
2543 3020 2622 3085 VI
2671 3026 2813 3104 post
2867 3015 3261 3084 Dominicam

1678 3103 2002 3188 Passionis,
2056 3105 2119 3169 in
2163 3120 2286 3188 qua
2332 3108 2588 3172 Festum
2647 3107 2908 3190 Septem
2957 3103 3261 3171 Dolorum

1679 3197 1901 3260 Beatae
1935 3191 2158 3258 Mariae
2190 3192 2467 3278 Virginis
2507 3189 2860 3270 recolitur;
2909 3191 3014 3257 vel
3048 3190 3264 3276 potius

1680 3280 1786 3347 die
1822 3279 2083 3363 mensis,
2117 3297 2240 3364 qua
2271 3277 2658 3346 consecratio
2703 3288 2957 3365 peracta
3005 3277 3179 3345 fuit?

1812 3370 1877 3434 2.
1921 3369 2017 3433 An
2048 3366 2223 3433 Missa
2256 3364 2659 3450 Pontificalis,
2694 3384 2857 3453 quae
2888 3365 3267 3434 solemniter

1685 3465 1832 3521 tunc
1857 3453 2167 3521 celebrari
2192 3454 2358 3523 solet
2381 3454 2448 3521 in
2466 3452 2853 3535 Cathedrali,
2878 3451 3105 3521 debeat
3127 3472 3266 3520 esse

1682 3541 1903 3610 Votiva
1950 3561 2069 3629 pro
2114 3540 2557 3610 Anniversario
2596 3540 3086 3611 consecrationis
3119 3540 3268 3629 Epi·

1683 3629 1896 3721 scopi,
1945 3640 2057 3697 aut
2085 3631 2344 3719 propria
2373 3632 2455 3698 de
2487 3628 2935 3717 Compassione
2966 3626 3269 3716 Deiparae

1685 3736 1834 3786 cum
1900 3718 2326 3785 Anniversarii
2404 3716 2892 3785 consecrationis
2960 3716 3269 3785 memoria

1683 3826 1808 3894 per
1849 3803 2264 3874 Orationem?
2416 3853 2423 3858 -

1818 3899 1881 3964 23.
1931 3892 1995 3961 Si
2043 3893 2165 3961 hoc
2212 3892 2730 3962 Anniversarium
2775 3894 3135 3960 necessario
3168 3912 3273 3961 ce-

1691 3980 1922 4050 lebrari
1947 3981 2182 4049 debeat
2205 3982 2313 4049 die
2333 3983 2474 4049 XXI
2496 3982 2725 4063 Martii,
2751 3999 2877 4067 qua
2898 3979 3005 4048 die
3029 3983 3272 4061 evenit3

1688 4069 1990 4156 quidnam
2028 4068 2353 4156 agendum
2396 4068 2649 4155 quando
2697 4068 2851 4136 haec
2882 4068 3021 4135 dies
3053 4067 3274 4135 incidit

1689 4159 1756 4225 in
1811 4177 2003 4228 unam
2057 4177 2139 4226 ex
2196 4156 2541 4225 Dominicis
2595 4155 3120 4243 Quadragesimae
3170 4155 3277 4222 vel

1695 4247 1758 4313 in
1789 4246 2179 4314 Dominicam
2209 4241 2554 4311 Passionis?
2596 4243 2775 4311 Licet
2804 4260 2887 4309 ne
2916 4244 3276 4311 solemnem

1694 4333 2020 4404 celebrare
2066 4333 2312 4400 Missam
2356 4330 2789 4399 Pontificalem
2834 4333 2919 4397 de
2967 4331 3278 4398 Anniver-

1695 4421 1857 4490 sario
1889 4419 2383 4488 consecrationis
2411 4439 2556 4487 cum
2587 4417 2893 4487 memoria
2916 4418 3276 4485 Dominicae

1701 4531 1816 4599 per
1859 4509 2218 4578 Orationem
2265 4517 2332 4574 et
2376 4507 2675 4576 ultimum
2723 4504 3195 4591 Evangelium‘?

1830 4601 1908 4664 Et
1954 4595 2451 4664 Eminentissimi
2496 4616 2565 4662 ac
2610 4593 3147 4663 Reverendissimi
3176 4597 3283 4660 Pa-

1702 4698 1830 4753 tres
1890 4685 2092 4754 Sacris
2147 4682 2402 4751 tuendis
2462 4682 2707 4751 Ritibus
2765 4700 2921 4770 prae
2969 4680 3144 4766 ositi,
3202 4681 3280 4750 ad

1702 4774 2020 4852 Quirinale
2065 4770 2185 4840 sub
2230 4770 2625 4858 infrascripta
2653 4770 2762 4838 die
2792 4788 2901 4835 coa
2951 4768 3148 4852 unati,
3182 4786 3283 4834 re·

1704 4863 1954 4929 ferente
1998 4859 2384 4942 Secretario,
2434 4857 2957 4945 respondendum
3016 4874 3284 4923 censue·-

1706 4961 1905 5017 runtz

1838 5039 1934 5105 Ad
1983 5041 2043 5104 1.
2096 5057 2134 5099 ‹
2168 5034 2500 5121 Negative,
2546 5034 2626 5101 ad
2671 5032 2938 5122 primam
2982 5042 3280 5118 partem3

1711 5124 2129 5207 Affirmative,
2178 5124 2255 5190 ad
2304 5124 2651 5191 secundam
2682 5142 2745 5187 ».

1844 5216 1942 5283 Ad
1991 5217 2058 5280 2.
2108 5233 2146 5275 ‹
2178 5211 2504 5279 Provisum
2549 5212 2614 5277 in
2655 5208 2866 5296 primo
2902 5230 2968 5275 v.
