4042 5950
1522 267 1990 346 —213—

147 423 497 509 Falzacappa
528 425 838 508 Ponente,
871 423 1359 493 rescribendum
1406 425 1696 493 censuit:

146 533 178 574 ‹
205 510 579 577 Affirmaiive
623 514 832 597 quoad
892 511 1120 579 trinam
1178 512 1696 586 benedictionem

146 610 199 666 et
246 597 441 683 quoad
504 600 813 668 annulum
882 609 1123 668 tantum
1156 624 1220 666 ».
1285 601 1396 667 Die
1453 605 1495 668 ὅ
1540 604 1695 669 Mar-

147 688 203 752 tii
250 689 430 752 1825.

250 778 423 840 Facta
469 786 684 843 autem
732 778 923 844 Ssmo
968 777 1237 850 Domino
1285 778 1512 844 Nostro
1543 783 1696 846 Leo·

144 864 197 930 ni
230 866 331 930 111
373 862 660 931 Pontifici
704 866 975 932 Maximo
1031 865 1376 950 relatione,
1425 865 1695 934 Sanctis·

141 952 310 1019 simus
350 952 594 1019 annuit.
647 953 759 1019 Die
806 957 849 1020 8
894 953 1093 1020 Martii
1147 957 1335 1021 1825.

143 1090 359 1161 2641.
726 1093 1065 1160 Arminii.
1463 1094 1688 1181 (acis)

249 1214 335 1281 Ab
379 1232 542 1280 anno
597 1217 763 1282 1722
810 1233 949 1281 mos
995 1226 1061 1282 et
1106 1235 1259 1283 usus
1303 1214 1573 1283 invaluit
1617 1226 1690 1282 ut

144 1303 194 1368 in
232 1302 731 1370 Processionibus
790 1305 1244 1390 Rogationum,
1302 1302 1691 1372 sanctissimi

142 1389 404 1476 Corporis
426 1390 657 1458 Christi
683 1392 1074 1476 ceterisque,
1108 1411 1270 1478 quae
1303 1391 1379 1457 ab
1409 1390 1692 1458 Ecclesia

141 1482 361 1565 Apuana
420 1488 573 1544 tunc
634 1479 1014 1565 collegiata,
1064 1498 1231 1547 nunc
1279 1479 1339 1546 vi
1387 1478 1689 1567 subroga-

143 1566 296 1631 tionis
336 1565 402 1631 in
444 1567 893 1635 cathedralem
943 1577 1188 1651 evecta,
1240 1567 1685 1650 instituuntur,

140 1654 349 1724 alterna
379 1653 517 1720 vice
552 1655 809 1722 Parochi
841 1659 1109 1723 Crucem
1142 1655 1439 1742 propriae
1467 1658 1689 1721 Paroe·

141 1741 248 1807 ciae
267 1741 541 1824 elevent,
570 1760 763 1828 quam
786 1753 1145 1829 sequuntur
1167 1742 1398 1810 Clerici
1425 1742 1687 1830 Presby-

144 1829 354 1914 terique
398 1830 738 1897 universae
782 1830 1088 1912 Civitatis,
1119 1850 1188 1896 ac
1219 1830 1524 1918 deinceps
1567 1829 1689 1918 ipsi

141 1916 359 1983 Paroclii
386 1919 869 2003 superpelliceo
901 1927 966 1984 et
996 1918 1169 1984 Stola
1201 1918 1441 1985 indutiz
1474 1919 1690 2005 sequi-

142 2014 226 2070 tui·
261 2004 486 2072 deinde
535 2005 934 2074 Cathedralis
979 2009 1149 2072 Crux
1211 2025 1358 2073 cum
1414 2006 1684 2094 Cappel-

140 2091 288 2178 lanis,
329 2092 658 2162 Canonicis
705 2094 1068 2179 ceterisque
1114 2093 1200 2161 de
1245 2098 1492 2161 Mensa:
1541 2095 1686 2161 Cle·

138 2179 227 2246 rici
266 2200 411 2249 vero
456 2181 838 2271 episcopalis
882 2179 1242 2265 Seminarii,
1276 2182 1387 2282 qui
1433 2182 1685 2251 nonnisi

138 2269 197 2335 ab
232 2288 378 2336 anno
430 2273 600 2337 1805
649 2270 1113 2338 institutionem
1158 2270 1363 2338 sortiti
1408 2280 1583 2354 sunt,
1618 2270 1683 2336 in

138 2355 458 2428 huiusmodi
543 2357 1093 2442 processionibus,
1171 2358 1432 2426 nemine
1509 2360 1678 2425 relu-

137 2455 334 2530 ctante,
366 2466 569 2533 usque
605 2447 813 2514 adhuc
859 2447 1115 2531 sequuti
1160 2456 1309 2513 sunt
1353 2445 1681 2513 Ecclesiae

136 2534 481 2602 cathedralis
526 2537 827 2601 Crucem.
877 2537 999 2601 Res
1043 2535 1283 2602 isthaec
1323 2535 1518 2602 modo
1549 2535 1678 2601 visa

137 2632 211 2685 est
247 2623 522 2690 Psi-ochis
565 2622 898 2711 propriam
964 2624 1221 2691 laedere
1273 2622 1675 2711 dignitatem,

134 2707 173 2772 si
210 2721 496 2796 cogantur
550 2711 815 2778 Clericis
875 2710 1236 2799 digniorem
1300 2710 1539 2777 cedere
1588 2712 1678 2777 lo-

135 2814 253 2862 cum
310 2811 495 2885 atque
564 2798 1176 2887 praeeminentiam,
1242 2799 1535 2884 adeoque
1599 2798 1678 2865 ab

136 2885 408 2975 Episcopo
478 2888 810 2977 petierunt
879 2896 949 2953 ut
1017 2899 1083 2954 et
1150 2886 1270 2976 ipsi
1346 2885 1677 2954 Seminarii

138 2974 352 3043 illumui
382 2996 529 3044 cum
562 2977 796 3043 ceteris
840 2975 1119 3042 Civitatis
1151 2975 1414 3045 clericis
1459 2994 1678 3041 conso-

136 3059 438 3131 ciarentur.
486 3064 618 3134 Sed
666 3063 999 3151 postulatis
1029 3063 1326 3149 fraudati,
1361 3084 1394 3128 a
1425 3067 1678 3130 Proces-

134 3150 371 3219 sionibus
414 3154 899 3231 abstinuerunt;
940 3171 1106 3218 unus
1149 3164 1364 3220 autem
1415 3171 1494 3218 ex
1527 3150 1678 3236 ipsis

134 3237 324 3324 adfuit,
358 3253 417 3307 et
451 3241 739 3327 quamvis
771 3240 886 3328 ipsi
922 3259 1049 3315 non
1083 3240 1465 3330 pertineret,
1499 3254 1677 3307 suam

136 3334 308 3393 tamen
337 3328 573 3397 detulit
597 3332 870 3396 Crucem
900 3328 1021 3396 sub
1058 3348 1181 3417 qua
1220 3329 1505 3397 Civitatis
1534 3325 1675 3392 Cle·

137 3431 221 3478 rus
247 3414 563 3485 incederet
587 3440 604 3483 ε
634 3422 1011 3484 ceterorum·
1031 3416 1179 3485 inde
1205 3418 1446 3485 clamor
1479 3424 1546 3481 et
1579 3432 1677 3479 re-

134 3518 320 3569 cursus
346 3507 800 3573 Parochorum.
834 3506 929 3573 Ad
962 3505 1214 3574 vitanda
1246 3504 1454 3592 iurgia
1488 3513 1553 3568 et
1583 3500 1678 3570 in·

136 3587 354 3659 decoras
396 3594 457 3660 in
502 3594 692 3662 Clero
740 3594 1189 3680 dissensiones,
1230 3593 1313 3660 de
1361 3608 1675 3660 consensu

136 3676 625 3755 Reverendissimi
686 3683 986 3770 Episcopi
1049 3693 1111 3748 et
1165 3701 1246 3748 ex
1294 3691 1474 3769 parte
1532 3689 1673 3745 tum

137 3765 363 3853 Capituli
406 3771 796 3839 cathedralis
846 3781 980 3837 tum
1021 3771 1443 3857 ipsorummet
1489 3770 1671 3833 Paro-

137 3852 396 3942 chorum,
451 3862 791 3927 Sacrorum
853 3858 1114 3927 Rituum
1180 3853 1673 3947 Congregationi

137 3946 415 4098 segupntia
471 3946 664 4016 dubia
725 3947 1055 4014 enodanda
1113 3958 1260 4015 sunt
1306 3943 1670 4035 proposita;

140 4047 185 4093 vi
225 4052 254 4097 6
281 4046 442 4101 icett

243 4124 292 4187 1.
336 4128 428 4191 An
469 4125 824 4213 supradicti
870 4123 1166 4209 Parochi‚
1217 4132 1456 4191 attenta
1519 4140 1669 4189 con·

137 4211 426 4280 suetudine
472 4212 870 4297 centenaria,
920 4232 1042 4299 qua
1101 4231 1362 4298 semper
1407 4208 1710 4309 pacifice·

140 4294 211 4359 usi
246 4312 408 4386 sunt,
455 4300 915 4370 manutenendi
980 4302 1104 4368 sint
1159 4300 1226 4367 in
1270 4316 1669 4388 possessione

141 4381 470 4477 dictinum,
521 4400 592 4457 ut
636 4409 827 4477 supra
891 4389 1138 4456 dictum
1193 4399 1320 4472 est,
1373 4385 1669 4454 elevandi

143 4488 191 4533 iii
224 4476 705 4545 Processionibus
750 4480 1023 4546 Crucem
1071 4489 1137 4544 et
1180 4476 1497 4543 vestiendi
1529 4476 1669 4542 Sto·

144 4556 239 4624 lain
267 4562 414 4631 circa
447 4567 687 4635 collum
733 4567 975 4634 virtute
1007 4564 1418 4654 possessionis
1450 4562 1668 4630 huius-

143 4648 303 4732 modi,
346 4664 411 4719 ut
455 4675 488 4720 a
533 4654 784 4741 reliquo
830 4655 1044 4739 Clero‚
1080 4654 1189 4741 qui
1218 4652 1528 4720 Parochos
1559 4652 1671 4718 de-

144 4728 225 4799 bet
262 4742 507 4827 anteire,
558 4739 1089 4830 distinguantur?

242 4828 300 4892 2.
341 4831 596 4918 Utrum,
647 4851 777 4899 non
837 4830 1125 4898 obstante
1183 4850 1297 4899 sex
1358 4847 1667 4896 annorum

146 4906 282 4996 lapsu
309 4927 443 4985 ante
473 4920 806 4988 seminarii
836 4917 1379 5007 suppressionem,
1415 4927 1481 4983 et
1512 4917 1668 4984 duo·

146 5013 253 5065 min
293 5007 386 5072 vel
432 5008 622 5077 trium
671 5009 989 5076 mensium
1035 5018 1179 5095 post
1235 5007 1527 5075 eiusdem
1576 5006 1666 5071 in·

144 5092 559 5189 staurationom,
609 5116 735 5185 quo
783 5097 1012 5166 Clerici
1060 5096 1392 5164 Seminarii
1427 5095 1490 5161 in
1523 5097 1666 5159 Pro·

146 5182 472 5251 cessionibus
514 5190 786 5254 Crucem
830 5186 1103 5274 Capituli
1153 5183 1519 5252 immediate
1565 5202 1661 5249 se·

254 5376 319 5448 (ι)
350 5380 406 5438 ss.
442 5384 577 5442 nui».
614 5383 667 5450 a,
703 5385 755 5450 t,
790 5385 843 5451 5,
879 5383 915 5440 6
944 5392 1005 5441 ei
1042 5386 1088 5441 ⁷.

1800 425 2195 512 quebantur,
2242 427 2591 514 supradicti
2649 426 2906 495 P-arochi
2965 428 3065 493 ius
3110 428 3382 497 habeant

1797 513 2101 602 exigendi
2147 525 2218 582 ut
2263 515 2530 601 praefati
2576 515 2906 584 seminarii
2961 516 3192 584 Clerici
3250 536 3381 584 non

1798 621 1894 668 am
1947 599 2067 669 lius
2120 606 2199 670 Ca
2249 602 2585 687 itularem,
2633 604 2746 671 sed
2800 602 3222 689 respectivam
3271 608 3377 672 Pa·

1801 708 1905 757 roc
1954 708 2139 756 orum
2235 707 2459 758 rucem
2500 688 2888 778 sequantur?
2926 689 3022 777 (1)

1929 780 2010 843 Et
2056 781 2123 845 S.
2170 781 2246 845 R.
2298 781 2398 863 C.,
2449 799 2521 846 re
2582 788 2829 845 mature
2896 778 3374 866 diligenterque

1798 864 2114 950 discussa,
2164 866 2478 952 exquisito
2542 866 2717 955 prius
2779 876 2927 934 voto
2978 866 3239 934 alterius
3294 887 3376 933 ex

1797 952 2300 1054 Apostolicarum
2322 953 2870 1021 Caeremoniarum
2896 953 3205 1040 magistris
3223 954 3374 1022 scri-

1795 1049 1918 1128 ptis
1965 1040 2139 1107 edito
2192 1042 2539 1129 praeloque
2573 1061 2783 1127 cuso,
2833 1041 3167 1127 habitaque
3211 1044 3373 1109 rela-

1797 1127 1970 1195 tione
2018 1128 2158 1194 Esi‘ii
2204 1139 2270 1195 et
2305 1129 2447 1195 Rmi
2492 1129 2740 1197 Domini
2786 1130 2975 1198 Card.
3006 1129 3374 1200 Odescalchi

1796 1215 2116 1299 Ponentis,
2165 1236 2265 1283 res
2316 1215 2688 1286 ondendum
2733 1217 3017 1286 censuit:

1914 1303 2019 1370 Ad
2078 1309 2136 1372 1.
2186 1325 2225 1368 ‹
2314 1304 2647 1373 ffirmative
2679 1325 2740 1371 iv.

1926 1391 2021 1458 Ad
2070 1397 2160 1460 2..
2183 1413 2222 1456 ‹
2252 1393 2556 1479 Negative
2587 1414 2651 1459 iv.

1925 1479 2035 1546 Die
2082 1486 2122 1547 ὃ
2170 1479 2370 1548 Martii
2425 1484 2613 1549 1825.

1922 1569 2103 1633 Facta
2147 1578 2363 1635 autem
2407 1569 2492 1635 de
2525 1569 2880 1658 praemissis
2927 1570 3220 1638 omnibus
3251 1588 3370 1655 per

1792 1655 2260 1743 infrascriptum
2319 1656 2746 1723 secretarium
2799 1657 3202 1725 Sanctissimo
3249 1662 3372 1724 Do-

1789 1741 1962 1810 mino
1994 1744 2219 1809 Nostro
2251 1744 2444 1811 Leoni
2477 1748 2583 1812 xli
2615 1747 2797 1811 Pont.
2832 1750 2992 1813 Max.
3033 1746 3366 1829 relatione,

1788 1829 2094 1899 Sanctitas
2125 1832 2247 1898 Sua
2271 1835 2492 1900 Sacrae
2517 1833 3040 1920 congregationis
3067 1853 3172 1900 res
3223 1852 3376 1900 onsa

1788 1916 2157 2007 approbavit
2196 1930 2261 1987 et
2292 1919 2368 1985 ab
2399 1918 2693 1987 omnibus
2737 1921 2975 1989 servari
3022 1940 3168 1991 mai
3215 1921 3364 1988 avit.

1788 2009 1901 2073 Die
1946 2010 1988 2074 8
2034 2007 2234 2074 Martii
2287 2011 2478 2075 1825.

1788 2146 2046 2217 2642.
2362 2151 2783 2218 susannis.
3085 2134 3090 2138 ’
3138 2153 3365 2240 (acic)

1913 2273 2111 2355 Pagus
2161 2281 2257 2338 est
2299 2271 2362 2338 in
2401 2271 2682 2340 Dioecesi
2732 2274 3138 2362 Emeritensi,
3171 2277 3367 2343 Chin-

1781 2359 2147 2442 quinquin
2168 2358 2243 2425 ab
2263 2379 2570 2446 aquarum
2596 2361 3008 2428 inundatione
3029 2362 3241 2431 indico
3263 2383 3367 2430 vo·

1781 2446 2007 2513 cabulo
2040 2458 2466 2536 nuncupatus,
2492 2448 2558 2516 in
2583 2470 2708 2537 quo
2734 2450 3050 2517 Sacellum
3087 2451 3359 2539 insigne,

1783 2533 2053 2630 quadam
2096 2539 2165 2600 Β.
2196 2538 2276 2601 Μ.
2309 2535 2586 2624 Virginis
2627 2537 2900 2625 imagine
2936 2539 3055 2606 sub
3086 2539 3362 2627 appella-

1779 2633 1952 2687 tione
2002 2624 2270 2708 Rosarii,
2321 2624 2711 2712 populorum
2774 2645 3086 2693 concursu
3134 2639 3201 2693 et
3245 2626 3363 2692 mi-

1779 2710 2142 2778 raculorum
2172 2713 2360 2796 fama,
2396 2714 2773 2801 praesertim
2802 2732 2958 2780 vero
2991 2714 3100 2780 die
3123 2719 3213 2782 26
3243 2719 3364 2782 De-

1777 2796 2080 2884 cembris,
2117 2798 2798 2888 frequentatissimum.
2847 2802 2996 2869 Ideo
3039 2805 3363 2870 Reveren-

1777 2883 2074 2951 dissimus
2123 2888 2536 2956 Emeritensis
2569 2889 2923 2979 Episcopus
2971 2890 3361 2958 humillimas

1774 2975 2110 3042 Sacrorum
2141 2977 2404 3045 Rittium
2435 2978 2929 3066 congregationi
2961 2998 3190 3067 preces
3222 2999 3367 3067 por·

1776 3062 1977 3141 rexit,
2030 3066 2354 3152 postulans
2401 3075 2472 3131 ut
2518 3067 2705 3132 Clero
2768 3066 3364 3154 Archiepiscopatus

1778 3152 1843 3216 S.
1872 3150 2051 3218 Fidei
2081 3152 2604 3239 adnexarumque
2635 3153 3034 3221 Dioecesium
3071 3155 3361 3222 Officium

1778 3239 2111 3327 proprium
2144 3259 2293 3307 cum
2331 3241 2509 3307 Missa
2542 3246 2610 3307 B.
2648 3243 2726 3307 Μ.
2765 3240 3066 3329 Virginis,
3103 3243 3243 3309 loco
3275 3242 3364 3308 al-

1776 3325 1971 3393 terius
2016 3329 2190 3415 quod
2236 3326 2475 3415 ubique
2523 3327 2818 3415 gentium
2866 3329 3192 3414 recitatur,
3234 3340 3357 3395 tam

1773 3412 2096 3483 Dominica
2119 3415 2326 3503 prima
2348 3418 2635 3484 Octobris
2661 3417 3144 3502 celebrandum,
3172 3435 3360 3502 quam

1772 3503 2151 3571 secundario
2199 3503 2264 3572 in
2312 3504 2615 3593 peculiari
2662 3505 2954 3593 imaginis
3001 3505 3360 3573 antedictae

1775 3594 1985 3674 Festo,
2020 3590 2127 3658 die
2172 3593 2542 3680 assignanda
2579 3614 2612 3658 a
2647 3593 3018 3680 respectivis
3043 3597 3358 3661 Locorum

1770 3679 2116 3747 ordinariis
2179 3682 2319 3747 loco
2366 3680 2499 3747 diei
2546 3685 2630 3748 26
2674 3681 3087 3768 Decembris,
3129 3699 3358 3771 appro-

1775 3768 1925 3835 bare
1970 3769 2348 3856 dignaretur
2391 3769 2512 3836 sub
2558 3769 2685 3837 ritu
2731 3771 2918 3859 dupl.
2962 3772 3110 3839 mai.
3150 3771 3215 3837 in
3243 3774 3357 3835 Ar-

1775 3856 2256 3945 chiepiscopatu
2307 3858 2703 3946 adnexisque
2748 3859 3181 3944 Dioecesibus,
3234 3857 3359 3923 ritu

1772 3964 1925 4011 vero
1986 3945 2170 4034 dupl.
2226 3947 2467 4035 primae
2529 3947 2753 4016 Classis
2814 3967 2958 4015 cuin
3019 3958 3232 4014 octava
3295 3947 3360 4013 in

1771 4032 2050 4101 Ecclesia
2098 4035 2182 4102 de
2235 4036 2768 4121 Gliinqiiinquira
2815 4046 3203 4123 nuncupata,
3248 4054 3355 4101 cu·

1770 4122 1866 4188 ius
1914 4132 2009 4188 est
2057 4123 2350 4190 Titularis
2403 4124 2673 4212 ipsamet
2717 4124 3082 4191 Beatissima
3134 4124 3352 4209 Virgo.

1899 4210 2136 4287 Quibus
2182 4231 2334 4279 sane
2381 4211 2679 4301 precibus
2709 4210 3351 4279 Eminentissimi—PP.

1771 4299 1836 4366 in
1893 4300 2225 4367 Ordinario
2285 4304 2620 4368 Conventu
2679 4299 2811 4367 diei
2865 4304 2905 4367 ti
2951 4298 3154 4366 Martii
3214 4318 3358 4365 cur-

1771 4387 1969 4453 rentis
2007 4388 2152 4455 anni
2188 4398 2436 4454 mature
2466 4388 2944 4476 diligenterque
2992 4389 3353 4475 perpensiS,

1769 4475 1846 4542 ad
1898 4475 2276 4543 relationem
2323 4475 2464 4542 Emi
2498 4487 2564 4543 et
2594 4474 2734 4543 Rmi
2778 4481 2849 4543 D.
2886 4475 3072 4541 Card.
3110 4473 3356 4542 Galleffi

1770 4564 2092 4647 Ponentis,
2143 4566 2338 4631 rescri
2386 4574 2650 4633 serunt:
2700 4585 2738 4629 α
2771 4565 3000 4651 Dilata;
3044 4573 3110 4628 et
3154 4564 3231 4631 ad
3278 4567 3350 4630 D.

1771 4653 2240 4734 Secretarium,
2291 4673 2324 4718 a
2423 4662 2751 4720 mentem:
2812 4670 3050 4738 nempe
3109 4661 3356 4738 protra-

1771 4739 2059 4808 hendum
2099 4758 2236 4806 esse
2273 4759 2675 4828 responsum,
2709 4758 3045 4827 quousque
3089 4738 3354 4805 accede·

1770 4837 1913 4894 rent
1969 4827 2240 4894 aliorum
2302 4827 2766 4916 Episcoporum
2826 4825 3182 4911 instantiae,
3229 4843 3353 4892 una

1768 4936 1916 4984 cum
1971 4915 2372 4983 documentis
2432 4915 2842 5003 originalibus
2900 4923 3202 4981 assertam
3250 4933 3353 4981 su-

1770 5003 2087 5107 pradictae
2134 5001 2427 5092 imaginis
2471 5003 3042 5071 manifestationem
3092 5002 3199 5090 (de
3230 5020 3352 5088 qua

1768 5114 1831 5160 in
1852 5093 2254 5160 Lectionibus
2280 5096 2325 5159 11
2351 5092 2681 5177 Nocturni)
2708 5087 3265 5179 comprobantibus
3281 5113 3347 5156 ιι.

1895 5186 1982 5249 De
2009 5182 2239 5269 quihus
2272 5180 2561 5248 omnibus
2588 5179 2653 5246 et
2675 5179 2944 5267 singulis
2974 5179 3134 5246 iacta
3157 5181 3348 5246 ssfiio
