4042 5950
2106 255 2580 342 ..340-

1216 374 1225 383 ’
1302 422 1682 491 mcosisn.

704 422 952 495 2921.
2061 419 2288 507 (sose)

921 617 1287 685 Beatissime
1333 622 1547 686 Pater.

832 780 1005 844 crux
1053 775 1486 864 Bongiovanni
1543 777 1854 844 Sacerdos
1910 776 2031 842 loci
2093 777 2290 864 vulgo

702 868 1038 952 Laonfortc
1082 864 1399 933 Dioecesis
1446 864 1766 933 Nicosien.
1800 865 1865 932 in
1901 865 2111 932 Sicilia
2143 867 2290 932 San-

702 955 903 1022 ctitati
947 958 1115 1021 Tuae
1162 952 1440 1021 demisse
1490 953 1753 1041 exponit
1801 954 2051 1043 partiali
2088 971 2158 1020 se
2206 954 2291 1019 la-

702 1044 927 1110 borare
976 1042 1287 1131 paralysi3
1336 1044 1418 1110 ob
1466 1061 1678 1129 quam,
1716 1041 1867 1108 licet
1910 1042 2290 1131 expeditum

700 1133 926 1200 babeat
982 1149 1170 1197 usum
1220 1132 1515 1216 loquelae
1566 1141 1630 1196 et
1675 1129 1944 1201 aliorum
2004 1131 2290 1218 corporis

700 1219 1164 1302 membrorum,
1200 1220 1278 1287 ad
1312 1219 1560 1286 Hostiae
1606 1228 1819 1284 tamen
1864 1220 2294 1287 elevationem

702 1307 768 1375 in
815 1307 991 1374 Missa
1039 1306 1371 1375 brachium
1417 1307 1746 1375 sinistrum
1804 1306 2100 1373 attollere
2163 1325 2290 1374 non

701 1405 940 1485 potest.
1010 1397 1214 1474 Quare
1281 1394 1689 1465 sanctitatem
1751 1399 1947 1462 Tuam
2014 1414 2137 1549 sup

700 1495 926 1550 exorat
984 1495 1054 1550 ut
1113 1484 1357 1549 Missam
1426 1484 1641 1551 eidem
1709 1482 2038 1553 celebrare
2129 1492 2292 1549 iceat

698 1571 1064 1640 adhibendo
1114 1582 1358 1638 tantum
1406 1570 1739 1637 dexteram
1786 1591 2047 1638 manum
2080 1571 2146 1638 in
2179 1575 2292 1637 flo-

698 1661 855 1726 stiae
902 1659 1259 1726 elevatione
1307 1678 1558 1727 necnon
1607 1659 1669 1725 in
1715 1659 1854 1725 aliis
1900 1659 2118 1725 Missae
2157 1678 2294 1726 cae-

699 1748 1029 1816 remoniis.

831 1836 1272 1904 Sanctissimus
1337 1835 1639 1903 Dominus
1708 1838 1941 1902 Noster*
2002 1836 2150 1902 Pius
2207 1840 2286 1904 tx

699 1924 987 1992 Pontifex
1036 1926 1366 2010 Maximus,
1416 1924 1674 1991 attentis
1721 1926 2028 2013 expositis
2075 1944 2144 1991 ac
2190 1944 2290 1991 re·

699 2015 951 2081 ferente
983 2014 1227 2082 subscri
1280 2025 1344 2080 to
1377 2016 1445 2080 S.
1473 2017 1549 2080 R.
1578 2017 1651 2081 c.
1686 2013 2085 2081 Secretario:
2140 2036 2176 2077 α
2202 2019 2290 2080 De

697 2101 960 2189 speciali
1007 2103 1202 2189 gratia
1281 2101 1518 2189 enigne
1548 2102 1768 2169 annuit
1792 2103 1972 2169 iuxta
2022 2121 2285 2188 preces3

696 2190 1052 2258 dummodo
1096 2189 1394 2278 privatim
1440 2190 1730 2257 celebret
1761 2209 1908 2257 cum
1940 2190 2291 2257 assistentia

697 2279 960 2346 alterius
1000 2278 1361 2346 Sacerdotis
1393 2301 1457 2345 ».
1510 2277 1850 2345 Contrariis
1882 2298 2009 2345 non
2044 2278 2292 2345 obstan-

698 2366 865 2435 tibus
909 2365 1449 2454 quibuscumque.

828 2454 940 2521 Die
988 2458 1071 2523 20
1117 2455 1495 2523 Novembris
1550 2459 1738 2522 1846.

694 2594 952 2669 2922.
1251 2598 1720 2667 FERENTINA.
2053 2597 2285 2685 (6067)

825 2720 988 2785 Dum
1056 2717 1387 2784 Pastoralis
1441 2718 1824 2787 Visitationis
1885 2719 2058 2789 curis
2124 2721 2288 2788 deti·

2133 1395 2290 1496 plex

694 2816 962 2872 neretur
1007 2805 1604 2874 Reverendissimus
1658 2808 1983 2876 Ferentini
2030 2809 2288 2896 Episco-

693 2913 853 2983 pus,
902 2896 969 2962 in
1020 2894 1270 2983 Oppido
1331 2896 1527 2984 vulgo
1584 2897 1832 2981 Supina
1891 2917 2044 2964 suae
2104 2898 2286 2966 Dice-

693 2984 879 3072 cesis,
915 2984 1079 3052 illud
1125 2984 1370 3073 reperit
1415 2986 1626 3052 minus
1668 3005 2015 3054 consonum
2065 2990 2286 3054 Eccle-

691 3073 978 3140 siastlcae
1022 3072 1424 3141 Hierarcbiae
1466 3075 1637 3161 quod
1672 3073 1738 3140 in
1768 3076 2116 3163 collegiata
2149 3076 2283 3160 illa,

692 3163 1070 3252 nuperrime
1126 3173 1338 3229 erecta
1387 3163 1451 3229 in
1506 3162 1790 3234 Ecclesia
1852 3167 2116 3232 Sanctae
2147 3169 2285 3232 fllia·

692 3250 848 3337 riae,
898 3252 1073 3319 nulla
1122 3250 1621 3340 praeeminentia
1676 3262 2043 3339 praestetur
2087 3256 2284 3321 cano·

693 3342 841 3408 nico
885 3338 1459 3429 Arcbipresbytero
1491 3341 1698 3408 Sancti
1736 3340 1928 3425 Petri,
1963 3361 2132 3408 neve
2161 3341 2286 3409 Ab·-

693 3427 940 3498 batibus
1004 3432 1268 3497 Sanctae
1324 3429 1551 3496 Mariae
1611 3450 1680 3496 ac
1742 3430 1950 3497 Sancti
2013 3431 2280 3516 Nicolai,

691 3516 876 3604 queis
938 3518 1296 3583 animarum
1357 3537 1505 3584 cura
1567 3517 1942 3585 demandata
2003 3529 2100 3585 est
2148 3520 2284 3606 qui·

690 3623 820 3691 qne
857 3604 1032 3672 iuxta
1063 3604 1298 3670 sancita
1331 3605 1396 3671 in
1427 3606 1807 3694 Apostolicis
1851 3606 2110 3674 Litteris
2142 3627 2284 3675 ere-

688 3691 919 3759 ctionis
950 3690 1344 3777 collegiatae
1374 3693 1537 3760 datis
1568 3693 1777 3782 pridie
1825 3694 1969 3761 idus
2012 3696 2283 3784 Aug'usti

690 3799 853 3846 anno
893 3783 1084 3866 1836,
1121 3780 1290 3847 inter
1318 3783 1667 3849 canonicos
1696 3784 2021 3867 accensiti,
2058 3795 2281 3852 tenere

684 3868 931 3936 debent
979 3868 1044 3935 in
1090 3869 1328 3952 cboro,
1362 3869 1428 3934 in
1460 3871 1969 3938 Processionibus
2012 3873 2281 3958 aliisque

678 3956 1134 4024 ecclesiasticis
1164 3958 1628 4046 capitularibus
1679 3958 2105 4027 functionibus
2139 3981 2280 4049 pos-

686 4044 983 4114 sessionis
1002 4064 1153 4113 suae
1180 4045 1418 4129 locum,
1440 4058 1782 4133 propterea
1806 4048 1977 4133 quod
2014 4049 2078 4115 in
2101 4050 2277 4116 Bulla

690 4135 823 4224 ipsa
848 4134 1315 4223 praescribatur
1340 4136 1510 4220 quod
1546 4135 1720 4201 nulla
1745 4137 1977 4204 adscita
2008 4137 2075 4204 in
2106 4137 2280 4205 dicto

684 4224 979 4312 capitulo
1025 4223 1371 4308 Dignitate,
1406 4223 1709 4310 omnique
1743 4224 1857 4289 alia
1888 4243 2149 4311 prorsus
2181 4245 2277 4292 se-

687 4313 864 4379 clusa
934 4310 1475 4401 praeeminentia,
1547 4313 1959 4401 possessionis
2030 4323 2276 4381 tantum

612 4419 616 4430 ·
684 4399 847 4467 ordo
892 4401 1065 4467 inter
1110 4400 1505 4487 capitulares
1550 4401 1903 4469 servandus
1942 4404 2047 4470 sit.
2097 4404 2273 4482 Quod

685 4509 876 4563 omne
932 4509 1050 4577 pro
1114 4509 1229 4556 suo
1288 4508 1556 4557 munere
1618 4490 1898 4576 ingenue
1947 4511 2277 4580 exponens

683 4578 1093 4647 Sanctissimo
1139 4578 1403 4645 Domino
1449 4581 1678 4646 Nostro
1724 4579 1829 4645 Pio
1862 4583 1942 4648 lx
1988 4578 2273 4648 Pontifici

682 4667 952 4735 Maximo
983 4666 1156 4734 idem
1179 4666 1773 4735 Reverendissimus
1798 4670 2152 4769 Episcopus
2182 4669 2276 4737 in·

678 4765 926 4823 stanter
970 4755 1241 4843 rogavit,
1291 4767 1364 4821 ut
1407 4756 1751 4824 Parocbiali
1798 4757 2094 4845 dignitati
2126 4777 2274 4825 con·

675 4845 895 4911 sulere
954 4844 1042 4911 de
1102 4844 1463 4929 Apostolica
1523 4845 1917 4930 benignitate
1978 4846 2273 4932 dignare-

677 4942 832 5014 tur;
882 4952 953 5000 ac
1016 4930 1217 4999 tribus
1270 4933 1634 5018 canonicis,
1683 4936 1866 5020 queis
1918 4935 2270 5002 animarum

676 5040 831 5088 cura
863 5022 1195 5089 commissa
1228 5032 1348 5106 est,
1382 5022 1903 5124 praecedentiam
1936 5023 2000 5089 in
2029 5024 2266 5106 Chore,

677 5109 741 5175 in
772 5109 1281 5177 processionibus
1329 5112 1593 5198 aliisque
1627 5111 2095 5198 Capitularibus
2129 5111 2269 5178 fun-

678 5195 993 5265 ctionibus
1024 5217 1216 5285 supra
1249 5198 1532 5282 reliquos
1565 5200 1907 5266 Canonicos
1940 5201 2268 5278 tribuere;

678 5285 996 5371 siquidem
1046 5286 1301 5372 reliquo
1349 5288 1539 5353 Clero
1600 5285 1722 5353 iam
1774 5287 2264 5376 praecedebant,

673 5383 1013 5468 antequam
1062 5372 1409 5460 collegiata
1458 5375 1922 5438 institueretur.

2527 418 2927 487 Humillimas
2974 419 3164 488 hasce
3220 436 3449 506 preces
3509 414 3824 484 Sanctitas
3875 416 3987 483 Sa:

2397 518 2801 595 peramanter
2849 506 3204 595 excipiens,
3238 527 3307 573 ac
3339 505 3668 572 referente
3713 504 3987 571 subscri-

2392 605 2506 682 pto
2567 598 2790 663 Sacrae
2860 595 3123 664 Rituum
3181 593 3706 680 congregationis
3767 595 3987 659 Secre-

2395 683 2580 767 tario,
2628 684 2857 754 sedulo
2903 686 3315 772 perpendens
3367 682 3647 770 singulas
3711 681 3987 748 circum-

2395 772 2651 839 stantias
2699 774 2762 840 in
2808 792 2977 857 casu,
3028 773 3111 840 de
3157 793 3286 859 quo
3330 770 3566 859 agitur,
3616 770 3844 837 locum
3896 769 3986 834 ba-

2396 860 2670 928 bentes:
2746 884 2784 927 c
2827 865 2917 928 De
2983 861 3242 949 speciali
3312 858 3511 945 gratia
3574 857 3870 945 benigne
3935 858 3988 925 ἰι

2397 950 2693 1017 omnibns
2738 948 2960 1017 annuit
2994 949 3166 1015 iuxta
3199 946 3494 1037 Episcopi
3542 945 3821 1013 oratoris
3852 966 3988 1045 prs»

2397 1058 2549 1125 ces3
2600 1037 2826 1124 illique
2875 1037 3225 1121 commisit,
3272 1045 3345 1104 ut
3405 1054 3531 1102 non
3591 1033 3988 1105 obstantibus

2393 1125 2468 1192 iis
2500 1145 2663 1212 qnae
2689 1126 2964 1215 praescri
3018 1138 3074 1192 ta
3105 1125 3348 1193 suntin
3379 1123 3769 1210 Apostolicis
3803 1121 3988 1187 Litte-

2396 1216 2482 1280 ris
2514 1215 2831 1303 expeditis
2863 1214 2961 1303 pri
3012 1214 3073 1280 ie
3105 1214 3252 1281 ldus
3283 1211 3553 1297 Augusti
3583 1230 3750 1279 anno
3794 1214 3982 1293 1836,

2396 1302 2605 1390 quoad
2653 1303 2949 1371 ordinem
2986 1302 3259 1369 sedendi
3306 1301 3370 1368 in
3415 1299 3624 1366 Cboro
3657 1319 3727 1366 ac
3763 1317 3986 1386 proce·

2393 1391 2592 1460 dendi
2617 1391 2681 1457 in
2701 1390 3215 1459 processionibus
3238 1389 3503 1475 aliisque
3520 1387 3984 1475 Capitularibus

2395 1479 2826 1547 functionibus
2857 1479 3158 1546 faciendis
3186 1500 3220 1545 a
3248 1475 3576 1545 canonicis
3595 1476 3986 1562 collegiatae

2396 1569 2718 1636 Ecclesiae
2761 1567 2992 1656 Oppidi
3037 1569 3288 1654 Supina
3343 1565 3693 1652 nuncupati
3753 1565 3826 1632 in
3887 1584 3984 1628 sua

2394 1657 2709 1740 Dioecesi,
2759 1657 3108 1746 praecipiat
3154 1666 3219 1723 et
3268 1654 3622 1739 indulgeat,
3659 1663 3733 1719 ut
3772 1651 3988 1717 Archi-

2391 1747 2736 1833 presbyter
2771 1755 2835 1811 et
2866 1744 3143 1811 Abbates
3173 1742 3467 1811 Canonici
3515 1741 3710 1807 trium
3765 1739 3988 1807 Eccle-

2393 1834 2629 1901 siarum
2677 1835 3029 1902 habeantur
3073 1833 3250 1918 quasi
3299 1830 3648 1920 Dignitates
3710 1828 3984 1926 Capituli

2391 1923 2691 2008 sequenti
2736 1920 3000 1989 ordine:
3050 1920 3391 2002 nimirum,
3453 1920 3730 2006 primus·
3764 1916 3985 1984 Archi·

2392 2010 2734 2099 presbyter
2765 2009 2974 2077 Sancti
3005 2010 3201 2093 Petri,
3237 2008 3560 2076 secundus
3592 2008 3807 2075 Abbas
3841 2009 3992 2072 San·

2394 2107 2529 2165 ctae
2577 2097 2825 2178 Mariae,
2879 2098 3105 2164 tertius
3164 2096 3370 2164 Abbas
3429 2095 3639 2165 Sancti
3693 2095 3983 2177 nicetam

2392 2187 2632 2281 deinde
2679 2187 2881 2254 ceteri
2929 2186 3230 2254 canonici
3276 2186 3453 2253 iuxta
3496 2183 3854 2285 praefixam
3897 2204 3986 2247 re-

2393 2273 3710 2450 sameasassessis?

2393 2451 2789 2540 temporibus
2830 2454 2896 2521 in
2937 2463 3331 2541 perpetuum
3364 2474 3426 2517 ».
3478 2449 3836 2517 Contrariis
3867 2470 3984 2517 non

2393 2540 2782 2609 obstantibus
2829 2541 3366 2628 quibuscumque.

2521 2630 2634 2697 Die
2689 2634 2769 2697 18
2814 2628 3182 2697 Decembris
3234 2631 3425 2696 1846.

2393 2811 2651 2881 2923.
3033 2811 3337 2877 ORDINIS
3755 2810 3982 2897 (5058)

2573 2916 3112 2984 MONACHORUM
3164 2916 3444 2983 SANGTI
3490 2915 3796 2983 BASlLII.

2520 3079 2689 3153 Quae
2735 3096 2768 3139 a
2815 3094 2867 3140 s.
2903 3092 2992 3140 m.
3028 3072 3395 3140 Alexandro
3441 3077 3602 3162 Papa
3635 3076 3744 3140 Vn
3780 3094 3980 3160 nsque

2387 3165 2466 3231 ab
2510 3183 2672 3230 anno
2724 3166 2893 3231 1669
2938 3162 3165 3250 quinto
3213 3161 3520 3229 calendas
3563 3163 3864 3230 Octobris
3927 3165 3978 3227 in

2387 3252 2898 3338 congregatione
2945 3255 3281 3319 Sacrorum
3344 3250 3604 3318 Rituum
3653 3270 3870 3316 coram
3917 3271 3977 3315 se

2387 3340 2591 3409 habita
2625 3341 2855 3407 sancita
2883 3340 3068 3407 tuere
3102 3340 3266 3407 circa
3298 3358 3481 3406 usum
3514 3338 3976 3408 Pontificalium

2385 3430 2681 3496 Praelatis
2713 3428 3027 3517 Episcopo
3060 3427 3468 3494 inferioribus
3497 3448 3975 3511 concessorum,

2387 3536 2682 3604 quaeque
2713 3517 3078 3603 insequenti
3103 3536 3268 3583 anno
3300 3518 3466 3584 1660
3498 3518 3754 3586 decimo
3787 3519 3977 3584 tertio

2387 3607 2691 3673 Calendae
2737 3606 3015 3674 Sextiles
3061 3605 3145 3672 de
3193 3604 3389 3692 ipsius
3435 3607 3660 3672 Sacrae
3691 3609 3977 3693 Congre-

2384 3694 2653 3782 gationis
2697 3695 2986 3760 consulto
3034 3692 3234 3781 magis
3280 3693 3471 3761 etiam
3503 3694 3884 3777 declaravit,
3919 3695 3974 3759 in

2385 3781 2902 3870 responsionibus
2969 3782 3128 3850 datis
3197 3781 3408 3849 dubiis
3465 3802 3498 3847 a
3561 3786 3976 3850 procuratore

2383 3872 2670 3937 Gener-ali
2735 3872 3260 3956 congregationis
3303 3871 3776 3938 cassinensium
3829 3893 3973 3959 pro-

2386 3959 2644 4047 positis,
2708 3960 3092 4026 confirmans
3146 3978 3309 4046 quae
3371 3959 3770 4046 praescripta
3830 3973 3972 4026 sunt

2383 4067 2546 4114 anno
2593 4047 2910 4137 superiori
2966 4051 3156 4133 1659,
3209 4058 3465 4136 praeter
3523 4067 3597 4114 ea
3657 4068 3823 4133 quae
3875 4051 3972 4117 ba-

2383 4137 2620 4203 bentur
2663 4154 2843 4204 num.
2897 4140 2973 4219 V,
3026 4140 3130 4221 Vl,
3182 4140 3311 4220 vn,
3363 4141 3495 4205 vlu
3541 4156 3612 4202 ac
3662 4139 3863 4221 xvn,
3914 4139 3968 4203 in

2382 4223 2615 4311 quibus
2660 4223 2743 4290 ob
2788 4225 3149 4311 peculiares
3195 4227 3493 4309 rationes,
3545 4224 3607 4290 in
3655 4225 3967 4311 aliquibus

2380 4313 2770 4400 dispensavit
2816 4313 3126 4379 Alumnos
3175 4313 3700 4399 Congregationis
3737 4314 3963 4400 ipsius,

2379 4402 2541 4468 adeo
2598 4419 2858 4491 semper
2917 4413 3045 4467 rata
3110 4402 3329 4470 babuit
3389 4401 3752 4488 Apostolica
3819 4403 3966 4469 baec

2381 4493 2603 4558 Sancta
2673 4492 2901 4575 Sedes,
2958 4502 3030 4556 ut
3074 4491 3343 4577 singulis
3403 4490 3768 4556 successive
3827 4510 3968 4578 pro·

2378 4579 2599 4667 positis
2646 4579 2883 4664 dubiis,
2917 4579 3258 4648 Alexandri
3307 4582 3415 4646 vn
3474 4580 3763 4645 Decretis
3809 4593 3967 4646 stan·

2379 4670 2534 4736 dum
2580 4689 2718 4736 esse
2781 4667 3187 4756 rescripserit
3246 4672 3428 4736 Sacra
3487 4666 3754 4734 Rituum
3808 4672 3966 4735 Con·

2378 4759 2691 4844 gregatio.
2758 4761 2961 4824 lmmo
3020 4777 3072 4823 s,
3133 4757 3375 4847 pariter
3435 4773 3528 4822 m.
3583 4756 3968 4824 Benedictus

2375 4849 2532 4934 Papa
2559 4850 2724 4930 XIV,
2752 4855 3010 4932 praeter
3039 4845 3152 4911 alia
3182 4846 3243 4912 in
3273 4863 3414 4910 rem
3446 4843 3736 4928 definita,
3767 4845 3966 4912 edixit

2373 4945 2445 5000 ut
2507 4947 2855 5002 memorata
2911 4933 3339 5002 Alexandrina
3397 4937 3665 5000 Decreta
3730 4935 3964 5000 iterum

2373 5025 2542 5111 typis
2587 5024 3014 5106 cuderentur,
3066 5043 3138 5090 ac
3190 5022 3573 5089 eorumdem
3636 5022 3968 5110 exemplar

2375 5112 2720 5180 transmisit
2765 5111 2842 5179 ad
2892 5131 3114 5178 omnes
3159 5129 3279 5199 per
3320 5109 3554 5178 Orbem
3617 5110 3966 5197 Episcopus

2374 5211 2440 5265 et
2502 5200 3035 5289 Arcbiepiscopos
3095 5217 3240 5266 cum
3300 5199 3584 5287 apposita
3645 5217 3755 5265 sua
3817 5200 3963 5285 Epi-

2372 5289 2533 5354 stola
2582 5292 2723 5356 data
2770 5288 2982 5376 pridie
3030 5288 3340 5356 Calendas
3387 5287 3619 5373 Aprilis
3673 5291 3868 5369 1⁷44,
3905 5288 3963 5352 in

2372 5394 2494 5460 qua
2540 5376 2810 5461 singulis
2870 5377 3347 5445 commendavit
3402 5376 3785 5446 eorumdem
3847 5380 3960 5442 De·
