4042 5950
1944 228 2259 310 —376
2320 273 2425 289 —

661 395 726 459 2.
767 391 945 457 Anne
990 389 1534 457 caeremoniarius
1579 387 1974 458 cathedralis
2023 408 2121 453 ra·

2355 390 2434 454 Et
2491 390 2677 456 Sacra
2737 386 2996 454 Rituum
3059 383 3516 472 congregatio,
3579 403 3832 471 propo-

534 477 706 547 tione
752 478 994 564 proprii
1026 476 1214 544 officii
1249 477 1648 579 cogi-possit,
1682 490 1754 543 ut
1784 475 2125 544 distribuat
2223 474 2359 541 sitis
2405 474 2637 560 dubiis,
2689 474 2987 560 inscripta
3037 473 3227 541 etiam
3260 473 3831 539 commendatione

533 565 712 718 Ferila
742 569 798 635 V
830 567 893 719 ig
923 569 1133 634 coena
1164 570 1411 633 Domini
1458 585 1628 632 sacra
1674 566 1825 633 Olea
1855 564 2128 633 subditis

538 658 662 720 Ecc
693 654 840 720 esiis

667 744 731 809 3.
782 745 1011 810 Utrum
1056 742 1123 809 in
1172 747 1354 810 Festo
1403 742 1612 809 Sancti
1660 742 1847 809 Marci
1896 744 1962 811 in
2010 746 2126 808 Ec·

537 829 727 896 clesia
773 830 1138 898 huiusmodi
1200 829 1644 917 Evangelistae
1694 830 1927 915 dicata,
1982 828 2127 928 Epi-

534 937 790 1007 scopus,
841 919 1014 986 linita
1059 918 1469 987 Processione
1515 918 1903 986 Litaniarum
1937 936 2130 984 malo·

536 1025 705 1090 rum,
755 1006 990 1074 debeat
1037 1017 1285 1075 tantum
1331 1007 1605 1073 recitare
1649 1010 1748 1073 Ps.
1792 1007 2002 1084 Quam
2032 1006 2132 1072 dt·-

539 1095 726 1175 lecta,
754 1106 1097 1182 antequam
1126 1094 1410 1183 pluviale
1434 1094 1795 1162 violaceum
1820 1094 2129 1183 deponat,

541 1193 608 1248 et
638 1182 826 1250 rubra
875 1183 1249 1250 indumenta
1294 1182 1557 1271 accipiat
1604 1203 1722 1271 pro
1765 1183 1944 1250 Missa
1973 1187 2131 1249 Pon-

543 1269 803 1350 tificali3
866 1291 943 1338 an
1002 1270 1192 1339 etiam
1253 1274 1415 1338 Hora
1480 1271 1691 1338 Tertia
1757 1270 2134 1338 solemniter

544 1370 686 1446 post
742 1361 1212 1427 processionem
1259 1371 1326 1427 et
1370 1368 1517 1426 ante
1580 1360 1822 1426 Missam
1877 1358 2134 1426 Pontifi-

545 1446 751 1514 calem
801 1448 1191 1516 decantanda
1234 1444 1371 1515 sit?

677 1539 742 1602 4.
808 1539 989 1603 Anne
1050 1537 1244 1604 etiam
1305 1536 1560 1623 quando
1621 1555 1788 1603 unus
1853 1535 1916 1605 in
1985 1535 2136 1623 Epi-

542 1623 781 1710 scopali
829 1624 1076 1692 Sacello
1110 1625 1465 1709 ordinatur,
1501 1625 1706 1713 palam
1748 1624 2139 1692 interdicere

546 1707 778 1778 debeat
824 1711 1174 1801 Episcopus
1219 1728 1341 1800 per
1384 1731 1587 1780 unum
1631 1731 1712 1778 ex
1757 1713 1913 1798 suiS,
1947 1709 2135 1779 sicuti

548 1799 819 1867 habetur
863 1800 927 1868 in
971 1800 1318 1871 pontificali
1364 1804 1686 1868 Romano:
1729 1804 1820 1868 Ne
1849 1803 1997 1886 quis
2029 1819 2137 1868 ac-

548 1887 729 1954 cedat
776 1888 1197 1974 irregularis.

682 1980 745 2042 5.
795 1978 1000 2063 Anne,
1068 1979 1325 2064 quando
1383 1977 1652 2047 Ordines
1711 1977 2135 2045 conferuntur

546 2063 686 2131 sine
718 2074 932 2150 cantu,
981 2067 1417 2135 subdiaconus
1466 2086 1548 2133 ex
1592 2065 1846 2134 noviter
1885 2065 2139 2132 ordina-

549 2151 667 2238 tis,
732 2163 1071 2241 postquam
1140 2155 1488 2244 Epistolam
1557 2153 1829 2242 legerit,
1901 2153 2140 2221 debeat

549 2240 821 2308 osculari
866 2262 1126 2311 manum
1159 2243 1456 2345 Episcopi
1485 2242 1708 2310 stantis
1754 2242 1832 2309 ad
1881 2243 2134 2326 Altare;

550 2347 673 2395 nec
704 2348 833 2397 non
862 2331 1170 2399 Diaconus
1214 2329 1512 2399 similiter
1541 2349 1625 2398 ex
1655 2329 1836 2397 novis
1880 2330 2141 2397 Ordina-

550 2415 634 2482 tis
665 2429 1003 2505 antequam
1046 2418 1466 2507 Evangelium
1517 2418 1714 2504 legat,
1747 2416 2008 2501 debeat,
2043 2414 2142 2482 di-

554 2515 655 2572 cto
688 2507 931 2575 Munda
964 2526 1072 2573 cor
1101 2526 1330 2588 mcum,
1361 2506 1880 2574 benedictionem
1915 2514 2140 2592 petere

554 2601 621 2659 et
650 2612 908 2662 manum
941 2595 1237 2684 Episcopi
1266 2595 1486 2662 stantis
1517 2595 1593 2662 ad
1625 2596 1844 2661 Altare
1874 2594 2141 2662 deoscu-

556 2681 695 2766 lari,
742 2691 816 2748 ut
859 2681 931 2749 fit
978 2683 1045 2750 in
1089 2682 1287 2750 Missis
1333 2683 1592 2750 cantatis
1639 2703 1673 2748 a
1719 2680 1994 2771 simplici
2034 2684 2139 2749 Sa·

557 2770 869 2850 cerdote3
923 2782 987 2837 et
1032 2790 1111 2838 an
1157 2770 1508 2859 Episcopus
1544 2780 1687 2859 post
1716 2770 2141 2871 Evangelium

556 2856 747 2925 huius
770 2856 987 2925 Missae
1013 2858 1218 2927 lectae
1241 2858 1474 2926 debeat
1497 2858 1853 2926 deosculari
1880 2857 2142 2943 librum,

555 2963 687 3031 quo
718 2946 857 3035 ipse
887 2966 1037 3015 usus
1084 2957 1207 3033 est,
1240 2948 1345 3015 vel
1381 2948 1656 3015 alterum
1704 2965 1831 3033 quo
1866 2965 2016 3016 usus
2048 2954 2144 3013 est

558 3033 869 3102 Diaconus
916 3036 979 3104 in
1026 3037 1357 3125 Evangelii
1406 3033 1738 3106 lectione?

689 3127 756 3191 6.
825 3123 1212 3204 Quibusnam
1280 3125 1493 3192 verbis
1554 3125 1617 3193 in
1677 3123 2144 3214 Episcoporum

560 3213 1038 3280 consecratione
1081 3211 1173 3281 uti
1219 3212 1453 3280 debeat
1498 3217 1939 3299 consecrator,
1987 3212 2149 3280 dum

560 3300 985 3369 communicat
1016 3312 1459 3370 consecratum
1492 3302 1575 3370 de
1599 3307 1883 3392 corpore
1907 3310 1972 3367 et
1996 3303 2146 3369 San-

560 3390 759 3475 guine
803 3387 1100 3457 Domini'?

690 3481 755 3545 7.
807 3481 1033 3546 Utrum
1093 3479 1265 3546 Stola
1313 3478 1529 3563 latior,
1578 3497 1700 3565 qua
1745 3477 1951 3546 utitur
2010 3476 2147 3547 Dia·

561 3584 786 3651 conus,
835 3566 991 3633 dum
1050 3577 1344 3653 tempore
1392 3567 1720 3634 Adventus
1768 3577 1831 3632 et
1875 3566 2149 3644 Quadra·

562 3652 841 3809 gesimae
888 3654 1157 3741 deponit
1205 3654 1525 3742 planetam
1557 3654 1879 3741 plicatam,
1920 3653 2151 3722 debeat

608 3740 801 3809 abere
832 3739 1108 3808 intextas
1146 3749 1280 3807 tres
1322 3743 1586 3827 cruces,
1620 3741 1805 3810 sicuti
1836 3742 2153 3811 habentur

564 3829 630 3895 in
676 3829 852 3896 stola
899 3826 1278 3897 communi?

695 3921 760 3985 8.
796 3918 1026 3983 Utrum
1055 3917 1121 3985 in
1151 3918 1445 3986 Oratione
1477 3920 1690 3987 Sancti
1734 3916 1978 3986 Ioannis
2011 3919 2155 4007 Epi·

562 4004 739 4093 scopi
784 4004 1199 4073 Alexandrini
1246 4007 1327 4074 ob
1374 4006 1691 4095 insignem
1739 4023 1891 4093 erga
1920 4024 2156 4095 paupe-

562 4112 668 4159 res
720 4092 1221 4161 misericordiam
1286 4104 1711 4182 cognomento
1779 4097 2150 4182 Eleemosy-

563 4180 748 4265 narii,
782 4181 903 4248 hoc
934 4181 1438 4272 Eleemosynarii
1477 4182 1851 4250 adiunctum
1898 4182 2150 4253 recitari

564 4266 829 4354 debeat,
889 4270 1077 4338 sicuti
1136 4270 1209 4338 fit
1268 4273 1352 4340 de
1411 4270 1865 4360 chrysostomo
1936 4280 2000 4337 et
2067 4274 2153 4341 de

569 4360 967 4448 chrysologo
988 4355 1024 4426 ⁸?
1620 4425 1623 4428 .

696 4454 762 4518 9.
800 4450 1030 4515 Utrum
1061 4449 1123 4515 in
1156 4447 1260 4516 die
1294 4458 1510 4515 octava
1540 4449 1973 4517 solemnitatis
2003 4453 2155 4518 cor·

567 4535 737 4624 poris
782 4534 1046 4636 Christi,
1084 4534 1190 4603 ubi
1224 4535 1588 4604 celebratur
1617 4556 1764 4604 cum
1812 4537 2157 4627 privilegio

566 4624 643 4691 ad
692 4626 886 4692 instar
931 4625 1347 4713 Epiphaniae,
1398 4624 1759 4694 faciendum
1806 4626 1888 4693 sit
1935 4644 2154 4694 occur-

565 4732 714 4782 rens
765 4710 1056 4780 Officium
1109 4713 1538 4782 Dedicationis
1589 4715 1695 4780 vel
1755 4714 1947 4782 Tituli
2012 4733 2157 4802 pro·

566 4801 744 4889 priae
789 4797 1172 4868 Ecclesiae?

703 4892 810 4958 10.
859 4891 1088 4956 Utrum
1130 4888 1467 4958 Lectiones
1513 4890 1705 4980 primi
1733 4891 2042 4958 Nocturni
2091 4892 2156 4959 in

566 4977 768 5044 Pestis
829 4977 1038 5046 Sancti
1100 4975 1457 5068 Raymundi
1515 4978 1785 5046 Nonnati
1832 4989 1897 5047 et
1945 4980 2157 5048 Sancti

570 5065 854 5133 stanislai
899 5068 1134 5134 Kostka
1180 5067 1306 5134 sint
1352 5068 1437 5135 de
1490 5067 1863 5154 Scriptura3
1919 5073 2026 5135 vel
2073 5068 2156 5135 de

570 5154 912 5223 communi
932 5151 966 5220 ἰ’
996 5155 1093 5243 (1)
1768 5169 1775 5177 ·

707 5348 790 5423 (ι)
828 5352 892 5408 u.
929 5351 1072 5409 nub.
1113 5352 1201 5409 ιι.

2228 564 2369 630 limi
2388 562 2682 651 Episcopi
2707 561 3141 647 communitis,
3157 560 3649 628 rescribendum
3669 579 3834 627 cen·

2229 650 2395 719 suit:

2361 739 2459 807 Ad
2512 744 2575 806 1.
2625 761 2664 802 ι
2697 737 3124 822 Affirmative,
3187 737 3265 804 ad
3338 738 3612 825 primam
3681 757 3835 824 par-

2234 840 2410 907 tem;
2458 827 2793 916 Negative,
2841 827 2920 893 ad
2967 826 3317 895 secundam
3351 848 3417 893 »-

2357 916 2456 983 Ad
2501 921 2568 983 2.
2616 938 2656 981 ι
2690 920 2866 982 iuxta
2889 914 3040 983 alias
3071 917 3360 998 decreta,
3388 914 3510 981 hoc
3531 924 3842 1002 spectare

2232 1005 2308 1072 ad
2343 1005 2875 1072 Archidiaconum
2905 1024 2969 1070 ›.

2368 1093 2466 1160 Ad
2513 1097 2578 1161 3.
2627 1115 2667 1158 ‹
2699 1097 2770 1159 In
2814 1110 2961 1158 casu
3015 1111 3156 1160 eoee
3196 1090 3652 1161 decantandam
3703 1095 3840 1158 flo-

2236 1199 2370 1247 ram
2416 1183 2667 1249 Tertiae
2702 1202 2768 1246 ι».

2368 1269 2465 1336 Ad
2515 1274 2579 1337 t.
2629 1291 2668 1337 α
2701 1268 3095 1336 Affirmative
3128 1292 3194 1336 ι».

2367 1357 2463 1425 Ad
2515 1363 2581 1425 s.
2627 1380 2668 1422 ‹
2701 1357 3049 1443 Negativ03
3083 1368 3151 1425 et
3179 1357 3258 1426 ab
3290 1357 3604 1445 Episcopo
3641 1376 3844 1425 oscu-

2236 1445 2499 1517 landum
2542 1466 2732 1513 suum
2778 1445 3021 1512 Missale
3055 1467 3119 1512 ›-

2369 1535 2464 1603 Ad
2509 1537 2576 1602 6.
2627 1556 2666 1602 ‹
2700 1534 3100 1603 servandum
3159 1554 3302 1602 esse
3355 1534 3730 1602 Pontificale
3771 1560 3840 1600 ι.

2373 1623 2467 1690 Ad
2514 1627 2580 1691 7.
2631 1646 2671 1689 ‹
2705 1622 3013 1707 Negative
3047 1643 3110 1690 ›.

2371 1712 2467 1779 Ad
2516 1715 2583 1779 8.
2633 1732 2672 1778 ‹
2705 1708 3014 1795 Negative
3046 1732 3116 1778 ι».

2371 1800 2466 1866 Ad
2515 1804 2584 1869 9.
2634 1821 2673 1867 α
2708 1798 3146 1882 Affirmative3
3218 1801 3313 1869 uti
3381 1800 3629 1888 duplex
3702 1801 3848 1888 pri·

2240 1909 2380 1957 mae
2426 1889 2638 1955 classis
2670 1910 2735 1954 ι».

2372 1978 2469 2045 Ad
2522 1980 2626 2046 10.
2676 1998 2716 2041 ‹
2750 1979 2840 2043 De
2899 1976 3229 2061 Scriptura
3296 1988 3684 2046 occurrente
3750 1978 3851 2044 le-

2242 2068 2483 2154 gendas
2527 2083 2667 2134 esse
2701 2086 2765 2131 t.

2374 2156 2583 2240 Atque
2643 2154 2728 2220 ita
2782 2152 3142 2221 rescribere
3201 2154 3451 2222 censuit
3503 2163 3571 2220 et
3622 2153 3854 2223 decla·

2244 2263 2411 2310 rare.

2377 2330 2490 2398 Die
2535 2333 2621 2397 25
2668 2328 3066 2418 Septembris
3108 2332 3306 2398 1852.

2246 2505 2508 2576 3007.
2882 2508 3191 2574 ultumis

2697 2612 3378 2681 PRAEDIGATORUM.

2377 2774 2572 2837 Rmus
2604 2773 2785 2836 Pater
2814 2772 3111 2860 Magister
3139 2769 3545 2840 provincialis
3586 2772 3859 2840 Ordinis

2246 2858 2763 2928 Praedicatorum
2810 2858 2875 2926 in
2922 2858 3246 2926 Provincia
3291 2859 3698 2948 Neapolitana
3743 2863 3856 2929 Sa-

2246 2966 2419 3017 cram
2470 2950 2731 3015 Ritunm
2776 2947 3360 3052 congregationem
3416 2948 3602 3016 enixe
3654 2968 3860 3039 roga·

2248 3038 2365 3121 vit,
2402 3041 2474 3104 nt
2505 3034 2835 3104 declarare
2867 3037 3278 3126 dignaretur:
3327 3038 3521 3123 Num,
3558 3037 3629 3103 iis
3659 3037 3862 3106 annis

2249 3125 2482 3213 quibus
2550 3123 3045 3193 confraternitas
3118 3123 3530 3195 sacratissimi
3603 3127 3860 3193 Rosarii

3601 2508 3856 2597 (sisi)

2208 3282 2212 3286 ,
2252 3223 2467 3281 erecta
2513 3212 2578 3279 in
2624 3211 2915 3279 Claustro
2976 3212 3187 3283 Sancti
3244 3212 3552 3283 Dominici
3597 3213 3861 3282 Haioris

2251 3302 2315 3369 in
2345 3301 2615 3370 civitate
2651 3301 3088 3388 Neapolitana,
3124 3319 3527 3388 quacumque
3572 3305 3862 3371 demum

2254 3409 2337 3457 ex
2384 3409 2589 3474 causa,
2638 3407 2767 3455 non
2813 3390 3081 3457 interest
3135 3389 3587 3477 supplicationi
3630 3393 3861 3459 sacra-

2252 3477 2476 3544 tissimi
2522 3475 2790 3560 Rosarii,
2824 3496 2987 3563 quae
3029 3478 3118 3545 ibi
3151 3478 3370 3545 locum
3410 3478 3602 3548 habet
3634 3478 3700 3546 iu
3735 3480 3861 3548 hac

2251 3565 2658 3633 Beatissimae
2691 3565 2966 3652 Virginis
2998 3567 3223 3634 Mariae
3261 3567 3708 3654 solemnitate;
3747 3571 3860 3636 Or·

2254 3654 2417 3723 dinis
2454 3652 2862 3808 supplicatio,
2897 3655 3002 3722 uti·
3041 3673 3125 3722 ex
3170 3654 3434 3723 inducta
3463 3655 3669 3743 praxi,
3707 3656 3857 3725 fleri

2253 3743 2485 3810 debeat
2539 3763 2571 3807 a
2668 3742 2920 3810 Ordinis
2981 3742 3318 3823 Alumnis3
3380 3746 3484 3811 vel
3543 3744 3769 3832 potins
3824 3767 3857 3812 a

2253 3841 2639 3900 memoratae
2692 3831 3238 3899 confraternitatis
3299 3831 3745 3900 confratribus
3793 3836 3854 3902 in

2257 3918 2591 3986 enunciato
2637 3919 2960 3988 coenobio
3006 3917 3482 3987 existentibus?

2392 4013 2467 4075 Et
2513 4010 2698 4076 Sacra
2743 4006 3006 4075 Rituum
3052 4007 3506 4097 congregatio,
3556 4010 3636 4077 ad
3681 4010 3853 4078 Vati·

2259 4113 2486 4163 canum
2519 4096 2872 4183 subscripta
2896 4095 3006 4163 die
3030 4097 3379 4164 coadunata
3411 4096 3477 4163 in
3505 4096 3854 4165 ordinariis

2258 4183 2566 4267 Geminis,
2614 4185 2694 4252 ad
2741 4184 3125 4253 relationem
3182 4183 3525 4271 subscripti
3586 4188 3850 4254 Pro·Se-

2257 4269 2537 4356 cretarii‚
2586 4273 2882 4340 omnibus
2930 4283 3181 4341 mature
3227 4271 3526 4359 expensis
3564 4293 3637 4341 ac
3669 4293 3851 4363 prae·

2256 4358 2479 4427 sertim
2541 4360 2791 4428 Ordinis
2847 4361 3362 4445 Praedicatorum
3421 4360 3852 4451 peculiaribus

2258 4447 2615 4536 privilegiis
2673 4447 2750 4515 ab
2810 4448 2927 4517 hac
2986 4451 3211 4518 Sancta
3269 4448 3440 4518 sede
3485 4451 3852 4539 Apostolica

2257 4536 2450 4604 etiam
2482 4538 2694 4622 quoad
2723 4537 2883 4603 hanc
2914 4538 3271 4606 solemnem
3315 4537 3852 4639 supplicationem

2259 4624 2599 4708 concessis,
2649 4621 3139 4693 rescribendum
3187 4629 3483 4693 censuitz

2389 4734 2429 4777 ι
2461 4713 2783 4780 Publicam
2841 4713 3418 4802 supplicationem,
3469 4715 3554 4781 de
3606 4735 3736 4802 qua
3789 4715 3850 4782 iu

2258 4802 2583 4889 precibus,
2617 4801 2982 4869 ducendam
3016 4822 3050 4867 a
3075 4800 3363 4869 Patribus
3392 4802 3649 4873 Ordinis
3671 4807 3849 4870 Prae-

2259 4890 2617 4957 dicatorum
2653 4911 2715 4957 ι».

2391 4980 2596 5064 Atqua
2652 4977 2735 5045 ita
2790 4978 3237 5048 deliniendum
3297 4979 3543 5048 censuit
3597 4999 3851 5048 servan-

2260 5065 2550 5152 dumque
2594 5068 2940 5136 mandavit.

2391 5152 2506 5220 Die
2552 5158 2637 5223 25
2684 5154 3080 5244 Septembris
3132 5159 3324 5225 1852.
