4042 5950
1540 235 2009 318 —217—

270 396 391 463 Sed
423 395 749 482 quoniam,
786 393 961 461 hisce
994 411 1122 460 non
1161 392 1556 461 obstantibus
1584 413 1721 460 san-

158 482 482 566 ctiouibus,
546 482 778 552 abusus
836 482 946 570 qui
1010 482 1436 568 irrepserant,
1485 482 1720 549 sensim

155 570 362 637 alicubi
433 571 833 640 invalescere
900 571 1378 672 persentiantur
1436 581 1503 637 et
1564 588 1722 637 non-

155 657 301 725 nulli
357 661 659 742 existant,
706 661 816 748 qui
863 679 966 747 pia
1027 659 1297 743 quadam
1359 657 1581 725 fraude
1632 658 1722 724 le-

155 766 284 833 gem
323 748 593 816 eludere
638 751 703 817 in
748 748 1030 815 animum
1063 746 1462 833 induxerint„
1498 766 1722 834 super-

154 835 536 922 imponentes
613 836 919 922 Reliquiis
989 838 1366 902 Sanctorum
1432 835 1719 901 vivificae

152 924 351 989 Crucis
394 925 788 1010 Reliquiam,
840 936 910 991 ut
971 923 1109 990 illas
1164 924 1285 990 sub
1344 922 1720 991 baldachino

153 1011 319 1077 huius
363 1023 705 1100 praetextu
738 1012 1054 1096 deferant,
1090 1021 1282 1097 prout
1315 1029 1396 1076 ex
1430 1010 1721 1099 repetitis

151 1101 215 1166 ad
258 1099 663 1168 Sanctitatem
709 1105 901 1168 Suam
951 1112 1015 1167 et
1061 1101 1313 1167 Sacram
1359 1101 1720 1185 Congrega-

152 1187 369 1254 tionem
392 1188 559 1254 datis
579 1191 886 1257 adversus
915 1188 1283 1256 huiusmodi
1312 1186 1543 1254 abusus
1570 1205 1716 1274 pre·

153 1275 307 1341 cibus
368 1287 662 1356 constat3
733 1277 880 1345 hinc
949 1296 1031 1344 ne
1098 1275 1355 1342 debitus
1424 1275 1720 1341 turbetur

152 1362 288 1429 ordo
320 1375 382 1429 et
415 1364 479 1430 in
513 1366 891 1433 extrinsecis
923 1364 1113 1431 etiam
1146 1362 1540 1446 honorificis,
1569 1362 1719 1428 licet

152 1470 257 1516 uon
301 1451 738 1520 essentialibus
794 1450 1383 1540 significationibus,
1434 1469 1716 1538 congrua

153 1539 285 1604 ratio
325 1553 662 1620 servetur3
715 1553 916 1628 utque
965 1541 1259 1625 vigentes
1310 1540 1520 1607 adhuc
1566 1540 1716 1605 abu-

150 1646 238 1692 sus
264 1638 626 1715 opportune
671 1629 1123 1697 abscindantur
1167 1636 1233 1693 et
1264 1627 1709 1709 eliminentur,

152 1733 412 1802 quaeque
553 1718 865 1805 aescripta
915 1726 1064 1783 sunt
1118 1715 1373 1783 debitae
1428 1733 1713 1801 exequu-

153 1805 280 1869 tioni
327 1822 467 1871 man
518 1816 739 1890 entur,
790 1826 860 1872 re
924 1817 1172 1872 mature
1231 1805 1713 1889 diligenterque

154 1909 436 1979 perpensa
482 1893 547 1959 in
594 1893 924 1961 ordinario
971 1897 1308 1961 conventu
1356 1893 1569 1960 habito
1605 1891 1713 1958 die

153 1983 185 2043 6
233 1979 357 2045 Maii
413 1981 736 2047 currentis
795 1983 957 2048 Anni
1026 1982 1229 2064 1826,
1299 1980 1438 2046 Emi
1500 1983 1713 2045 Patres

154 2067 381 2133 luerunt
426 2068 491 2134 in
537 2081 737 2135 voto:
787 2091 824 2132 ι
860 2071 1147 2137 Dandum
1196 2087 1335 2135 esse
1368 2073 1711 2135 Decretum

151 2155 451 2240 Generale,
485 2176 644 2243 quo,
682 2157 856 2223 iuxta
886 2156 1037 2224 alias
1069 2155 1376 2240 resoluta,
1412 2166 1711 2222 caveatur

151 2252 204 2305 et
250 2262 356 2328 per
408 2247 675 2313 modum
736 2247 997 2332 regulae
1056 2243 1296 2330 ubique
1356 2243 1708 2309 servandae

149 2328 559 2418 praefiniatur,
628 2351 708 2399 ne
771 2334 836 2400 in
898 2344 1228 2422 posterum
1297 2330 1528 2398 alicubi
1589 2349 1709 2417 per

148 2435 582 2507 quoscumque,
631 2422 921 2507 quolibet
980 2421 1099 2487 sub
1153 2431 1494 2506 praetextu
1540 2421 1705 2485 sole·

146 2505 417 2591 mnitatiS,
473 2509 858 2593 devotionis,
910 2508 1191 2598 pietatis,
1225 2505 1575 2595 privilegii,
1612 2507 1703 2572 in·

150 2592 321 2679 dulti,
380 2597 842 2681 concessionis,
909 2597 1309 2681 tolerantiae,
1364 2604 1705 2662 consuetu-

150 2680 286 2745 dinis
342 2684 491 2750 licet
560 2685 1122 2768 immemorabilis,
1185 2703 1377 2771 quam
1437 2685 1704 2751 abusum

150 2785 255 2834 non
295 2771 634 2840 ferendum
678 2774 1112 2857 declararunt,
1164 2773 1351 2840 liceat
1398 2789 1704 2858 umquam

151 2857 484 2927 Sanctorum
510 2862 833 2948 Reliquias
856 2862 1412 2951 processionaliter
1432 2861 1553 2926 sub
1578 2859 1705 2927 bal·

150 2941 384 3013 ‹lachino
429 2951 886 3018 circumferret
952 2950 1215 3019 tolerari
1261 2960 1471 3016 tamen
1518 2966 1705 3038 posse

152 3043 203 3096 et
257 3038 570 3124 permitti,
627 3040 797 3125 quod
856 3040 1130 3126 Lignum
1190 3043 1419 3108 SSlhae
1483 3038 1703 3106 Crucis

151 3119 362 3209 aliaque
390 3133 818 3195 instrumenta
848 3130 1208 3197 Dominicae
1243 3129 1569 3213 Passionis,
1593 3147 1705 3214 pe-

154 3211 339 3311 culiari
371 3218 603 3284 horum
634 3228 872 3284 attenta
919 3219 1332 3285 veneratione
1364 3216 1703 3302 habitaque

153 3314 359 3369 ratione
407 3307 543 3373 iere
593 3305 972 3373 universalis
1029 3305 1544 3390 consuetudinis,
1595 3306 1704 3372 de-

153 3390 400 3487 ierantur
440 3394 565 3461 sub
613 3395 1024 3479 baldachino,
1074 3396 1425 3463 dummodo
1487 3405 1703 3459 tamen

152 3478 201 3543 id
244 3479 336 3546 liat
376 3487 645 3550 seorsim
693 3494 757 3550 et
812 3483 1178 3550 disiunctim
1236 3504 1269 3548 a
1327 3485 1702 3549 Sanctorum

152 3567 448 3653 Reliquiis,
502 3571 739 3658 quibus
790 3573 1241 3639 distinctivum·
1274 3570 1397 3638 hoc
1443 3570 1701 3637 honoris

152 3657 374 3724 omnino
419 3679 545 3727 non
607 3660 951 3739 convenit;
1012 3672 1077 3727 et
1136 3661 1214 3728 ad
1271 3661 1701 3725 Secretarium

153 3761 275 3808 cum
316 3747 504 3814 SSmo
538 3770 603 3814 ».

258 3835 424 3901 Facta
447 3837 645 3922 igitur
668 3838 752 3904 de
779 3835 1134 3924 praemissis
1166 3839 1457 3905 omnibus
1490 3845 1555 3901 et
1575 3835 1701 3902 sin-

153 3918 293 4001 gulis
332 3924 729 3992 Sanctissimo
776 3926 1042 3993 Domino
1092 3928 1318 3994 Nostro
1366 3926 1560 3992 Leoni
1591 3927 1699 3992 ΧΠ

155 4007 305 4074 Pont.
343 4014 494 4078 Max.
552 4015 860 4081 relatione
905 4033 1023 4100 per
1071 4015 1543 4104 infrascriptum
1589 4017 1700 4081 Se·

156 4100 493 4190 cretarium,
545 4103 851 4171 Sanctitas
897 4105 1017 4170 Sua
1064 4106 1288 4171 Sacrae
1339 4107 1697 4189 congrega·

158 4185 308 4277 tiouis
349 4207 602 4257 sensum
664 4191 1080 4279 approbavit,
1130 4192 1528 4260 confirmavit
1574 4192 1700 4258 ius·

155 4278 328 4356 sitque
370 4279 759 4366 promulgari
808 4291 875 4345 et
924 4281 985 4346 in
1034 4282 1187 4346 Acta
1227 4284 1563 4348 Sacrorum
1598 4280 1698 4347 Ri-

159 4366 307 4455 ttium
345 4367 866 4455 congregationis
921 4367 1181 4435 referri:
1233 4374 1547 4435 Locorum
1588 4371 1698 4434 Or·

156 4445 371 4519 dinariis
418 4455 639 4521 stricte
694 4454 1123 4555 praecipienS,
1176 4470 1245 4524 ut
1299 4456 1700 4524 eliminandis

157 4532 437 4626 abusibus,
477 4543 587 4629 qui
637 4543 1034 4631 irrepserint,
1085 4546 1453 4613 incumbant
1485 4557 1551 4612 et
1583 4551 1700 4613 De-

158 4630 291 4691 creti
341 4630 521 4698 huius
580 4631 1050 4699 observantiam
1117 4634 1533 4701 solertissime
1593 4655 1697 4701 ur-

159 4726 340 4794 geant.
388 4719 493 4785 Die
541 4724 623 4785 27
672 4720 808 4786 Maii
864 4724 1057 4789 1826.

169 4848 389 4925 2648.
634 4864 1194 4931 RAVENNATEN.
1471 4863 1696 4953 (4621)

266 4981 413 5046 Dum
456 4985 760 5052 Summus
806 4986 1097 5054 Pontifex
1140 5008 1198 5053 s.
1247 5005 1336 5052 m.
1404 4985 1546 5053 Pius
1591 4987 1694 5053 vn

158 5060 218 5126 ad
258 5067 595 5166 privilegia,
629 5074 860 5159 quibus
892 5074 1198 5149 nonnulla
1233 5073 1695 5143 canonicorum

158 5148 397 5243 Collegia
440 5159 843 5229 cohonestata
892 5163 1104 5244 fuere,
1154 5162 1550 5252 praestitutis
1601 5162 1694 5227 le-

158 5234 309 5318 8¹bus
349 5248 722 5342 continenda
769 5253 847 5319 1v
896 5254 1100 5318 Nonas
1147 5250 1288 5318 tulii
1333 5251 1478 5317 anni
1517 5252 1682 5318 1823

160 5323 536 5406 Apostolicam
598 5338 799 5406 edidit
859 5339 1425 5425 constitutionem,
1491 5330 1583 5431 ut·
1610 5344 1677 5409 S.

1825 396 1902 462 R.
1953 395 2027 460 G.
2076 396 2346 459 Decreto
2393 391 2524 459 diei
2568 394 2652 458 27
2700 390 2967 477 Augusti
3006 393 3172 458 1822
3203 397 3401 478 sup'er

1788 480 2252 549 ‘declaratione
2327 500 2476 547 usus
2543 478 3003 546 Pontificalium
3077 477 3271 544 robur
3330 498 3399 543 ac

1824 569 2085 637 firmitas
2126 569 2483 651 accederet,
2520 567 3110 636 Reverendissimus
3140 566 3401 633 Archie-

1823 660 2120 746 piscopus
2163 662 2488 724 Ravennas
2533 655 2841 723 Antonius
2871 653 3254 737 Codroncbi,
3288 656 3399 740 qui

1823 765 2035 835 nuper
2101 744 2224 811 lato
2294 744 2521 830 cessit,
2585 744 2956 810 universum
3022 743 3418 810 eorumdem.

1822 853 2011 901 usum
2058 833 2477 920 Dignitatibus
2508 845 2574 899 et
2621 830 2947 898 Canonicis
2989 848 3142 897 suae
3173 833 3400 896 Metro-

1822 923 2141 1009 politanae
2185 921 2509 988 Ecclesiae
2557 931 2728 987 ratus
2777 931 2872 986 est
2919 918 3236 1003 inhibere,
3286 920 3400 985 do-

1822 1027 1939 1076 nec
1986 1009 2329 1097 peculiaria
2373 1028 2484 1076 sua
2533 1009 2692 1092 iura,
2743 1008 2915 1074 iuxta
2947 1005 3246 1074 recensiti
3282 1011 3399 1074 De-

1820 1099 1976 1165 creti
2029 1098 2362 1187 placitum,
2414 1097 2477 1164 in
2509 1100 2758 1164 Sacram
2794 1096 3086 1163 eamdem
3119 1098 3396 1182 Congre-

1820 1186 2142 1273 gationem
2215 1185 2678 1273 perpendenda
2753 1185 3181 1252 deducerent.
3268 1182 3399 1250 Etsi

1819 1293 1973 1341 vero
2025 1277 2252 1342 horum
2296 1274 2581 1342 studium
2614 1274 2777 1341 inid
2810 1272 3209 1360 potissimum
3251 1290 3400 1339 con·

1824 1364 2157 1449 tenderet,
2216 1373 2289 1429 ut
2351 1381 2539 1449 quam
2597 1361 2896 1429 citissime
2953 1359 3400 1428 huiuscemodi

1818 1452 2152 1537 negotium
2200 1453 2370 1518 Sacri
2417 1455 2758 1519 consessus
2807 1448 3037 1516 iudicio
3069 1448 3400 1538 expende-

1813 1550 2019 1623 retur,
2068 1560 2153 1607 ne
2197 1558 2408 1605 sacrae
2457 1538 2818 1606 functiones
2878 1548 3189 1604 consueto
3250 1536 3397 1606 niti·

1816 1627 1978 1694 diori
2026 1628 2453 1713 nobiliorique
2498 1637 2760 1715 aspectu
2790 1645 2860 1692 ac
2893 1627 3185 1693 decentia
3232 1626 3399 1694 irau-

1815 1714 2156 1796 darentur;
2191 1715 2658 1782 vicissitudines
2691 1727 2925 1799 tamen,
2963 1715 3153 1781 etiam
3183 1714 3401 1782 incen-

1816 1803 1930 1888 dii,
1979 1805 2165 1890 queis
2210 1804 2480 1891 Capituli
2529 1802 2930 1870 Tabularium
2975 1821 3169 1889 saepe
3232 1801 3400 1869 labo·

1815 1892 1999 1977 ravit,
2051 1911 2188 1959 rem
2237 1910 2495 1958 omnem
2540 1893 2619 1959 ad
2664 1891 3085 1958 novissimum
3139 1891 3398 1959 Ordina-

1814 1979 1982 2045 rium
2028 1983 2300 2048 Coetum
2344 1981 2683 2064 distulere,
2734 1980 2843 2066 qui
2890 1981 2968 2047 ad
3027 1980 3400 2048 Vaticanum

1815 2066 2022 2154 pridie
2071 2072 2275 2140 Nonas
2321 2069 2458 2135 Maii
2505 2068 2693 2135 huius
2738 2068 2882 2135 anni
2931 2078 3186 2135 coactus
3249 2067 3396 2135 l'uit.

1814 2158 2123 2243 Expensis
2144 2157 2635 2244 privilegiorum
2664 2158 3006 2224 momentis
3041 2156 3104 2221 in
3134 2157 3400 2223 authen·

1815 2243 1949 2310 ticis
1979 2244 2359 2332 apographis
2392 2255 2457 2310 et
2488 2243 2969 2332 authographis,
3009 2242 3144 2311 Emi
3186 2248 3398 2310 Patres

1812 2332 2014 2399 Sacris
2054 2332 2298 2400 Ritibus
2339 2333 2594 2400 tuendis
2641 2333 2988 2421 praepositi
3019 2331 3301 2400 unanimi
3335 2331 3398 2397 in

1810 2431 1961 2487 voto
1987 2419 2194 2505 fuere,
2216 2424 2690 2510 expectandum
2716 2441 2854 2488 esse
2876 2440 3118 2488 novum
3139 2420 3398 2487 Archie-

1810 2508 2169 2596 piscopum.
2235 2509 2448 2577 Divina
2502 2520 2888 2598 protegente
2941 2510 3138 2597 gratia
3197 2509 3398 2596 ipsam

1810 2600 2242 2664 Ravennaten.
2290 2598 2665 2683 Ecclesiam,
2701 2616 2866 2684 quae
2913 2618 2993 2665 ex
3035 2596 3395 2664 testimonio

1807 2687 2159 2758 innocentii
2210 2692 2409 2772 Papae
2459 2691 2533 2753 ΙΙΙ
2578 2689 2753 2773 quasi
2815 2685 3238 2773 Primogenita
3302 2695 3396 2751 est

1808 2774 2207 2862 Apostolicae
2258 2775 2468 2858 Sedis,
2503 2794 2670 2841 novo
2718 2775 2832 2842 illo
2866 2774 3139 2842 excitato
3172 2772 3396 2841 Archi-

1807 2863 2131 2948 praesule,
2181 2864 2423 2930 Summi
2471 2863 2740 2930 Pastoris
2784 2863 3046 2946 iudicio,
3098 2862 3397 2950 Dignitati

1809 2949 1955 3017 huic
1999 2954 2135 3038 pari
2185 2951 2471 3037 invento,
2509 2953 2837 3042 extemplo
2870 2951 3235 3039 Capitulum
3270 2952 3396 3016 Me-

1810 3041 2227 3128 tropolitanae
2261 3045 2455 3110 Ssmo
2488 3041 2753 3109 Domino
2799 3044 3028 3108 Nostro
3058 3041 3252 3108 Leoni
3286 3044 3392 3108 Xll

1810 3134 1988 3196 Pont.
2026 3135 2186 3198 Max.
2214 3130 2574 3198 humillime
2607 3129 3017 3219 supplicavit,
3053 3141 3125 3196 ut
3148 3131 3230 3197 de
3256 3129 3394 3216 ple·

1808 3219 2098 3286 nitudine
2154 3219 2517 3306 potestatis,
2571 3224 2728 3286 Emo
2776 3220 2964 3287 Card.
3016 3219 3392 3306 Falzacappa

1805 3309 2068 3374 Ponenti
2138 3309 2244 3375 vel
2314 3311 2387 3374 R.
2450 3313 2516 3374 P.
2585 3307 2983 3389 Secretario,
3047 3308 3394 3374 accedente

1806 3397 2255 3463 informatione
2312 3407 2377 3462 et
2426 3405 2574 3462 voto
2621 3394 2758 3464 Rmi
2805 3395 3278 3483 Archiepiscopi
3331 3393 3393 3460 in

1805 3483 2016 3568 Curia,
2064 3503 2314 3550 causam
2364 3485 2521 3552 hanc
2577 3484 3049 3551 discutiendam
3104 3483 3393 3550 commit-

1806 3583 1946 3639 tere
1975 3572 2374 3659 dignaretur.
2428 3574 2732 3640 Sanctitas
2771 3575 2919 3656 Sua,
2954 3573 3254 3662 precibus
3287 3570 3393 3636 be-

1804 3660 1997 3747 nigne
2043 3661 2340 3728 inclinata
2369 3662 2488 3727 sub
2520 3661 2626 3728 die
2662 3664 2745 3729 20
2778 3660 3175 3746 Septembris
3206 3659 3395 3727 huius

1771 3749 1947 3835 anni
2000 3751 2580 3836 congregationem
2642 3749 3090 3839 particularem
3145 3747 3389 3835 statuit,

1804 3836 2288 3924 designavitque
2323 3842 2509 3906 Emos
2541 3838 2941 3905 Praefectum
2978 3840 3060 3907 de
3093 3836 3391 3920 Somalia,

1804 3924 2262 4012 laudatumque
2305 3931 2684 4010 Ponentem,
2719 3926 2828 4013 qui
2876 3945 2997 3993 una
3039 3946 3184 3993 cum
3216 3931 3289 3993 R.
3320 3928 3389 3990 P.

1803 4014 2141 4080 Pescetelli
2175 4019 2238 4083 S.
2271 4014 2447 4082 Fidei
2489 4019 2885 4098 Promotore,
2919 4020 2993 4082 R.
3025 4020 3095 4082 D.
3126 4013 3387 4081 Frattini

1805 4101 2002 4188 ipsius
2040 4105 2265 4170 Sacrae
2310 4102 2833 4191 congregationis
2879 4105 3208 4169 Assessore
3241 4104 3394 4168 Coa-

1802 4190 2084 4275 diutore,
2135 4210 2374 4278 meque
2431 4192 2831 4278 infrascripto
2886 4190 3254 4258 Secretario
3291 4207 3394 4253 su-

1805 4297 1922 4366 per
1967 4297 2039 4344 re
2080 4281 2537 4348 decernerent.
2583 4284 2816 4347 Octavo
2862 4280 2994 4362 die,
3029 4279 3278 4346 scilicet
3311 4281 3392 4346 IV

1801 4368 1939 4434 Kal.
1971 4367 2284 4451 Octobris,
2321 4368 2667 4435 coadunata
2703 4386 2905 4455 penes
2936 4371 3164 4435 Effium
3197 4368 3385 4434 Card.

1805 4455 2003 4522 Praei.
2045 4457 2409 4542 particulari
2456 4457 2569 4523 hac
2604 4456 3139 4558 congregatione,
3172 4455 3391 4521 audito

1802 4552 1952 4610 voto
2008 4546 2151 4611 Rn‘ti
2210 4544 2691 4633 Archiepiscopi
2750 4565 2817 4611 in
2868 4544 3092 4628 Curia,
3142 4542 3394 4629 scriptis

1803 4632 2061 4698 reddito
2107 4642 2299 4718 atque
2346 4634 2579 4699 iterum
2627 4634 2925 4720 expensis
2969 4632 3172 4699 allatis
3204 4631 3391 4697 ratio-

1804 4738 1958 4785 num
1991 4720 2336 4787 momentis
2368 4721 2745 4808 collatisque
2778 4720 3081 4802 consiliis,
3111 4720 3388 4785 unanimi

1801 4818 1950 4874 voto
1996 4809 2414 4876 statuendum
2461 4809 2788 4875 decrevit:

1931 4916 1968 4960 ⁴1
2000 4898 2218 4974 Quoad
2253 4898 2717 4985 palmatoriam,
2753 4895 3167 4983 Affirmativ03
3219 4897 3390 4962 iuxta

1804 4983 2218 5072 privilegium
2266 4994 2334 5050 et
2379 4984 2766 5052 laudabilem
2816 4985 3386 5052 consuetudinem:

1800 5090 2038 5160 nempe
2088 5093 2159 5139 ea
2205 5071 2298 5139 uti
2330 5072 2575 5158 possint
2616 5073 2963 5161 Dignitates
2996 5084 3061 5139 et
3092 5073 3391 5140 Canonici

1800 5161 2324 5250 metropolitanae
2370 5165 2800 5229 Ravennaten.
2857 5163 2921 5227 in
2952 5161 3221 5229 civitate
3253 5161 3389 5228 uni·

1798 5268 2107 5335 versaque
2157 5249 2442 5317 Dioecesi
2490 5250 2555 5316 in
2602 5250 2897 5317 omnibus
2945 5249 3391 5317 ecclesiasticis

1798 5337 2267 5420 functionibus3
2314 5338 2669 5406 dummodo
2715 5336 2943 5425 aliquis
2988 5356 3120 5404 non
3147 5339 3389 5404 assistat
