4042 5950
2096 217 2568 297 -248-

685 379 979 467 tiquioris
1022 375 1317 445 Canonici
1363 375 1674 443 Pruefecti
1719 373 1966 444 Chori'?
2017 385 2084 442 et
2130 393 2278 461 qua-

688 478 877 535 tenus
925 466 1256 555 negative,

819 559 882 623 3.
931 557 1028 621 An
1082 553 1314 621 saltem
1371 554 1581 622 valeat
1637 552 1999 621 continuari
2062 552 2144 619 de
2201 551 2274 616 li-

689 645 895 711 centia
943 639 1297 730 Episcopi?

819 736 900 798 Et
944 734 1128 800 Sacra
1175 731 1434 798 Rituum
1480 730 1907 817 congregatio
1937 727 2058 796 sub
2087 729 2277 796 infra-

687 819 808 886 scri
862 831 921 886 ta
949 820 1058 887 die
1089 818 1167 885 ad
1200 819 1571 886 Vaticanum
1603 820 1668 886 in
1697 817 2026 886 ordinario
2073 822 2276 886 coetu

688 927 799 975 coa
849 919 1061 992 unata,
1097 906 1391 974 omnibus
1422 917 1673 974 mature
1766 906 2055 993 arpensis
2093 925 2279 972 accu-

688 1005 957 1081 rateque
1025 995 1464 1081 consideratis,
1513 995 1592 1062 ad
1647 1015 1719 1061 re
1748 994 2029 1060 ationem
2088 994 2277 1060 infra·

686 1082 909 1171 scripti
978 1083 1355 1166 secretarii,
1425 1082 1906 1150 rescribendum
1976 1082 2271 1149 censuit:

688 1192 728 1236 ‹
761 1171 1071 1259 Negative
1116 1173 1184 1238 in
1228 1172 1559 1252 omnibus3
1607 1190 1729 1237 nec
1759 1168 2051 1236 satisfieri
2081 1168 2275 1236 chori

691 1258 1062 1347 obligationi
1106 1278 1228 1347 per
1271 1259 1578 1349 privatam
1624 1257 2003 1325 recensitam
2049 1257 2276 1324 recita·

689 1349 932 1415 tionem
993 1350 1223 1415 Sextae
1286 1358 1351 1414 et
1411 1349 1660 1429 Nonae,
1723 1355 2013 1433 tempore
2059 1345 2276 1412 Missae

689 1435 1143 1505 Conventualis
1174 1457 1237 1501 ».
1288 1434 1403 1503 Die
1455 1438 1531 1503 16
1578 1434 1779 1502 Martii
1831 1438 2021 1502 1833.

692 1579 951 1649 2700.
1288 1579 1662 1646 mamm.
2043 1573 2271 1664 (4700)

820 1702 1128 1770 Sacerdos
1172 1701 1433 1788 quidam
1481 1699 1988 1769 Archidioecesis
2040 1698 2277 1765 Firma-

688 1810 832 1876 nae,
868 1789 1178 1857 Aedituus
1223 1789 1449 1855 ruralis
1497 1789 1818 1857 Ecclesiae
1866 1787 1976 1855 ubi
2006 1786 2275 1855 Sanctis·

686 1879 921 1945 simum
966 1876 1397 1944 Eucharistiae
1444 1880 1923 1946 Sacramentum
1981 1873 2274 1963 quotidie

688 1975 1068 2051 asservatur,
1105 1968 1356 2034 Sacram
1391 1967 1653 2034 Rituum
1697 1963 2272 2053 Congregationem

687 2055 963 2142 supplex
1028 2053 1309 2143 rogavit,
1372 2063 1445 2121 ut
1503 2056 1828 2123 declarare
1897 2053 2276 2140 dignaretur

687 2161 965 2229 sequens
1032 2143 1335 2229 dubium3
1394 2143 1743 2210 nimirum:
1806 2146 1902 2210 An
1962 2140 2274 2207 Aedituus

684 2229 915 2297 ruralis
962 2229 1311 2315 Ecclesiae,
1360 2232 1470 2299 ubi
1517 2229 1992 2299 sanctissimum
2029 2226 2275 2294 Eucha-

686 2317 899 2385 ristiae
945 2321 1423 2386 Sacramentum
1468 2338 1730 2407 semper
1760 2328 2144 2398 asservatur,
2177 2324 2276 2380 te-

686 2417 916 2472 neatur
960 2406 1044 2473 ibi
1092 2407 1409 2492 residere,
1439 2416 1512 2473 ut
1544 2410 2025 2473 Sacrosanctum
2055 2404 2274 2469 Missae

687 2492 1077 2562 Sacrificium
1110 2495 1397 2580 quotidie
1429 2492 1751 2573 celebret;
1786 2495 1893 2560 vel
1921 2493 2125 2581 possit
2152 2509 2274 2578 per

687 2581 973 2667 quinque
1018 2591 1125 2647 aut
1169 2601 1282 2648 sex
1313 2581 1452 2649 dies
1482 2579 1772 2668 quolibet
1800 2599 2025 2648 mense
2055 2578 2271 2645 absce-

686 2669 869 2754 dere,
893 2679 990 2823 Ῥιιι
1035 2668 1170 2736 aliis
1218 2668 1712 2758 obligationibus
1747 2669 1812 2736 in
1840 2669 1960 2736 alia
1989 2667 2273 2735 Ecclesia

688 2765 872 2824 vacet

817 2847 898 2910 Et
942 2847 1127 2912 Sacra
1170 2844 1432 2912 Rituum
1478 2846 1931 2933 congregatio,
1982 2845 2049 2912 in
2095 2844 2273 2913 Ordi-

684 2931 861 2999 nario
920 2936 1123 3001 coetu
1180 2934 1259 3001 ad
1314 2933 1685 3003 Vaticanum
1745 2934 2102 3023 subscripta
2161 2932 2269 3001 die

685 3022 1063 3108 coadunata,
1125 3023 1652 3110 respondendum
1719 3024 2015 3091 censuit:
2080 3045 2119 3088 ‹
2151 3027 2271 3090 Te-

685 3109 827 3176 neri
872 3111 950 3179 ad
995 3109 1404 3179 residentiam
1454 3120 1519 3179 et
1565 3111 1998 3198 quotidianam
2055 3112 2273 3177 Missae

685 3196 1216 3283 celebrationem,
1265 3202 1371 3266 vel
1433 3219 1551 3288 per
1605 3220 1677 3267 se
1736 3200 1842 3267 vel
1906 3218 2026 3286 per
2071 3200 2267 3266 alium

684 3287 1099 3376 Sacerdotem
1130 3309 1194 3355 ».
1246 3288 1359 3356 Die
1411 3292 1489 3356 16
1537 3289 1739 3356 Martii
1791 3292 1977 3357 1833.

683 3462 930 3534 2701.

1240 3466 1702 3535 Nauunan.
2034 3464 2263 3553 (4701)

812 3637 1169 3705 Hodiernus
1189 3639 1578 3706 secretarius
1599 3638 2137 3708 Reverendissimi
2156 3641 2269 3705 Na-

680 3740 973 3792 murcen.
1009 3725 1305 3812 Episcopi
1344 3729 1565 3794 Sacrae
1608 3726 1869 3794 Rituum
1899 3731 2264 3813 congrega-

677 3813 837 3880 tioni
883 3831 1156 3898 sequens
1202 3814 1534 3901 proposuit
1578 3813 1844 3882 dubium
1880 3834 1998 3901 pro
2031 3834 2263 3904 oppor-

684 3911 831 3967 tuna
883 3901 1241 3981 solutione;
1297 3901 1636 3969 nimirum:
1691 3907 1760 3969 ln
1812 3903 2001 3968 variis
2055 3903 2262 3991 regio·

678 3987 889 4073 nibuS,
945 4009 1014 4055 ac
1069 3990 1448 4077 praesertim
1500 3989 1566 4056 in
1616 3989 1836 4073 Gallia,
1886 3990 2147 4056 Missalia
2195 4005 2260 4058 et

676 4075 991 4144 Breviaria
1050 4097 1121 4144 ac
1190 4079 1380 4145 etiam
1446 4075 1617 4145 Libri
1677 4077 1981 4165 Liturgici
2041 4077 2259 4165 impri-

675 4174 938 4233 muntur
1003 4166 1241 4252 absque
1311 4166 1563 4232 licentia
1628 4184 1743 4232 seu
1802 4166 2259 4255 approbatione

673 4251 1024 4333 Ordinarii;
1073 4272 1285 4340 quam,
1320 4263 1575 4343 praeter
1607 4252 1961 4321 Concilium
1993 4254 2261 4320 Triden-

677 4339 904 4425 tinum,
932 4343 1190 4409 omnino
1221 4343 1560 4430 requirunt
1590 4340 2088 4409 constitutiones
2116 4344 2261 4409 cle-

676 4428 908 4495 mentis
954 4434 1152 4515 Papae
1198 4435 1329 4498 VIII
1374 4441 1567 4517 atque
1609 4430 1841 4498 Urbani
1902 4434 2101 4519 Papae
2160 4430 2261 4496 iti»

674 4518 828 4584 dem
853 4521 1006 4584 VIII.
1038 4519 1436 4619 Supponitur
1464 4517 1638 4604 quod
1667 4518 1734 4586 in
1764 4518 1955 4585 Gallia
1988 4518 2258 4605 aliisque

670 4604 1035 4674 huiusmodi
1066 4607 1438 4692 regionibus
1469 4610 1813 4673 Decretum
1837 4606 2099 4675 concilii
2125 4608 2256 4675 Tri·

670 4693 916 4762 dentiui
964 4694 1299 4763 Librorum
1351 4693 1875 4784 approbationem
1920 4695 2258 4782 requirens

671 4791 736 4848 et
782 4781 1100 4869 praefatae
1144 4784 1646 4851 Constitutiones
1692 4784 2087 4869 Apostolicae
2135 4804 2255 4852 usu

666 4887 797 4935 non
824 4870 950 4937 sint
995 4885 1322 4958 receptae,
1357 4872 1461 4940 vel
1496 4891 1614 4961 per
1645 4891 1833 4939 usum
1866 4874 2253 4940 contrarium

2373 384 2441 441 et
2492 382 3075 462 supramemoratae
3130 371 3635 443 constitutiones
3692 374 3919 463 Apostu

2375 461 2534 530 licae
2580 462 3010 529 communiter
3049 472 3409 530 servantur.

2505 555 2588 617 Et
2631 553 2815 618 Sacra
2858 550 3120 618 Rituum
3171 548 3633 637 congregatio,
3679 549 3740 616 in
3779 551 3921 618 Ordi-

2373 638 2561 707 nariis
2605 638 2891 707 comitiis
2935 636 3011 705 ad
3062 639 3386 707 Vaticanas
3415 638 3627 705 Aedes
3656 637 3922 706 hodierna

2374 726 2483 793 die
2515 727 2884 812 coadunata,
2918 728 2996 793 ad
3031 727 3412 793 relationem
3447 725 3820 813 infrascripti
3846 730 3925 795 Se

2376 814 2653 900 cretarii,
2701 814 3229 902 respondendum
3273 813 3573 881 censuit:
3633 836 3672 879 ‹
3705 817 3831 884 Non
3867 816 3924 881 li·

2370 921 2546 986 cere,
2596 902 2712 969 nisi
2756 902 3020 970 servatis
3074 901 3654 969 constitutionibus
3699 905 3925 990 Aposto-

2376 991 2514 1057 licis
2546 1012 2609 1056 ».
2659 992 2774 1058 Die
2827 994 2904 1058 16
2952 989 3153 1057 Martii
3202 994 3403 1058 1833.

2378 1131 2632 1200 2702.
2944 1133 3384 1200 navarrus.
3740 1132 3921 1217 (4704)

2504 1256 2710 1333 Quum
2758 1255 2823 1320 in
2868 1252 3227 1322 cathedrali
3273 1253 3615 1322 Tiburtina
3657 1273 3777 1341 per
3801 1252 3922 1318 libe·

2373 1360 2507 1409 ram
2548 1342 3102 1410 renunciationem
3148 1342 3519 1411 Sacerdotis
3579 1341 3815 1410 camilli
3862 1340 3921 1407 de

2375 1430 2657 1498 Camillis
2722 1440 2974 1496 vacaret
3041 1430 3459 1498 residentiale
3532 1428 3918 1509 Beneficium,

2375 1520 2453 1586 ad
2501 1519 2662 1587 illud
2706 1517 2785 1584 ab
2828 1538 2957 1587 uno
3004 1536 3088 1586 ex
3133 1519 3444 1604 Patronis,
3499 1518 3661 1606 quin
3713 1516 3922 1585 alterius

2375 1625 2719 1676 consensus
2778 1607 3271 1692 exquireretur,
3339 1615 3784 1695 praesentatus
3833 1604 3919 1670 init

2373 1695 2684 1763 Sacerdos
2729 1695 2959 1782 loseph
3015 1690 3341 1776 cicinelli;
3394 1706 3464 1763 et
3512 1693 3794 1782 quamvis
3832 1696 3920 1758 Re-

2374 1784 2687 1873 scriptum
2754 1782 3139 1850 Sanctissimi
3204 1785 3533 1850 sanaverit
3603 1778 3919 1850 huiusmodi

2373 1871 2699 1939 defectum
2749 1889 3095 1938 consensus
3155 1871 3421 1939 alterius
3473 1868 3752 1953 Patroni,
3804 1877 3919 1932 atta-

2375 1977 2526 2026 men
2557 1960 2622 2027 id
2661 1958 2807 2028 satis
2850 1976 2980 2025 non
3023 1959 3144 2027 fuit
3190 1959 3266 2027 ad
3312 1959 3671 2027 sedandam
3714 1966 3918 2023 contro·

2372 2046 2644 2114 versiam
2691 2048 2843 2114 inde
2888 2058 3200 2115 exortam.
3247 2053 3448 2115 Immo
3482 2066 3610 2136 per
3639 2043 3919 2141 biennium

2375 2136 2582 2204 litium
2607 2135 2811 2223 iurgia
2837 2135 3117 2203 exercita
3147 2147 3320 2219 sunt,
3348 2146 3492 2203 tum
3520 2134 3690 2223 apud
3715 2136 3917 2199 curiam

2374 2225 2804 2313 episcopalem
2860 2222 3277 2311 Tiburtinam,
3333 2236 3476 2291 tum
3539 2222 3731 2292 etiam
3785 2214 3918 2316 apud

2373 2316 2594 2380 Sacrae
2660 2317 2976 2380 Romanae
3042 2316 3240 2380 Rotae
3306 2312 3646 2380 Tribunal.
3705 2313 3918 2405 Interim

2371 2402 2640 2468 aliorum
2668 2400 3133 2468 Beneficiorum
3180 2401 3423 2488 pariter
3450 2395 3917 2467 residentialium

2370 2488 2836 2575 possessionem
2882 2488 2987 2555 alii
3030 2498 3180 2555 sunt
3237 2489 3484 2578 adepti,
3537 2509 3611 2555 ac
3658 2482 3919 2553 Sacerdos

2370 2575 2660 2646 Cicinelli
2707 2578 2919 2644 animo
2972 2587 3276 2677 reputans
3320 2597 3391 2644 se
3437 2578 3518 2645 ad
3566 2569 3916 2643 Beneficium

2373 2666 2469 2733 ius
2498 2665 2904 2752 acquisivisse
2950 2685 2984 2731 a
3012 2665 3120 2732 dte
3152 2663 3707 2754 praesentationis,
3739 2670 3917 2743 atque,

2366 2772 2549 2821 causa
2595 2765 2844 2821 tantum
2905 2753 3142 2837 litium,
3190 2754 3270 2820 ab
3315 2755 3452 2820 eius
3500 2751 3663 2820 reali
3714 2761 3918 2836 posses·

2368 2841 2546 2909 sione
2602 2842 3055 2930 praepeditum
3115 2841 3344 2926 fuisse,
3405 2844 3638 2909 Sacrae
3694 2835 3917 2904 nimum

2367 2930 2859 3020 congregationi
2881 2929 3212 3017 sequentia
3236 2929 3425 2998 dubia
3450 2925 3779 2998 enodanda
3805 2937 3917 3010 pro-

2367 3018 2621 3106 posuit3
2674 3019 3028 3086 nimirumz

2506 3112 2563 3174 1.
2621 3110 2851 3174 Utrum
2915 3108 3050 3194 ipse
3114 3107 3179 3174 in
3238 3108 3449 3175 Choro
3510 3104 3705 3173 modo
3761 3115 3915 3201 occu-

2367 3214 2518 3296 pare
2550 3194 2784 3262 debeat
2814 3195 3121 3263 ultimum·
3145 3196 3440 3274 stallum;
3490 3214 3574 3262 an
3601 3210 3753 3259 vero
3781 3181 3909 3253 illud

2280 3345 2287 3352 .
2366 3303 2433 3350 m
2476 3303 2604 3369 quo
2649 3283 2885 3350 sedere
2939 3282 3307 3370 debuisset,
3366 3282 3487 3349 nisi
3551 3282 3697 3350 lites
3752 3276 3913 3343 inter·

2366 3368 2752 3440 cessissent?

2502 3464 2566 3527 2.
2614 3462 2714 3527 An
2756 3460 2823 3526 in
2870 3479 3042 3545 casu,
3076 3480 3205 3547 quo
3235 3460 3355 3528 sibi
3394 3478 3522 3528 non
3571 3456 3911 3538 suffragetur

2366 3548 2690 3615 antianitas
2714 3569 2747 3614 a
2776 3547 2882 3616 die
2907 3550 3430 3637 praesentationis
3460 3549 3685 3635 petita,
3716 3543 3907 3637 saltatu

2364 3637 2459 3703 uti
2504 3637 2813 3705 Sacerdos
2855 3639 3249 3725 praecedere
3285 3637 3521 3706 debeat
3555 3629 3908 3704 Beneficnaus

2365 3725 2624 3794 Clericis
2668 3726 2823 3792 reali
2869 3726 3268 3811 possessione
3313 3714 3808 3811 antiquioribus?
3870 3798 3880 3809 .

2494 3816 2574 3878 Et
2621 3816 2806 3880 Sacra
2849 3814 3111 3880 Rituum
3164 3813 3612 3901 congregatio,
3660 3811 3723 3876 in
3761 3799 3904 3902 Orth·

2362 3901 2540 3969 nario
2584 3904 2788 3968 coetu
2834 3902 2912 3969 ad
2959 3902 3328 3971 Vaticanum
3385 3900 3505 3967 sub
3548 3897 3902 3990 infrascript?

2364 3990 2473 4057 die
2532 3989 2909 4074 coadunata,
2973 3990 3050 4057 ad
3112 3991 3493 4058 relationem
3562 3983 3899 4065 infrascripti

2362 4077 2730 4157 Secretarii,
2778 4077 3073 4146 omnibus
3137 4089 3383 4146 mature
3431 4072 3784 4167 perpensiS,
3824 4081 3900 4131 re·

2361 4164 2813 4253 spondendum
2861 4166 3155 4234 censuit:

2491 4254 2587 4321 Ad
2643 4258 2702 4320 1.
2751 4275 2789 4320 ‹
2824 4253 3254 4337 Affirmative,
3318 4252 3395 4320 ad
3456 4253 3726 4341 primam
3790 4257 3900 4332 par·

2360 4355 2541 4429 tem3
2590 4343 2924 4430 Negative,
2974 4343 3050 4411 ad
3099 4343 3442 4410 secundam
3473 4363 3539 4409 ».

2490 4432 2588 4499 Ad
2633 4436 2700 4497 2.
2750 4454 2789 4497 ‹
2822 4431 3210 4499 Affirmative
3244 4452 3305 4496 ».

2489 4526 2700 4605 Atque
2746 4521 2828 4587 ita
2872 4518 3198 4607 rescripsit
3256 4519 3622 4606 servarique
3683 4506 3892 4585 manda·

2359 4608 2475 4676 vit.
2524 4610 2637 4675 Die
2689 4612 2768 4676 16
2814 4607 3014 4674 Martii
3067 4611 3258 4676 1833.

2358 4750 2609 4819 2703.
2907 4721 3382 4818 ancleTEN.

2485 4876 2707 4942 Sacrae
2772 4872 3031 4941 Rituum
3097 4871 3590 4959 congregationi
3656 4875 3893 4953 sequens

3703 4731 3888 4834 (4706)

666 4957 798 5022 vim
844 4960 1243 5048 obligationis
1302 4961 1650 5028 amiserint.
1712 4960 1870 5027 Hinc
1924 4963 2255 5047 quaeritur
2352 4962 2751 5049 propositum
2807 4960 2929 5029 fuit
2990 4961 3257 5029 dubium
3305 4980 3386 5026 ex
3433 4970 3613 5048 parte
3658 4947 3888 5054 capitul!

665 5066 745 5112 an
790 5047 1154 5117 huiusmodi
1199 5049 1417 5117 Libros
1448 5051 1685 5135 absque
1721 5050 2026 5136 requisita
2071 5050 2252 5118 Ordi-
2351 5050 2743 5118 cathedralis
2800 5049 3121 5117 Ecclesiae
3178 5049 3584 5134 Recineten.,
3644 5057 3714 5115 ut
3759 5031 3887 5108 illud

666 5133 827 5201 narii
875 5133 1129 5203 licentia
1175 5136 1516 5224 impressos
1550 5139 1739 5203 liceat
1770 5157 2014 5222 emere,
2050 5156 2249 5225 penes
2352 5137 2435 5204 de
2488 5157 2669 5205 more
2728 5138 3052 5205 declarare
3110 5137 3514 5225 dignaretur;
3577 5135 3882 5224 nimirum:

666 5242 736 5289 se
769 5222 1050 5290 retinere
1095 5223 1300 5309 iisque
1347 5224 1438 5292 uti
1478 5226 1543 5291 in
1579 5225 1799 5311 Belgio
1845 5224 2108 5311 aliisque
2148 5243 2249 5290 re·
2347 5233 2445 5293 An
2490 5225 2848 5292 beneficiati
2910 5227 3107 5312 ipsius
3153 5224 3586 5304 cathedralis,
3637 5223 3740 5311 qui
3778 5220 3885 5284 ΒΜ·

666 5309 985 5403 gionibus,
1033 5311 1141 5378 ubi
1188 5315 1530 5380 Decretum
1576 5310 1839 5383 concilii
1890 5312 2245 5381 Tridentini
2349 5315 2490 5382 coni
2522 5324 2586 5379 et
2618 5312 2995 5384 subdiaconi
3042 5314 3259 5382 munia
3301 5331 3613 5382 exercere
3657 5307 3879 5382 debent,
