4042 5950
1542 222 1854 331 -2‘39
1907 292 2012 309 -

260 418 367 481 15.
413 412 531 483 Die
573 412 1046 499 decimaquarta
1082 407 1481 493 Novembris,
1515 408 1624 475 vel
1653 409 1705 476 si

119 504 275 570 haec
340 502 532 570 fuerit
585 499 933 585 Dominica,
981 498 1346 588 insequenti
1399 496 1576 565 Feria
1629 500 1703 581 11,

120 590 456 676 quotannis
530 588 892 658 celebratur
968 585 1480 655 Anniversarium
1558 603 1705 652 cum

121 679 297 745 Missa
347 679 432 745 de
477 677 792 765 Requiem
836 686 981 763 post
1025 677 1266 742 Nonam
1372 695 1442 740 ro
1505 672 1732 745 omni-.

118 768 235 833 bus
293 767 653 850 canoniciS,
702 763 1103 852 cappellanis
1158 773 1223 830 et
1282 766 1327 829 c
1358 762 1545 830 ericis
1595 762 1706 830 de-

119 855 355 923 functis
401 854 419 920 i
469 855 601 922 sius
645 851 972 921 Ecclesiae
1031 850 1421 919 primatialis.
1472 855 1711 938 Eapro·

119 954 265 1031 pter
295 942 397 1030 pri
451 944 512 1011 ie
541 941 911 1010 immediate
942 950 1084 1026 post
1115 942 1451 1028 VesperaS,
1479 940 1707 1008 omisso

116 1032 544 1118 Responsorio
604 1030 929 1097 Fidelium
989 1032 1278 1111 animae,
1339 1027 1713 1118 proceditur

117 1119 192 1186 ad
224 1120 732 1203 coemeterium,
767 1118 983 1204 ibique
1015 1126 1305 1185 cantatur
1348 1134 1500 1183 cum
1546 1114 1709 1183 lnvi-

121 1208 348 1274 tatorio
420 1211 815 1275 Nocturnum
886 1205 1383 1287 Defunctorum,
1438 1214 1505 1271 et
1565 1212 1711 1291 post

120 1300 192 1362 111
235 1294 618 1363 Lectionem
682 1294 918 1362 dicitur
986 1294 1531 1381 Responsorium:
1603 1294 1714 1358 Li-

119 1385 261 1450 bera
311 1404 412 1449 me
457 1387 769 1465 Domine5
817 1394 883 1449 et
926 1382 1000 1450 fit
1046 1383 1379 1451 Absolutio
1411 1381 1581 1449 utin
1610 1380 1712 1447 Ri-

123 1472 300 1539 tuali.
353 1472 562 1541 Simili
593 1473 786 1540 modo
828 1471 1197 1537 immediate
1229 1482 1374 1557 post
1403 1474 1716 1557 vesperas

121 1560 247 1627 itur
290 1562 374 1629 ad
420 1560 851 1650 Sepulchrum
883 1560 1140 1627 Henrici
1173 1562 1278 1626 v11
1308 1557 1715 1645 Imperatoris

120 1647 222 1715 die
266 1653 357 1717 24
405 1648 721 1736 Augusti3
783 1660 848 1715 et
903 1649 1010 1716 die
1057 1651 1138 1714 21
1187 1645 1584 1734 Septembris
1634 1645 1712 1712 ad

121 1738 556 1824 Sepulchrum
601 1736 902 1803 Beatricis
943 1736 1152 1802 Matris
1196 1734 1566 1802 comitissae
1597 1737 1714 1801 ssa-

125 1824 340 1893 thildis
373 1827 454 1893 ad
489 1825 840 1892 faciendam
875 1824 1364 1893 Absolutionem
1395 1834 1467 1890 ut
1497 1842 1714 1910 supra,

123 1933 280 2000 quae
345 1912 494 1982 fieri
551 1914 768 2002 potius
830 1913 1107 1981 deberet
1167 1911 1471 1998 sequenti
1529 1928 1716 1978 mane

125 2014 259 2091 post
297 2002 549 2069 Missam
583 2002 666 2069 de
698 2002 1039 2088 Requiem.
1088 2005 1256 2069 Haec
1288 2001 1714 2082 consuetudo,

124 2093 268 2158 licet
313 2089 613 2159 Rubricis
660 2091 917 2158 Missalis
964 2100 1028 2157 et
1072 2088 1337 2157 Ritualis
1377 2087 1715 2172 contraria,

123 2181 445 2246 retinetur
487 2179 732 2246 ratione
775 2198 927 2247 suae
975 2178 1446 2267 longaevitatis,

255 2272 365 2335 16.
420 2267 799 2335 celebrante
851 2269 915 2333 in
953 2266 1428 2335 Pontificalibus
1457 2264 1717 2333 Archie-

124 2356 416 2445 piscopo,
467 2355 666 2445 ipsius
711 2359 881 2424 Crux
929 2354 1231 2423 defertur
1272 2355 1411 2423 sine
1459 2354 1720 2421 lumina-

124 2445 296 2511 ribus
343 2465 380 2510 a
425 2444 780 2529 crucifero,
815 2445 1053 2529 absque
1099 2443 1452 2528 Tunicella,
1497 2441 1716 2509 habitu

127 2532 366 2600 chorali
411 2543 660 2600 tantum
690 2532 949 2601 induto:
983 2534 1158 2600 Crux
1188 2552 1343 2599 vero
1376 2551 1538 2618 quae
1569 2541 1715 2597 ante

126 2621 386 2689 Clerum
432 2621 725 2710 procedit
773 2620 1070 2687 defertur
1108 2619 1185 2686 ab
1214 2620 1509 2707 Acolyto,
1543 2618 1719 2686 iuxta

127 2729 378 2777 morem
408 2709 732 2777 Ecclesiae
772 2709 1038 2797 pluviali
1070 2708 1321 2794 induto,
1354 2707 1523 2774 inter
1554 2710 1715 2775 duos
1810 2725 1814 2728 ’

124 2797 554 2866 Cerot'erarios
584 2797 884 2865 similiter
913 2808 1189 2885 paratos,
1216 2797 1593 2866 candelabra
1619 2817 1717 2863 ac·

128 2907 312 2954 censa
363 2896 719 2975 portantes.

259 2979 365 3044 17.
416 2976 513 3043 Ad
561 2975 1082 3043 benedictionem
1113 2977 1418 3043 Oleorum
1450 2975 1630 3042 Feria
1663 2978 1717 3041 V

129 3063 190 3132 in
219 3068 432 3132 coena
478 3064 726 3131 Domini
758 3064 966 3151 prima
997 3064 1304 3150 Dignitas,
1340 3082 1575 3151 nempe
1605 3067 1718 3130 Ar·

129 3153 600 3241 chipresbyter,
651 3152 930 3220 officium
976 3152 1124 3220 facit
1168 3151 1529 3239 Presbyteri
1571 3153 1719 3217 assi-

127 3239 354 3309 stentis
399 3242 465 3307 in
513 3240 831 3328 pluvialia
882 3240 1249 3326 eodemque
1297 3252 1592 3329 tempore
1625 3240 1719 3306 vi-

129 3327 230 3397 ‘ces
268 3330 440 3418 gerit
486 3329 957 3413 Archidiaconi,
994 3329 1097 3397 cui
1130 3333 1307 3398 iuxta
1352 3329 1718 3396 Pontificale

130 3419 439 3486 incumbit
484 3418 715 3486 sistere
770 3437 838 3485 se
893 3436 1106 3485 coram
1168 3417 1469 3485 Antistite
1515 3429 1581 3485 et
1626 3418 1720 3485 di-

129 3527 278 3574 cere
324 3507 443 3573 alta
493 3511 699 3575 voce':
754 3508 972 3575 Oleum
1021 3508 1433 3594 infirmorum
1464 3516 1586 3574 etc.
1622 3510 1717 3572 ln-

131 3597 318 3662 terim
363 3595 891 3680 Archidiaconus,
927 3613 1128 3682 quum
1171 3595 1251 3660 sit
1296 3596 1576 3663 secunda
1614 3595 1715 3662 Di-

129 3684 231 3771 gni
243 3694 353 3768 tas,
379 3684 587 3751 officio
613 3685 901 3772 fungitur
925 3683 1177 3750 Diaconi
1199 3683 1546 3751 assistentis
1569 3703 1717 3752 cum

129 3772 489 3839 Dalmatica.
524 3773 614 3840 Ob
646 3770 1212 3860 praeeminentiam
1258 3772 1724 3861 Archipresby7

131 3861 252 3929 teri
299 3860 652 3949 propriam,
685 3861 783 3927 sui
817 3861 972 3928 iuris
1019 3879 1156 3926 esse
1190 3860 1449 3928 videtur
1477 3861 1716 3929 descriss

131 3960 240 4037 pto
284 3949 481 4015 modo
528 3968 598 4016 se
644 3948 915 4037 gerendi
961 3950 1024 4014 in
1069 3950 1185 4017 hac
1231 3968 1402 4015 sacra
1438 3950 1713 4017 actione.

263 4042 369 4105 18.
419 4038 564 4103 Post
623 4038 869 4105 Missam
933 4036 1365 4105 Pontificalem
1427 4037 1715 4106 eiusdem

129 4125 344 4193 Feriae
391 4128 446 4193 V
490 4125 621 4192 duo
666 4125 922 4195 Diaconi
980 4126 1343 4192 assistentes
1388 4128 1600 4194 statim
1645 4148 1715 4194 se

132 4214 447 4302 recipiunt
507 4213 570 4281 in
632 4212 1059 4282 Secretarium
1116 4212 1193 4279 ad
1263 4213 1713 4301 deponendam

129 4300 556 4387 Dalmaticam,
608 4314 674 4369 et
721 4304 787 4368 in
834 4322 1059 4370 eorum
1104 4302 1319 4369 locum
1363 4304 1715 4372 succedunt

134 4391 436 4458 Diaconus
495 4402 559 4457 et
618 4391 1052 4458 subdiaconus
1112 4389 1325 4456 Missae
1387 4391 1716 4480 Archiepi-

135 4498 396 4565 scopum
451 4479 917 4548 sanctissimam
978 4478 1435 4546 Eucharistiam
1483 4480 1561 4547 ad
1612 4484 1715 4549 Sa·

135 4568 366 4634 cellum
389 4567 798 4635 deferentem
829 4566 1218 4635 comitaturi.
1249 4568 1320 4635 1d
1351 4569 1542 4636 etiam
1573 4569 1715 4636 fieri

135 4654 294 4722 solet
328 4656 391 4723 in
421 4656 558 4724 aliis
597 4654 1030 4724 functionibus
1076 4656 1462 4723 Sanctissimi
1507 4660 1718 4740 Sacra,-

133 4746 332 4811 menti
377 4744 509 4812 ritu
555 4743 903 4812 Pontificali
935 4742 1014 4810 ab
1043 4743 1345 4810 Antistite
1392 4744 1721 4813 celebran-

137 4831 256 4899 dis.
303 4832 806 4900 convenientius
869 4833 1041 4900 enim
1100 4831 1361 4899 videtur
1408 4842 1478 4899 ut
1526 4833 1719 4900 inter-

133 4919 387 4988 veniant
417 4920 684 4987 lllinistri
718 4921 970 4988 Amictu
1002 4927 1068 4987 et
1091 4921 1248 4988 Alba
1273 4920 1500 5010 parati,
1526 4940 1718 5008 quam

135 5027 326 5096 super
368 5010 625 5077 Amictu
669 5009 1010 5101 Dalmatica
1059 5009 1289 5076 induti.

266 5101 370 5166 19.
418 5103 488 5166 ln
535 5095 803 5168 Sabbato
850 5100 1080 5166 Sancto
1111 5099 1377 5166 Arundo
1413 5117 1558 5166 cum
1610 5100 1718 5166 tri-

137 5183 247 5252 bus
303 5186 586 5254 candelis
647 5188 871 5275 (vulgo
918 5186 1091 5253 dicta
1134 5189 1376 5254 Lumen
1439 5188 1717 5278 Christi)

138 5277 407 5341 amoveri
453 5275 624 5341 solet
652 5275 730 5342 ab
760 5277 956 5343 Altari
988 5275 1202 5342 statim
1250 5285 1394 5365 post
1439 5276 1718 5365 Prophe-

137 5358 272 5445 tias,
319 5381 517 5450 quum
563 5362 1102 5452 Archiepiscopus
1164 5363 1413 5432 accedit
1470 5365 1549 5434 ad
1595 5369 1713 5434 Ec-

1804 406 2110 491 clesiam‚
2182 405 2705 474 benedictionem
2778 406 2992 474 Fontis
3060 406 3407 476 Pontificali

1807 514 1989 563 more
2060 495 2382 575 [acturum
2441 515 2603 582 quae
2674 496 3081 563 consuetudo
3141 494 3411 565 retineri

1804 603 1994 671 posse
2044 584 2507 671 praesumitur.
2563 583 2861 663 Quamvis
2924 584 3097 653 enim
3143 604 3409 683 genera-

1807 673 1922 740 tim
1969 671 2297 759 praedicta
2335 673 2600 740 Arundo
2632 683 3046 739 removeatur
3077 673 3408 742 dumtaxat

1807 770 1953 848 post
1998 761 2271 844 Missam,
2321 760 2387 828 id
2436 781 2565 829 non
2598 762 2859 830 videtur
2889 762 3405 849 praeceptivum,

1808 868 2007 935 quum
2057 849 2367 917 Rubricae
2415 849 2674 917 omnino
2719 849 2979 916 sileant.

1940 941 2050 1006 20.
2102 942 2171 1005 ln
2221 939 2452 1005 eodem
2503 936 2773 1005 Sabbato
2821 941 3047 1006 Sancto
3081 949 3146 1005 et
3178 937 3408 1025 Vigilia

1806 1030 2241 1111 Pentecostes,
2276 1038 2422 1114 post
2453 1025 2979 1095 benedictionem
3013 1027 3257 1111 Fontis,
3292 1028 3407 1093 Ar-

1807 1113 2256 1202 chiepiscopus
2304 1134 2449 1182 cum
2495 1115 2795 1182 Ministris
2832 1116 3065 1202 paratis
3096 1116 3163 1182 in
3193 1116 3410 1183 Eccle-

1807 1202 1962 1270 siam
1998 1222 2322 1288 reversuS,
2371 1202 2450 1271 ad
2498 1201 2767 1271 Litanias
2801 1204 3167 1291 procumbit
3211 1222 3410 1290 super

1810 1290 2164 1359 faldistorio
2223 1309 2373 1358 cum
2433 1291 2700 1380 pluviali
2747 1303 2814 1357 et
2870 1292 3094 1372 mitra;
3143 1291 3408 1358 Ministri

1808 1400 1966 1447 vero
1998 1379 2077 1447 ad
2112 1381 2248 1447 eius
2281 1378 2481 1447 latera
2526 1399 2724 1468 super
2770 1380 3213 1469 pulvinaribus
3259 1400 3409 1469 pro-

1812 1454 2147 1552 cumbunt,
2198 1468 2353 1554 quin
2399 1489 2468 1536 se
2518 1467 2817 1537 exuerint
2870 1468 3142 1556 pluviali
3193 1488 3408 1556 respe-

1810 1557 1979 1624 ctive
2027 1568 2094 1623 et
2138 1557 2411 1644 planetis
2459 1555 2728 1646 plicatis.
2800 1557 2979 1625 Ratio
3026 1557 3213 1625 huius
3259 1577 3409 1624 con-

1811 1645 2196 1730 suetudinis,
2223 1645 2643 1713 Rubricatum
2680 1645 3081 1734 dispositioni
3107 1646 3409 1713 resisten-

1813 1735 1929 1819 tis,
1991 1753 2074 1801 ex
2134 1753 2212 1800 eo
2279 1734 2672 1820 desumitur,
2735 1734 2883 1823 quia
2951 1753 3081 1802 non
3146 1734 3409 1802 videtur

1811 1824 2052 1891 decere
2087 1824 2347 1890 eosdem
2374 1822 2692 1890 ministros
2714 1821 3143 1910 procumbere
3177 1822 3241 1889 in
3270 1823 3409 1891 solo

1814 1911 2067 1979 Amictu
2113 1912 2686 1997 super-rochetto.

1805 1997 1818 2012 ‘
1944 2004 2055 2067 21.
2104 2005 2174 2066 ln
2226 1998 2451 2086 vigilia
2510 1999 2861 2068 Nativitatis
2922 1999 3203 2087 Domini,
3253 2003 3411 2067 Mar-

1816 2087 2207 2244 tffirologium
2254 2098 2545 2155 cantatur
2590 2109 2624 2154 a
2669 2089 3061 2174 cappellano
3093 2088 3155 2156 in
3189 2088 3410 2156 habitu

1812 2198 1846 2246 c
1897 2177 2054 2244 oral1
2103 2187 2351 2244 tantum
2394 2177 2531 2244 sine
2581 2175 2998 2245 luminaribus
3046 2187 3109 2245 et
3147 2176 3288 2244 sine
3314 2178 3408 2245 in-

1814 2286 2029 2334 censo.
2094 2269 2259 2332 Haec
2320 2266 2719 2334 consuetudo
2781 2265 3039 2333 omnino
3103 2276 3197 2333 est
3259 2286 3408 2333 con-

1812 2353 1997 2422 traria
2045 2353 2187 2420 usui
2236 2353 2562 2421 communi
2621 2355 2887 2421 aliarum
2952 2354 3406 2440 Ecclesiarum,

1812 2442 1923 2510 ubi
1957 2441 2483 2541 Martyrologium
2516 2443 2635 2510 hoc
2670 2443 2906 2510 cantari
2937 2442 3103 2510 solet
3136 2441 3213 2509 ab
3243 2444 3407 2511 Heb-

1801 2532 2182 2598 -domadario
2231 2549 2379 2598 cum
2427 2531 2600 2598 Stola
2649 2542 2713 2599 et
2757 2531 3054 2619 pluviali,
3104 2532 3295 2599 thure
3344 2542 3410 2599 et

1815 2618 2260 2703 luminaribus,
2310 2616 2590 2705 ideoque
2639 2640 2769 2705 non
2815 2630 2912 2688 est
2960 2619 3152 2687 laude
3190 2619 3405 2707 digna.

1943 2713 2055 2776 22.
2093 2706 2393 2775 canonici
2426 2719 2492 2775 et
2524 2713 2653 2798 cap
2742 2708 2892 2776 llani
2924 2708 3248 2776 Ecclesiae
3282 2709 3409 2776 Pri-

1813 2796 2108 2882 matialis,
2145 2796 2431 2883 itemque
2467 2801 2661 2865 Paroc
2716 2798 2731 2863 i
2763 2797 2999 2882 aliique
3030 2798 3411 2866 Sacerdotes

1814 2906 1932 2979 per
1977 2884 2361 2969 Dioecesim,
2397 2885 2728 2953 occasione
2766 2885 3168 2954 ministrandi
3200 2889 3413 2954 Sacra-

1813 2988 2030 3044 menta
2059 2974 2495 3041 Poenitentiae
2543 2986 2609 3041 et
2641 2974 3105 3059 Eucharistiae,
3140 2974 3410 3042 induere

1812 3065 2023 3132 solent
2070 3063 2312 3130 Stolam
2358 3082 2557 3149 super
2602 3083 2669 3130 ca
2719 3081 2868 3150 pam
2917 3074 2983 3130 et
3029 3073 3411 3130 mezzettam

1815 3164 1922 3221 aut
1988 3150 2341 3237 caputium.
2409 3153 2589 3218 Hunc
2658 3173 2687 3216 a
2738 3169 2926 3218 usum
2991 3162 3085 3218 est
3145 3150 3406 3219 difficile

1815 3241 2132 3310 evellere.
2179 3241 2386 3318 Quum
2420 3239 2592 3307 enim
2639 3239 3005 3307 huiusmodi
3044 3238 3409 3325 Presbyteri

1816 3351 1898 3399 ex
1935 3327 2371 3415 antiquissimo
2404 3328 2746 3416 privilegio
2780 3347 2897 3416 pro
2928 3327 3408 3415 superpelliceo

1814 3429 2076 3488 utantur
2132 3416 2462 3502 rochetto,
2528 3417 2830 3485 continuo
2896 3424 3407 3502 conqueruntur,

1860 3504 2193 3575 raesertim
2228 3504 2670 3594 pauperioreS,
2696 3504 2817 3572 sibi
2843 3524 2983 3572 esse
3006 3504 3073 3571 in
3107 3515 3410 3593 promptu

1860 3595 2183 3666 abendum
2242 3593 2798 3683 superpelliceum
2859 3612 3055 3683 super
3115 3594 3410 3661 rochetto

1815 3683 2313 3772 imponendum.⁸
2343 3687 2462 3749 Pro
2488 3681 2770 3760 Ecclesia
2803 3700 2959 3749 vero
2992 3681 3411 3749 conventuali

1815 3773 1952 3842 Divi
2002 3771 2307 3857 Stephani
2356 3776 2555 3858 Papae
2606 3782 2683 3837 et·
2717 3769 3040 3857 Martyris,
3089 3788 3288 3857 quum
3334 3771 3409 3838 ab

1815 3860 2254 3929 iurisdictione
2300 3859 2616 3927 Ordinarii
2664 3879 2791 3927 non
2837 3859 3144 3946 pendeat,
3194 3857 3409 3925 nescio

1815 3970 1943 4037 quo
1974 3958 2159 4035 pacto
2206 3947 2625 4016 animadverti
2669 3948 2867 4034 possit
2900 3947 2963 4014 in
2997 3947 3409 4014 consuetudi-

1813 4057 1963 4107 nem
1989 4036 2380 4105 huiusmodi.
2405 4035 2739 4116 Quaeritur
2807 4035 3058 4102 roindez
3093 4039 3151 4101 1.
3178 4038 3408 4102 Utrum

1815 4125 2189 4215 Dignitates,
2223 4124 2550 4208 canonici,
2585 4128 2772 4190 Paroc
2828 4123 2839 4136 '
2890 4134 2956 4190 et
3004 4124 3407 4208 Sacerdotes,

1815 4226 1953 4282 tum
2001 4213 2331 4290 Ecclesiae
2377 4211 2748 4281 Pi·imatialis
2795 4220 2933 4279 tum
2979 4210 3245 4277 aliarum
3291 4215 3410 4278 Ec-

1817 4302 2156 4372 clesiarum
2211 4300 2530 4369 Dioecesis
2590 4301 2872 4386 Pisanae,
2920 4298 3092 4384 adigi
3135 4297 3411 4367 debeant

1817 4392 1894 4459 ad
1927 4391 2479 4478 superpelliceum
2528 4409 2672 4456 cum
2706 4389 2880 4457 Stola
2914 4388 2980 4458 in
3010 4386 3409 4474 administra-

1817 4480 1991 4546 tione
2042 4481 2596 4547 Sacramentorum
2656 4478 2833 4544 iuxta
2884 4476 3132 4544 Rituale
3180 4480 3405 4544 Roma-

1816 4586 2000 4651 num,
2020 4567 2311 4654 deposita
2336 4586 2531 4654 cappa
2558 4576 2625 4635 et
2645 4575 2959 4634 mezzetta
2983 4566 3089 4632 vel
3115 4559 3411 4651 caputio?

1818 4660 1882 4723 2.
1933 4658 2162 4723 Utrum
2230 4657 2294 4724 in
2365 4655 2648 4723 Ecclesia
2712 4652 3131 4723 conventuali
3197 4649 3408 4719 Sancti

1819 4743 2126 4831 Stephani
2187 4748 2388 4832 Papae
2435 4754 2499 4810 et
2546 4744 2830 4830 Martyris
2889 4750 3210 4830 exempta,
3261 4743 3407 4806 Pre-

1818 4832 2060 4921 sbyteri
2106 4831 2539 4898 ministrantes
2585 4835 2988 4900 Sacramenta
3016 4828 3152 4896 sine
3184 4846 3407 4916 super-

1819 4921 2096 5009 pelliceo
2160 4919 2302 5006 cogi
2351 4921 2600 4987 valeant
2647 4919 2725 4987 ab
2768 4916 3266 5006 Archiepiscopo
3327 4914 3405 4982 ad

1817 5007 2191 5076 servandam
2239 5008 2619 5076 recensitam
2665 5007 2930 5076 Ritualis
2972 5005 3237 5074 Romani
3282 5009 3408 5073 Ru·
3486 5033 3495 5038 ·

1820 5096 2059 5254 bmcggl.
2082 5094 2424 5254 vLaudatae
2484 5185 2812 5253 Ecclesiae
2868 5183 3236 5253 Primatialis
3298 5188 3408 5253 ca-

1819 5272 2062 5361 nonici,
2096 5276 2254 5376 dum
2286 5274 2857 5376 Archipraesulem
2883 5292 3079 5376 cappa
3109 5270 3407 5341 indutum

1820 5382 1856 5431 e
1906 5382 2175 5456 propria
2222 5364 2569 5433 residentia
2627 5363 2701 5431 ad
2763 5364 3185 5433 Primatialem
3231 5382 3408 5430 acce·
