4042 5950
2123 273 2592 350 —194—

715 431 843 499 siae
889 430 1025 499 sive
1071 431 1305 499 Altaria
1353 443 1691 499 occurrant
1739 452 1857 520 per
1889 432 2081 514 viam,
2122 432 2309 498 toties
2405 431 2760 518 Deiparam,
2809 432 3195 499 humillimas
3239 436 3434 500 SSflio
3467 433 3740 501 Domino
3769 436 3974 500 Nostra

716 519 955 588 ibidem
1004 529 1071 585 et
1114 540 1189 586 su
1239 520 1497 608 plicatio
1543 520 1719 586 sistat
1752 531 1815 586 et
1847 520 2152 607 populus,
2187 518 2304 585 im-

715 607 946 696 pertita
1009 608 1174 674 bene
1225 608 1500 693 ictione,
1558 608 1962 686 dimittatur3
2023 607 2171 675 hinc
2226 608 2304 674 ad

713 699 783 763 S.
809 699 886 761 R.
914 699 989 763 C.
1023 696 1304 783 supplex
1335 696 1514 782 adiit,
1550 697 1910 784 postulans:
1960 702 2058 763 An
2091 696 2304 782 potius

710 783 1040 871 praedicto
1086 788 1381 869 Decreto,
1419 804 1611 870 quam
1649 779 2096 852 consuetudini
2128 784 2210 849 sit
2240 783 2304 848 in

710 883 1041 957 posterum
1091 870 1625 940 inserviendum?

847 963 923 1025 Et
953 962 1017 1026 S.
1058 960 1286 1027 eadem
1314 965 1388 1027 R.
1425 964 1530 1043 C.,
1567 960 1879 1046 exquisita
1928 960 2108 1046 prius
2145 960 2304 1025 alte-

712 1046 844 1113 rius
877 1066 958 1112 ex
986 1048 1495 1134 Apostolicarum
1527 1048 2083 1115 caeremoniarum
2114 1047 2303 1133 Magi-

711 1134 857 1200 stris
890 1134 955 1202 in
984 1133 1236 1220 scriptis
1281 1137 1621 1218 sententia,
1655 1136 1824 1223 typis
1856 1155 2114 1235 quoque
2148 1135 2301 1201 iuris

709 1221 951 1308 publici
999 1222 1277 1305 reddita,
1327 1224 1404 1288 ad
1453 1223 1834 1288 relationem
1881 1227 2020 1289 Emi
2066 1233 2130 1289 et
2159 1222 2301 1289 mni

708 1313 892 1375 Dom.
920 1310 1108 1375 Card.
1147 1310 1285 1375 lulii
1320 1309 1502 1375 Maria
1536 1310 1621 1377 de
1659 1311 1926 1377 Somalia
1959 1311 2133 1378 Sacri
2158 1313 2301 1377 Col-

712 1396 865 1483 legii
915 1398 1144 1464 Decani
1196 1408 1261 1462 et
1311 1398 1525 1464 eidem
1572 1398 2068 1485 congregationi
2121 1403 2301 1465 Prae-

710 1484 887 1568 fecti,
933 1484 1076 1550 loco
1125 1485 1265 1551 Emi
1316 1495 1381 1549 et
1428 1485 1568 1551 ami
1614 1490 1796 1552 Dom.
1835 1487 2020 1554 Card.
2058 1488 2302 1553 Caccia-

710 1572 888 1660 piatti
918 1571 1230 1640 Relatoris
1261 1572 1561 1658 absentiS,
1591 1575 2117 1660 respondendum
2147 1595 2299 1642 cen-

708 1659 876 1726 suit:
913 1681 951 1724 (
981 1664 1157 1726 iuxta
1192 1669 1439 1745 votum,
1474 1661 1813 1727 nimirum:
1850 1682 1976 1729 non
2009 1662 2301 1730 obstante

708 1752 982 1814 Decreto
1029 1748 1271 1814 inserto
1322 1748 1385 1814 in
1429 1750 1665 1817 Ordine
1713 1750 1917 1817 Divini
1949 1749 2146 1818 Officii
2196 1771 2297 1817 re-

710 1833 969 1917 citandi,
1020 1834 1513 1902 vetustissimam
1558 1839 2091 1906 consuetudinem
2136 1840 2295 1905 tole·

708 1923 831 1986 rari
880 1940 1092 2009 posse,
1143 1942 1222 1988 eo
1274 1933 1484 1991 tamen
1518 1926 1740 2008 modo,
1788 1937 1860 1993 ut
1905 1927 2132 1993 saltem
2166 1947 2299 1993 ser-

709 2019 900 2076 vetur
933 2013 1154 2096 regula
1187 2013 1704 2101 eaeremonialis‚
1741 2016 1914 2099 quod
1949 2035 2077 2082 non
2112 2016 2297 2081 toties

708 2096 991 2185 pausatio
1040 2099 1146 2168 fiat
1191 2112 1257 2167 et
1304 2100 1671 2168 benedictio
1719 2103 2089 2189 elargiatur,
2138 2123 2298 2189 quo·

710 2186 827 2251 ties
875 2188 1112 2254 Altaria
1159 2199 1533 2273 occurrant,
1589 2191 1705 2257 sed
1758 2191 1959 2257 semel
2014 2194 2117 2257 vel
2183 2193 2298 2258 ite-

708 2293 896 2360 rum;
969 2284 1034 2340 et
1086 2276 1356 2359 Altaria,
1409 2296 1529 2365 per
1572 2277 1736 2343 viam
1796 2289 2123 2362 extructa,
2170 2280 2296 2345 sint

705 2360 1018 2428 (lecenter
1050 2373 1265 2429 oruata
1312 2377 1378 2429 et
1424 2384 1458 2429 a
1504 2367 1705 2452 probo
1740 2368 2297 2434 caeremoniarum

702 2450 913 2515 Perito
959 2451 1136 2536 prius
1183 2452 1556 2517 auctoritate
1605 2451 1902 2539 Episcopi
1948 2453 2194 2532 visitata
2228 2477 2289 2520 ι.

704 2539 912 2622 Atque
942 2537 1023 2603 ita
1047 2537 1405 2625 respondit.
1429 2538 1541 2605 Die
1566 2543 1648 2606 23
1675 2540 2073 2627 Septembris
2096 2545 2288 2610 1820.

708 2677 964 2747 2610.
1244 2680 1748 2747 MACERATEN.
2060 2683 2286 2769 (4575)

834 2802 1023 2865 Extat
1054 2799 1117 2866 in
1145 2800 1429 2886 oratorio
1454 2801 1853 2870 clericorum
1877 2806 2292 2890 Regularium

703 2889 769 2953 S.
817 2886 987 2953 Pauli
1046 2889 1525 2955 Barnabitarum
1586 2890 1865 2958 Civitatis
1912 2896 2286 2962 Maceraten.

702 2975 1019 3062 quaedam
1079 2978 1407 3044 Sodalitas‘
1443 2981 1512 3045 S.
1558 2981 1848 3067 Sepulcri
1899 2996 2286 3070 nuncupata,

700 3063 882 3131 cuius
941 3065 1303 3133 institutum
1366 3078 1461 3132 est
1516 3070 1763 3133 cultum
1811 3079 1876 3136 et
1930 3075 2289 3138 veneratio-

697 3172 848 3219 nem
886 3169 1047 3242 ·erga
1092 3154 1546 3242 Redemptoris
1590 3156 1799 3223 Nostri
1848 3163 1898 3225 1.
1938 3162 2008 3225 C.
2039 3152 2287 3227 'cruen-

702 3241 971 3310 tissimae
1016 3242 1318 3310 Passionis
1350 3264 1418 3310 ac
1450 3244 1667 3311 Hortis
1704 3246 2018 3331 Mysteria,
2055 3247 2286 3333 quibus

698 3333 870 3399 valet
923 3332 1157 3414 modis,
1205 3349 1611 3419 propagare3
1673 3333 2075 3421 proindeque
2138 3356 2285 3402 con-

696 3420 909 3486 suevit
968 3419 1029 3486 in
1076 3417 1351 3505 publicis
1400 3421 1976 3508 supplicationibus
2036 3424 2284 3489 vexilla

694 3506 913 3591 Regis,
948 3507 1184 3573 nudam
1232 3505 1476 3572 scilicet
1510 3512 1783 3574 Crucem
1820 3509 2079 3577 deferre
2116 3511 2287 3576 illius

696 3593 921 3658 mortis
991 3592 1322 3659 indicium.
1398 3598 1857 3662 Verumtamen
1926 3599 2286 3664 Passionem

698 3679 892 3747 Verbi
962 3679 1074 3744 Dei
1136 3680 1399 3765 propius
1464 3680 1767 3747 fidelibus
1827 3684 2281 3771 significatura,

695 3777 842 3832 ante
892 3766 1237 3853 praefatam
1269 3770 1541 3834 Crucem
1574 3769 1859 3854 quinque
1897 3791 2161 3838 accensa
2194 3773 2286 3838 in·

699 3853 935 3920 tortitia
982 3872 1101 3941 per
1135 3854 1403 3920 totidem
1436 3855 1696 3921 Sodales
1728 3858 2031 3944 erigenda
2065 3860 2286 3927 statuit

697 3942 761 4008 in
805 3960 1128 4008 sacrorum
1175 3942 1458 4028 quinque
1497 3942 1855 4010 Vulnernm
1886 3946 2278 4033 symbolum,

697 4032 986 4114 hancque
1034 4029 1399 4096 facultatem
1447 4029 1564 4096 sibi
1597 4029 1850 4117 elargiri
1882 4035 2282 4120 Apostolicae

696 4116 878 4186 Sedis
923 4116 1298 4184 auctoritate
1345 4119 1410 4183 S.
1448 4123 1521 4184 R.
1557 4121 1631 4185 C.
1680 4119 2091 4206 supplicavit.

826 4209 904 4271 Et
937 4210 1001 4273 S.
1037 4208 1112 4272 R.
1149 4209 1251 4289 0.,
1285 4206 1513 4287 sedulo
1546 4206 2023 4294 diligenterque
2056 4208 2281 4276 lustra-

696 4294 798 4378 tis,
834 4313 998 4379 quae
1045 4313 1163 4381 pro
1212 4305 1391 4381 parte
1432 4293 1641 4360 dictae
1668 4295 2030 4365 Sodalitatis
2058 4297 2282 4363 affere-

694 4383 923 4447 bantur
969 4380 1344 4463 rationibus,
1379 4402 1446 4447 ac
1481 4382 1806 4449 referente
1835 4388 1995 4449 Eme
2028 4396 2093 4450 et
2123 4390 2278 4452 Rino

693 4474 768 4537 D.
810 4471 1003 4537 Card.
1047 4469 1207 4537 lulio
1267 4470 1449 4534 Maria
1506 4470 1589 4535 de
1638 4472 1904 4537 Somalia
1961 4473 2277 4559 Episcopo

690 4557 927 4625 Ostien.
979 4569 1047 4625 et
1084 4557 1429 4641 velitem„
1481 4563 1546 4627 S.
1584 4561 1657 4625 R.
1695 4562 1772 4624 E.
1818 4560 2276 4629 vice-Cancel-

694 4645 882 4728 lario,
933 4645 1105 4714 Sacri
1165 4645 1437 4730 Collegii
1507 4650 1751 4712 Decano
1806 4656 1878 4723 ,et
1941 4649 2275 4727 Sacrorum

691 4731 949 4798 Rituum
997 4733 1487 4820 Congregationi
1535 4733 1859 4799 Praefecto
1892 4737 2269 4823 respondit:

690 4817 1012 4969 ἒιίοθτο,
1080 4819 1251 4885 iuxta
1313 4821 1507 4907 petita
1549 4842 1612 4888 ι.
1676 4822 1787 4887 Die
1842 4826 1924 4889 23
1982 4826 2273 4909 Septem-

735 4904 819 4968 ris
872 4908 1061 4971 1820.

690 5043 928 5113 2611.
1252 5024 1686 5114 ΑεοοιΑΝᾸ.
2040 5047 2265 5133 (4576)

818 5164 914 5231 Ad
959 5164 1247 5250 augenda
1290 5169 1356 5233 in
1404 5170 1683 5237 Dioecesi
1735 5168 2038 5234 Asculana
2070 5171 2265 5235 devo-

691 5251 877 5316 tionis
922 5250 1220 5335 obsequia
1259 5271 1405 5337 erga
1440 5252 1970 5337 Angustissimum
2020 5255 2265 5319 Eucha-

684 5336 897 5413 ristiae
952 5340 1427 5403 Sacramentum
1486 5348 1554 5404 et
1616 5341 1869 5403 SSmam
1933 5340 2262 5421 Virginem

2405 522 2524 586 Plo
2567 521 2674 586 Vll
2721 524 2900 586 Pont.
2953 523 3115 587 Hax.
3164 540 3392 607 preces
3453 521 3752 608 porrexit
3802 526 3974 588 limus

2406 607 2760 694 Episcopus
2805 616 2873 673 et
2930 609 3156 676 Clerus
3218 609 3511 676 eiusdem
3572 608 3858 676 Civitatis
3909 630 3963 674 ac

2403 694 2721 762 Dioecesis
2754 716 2869 783 pro
2900 697 3198 763 facultate
3244 697 3478 783 agendi
3529 696 3966 797 privilegiatam

2406 793 2687 849 octavam
2738 785 2908 851 SSmi
2960 784 3258 872 Corporis
3316 784 3553 852 Christi
3615 795 3684 850 et
3742 787 3974 850 Assum-¹

2404 871 2640 958 ptionis
2676 876 2748 937 Β.
2783 874 2863 938 Μ.
2901 876 3007 956 V.;
3044 886 3110 938 et
3141 872 3448 939 Sanctitas
3480 875 3632 955 Sua,
3671 871 3974 938 referente

2405 959 2805 1048 infrascripto
2837 962 2903 1027 S.
2929 964 3003 1026 R.
3026 964 3097 1028 C.
3125 962 3456 1027 Assessore
3481 960 3603 1026 sub
3627 959 3740 1027 die
3765 963 3845 1026 29
3865 964 3974 1025 Au·1

2404 1048 2572 1132 gusti
2628 1051 2830 1116 1820:
2882 1069 2920 1112 ι
2947 1048 3230 1134 Benigne
3272 1048 3523 1131 annuit,
3577 1048 3862 1134 exceptis
3897 1059 3966 1112 ta·

2402 1155 2552 1201 men
2591 1135 2953 1223 duplicibus
2985 1136 3230 1222 primae
3262 1145 3371 1201 aut
3396 1135 3727 1202 secundae
3758 1137 3964 1215 classis,

2407 1234 2531 1289 tam
2557 1223 3044 1290 occurrentibus
3074 1243 3263 1310 quam
3296 1223 3651 1309 translatis3
3693 1234 3760 1288 et
3789 1225 3974 1309 quoad*

2404 1323 2687 1377 octavam
2757 1313 3218 1397 Assumptionis
3285 1316 3357 1378 Β.
3407 1315 3491 1377 Μ.
3550 1316 3661 1396 V.,
3729 1323 3974 1395 excepta

2404 1399 2593 1465 etiam
2640 1398 2746 1465 die
2795 1399 3010 1466 o'ctava
3044 1400 3210 1467 Festi
3257 1403 3323 1467 S.
3359 1399 3688 1466 Laurentii
3724 1403 3889 1466 Mart.
3913 1423 3961 1462 ι.

2404 1540 2653 1610 2612.
3028 1543 3361 1608 cAarEN.
3770 1541 3962 1627 (4577)

2518 1662 2884 1731 Beatissimo
2901 1668 3105 1730 Pater.
3124 1702 3167 1713 -
3181 1665 3531 1732 canonicus
3550 1669 3964 1731 Bonaventura

2401 1752 2704 1817 Bernardi
2752 1751 3035 1818 Vicarius
3080 1747 3457 1839 capitularis
3497 1752 3821 1819 Dioecesis
3848 1754 3968 1815 Car·

2403 1857 2557 1925 peu.
2587 1839 2649 1905 in
2673 1838 2922 1905 Ditione
2958 1841 3295 1907 Mutinensi
3323 1840 3651 1907 Sanctitati
3679 1843 3845 1905 Tuae
3872 1839 3964 1904 hu·

2398 1925 2638 1993 militer
2662 1927 2954 2014 exponitz
2981 1927 3336 1994 Austriacas
3360 1928 3592 1993 classes
3611 1928 3778 1992 illuc
3801 1937 3964 1992 tmus-

2401 2025 2628 2080 euntes
2671 2015 2973 2082 stationes
3007 2015 3068 2079 in
3115 2014 3412 2102 pluribus
3442 2014 3754 2082 Ecclesiis
3802 2015 3964 2103 (inter

2399 2120 2552 2187 quas
2586 2114 2736 2169 sunt
2768 2111 2898 2169 tres
2930 2104 3360 2188 consecratae)
3395 2102 3842 2170 constituisse:
3875 2101 3962 2165 ibi·

2398 2207 2526 2275 que
2551 2190 2779 2257 Milites
2805 2202 3235 2277 pernoctasse,
3264 2191 3481 2275 ignem
3505 2190 3892 2272 accendisse,
3917 2190 3974 2253 int

2395 2280 2724 2344 nonnullis
2767 2280 2921 2345 Aras
2965 2299 3168 2344 sacras
3214 2278 3507 2366 fregisse,
3545 2279 3608 2344 in
3645 2279 3792 2344 aliis
3835 2295 3974 2340 vero

2403 2383 2600 2450 equos
2646 2366 2961 2433 invexisse
3005 2377 3194 2453 atque
3227 2387 3301 2433 ea
3330 2367 3540 2433 omnia
3584 2366 3798 2451 egisse
3829 2381 3959 2450 quae

2397 2453 2668 2520 Militum
2695 2454 2916 2542 copiae
2939 2456 3184 2542 solent;
3230 2475 3424 2541 quare
3458 2455 3831 2541 praedictus
3852 2472 3960 2547 ⁰¹'.³'

2399 2551 2498 2608 tor
2544 2564 2577 2608 a
2625 2544 2968 2609 Sanctitate
3013 2547 3140 2608 Tua
3187 2543 3467 2610 demisse
3500 2542 3797 2628 quaerit:
3829 2537 3974 2617 Quid}

2353 2633 2360 2642 '
2395 2629 2513 2697 sibi
2562 2630 2885 2717 agendum
2933 2641 3004 2697 ut
3047 2630 3371 2698 Ecclesiae
3415 2629 3727 2698 fidelibus
3771 2644 3958 2715 quam·

2396 2718 2676 2804 primum
2726 2727 2948 2806 patere
2995 2715 3290 2806 possint?

2528 2810 2624 2872 Ex
2654 2805 2973 2873 audientia
2993 2807 3400 2874 sanctissimi:
3428 2827 3466 2870 ‹
3488 2810 3727 2874 SSiitus
3742 2804 3958 2874 vicario

2396 2893 2738 2981 Capitulari
2786 2894 3018 2961 oratori
3064 2894 3432 2962 facultatem
3478 2894 3806 2977 concedit,
3849 2893 3959 2957 sive

2395 3001 2515 3069 per
2558 3001 2628 3048 se
2672 2983 2806 3049 sive
2853 3004 2976 3071 per
3021 2983 3174 3050 alios
3207 2983 3587 3051 Sacerdotes
3618 2982 3701 3049 ab
3733 3002 3810 3048 eo
3838 3000 3956 3067 spe-

2392 3068 2636 3136 cialiter
2682 3072 3108 3159 deputandos,
3156 3071 3607 3149 reconciliandi
3671 3068 3958 3137 Ecclesias

2394 3170 2813 3242 consecratas,
2853 3160 2937 3226 de
2985 3160 3212 3246 quibus
3261 3161 3324 3229 in
3371 3159 3703 3247 precibus,
3734 3168 3954 3253 servati)

2389 3245 2535 3311 Ritu
2584 3268 2615 3311 a
2662 3246 3006 3314 Pontificali
3052 3253 3332 3315 Romano
3380 3247 3783 3337 praescripto
3809 3244 3954 3311 adhi-

2392 3334 2647 3421 bitaque
2680 3356 2836 3421 aqua
2871 3356 2991 3422 per
3021 3337 3415 3404 catholicum
3449 3336 3840 3425 Episcopum
3867 3331 3956 3398 be-

2389 3424 2666 3490 nedicta.
2734 3423 3054 3491 Ecclesiae
3100 3435 3314 3491 autem
3357 3425 3744 3514 simpliciter
3791 3424 3949 3489 bene-

2387 3511 2597 3576 dictae
2643 3512 2716 3577 ab
2764 3511 2998 3578 eodem
3045 3512 3292 3580 Vicario
3327 3514 3432 3579 vel
3468 3534 3499 3578 a
3531 3512 3952 3583 Sacerdotibus

2390 3617 2507 3685 per
2554 3617 2701 3664 eum
2749 3599 3159 3686 designandis
3204 3602 3603 3668 reconciliari
3641 3608 3947 3687 poterunt,

2388 3687 2560 3750 iuxta
2626 3686 2893 3753 formam
2943 3707 2974 3751 a
3021 3687 3250 3754 Rituali
3314 3693 3594 3772 Romano
3658 3688 3948 3755 traditam·

2386 3775 2522 3851 Quo
2581 3793 2738 3839 vero
2775 3775 2861 3843 ⁴ad
2908 3774 3141 3840 Altaria
3203 3794 3353 3841 cum
3419 3779 3671 3866 integra
3735 3775 3946 3863 lapidea

2388 3864 2622 3944 Mensa,
2672 3863 2925 3947 quoties
2969 3862 3243 3928 fractura
3288 3863 3371 3930 sit
3408 3866 3720 3948 enormis,
3769 3869 3946 3931 Mensa

2388 3949 2645 4016 omnino
2709 3949 3072 4017 renovanda
3118 3961 3184 4015 et
3237 3949 3314 4015 ab
3379 3953 3701 4041 Episcopo
3761 3966 3945 4018 conse·

2385 4037 2618 4103 cranda
2679 4037 2848 4116 erit;
2910 4056 3090 4103 secus
3153 4038 3372 4105 licebit
3414 4060 3615 4128 super
3674 4041 3750 4107 iis
3806 4038 3944 4104 cele·

2386 4122 2597 4206 brare,
2632 4144 2762 4191 non
2794 4126 3082 4191 obstante
3133 4125 3258 4193 levi
3306 4127 3583 4194 fractura
3612 4129 3678 4196 in
3710 4147 3832 4194 uno
3861 4120 3940 4189 vel

2382 4209 2585 4276 altero
2634 4232 2858 4279 cornu.
2910 4211 3175 4297 Reliqua
3221 4225 3435 4280 autem
3468 4217 3706 4284 Altaria
3735 4222 3942 4282 sacrato

2385 4308 2629 4364 tantum
2666 4299 2878 4384 lapide
2926 4300 3254 4383 instructa,
3288 4302 3340 4367 si
3373 4302 3531 4390 lapis
3570 4305 3688 4372 iste
3723 4306 3943 4388 integer

2380 4386 2485 4467 sit,
2533 4385 2763 4453 violata
2809 4386 3067 4452 minime
3136 4389 3458 4456 censenda
3503 4406 3701 4475 sunt;
3750 4412 3814 4460 ac
3855 4385 3938 4454 ubi

2371 4471 2662 4558 ,primum
2712 4475 3142 4561 reparationes
3187 4475 3418 4561 quibus
3479 4479 3811 4567 indigeant
3853 4494 3941 4541 ex-

2381 4558 2594 4646 pletae
2645 4563 2908 4646 fuerint,
2941 4562 3018 4628 ad
3052 4582 3224 4628 sacra
3261 4568 3557 4650 Mysteria
3604 4562 3936 4656 peragenda

2377 4668 2407 4710 a
2465 4657 2520 4710 ta
2570 4662 2780 4715 erunt.
2833 4653 3130 4716 Ceterum
3181 4651 3466 4718 Vicarius
3515 4667 3728 4722 orator
3760 4659 3818 4722 iu
3847 4657 3938 4718 Ec·

2376 4753 2411 4799 c
2444 4732 2716 4800 esiarum
2789 4736 3308 4805 reconciliatione
3369 4746 3753 4827 exequenda
3816 4756 3936 4828 pru·

2377 4821 2616 4886 denter
2673 4843 2742 4889 se
2803 4833 3016 4910 gerat,
3089 4826 3515 4913 eamdemque
3586 4833 3825 4917 private
3886 4832 3935 4887 θῑ

2375 4905 2618 4990 absque
2685 4911 2907 5000 populi
2965 4930 3279 4979 concursu
3327 4913 3469 4980 fieri
3521 4931 3800 4985 curet».
3845 4912 3932 4980 Die

2376 4998 2415 5058 3
2464 4993 2645 5059 Marti
2697 5002 2890 5067 182¹.

2377 5131 2627 5199 2613.
2713 5142 3133 5206 necamus
3179 5146 3636 5216 censitam.
3740 5140 3925 5238 (4578)

2509 5252 2722 5348 Qqum
2765 5260 2994 5324 abusus
3037 5265 3329 5331 nonnulli
3360 5271 3601 5337 sensim
3636 5270 3931 5358 irrepsisse

2374 5352 2871 5428 conspiciantur,
2898 5356 3030 5409 tum
3054 5349 3359 5417 adversus
3381 5357 3778 5447 Episcopalia
3801 5358 3926 5429 iura,
