4042 5950
1553 291 2029 375 -163-

185 451 309 519 licet
353 449 636 520 eiusdem
689 450 926 520 solutio
974 473 1101 520 non
1154 453 1438 541 pertinet
1493 455 1571 521 ad
1630 458 1735 524 Sa-

186 559 326 607 cram
370 541 627 609 Rituum
672 541 1277 631 congregationem)
1303 564 1380 608 Διν.
1614 555 1621 562 ’

289 629 377 696 Ad
422 633 490 696 2.
538 651 577 693 ι
611 633 946 719 Negative,
996 631 1073 697 ad
1124 630 1394 719 primam
1441 644 1732 717 partem3

181 717 562 804 Affirmative,
610 719 687 785 ad
732 720 1123 797 secundam;
1175 730 1363 804 atque
1409 719 1494 784 ita
1558 721 1735 787 obte—

181 805 433 891 gendum
484 826 626 872 esse
671 805 1203 891 Tabernaculum,
1246 817 1317 873 ut
1366 810 1482 874 Vas
1514 807 1581 874 in
1611 827 1737 894 quo

181 896 410 962 Sanum
487 895 919 962 Eucharistiae
999 898 1476 963 Sacramentum
1536 916 1737 962 asser·

178 993 332 1081 vatur
373 1004 406 1047 a
454 982 1017 1051 circumstantibus
1059 984 1241 1050 nullo
1288 983 1483 1051 modo
1529 983 1736 1052 videri

181 1080 346 1157 possut
374 1093 441 1138 ι».

284 1161 373 1226 Ad
419 1164 484 1227 3.
539 1183 578 1225 ‹
612 1161 917 1250 Negative
952 1183 1019 1227 v.

283 1252 485 1334 Atque
530 1248 618 1316 ita
661 1249 952 1317 decrevit
999 1260 1063 1315 et
1102 1251 1342 1317 servari
1385 1249 1729 1318 mandavit.

178 1337 268 1401 lh'e
309 1339 389 1403 20
434 1335 834 1426 Septembris
886 1340 1075 1405 1806.

183 1478 411 1547 2565.
744 1479 1138 1548 vERoNEN.
1510 1481 1736 1567 (4511)

282 1606 431 1670 Cum
514 1603 581 1669 in
654 1603 984 1670 Asceterio
1061 1604 1423 1671 Honialium
1491 1606 1741 1673 Ordinis

175 1693 225 1757 S.
265 1691 575 1757 Francisci
624 1694 874 1760 adnexo
936 1692 1259 1759 Ecclesiae
1309 1695 1570 1760 Sanctae
1617 1697 1739 1760 Ma·

173 1778 276 1844 riae
327 1799 545 1846 nuncu
596 1790 735 1848 atae
793 1780 948 1846 delle
1013 1782 1270 1866 Veryini
1341 1783 1505 1848 dette
1573 1782 1737 1850 della

174 1868 497 1950 flodoeno,
599 1868 832 1934 ivitatis
866 1901 873 1910 ·
902 1872 1190 1935 Veronae
1260 1882 1741 1938 commorentur

175 1952 337 2022 bodie
368 1957 673 2023 Moniales
697 1956 1054 2023 Monasterii
1081 1958 1256 2024 Ssmi
1290 1959 1738 2048 Redemptoris

172 2061 236 2107 ex
265 2044 501 2111 Ordine
547 2046 1006 2113 canonicorum
1040 2047 1454 2133 Regularium
1488 2050 1738 2114 Latera-

60 2177 61 2186 ι
171 2134 436 2199 censium
490 2136 558 2200 S.
594 2135 958 2221 Augustini,
1009 2147 1334 2219 separatae
1402 2145 1613 2202 tamen
1675 2136 1739 2201 in

60 2249 61 2302 3
169 2220 435 2289 omnibus
507 2242 541 2287 a
618 2219 963 2311 praedictis

1039 2222 1414 2291 Monialibus
1487 2223 1740 2291 Ordinis

60 2361 63 2382 ,
168 2310 224 2372 S.
250 2309 589 2393 Francisci,
627 2320 895 2397 excepta
926 2311 1212 2376 Ecclesia
1244 2331 1405 2398 quae
1439 2322 1535 2379 est
1566 2331 1739 2379 com·

60 2441 61 2466 ι
166 2398 391 2483 munis,
450 2399 538 2465 ita
600 2410 673 2467 ut
733 2399 811 2465 ab
857 2396 1145 2484 utrisque
1194 2399 1564 2467 fluuialibus
1607 2420 1740 2468 ser-

166 2495 329 2551 vetur
372 2488 636 2588 propria
682 2487 929 2574 Regula
978 2497 1042 2552 et
1095 2490 1407 2555 recitetur
1449 2488 1740 2556 Officium

60 2569 61 2648 ἷ
166 2570 315 2638 iuxta
345 2593 691 2662 proprium
722 2576 1203 2664 Calendarium3
1239 2577 1448 2643 visum
1483 2588 1578 2643 est
1609 2581 1736 2644 Mo·

60 2665 63 2756 ξ
162 2659 407 2729 nialibus
438 2663 1000 2746 Lateranensibus,
1027 2666 1200 2749 quod
1233 2664 1308 2730 ab
1337 2685 1556 2732 earum
1581 2669 1738 2754 cap-

162 2748 393 2834 pellano
442 2751 743 2838 quotidie
789 2750 1167 2822 celebranda
1198 2752 1282 2818 sit
1315 2773 1386 2820 ea
1416 2753 1618 2840 Missa,
1660 2755 1737 2822 ad

60 2893 63 2934 ¹.
161 2854 326 2921 quam
392 2838 789 2920 audiendam
855 2840 1032 2927 ipsae
1091 2842 1519 2925 conveniunt,
1578 2862 1739 2929 quae

161 2928 489 2996 conformis
547 2927 631 2995 sit
676 2928 893 2998 Officio
952 2929 1019 2996 in
1080 2949 1302 2998 earum
1362 2931 1737 2999 calendario

159 3016 505 3104 assignat03
574 3018 746 3103 quod
815 3037 961 3085 cum
1018 3019 1383 3106 denegetur
1429 3040 1460 3084 a
1508 3020 1738 3087 Konia-

160 3100 305 3168 libus
350 3108 413 3173 S.
454 3105 800 3190 Francisci,
850 3105 913 3172 in
960 3106 1324 3174 huiusmodi
1359 3127 1396 3172 o
1448 3107 1739 3175 inionum

156 3188 598 3289 discrepantia,
645 3193 722 3261 ad
771 3194 1158 3262 firmandum
1208 3195 1364 3281 quid
1452 3196 1614 3262 erio
1662 3216 1740 3262 us

157 3287 260 3362 sit,
320 3280 629 3349 moniales
700 3286 1156 3349 Lateranenses
1233 3301 1572 3352 recursum
1678 3304 1736 3350 a·

158 3363 423 3437 buerunt
456 3369 538 3436 ad
566 3372 815 3438 Sacram
841 3371 1102 3438 Rituum
1129 3373 1735 3459 congregationem.

268 3460 349 3524 Et
423 3460 611 3525 Sacra
680 3458 940 3527 Rituum
1010 3462 1470 3549 congregatio,
1528 3460 1737 3527 audita

156 3543 315 3629 prius
350 3547 673 3613 sententia
708 3546 898 3614 unius
930 3567 1010 3613 ex
1040 3548 1552 3636 Apostolicarum
1585 3552 1739 3617 Cae-

158 3636 585 3702 remoniarum
632 3635 947 3723 Magistris
988 3638 1228 3725 scripto
1261 3647 1512 3703 exarata
1544 3636 1739 3725 typis-

157 3738 269 3806 que
314 3724 579 3807 tradita,
630 3724 707 3790 ad
755 3724 1138 3790 relationem
1184 3725 1325 3793 Emi
1375 3735 1441 3791 et
1485 3725 1629 3792 Rmi
1661 3728 1734 3791 D.

155 3810 491 3879 Cardinalis
538 3811 815 3879 Erskine
874 3813 1202 3897 Ponentis,
1252 3813 1738 3880 rescribendum

159 3901 437 3966 censuitz
508 3921 550 3964 ι
584 3903 770 3967 Posse
838 3902 1302 3988 cappellanum
1368 3900 1734 3969 Monialium

156 3987 668 4055 lateranensium
714 3988 889 4056 ssffii
936 3989 1388 4078 Redemptoris
1445 3989 1510 4056 in
1564 4009 1733 4074 casu,

157 4073 229 4139 de
269 4094 397 4161 quo
428 4076 669 4164 agitur,
704 4077 914 4143 Missas
962 4078 1189 4167 legere
1230 4079 1590 4146 secundum
1624 4082 1738 4146 ca·

159 4159 507 4231 lendarium
567 4166 944 4233 earumdem
998 4166 1397 4251 Monialium,
1448 4165 1740 4253 exceptis

60 4312 61 4315 ,
157 4247 371 4318 diebus
414 4252 847 4319 Dedicationis
879 4264 943 4320 et
974 4254 1268 4321 Titularis
1317 4255 1641 4323 Ecclesiae
1671 4275 1734 4318 ιν.

60 5476 63 5533 l

158 4337 227 4403 Et
269 4339 351 4405 ita
396 4341 771 4409 declaravit.
822 4342 935 4408 Die
983 4346 1068 4410 20
1115 4343 1315 4410 Martii
1366 4347 1557 4412 1809.

161 4512 412 4583 2566.
831 4520 1060 4585 URBIS

386 4626 493 4691 ET
540 4624 838 4691 STATUS
884 4626 1490 4692 ECCLESIASTICI.

1509 4516 1733 4606 (4514)

282 4784 437 4849 cum
488 4783 933 4850 sanctissimus
979 4787 1162 4850 Dom.
1197 4784 1427 4850 Noster
1456 4785 1600 4851 Pius
1633 4789 1737 4853 Vll

160 4866 439 4935 Pontifex
474 4870 780 4937 Maximus
812 4871 1273 4938 validissimum
1306 4876 1377 4938 B.
1406 4876 1488 4939 Μ.
1516 4876 1593 4940 V.
1630 4894 1736 4940 au-

158 4952 376 5051 xilium
422 4969 772 5045 expertum
828 4957 1024 5029 luerit
1082 4959 1150 5026 in
1210 4960 1429 5027 multis
1476 4961 1735 5029 tribula-

162 5044 451 5138 tionibus,
501 5047 849 5130 aerumnis,
895 5047 1237 5134 angustiis,
1286 5068 1438 5133 quas
1483 5048 1550 5114 in
1596 5049 1737 5116 diu·

160 5138 287 5196 una
327 5136 611 5222 quinque
659 5144 727 5201 et
772 5137 939 5202 ultra
1000 5153 1309 5203 annorum
1373 5136 1735 5224 captivitate

160 5235 373 5313 passus
417 5234 557 5303 est3
616 5223 768 5293 Eius
828 5222 1264 5291 intercessioni
1315 5224 1603 5291 tribuens
1646 5228 1739 5291 fe-

160 5304 353 5373 licem
393 5329 578 5377 suum
628 5311 909 5378 reditum
958 5312 1021 5380 in
1070 5313 1305 5379 Urbem
1356 5316 1669 5396 Sanctam,
1704 5333 1735 5377 a

166 5408 289 5477 qua
322 5395 517 5465 luerat
548 5400 790 5466 nefarie
822 5401 1076 5467 avulsus
1104 5423 1123 5489 ;
1175 5401 1372 5467 accito
1403 5403 1562 5467 Rmo
1593 5404 1738 5467 Car-

1838 455 2033 523 dinali
2081 457 2258 524 lulio·
2288 457 2475 524 Maria
2522 459 2605 525 de
2652 455 2922 526 Somalia
2956 455 3427 549 Episcopo'Tu·

1839 545 2123 629 sculano,
2173 548 2301 613 Suo
2359 544 2422 613 in
2485 548 2656 615 Urbe
2712 547 2959 614 Vicario
3022 550 3311 616 Generali
3364 562 3429 617 et

1840 635 2175 700 Sacrorum
2220 634 2482 702 Rituum
2537 634 3027 723 Congregationi
3074 638 3426 722 Praefecto,
3531 679 3538 690 ·

1839 730 2124 788 mentem
2172 739 2348 788 suam
2397 743 2537 790 esse
2583 724 2989 812 significavit,
3039 736 3109 792 ut
3154 725 3232 791 ad
3267 727 3428 815 grati

1839 809 2030 909 animi
2057 811 2471 911 ⁶reddendum
2494 830 2791 911 ‘perenne
2821 812 3256 913 testimonium
3291 816 3428 914 glo-

1840 916 2218 963 riosissimae
2264 903 2547 986 Virgmi,
2596 918 2774 985 quae
2820 911 3136 988 insperato
3184 902 3315 968 Sibi
3365 912 3429 968 et

1839 985 2085 1073 populo
2109 983 2289 1054 fideli
2316 987 2380 1053 in
2404 986 2713 1053 auxilium
2738 988 2942 1073 venit,
2968 989 3293 1076 peculiare
3315 993 3428 1056 Fe·
3521 1023 3538 1038 -

1840 1083 2010 1140 stum
2059 1075 2124 1140 in
2179 1073 2467 1141 eiusdem
2517 1075 2828 1143 bonorem
2874 1076 3240 1145 instituatur
3282 1097 3427 1166 per·

1841 1162 2161 1251 agendum
2194 1163 2298 1229 die
2329 1166 2413 1230 24
2443 1163 2579 1229 Maii
2613 1164 2678 1231 in
2706 1184 2933 1233 aevum
2981 1165 3426 1250 memoranda,

1842 1249 2012 1316 felici
2040 1249 2239 1339 Ipsius
2264 1253 2339 1318 ad
2367 1252 2532 1318 Petri
2559 1252 2793 1320 Sedem
2816 1253 3055 1339 signata
3089 1271 3424 1341 regressu3

1798 1419 1809 1432 ·
1841 1349 1907 1404 et
1939 1339 2291 1415 aemulatus
2324 1344 2734 1407 Decessorem
2768 1345 2967 1410 Suum
3003 1344 3066 1409 S.
3096 1341 3275 1410 Pium
3310 1343 3427 1408 hu·

1844 1426 1938 1493 ius
2004 1429 2277 1497 nominis
2325 1433 2403 1514 V,
2453 1427 2561 1514 qui
2611 1427 2691 1494 ob
2738 1423 3053 1517 insignem
3101 1431 3429 1498 victoriam

1840 1535 2003 1583 anno
2065 1520 2366 1586 MDLXXI
2429 1537 2458 1581 a
2520 1516 2866 1585 christiana
2934 1519 3142 1585 Classe
3208 1529 3429 1585 contra

1841 1608 2071 1673 Turcas
2117 1607 2194 1673 ad
2242 1604 2593 1682 Echinadas
2641 1607 2879 1698 insulas.
2931 1607 3044 1672 Dei
3100 1606 3429 1674 Genitricis

1843 1714 1966 1781 ope
2032 1694 2332 1779 relatam,
2396 1694 2648 1760 Litaniis
2718 1694 3083 1761 Lauretanis
3153 1696 3427 1762 alterum

1844 1780 2130 1871 elogium
2179 1782 2368 1849 inseri
2416 1781 2594 1848 iussit
2629 1785 3012 1850 AUXILIUM
3044 1785 3429 1851 CHRISTIA-

1843 1873 2111 1939 NORUM
2139 1886 2156 1949 ;
2210 1872 2292 1936 ita
2324 1881 2388 1936 et
2418 1875 2559 1957 lpse
2609 1870 2729 1936 hoc
2765 1870 2952 1936 titulo
2985 1872 3292 1938 decorare
3321 1891 3430 1938 no·

1842 1978 1994 2026 vum
2045 1959 2162 2025 hoc
2212 1963 2469 2026 Festum
2523 1959 2849 2024 constituit
2908 1978 3056 2026 cum
3100 1958 3317 2028 Officio
3365 1969 3431 2024 et

1842 2047 2021 2113 Missa
2068 2045 2144 2112 ab
2191 2048 2421 2114 eodem
2467 2051 2624 2113 nmo
2657 2046 2973 2113 cardinali
3012 2047 3363 2132 Praefecto,
3396 2068 3430 2113 a

1842 2138 1917 2202 Β.
1952 2140 2018 2201 P.
2056 2135 2309 2202 Andrea
2357 2134 2589 2201 cavalli
2639 2139 3010 2202 Promotore
3055 2136 3233 2202 Fidei
3284 2145 3351 2203 et
3397 2155 3431 2200 a

1842 2243 1948 2290 me
1994 2223 2396 2311 infrascripto
2443 2225 2506 2289 S.
2557 2226 2635 2290 R.
2670 2225 2740 2302 C,
2794 2226 3129 2290 Assessore
3175 2223 3426 2306 revisis,

1843 2332 1987 2379 cum
2019 2311 2087 2377 in
2118 2313 2286 2379 Urbe
2322 2322 2459 2402 tum
2490 2311 2555 2377 in
2591 2319 2722 2377 toto
2770 2311 3213 2380 Ecclesiastico
3251 2316 3429 2381 Statu

1843 2400 2163 2467 recitanda
2213 2411 2278 2467 et
2323 2399 2682 2488 respective
2729 2401 3113 2469 celebranda
3153 2403 3272 2468 sub
3305 2400 3428 2466 ritu

1841 2488 2029 2577 dupl.
2057 2487 2205 2554 mai.
2234 2490 2310 2556 ab
2336 2488 2630 2556 omnibus
2654 2499 2781 2553 tam
2807 2487 3213 2557 secularibus
3239 2508 3429 2574 quam

1841 2576 2263 2661 Regularibus
2282 2576 2390 2663 qui
2417 2577 2492 2644 ad
2519 2581 2715 2643 Horas
2731 2576 3070 2643 canonicas
3097 2586 3424 2644 tenentur.

1975 2669 2054 2730 Et
2091 2666 2210 2732 hoc
2250 2668 2593 2733 Decretum
2624 2664 2689 2731 in
2721 2666 2873 2731 Acta
2905 2664 3429 2753 Congregationis

1844 2755 2181 2820 Sacrorum
2238 2754 2497 2821 Rituum
2557 2753 2782 2841 reponi
2846 2774 2915 2819 ac
2966 2753 3209 2841 publici
3277 2753 3430 2820 iuris

1844 2841 1986 2907 fieri
2037 2841 2382 2908 mandavit.
2431 2841 2541 2907 Die
2599 2846 2677 2908 15
2715 2842 3108 2929 Septembris
3147 2846 3337 2910 1815.

1844 2978 2098 3087 2567.
2472 3019 2804 3084 numus

2373 3125 2904 3225 mmmmm.

3204 3016 3428 3105 (4516)

1974 3286 2202 3353 Clerus
2245 3284 2606 3351 Balneariae
2665 3282 2982 3353 Dioecesis
3036 3282 3312 3367 Nullius,
3365 3282 3428 3349 in

1844 3374 2138 3440 ulteriori
2188 3371 2500 3456 Calabria,
2551 3371 2885 3439 humiliter
2941 3370 3059 3436 sibi
3118 3369 3426 3437 declarari

1841 3483 1874 3526 a
1907 3466 2092 3529 Sacra
2137 3462 2401 3527 Rituum
2442 3461 2949 3551 congregatione
3001 3456 3427 3547 expostulavit

1842 3548 2176 3635 sequentia
2220 3547 2435 3633 dubia,
2486 3547 2838 3617 videlicet:

1979 3641 2040 3705 1.
2090 3639 2187 3704 An
2244 3638 2452 3704 diruta
2512 3647 2577 3704 et
2633 3638 2771 3704 solo
2834 3647 3096 3724 aequata
3144 3636 3429 3704 Ecclesia

1843 3727 2103 3793 Hatrice
2149 3725 2439 3793 dedicata
2491 3725 2781 3793 eiusdem
2826 3724 3084 3814 Oppidi,
3115 3730 3431 3793 'teneatur

1842 3816 2069 3881 cterus
2098 3814 2434 3900 quotannis
2469 3815 2548 3881 ad
2581 3813 2779 3881 Officii
2813 3814 3312 3883 celebrationem
3345 3814 3428 3880 de

1844 3901 2011 3969 dicta
2059 3902 2469 3970 Dedicatione
2530 3921 2677 3969 cum
2739 3912 2981 3987 octava,
3032 3904 3317 3990 quamvis
3364 3904 3430 3970 in

1841 3990 1960 4058 alio
1993 3990 2122 4057 situ
2145 3990 2298 4059 dein
2327 3990 2551 4057 Matrix
2582 3990 2861 4058 Ecclesia
2887 4001 3246 4058 constructa
3279 3991 3423 4074 fuit,

1844 4080 1945 4147 cui
1992 4079 2216 4147 clerus
2260 4076 2577 4145 inservit?

1975 4172 2041 4235 2.
2091 4170 2186 4234 An
2242 4166 2455 4235 curati
2515 4168 2789 4235 duarum
2837 4166 3143 4234 villarum
3209 4167 3422 4233 Solani

1841 4266 1907 4323 et
1938 4256 2338 4342 Pellegrinae
2370 4267 2904 4341 nuncupatamm,
2939 4253 3258 4322 Dioecesis
3287 4254 3426 4322 Bal-

1843 4343 2118 4427 neariae,
2155 4351 2497 4412 teneantur
2528 4344 2605 4410 ad
2639 4353 2892 4410 octavae
2925 4342 3425 4410 celebrationem

1840 4432 1926 4497 de
1973 4431 2138 4499 dicta
2182 4431 2624 4514 Dedicatione,
2675 4452 2753 4498 an
2798 4431 2874 4497 ad
2922 4431 3119 4497 solam
3165 4430 3297 4499 diei
3329 4451 3428 4497 ce-

1841 4517 2257 4587 lebritatem?
2300 4518 2478 4587 Ratio
2526 4519 2938 4586 dubitationis
3000 4537 3082 4588 ex
3141 4537 3218 4586 eo
3279 4537 3425 4606 pro-

1843 4608 2054 4690 cedit,
2103 4608 2276 4694 quod
2322 4626 2406 4674 ex
2454 4607 2706 4693 antiqua
2766 4606 3236 4674 consuetudine
3300 4616 3426 4673 tota

1843 4714 2033 4783 parva
2079 4694 2397 4762 Dioecesis
2456 4695 2816 4763 Balneariae
2863 4693 3264 4761 existimatur
3303 4715 3425 4761 una

1843 4783 2014 4869 quasi
2079 4782 2409 4866 Parocbia,
2466 4803 2613 4850 cum
2671 4801 2789 4849 nec
2852 4784 2917 4850 in
2980 4782 3227 4869 Oppido
3293 4785 3425 4850 Bal-

1842 4870 2119 4955 neariae,
2167 4890 2286 4938 nec
2333 4872 2398 4937 in
2443 4871 2626 4937 Villis
2689 4870 2901 4937 eidem
2957 4870 3258 4938 subiectis
3301 4870 3426 4936 sint

1841 4959 1976 5024 veri
2010 4958 2304 5035 Parocbi3
2339 4976 2485 5024 nam
2517 4979 2667 5043 cura
2697 4959 3048 5025 animarum
3084 4970 3429 5026 exercetur

1843 5064 1961 5135 per
2019 5049 2411 5114 Oeconomos
2471 5050 2752 5114 curatos·
2793 5045 3193 5132 amovibiles,
3243 5068 3276 5112 a
3322 5045 3427 5113 vi-

1842 5135 2011 5201 cario
2064 5134 2407 5221 capitulari
2474 5134 2834 5202 Balneariae
2889 5136 3266 5222 deputatos,
3316 5137 3426 5219 qui

1842 5242 1959 5289 nec
2027 5222 2215 5290 etiam
2270 5234 2366 5289 est
2426 5223 2762 5309 Parochus,
2809 5223 2924 5291 sed
2972 5223 3118 5290 Loci
3166 5223 3426 5291 Ordina-

1843 5311 1998 5376 riuS.
2049 5315 2284 5377 Harum
2334 5311 2636 5380 villarum
2687 5331 2810 5378 una
2861 5311 3048 5379 distat
3093 5331 3126 5375 a
3171 5309 3425 5378 Balnea-

1849 5398 1981 5464 riae
2025 5399 2273 5487 Oppido
2319 5419 2439 5488 per
2483 5401 2614 5467 duo
2676 5399 2960 5466 milliaria
3009 5397 3287 5487 circiter,
3338 5396 3424 5461 al·
