4042 5950
1991 286 2462 372 —256—

595 456 897 515 suerunt:
953 469 990 513 α
1020 440 1369 534 Dividatur,
1419 458 1484 516 et
1527 447 1836 517 recitetur
1890 453 2175 538 Respon-

595 535 1069 692 {oriurlnggout
1113 536 1181 604 in
1224 536 1520 625 precibus
1543 558 1611 605 »..
1657 538 1768 605 Die
1798 542 1841 605 6
1878 540 2172 627 Septem·

642 643 727 689 ris
953 672 970 691 .

597 764 835 834 2⁷19.
1153 768 1595 835 ranwsmA.
1942 764 2167 855 (4735)

724 886 1313 956 Revereudissimus
1393 891 1743 980 Episcopus
1817 891 2172 959 'tarvisinus

594 976 993 1045 Sebastianus
1040 977 1277 1045 Soldati
1324 982 1545 1046 Sacrae
1573 982 1834 1048 Rituum
1888 983 2171 1081 cougre-

593 1064 829 1153 gationi
896 1064 1407 1134 Eminentissimo
1477 1079 1542 1134 et
1608 1068 2168 1137 Reverendisstmo

594 1153 859 1221 Domino
904 1153 1218 1222 cardinali
1274 1157 1598 1224 Praefecto
1658 1167 2002 1243 sequentes
2057 1156 2168 1226 de.-

593 1243 686 1311 dit
730 1243 1000 1326 litteras,
1049 1241 1392 1310 nimirums
1442 1244 1622 1311 Binas
1666 1246 1976 1314 factorum
2021 1263 2170 1333 spe-

593 1331 765 1415 cies,
814 1349 967 1416 quas
1032 1331 1225 1398 modo
1281 1351 1424 1400 sum
1473 1333 1915 1421 expositurus,
1966 1352 2039 1399 ea
2086 1333 2166 1400 de

593 1438 832 1503 caussa,
882 1419 1116 1487 iudicio
1163 1429 1355 1505 atque
1405 1421 1757 1489 auctoritati
1806 1426 1976 1490 Tuae
2019 1419 2168 1489 sub-

591 1507 893 1574 iiciendas
924 1506 1165 1592 curavi,
1199 1507 1715 1577 Eminentissime
1750 1524 1814 1578 et
1844 1515 2169 1579 Reveren-

591 1596 855 1685 dissime
899 1595 1220 1685 Princeps,
1270 1606 1408 1663 tum
1462 1608 1559 1681 ut,
1606 1603 1694 1667 Te
1741 1599 2161 1683 decernente,

592 1702 1047 1774 cognoscerem
1104 1685 1261 1770 quid
1323 1684 1408 1752 de
1459 1685 1536 1752 iis
1598 1687 2010 1755 sentiendum
2056 1688 2163 1771 sit,

591 1783 732 1840 tum
777 1783 847 1839 ut
878 1790 950 1839 ea
979 1790 1211 1859 augear
1241 1784 1577 1860 potestate,
1625 1795 1746 1862 qua
1792 1795 1897 1843 me
1943 1794 2163 1843 carere

594 1861 832 1928 sentio.

720 1952 964 2029 Quaero
1009 1949 1204 2037 igitur
1250 1950 1496 2039 primo:
1546 1953 1641 2020 Au
1694 1952 2047 2041 Episcopus
2093 1950 2165 2018 li-

593 2038 719 2105 cite
763 2037 958 2140 possit
1005 2048 1183 2106 extra
1228 2050 1439 2107 actum
1485 2040 1903 2109 dedicationis
1942 2042 2165 2108 Eccle-

589 2127 718 2193 siae
763 2137 1097 2193 1mmutare
1142 2127 1317 2196 diem
1362 2127 1859 2198 anniversarium
1910 2129 2164 2198 dedica·

590 2215 780 2282 tionis
848 2215 1180 2301 eiusdem,
1235 2220 1644 2304 praecedenti
1701 2222 1972 2286 Decreto
2040 2217 2164 2285 iam

490 2346 496 2353 -
592 2304 1007 2372 coustitutum
1064 2324 1136 2370 ac
1202 2304 1564 2384 firmatum3
1614 2327 1693 2374 eo
1746 2307 1918 2394 quod
1975 2325 2168 2396 expe·

594 2391 817 2460 rientia
887 2393 1345 2461 demonstravit
1409 2393 1768 2483 Oppidanos
1831 2397 2162 2464 Paroeciae

588 2500 716 2548 nou
764 2500 949 2569 posse
970 2480 1048 2549 ad
1085 2481 1429 2571 Ecclesiam
1474 2484 1816 2550 convenire
1849 2483 1930 2549 ob
1960 2483 2163 2572 impe-

590 2569 951 2636 dimentum
997 2569 1103 2636 illa
1144 2568 1272 2655 ipsa
1313 2569 1422 2637 die
1466 2572 1801 2656 quotannis
1837 2569 2167 2639 incidens?

721 2662 789 2727 Iu
844 2677 988 2725 casu
1055 2658 1352 2745 negativo
1420 2670 1843 2747 opportunam
1907 2660 2162 2748 postulo

591 2747 980 2814 facultatem.

679 2836 920 2913 Quaero
978 2834 1299 2903 secundos
1361 2837 1459 2903 Au
1505 2836 1852 2925 Episcopus
1912 2857 2163 2906 succes-

589 2944 694 2993 sor
740 2923 861 2992 rite
907 2922 1178 2992 lustrans
1269 2944 1339 2992 ro
1385 2943 1654 2994 munere
1697 2947 1815 2996 suo
1868 2927 2162 3018 pastorali

593 3012 936 3081 Ecclesiam
983 3035 1016 3079 a
1062 3017 1214 3082 Prae
1264 3031 1552 3082 ecessore
1596 3036 1711 3083 suo
1755 3028 1901 3085 ante
1967 3035 2162 3085 annos

590 3102 825 3170 multos
879 3100 1266 3188 dedicatam,
1316 3103 1490 3171 licite
1548 3104 1747 3190 possit
1806 3105 1946 3173 iure
1992 3105 2165 3172 ordi·

590 3189 766 3258 uario
812 3188 1182 3277 prohibere,
1216 3211 1298 3259 ne
1341 3193 1569 3260 eadem
1613 3194 1894 3260 Ecclesia
1937 3193 2003 3260 in
2050 3213 2162 3283 po-

589 3292 832 3347 sterum
881 3278 1121 3368 duplici
1169 3281 1532 3370 appelletur
1581 3280 1766 3348 titulo
1796 3282 1859 3349 in
1891 3283 2164 3349 solemni

590 3368 991 3437 dedicatione
1052 3381 1387 3456 usurpato,
1440 3381 1575 3438 tum
1619 3369 1764 3456 quia
1819 3370 1997 3438 novit
2041 3375 2163 3438 cu·

590 3458 750 3524 riam
794 3456 1222 3544 episcopalem
1267 3456 1567 3546 ipsosque
1633 3460 1995 3546 Oppidanos
2042 3460 2163 3527 loci

590 3546 1042 3633 qninquaginta
1104 3546 1308 3613 ferme
1375 3566 1683 3616 annorum
1726 3547 1930 3634 spatio
1970 3549 2162 3615 unico

590 3645 837 3701 tantum
906 3632 1093 3699 titulo
1151 3654 1295 3702 usos
1352 3634 1547 3703 fuisse
1594 3638 1657 3703 in
1709 3637 1989 3705 Ecclesia
2054 3656 2163 3724 ap·

588 3721 911 3808 pellanda,
948 3722 1146 3788 altero
1179 3723 1439 3803 relicto;
1489 3736 1628 3792 tum
1660 3724 1805 3811 quia
1836 3735 2014 3794 certo
2043 3725 2162 3792 scit

588 3828 671 3876 ex
716 3808 804 3875 du
856 3808 957 3876 lici
1004 3807 1124 3875 hoc
1169 3810 1356 3879 titulo
1384 3824 1529 3914 post
1567 3832 1761 3881 annos
1805 3834 1953 3882 sane
1997 3814 2161 3882 mul-

588 3909 688 3965 tos
731 3897 805 3963 ad
862 3896 1017 3965 iberi
1085 3908 1338 3987 coepto,
1386 3902 1615 3989 iurgia,
1665 3901 2037 3985 discordias,
2084 3901 2166 3969 si-

589 3986 967 4057 mulationes
1027 3998 1355 4056 secuturas
1415 4009 1553 4057 esse
1613 4008 1759 4056 cum
1819 3991 2162 4091 Oppidanis

588 4077 849 4145 alterius
917 4076 1245 4144 Paroeciae
1309 4076 1600 4145 eiusdem
1665 4078 1932 4167 Oppidi,
1995 4098 2161 4165 quae

590 4166 815 4233 eadem
864 4163 1099 4253 gaudet
1144 4164 1618 4253 appellatione?

720 4259 790 4321 Iu
822 4274 968 4322 casu
1002 4254 1327 4341 negativo,
1360 4253 1438 4321 ad
1472 4257 1876 4341 quaestiones
1914 4276 1983 4323 ac
2017 4255 2161 4322 lites

587 4343 1077 4431 praecavendas,
1114 4341 1303 4409 etiam
1339 4352 1531 4429 atque
1564 4344 1751 4411 etiam
1795 4344 2053 4430 postulo
2091 4352 2163 4410 ut

588 4449 669 4498 ex
704 4431 1062 4520 Apostolica
1107 4430 1364 4518 speciali
1411 4441 1726 4517 potestate
1771 4432 1928 4500 mihi
1974 4432 2163 4499 liceat

589 4538 671 4586 ex
701 4518 951 4587 duobus
981 4519 1342 4588 nominibus
1384 4521 1447 4587 in
1491 4518 1916 4607 dedicatione,
1952 4520 2164 4588 minus

585 4608 850 4676 fortasse
896 4609 1254 4699 prudenter
1319 4606 1653 4692 adhibitis,
1702 4606 1864 4676 illud
1910 4608 2163 4697 suppri-

589 4716 806 4782 mere,
855 4698 1029 4784 quod
1076 4699 1262 4784 longa
1319 4697 1687 4766 seculorum
1741 4700 2161 4785 possessione,

588 4787 666 4888 ad
716 4787 980 4856 alteram
1025 4786 1256 4876 Oppidi
1318 4787 1604 4854 eiusdem
1657 4796 1902 4876 spectat
1947 4788 2163 4855 Eccle-

588 4892 769 4942 stam.

720 4964 1100 5033 Huiusmodi
1161 4962 1452 5031 instantia
1518 4981 1638 5052 per
1689 4964 2159 5055 infrascriptum

590 5053 1017 5121 Secretarium
1047 5053 1245 5120 relata
1277 5052 1340 5119 iu
1370 5049 1712 5120 Ordinariis
1751 5055 2037 5122 comitiis
2081 5052 2159 5119 ad

589 5138 905 5217 Quirinale
952 5141 1257 5210 hodierna
1320 5140 1427 5208 die
1474 5139 1736 5226 habitis,
1784 5140 2164 5209 Eminentis-

588 5226 732 5295 simi
780 5239 847 5295 et
890 5227 1426 5298 Reverendissimi
1473 5232 1686 5295 Patres
1731 5230 1933 5297 Sacris
1976 5239 2162 5297 tuen·

588 5316 687 5386 dis
731 5314 975 5386 Ritibus
1019 5315 1386 5404 praepositi,
1421 5336 1494 5383 re
1534 5324 1784 5384 mature
1875 5325 2163 5404 erspecta

587 5405 1067 5495 diligenterque
1098 5402 1474 5485 examinata,
1500 5402 1825 5468 rescriben
1873 5422 1983 5470 um
2010 5423 2162 5470 cen·

2277 460 2578 518 suerunt:
2614 471 2653 514 ‹
2684 448 2990 538 Negative
3022 447 3090 516 in
3119 444 3410 517 omnibus
3431 470 3495 515 ›.
3532 446 3647 517 Die
3678 453 3722 516 6
3744 452 3865 520 Se-

2272 537 2588 627 ptembris
2637 541 2828 605 18:34.

2277 678 2534 749 2⁷20.
2771 681 3355 748 ALEXANDRINA.

2404 804 2610 881 Quum
2658 806 2880 872 Sacrae
2926 803 3187 871 Rituum
3220 803 3715 890 congregationi
3754 821 3859 870 se-

2274 909 2480 977 quens
2526 891 2793 960 dubium
2839 893 3245 981 enodandum
3289 891 3704 981 proposuerit
3745 894 3858 958 ca·

2276 979 2552 1067 pitulum
2582 979 2975 1048 cathedralis
3001 981 3469 1048 Alexandrinae
3499 980 3854 1065 Ecclesiae;

2273 1066 2612 1135 nimirum:
2663 1069 2761 1135 Au
2806 1068 2966 1136 ritus
3011 1079 3077 1135 et
3108 1068 3378 1136 formula
3416 1067 3609 1136 dandi
3659 1066 3858 1134 bene-

2277 1155 2624 1222 dictionem
2646 1157 3075 1243 Apostolicam
3104 1176 3251 1224 cum
3282 1156 3691 1243 indulgentia
3713 1157 3857 1242 ple-

2272 1246 2444 1311 naria
2488 1254 2634 1331 post
2679 1244 2924 1312 Missam
2969 1245 3340 1313 Solemnem
3387 1245 3561 1312 iuxta
3619 1243 3857 1310 formu-

2275 1333 2398 1398 lam
2436 1334 2890 1420 praescriptam
2920 1333 3274 1420 Episcopis,
3309 1331 3607 1401 substitui
3653 1332 3854 1419 possit

2273 1420 2423 1487 ritui
2471 1431 2536 1486 et
2582 1420 2896 1489 formulae
2941 1422 3132 1489 dandi
3188 1421 3711 1489 benedictionem
3754 1439 3853 1485 so-

2275 1509 2553 1591 lemnem
2600 1509 2775 1577 iuxta
2820 1508 3300 1578 caeremoniale
3345 1514 3394 1577 E
3445 1509 3850 1595 iscoporum:

2268 1595 2429 1663 adeo
2477 1607 2549 1664 ut
2596 1598 2766 1665 dicto
2797 1599 3089 1681 Placeat,
3125 1596 3351 1664 omissa
3440 1596 3855 1664 enedictione

2268 1684 2584 1770 solemni,
2635 1685 2955 1775 impertiri
3014 1687 3212 1777 possit
3269 1685 3637 1754 benedictio
3683 1686 3852 1773 Apo-

2268 1773 2514 1858 stolica,
2563 1786 2635 1842 ut
2677 1772 2914 1862 supra?

2401 1862 2898 1931 Eminentissimi
2943 1873 3011 1930 et
3052 1862 3591 1931 Reverendissimi
3637 1865 3852 1928 Patres

2271 1951 2478 2019 Sacris
2521 1951 2776 2019 tuendis
2834 1952 3080 2021 Ritibus
3124 1950 3502 2039 praepositi,
3554 1952 3618 2018 in
3671 1949 3851 2018 Ordi-

2266 2039 2456 2106 nariis
2500 2038 2785 2107 comitiis
2829 2039 2909 2108 ad
2955 2039 3283 2108 Vaticauas
3326 2040 3536 2108 Aedes
3589 2038 3711 2106 sub
3755 2038 3853 2104 iu-

2271 2127 2595 2214 frascripta
2644 2128 2750 2195 die
2797 2128 3159 2213 coadunati,
3191 2128 3270 2195 ad
3317 2126 3699 2195 relationem
3737 2130 3854 2194 Se-

2270 2217 2548 2302 cretarii,
2584 2214 3065 2285 rescribendum
3097 2225 3526 2284 censuerunt:
3574 2238 3611 2282 (
3643 2218 3851 2301 Nega·

2268 2305 2436 2390 tive3
2490 2317 2555 2372 et
2598 2317 2895 2373 servetur
2930 2306 3091 2373 ritus
3122 2324 3193 2371 ac
3238 2308 3436 2372 forma
3470 2304 3535 2371 in
3566 2308 3852 2372 Romano

2266 2394 2613 2462 Pontificali
2661 2394 3051 2482 praescripta
3098 2414 3166 2460 ».
3212 2394 3324 2462 Die
3356 2397 3440 2461 23
3472 2393 3609 2460 Maii
3651 2397 3846 2461 1835.

2267 2568 2374 2638 27
2377 2569 2480 2640 21
2491 2618 2508 2635 .
2751 2572 3353 2649 AQUAEPENDEN.
3614 2568 3726 2656 (47
3733 2568 3849 2653 38)

3630 678 3860 766 (4737)

2395 2746 2931 2835 Archipresbyter
2997 2758 3062 2816 et
3120 2749 3346 2819 clerus
3411 2745 3641 2835 Oppidi
3701 2749 3853 2813 Far·

2264 2836 2425 2903 nesii
2472 2835 2633 2902 intra
2681 2835 2916 2903 limites
2961 2837 3278 2905 Dioecesis
3310 2836 3850 2923 Aquaependen.,

2263 2925 2342 2994 ad
2374 2924 2866 3015 propellendam
2897 2944 3152 2994 omnem
3184 2923 3665 3012 ambiguitatem
3696 2944 3852 3012 quo-

2264 3014 2344 3081 ad
2401 3012 2899 3082 celebrationem
2958 3014 3125 3082 Festi
3185 3014 3514 3102 praecipui
3567 3013 3848 3097 Patroni,

2269 3105 2490 3170 Sacrae
2548 3102 2810 3169 Rituum
2865 3102 3351 3191 congregationi
3398 3101 3849 3189 supplicarunt

2265 3191 2626 3259 humillime
2695 3212 2812 3280 pro
2879 3192 3307 3260 declaratione
3369 3190 3847 3277 insequentium

2266 3278 2646 3361 dubiorum;
2693 3280 3033 3347 nimirum:

2401 3372 2461 3436 1.
2510 3369 2608 3435 Au
2653 3381 2795 3457 post
2862 3370 3251 3437 electionem
3307 3378 3372 3435 et
3417 3365 3839 3434 confirmatio·

2267 3475 2419 3526 uem
2472 3457 2898 3546 Apostolicam
2962 3460 3171 3525 Sancti
3230 3456 3450 3525 Isidori
3506 3455 3838 3543 Agricolae

2268 3547 2334 3615 in
2378 3548 2716 3614 Patronum
2765 3546 3181 3634 praecipuum
3227 3545 3562 3613 memorati
3611 3543 3835 3632 Oppidi

2265 3654 2429 3702 anno
2495 3638 2662 3702 1815
2718 3636 2979 3720 tactam,
3046 3633 3288 3703 incolae
3350 3632 3581 3723 Oppidi
3647 3633 3836 3720 ipsius

2267 3734 2606 3792 teneantur
2651 3724 2860 3791 adbuc
2905 3724 3149 3791 ducere
3192 3723 3311 3789 sub
3356 3731 3707 3824 praecepto
3750 3721 3834 3788 l'e·

2265 3810 2497 3878 stivum
2545 3812 2720 3879 diem
2746 3831 2988 3879 nouum
3032 3811 3434 3895 Novembris,
3465 3810 3531 3877 in
3561 3828 3691 3896 quo
3737 3828 3833 3875 oc·

2267 3898 2465 3968 currit
2511 3904 2769 3968 Festum
2814 3899 3238 3968 Dedicatiouis
3282 3897 3666 3967 Sanctissimi
3711 3897 3835 3967 Sal·

2267 3987 2529 4073 vatoris,
2580 3992 2759 4055 cuius
2811 3987 2931 4056 sub
2996 3988 3184 4056 titulo
3237 3998 3449 4054 erecta
3518 4005 3590 4054 re
3680 3986 3837 4053 ritur

2267 4077 2549 4145 Ecclesia
2594 4075 2849 4160 matrix,
2897 4076 2991 4142 uti
3038 4088 3219 4143 antea
3257 4076 3397 4143 fieri
3440 4075 3579 4143 sole
3626 4072 3733 4142 at‘?
3774 4084 3838 4139 et

2267 4176 2580 4253 quatenus
2627 4165 2964 4253 negative,

2399 4259 2464 4321 2.
2515 4256 2610 4319 An
2659 4253 2781 4323 hoc
2839 4258 3097 4320 Festum
3159 4252 3428 4321 titularis
3494 4270 3643 4319 cum
3711 4251 3839 4318 ritu

2267 4344 2657 4429 competenti
2708 4342 3041 4409 instituere
3088 4340 3362 4409 debeant
3419 4341 3553 4431 ipsa
3602 4340 3710 4408 die
3759 4342 3837 4406 {x

2266 4430 2678 4511 Novembris3
2727 4432 2832 4498 vel
2878 4429 3088 4518 potius
3132 4428 3451 4497 Dominica
3510 4429 3699 4495 tertia
3744 4432 3839 4495 lu-

2269 4518 2374 4606 lii,
2423 4522 2489 4586 in
2534 4538 2653 4606 qna
2721 4518 3010 4586 Officium
3079 4517 3394 4586 occurrrit
3453 4515 3837 4584 Sanctissimi

2266 4604 2760 4694 Redemptoris?

2395 4694 2767 4764 Huiusmodi
2815 4695 3022 4764 dubiis
3056 4717 3181 4786 per
3209 4693 3681 4780 infrascriptum
3729 4696 3838 4762 Se·

2266 4785 2610 4852 cretarium
2655 4785 2870 4852 relatis
2919 4786 2982 4853 in
3013 4785 3354 4854 Ordinariis
3398 4782 3687 4851 comitiis
3735 4783 3839 4851 bo-

2266 4874 2487 4942 dierna
2533 4873 2638 4942 die
2683 4874 2763 4941 ad
2807 4874 3174 4942 Vaticanum
3223 4871 3448 4942 habitis
3470 4920 3487 4955 ,
3536 4873 3834 4938 Eminen-

2267 4961 2489 5029 tissimi
2520 4973 2586 5028 et
2614 4962 3153 5030 Reverendissimi
3176 4967 3391 5029 Patres
3419 4959 3620 5028 Sacris
3655 4969 3833 5027 tuen·

2264 5051 2364 5118 dis
2406 5050 2651 5119 Bitibus
2700 5051 3065 5142 praepositi,
3115 5050 3405 5119 omnibus
3451 5058 3705 5114 mature
3736 5068 3831 5115 ac·

2267 5148 2611 5227 curateque
2673 5140 3042 5228 perpensis,
3094 5137 3578 5208 rescribendum
3629 5136 3829 5206 duxe-

2266 5236 2441 5295 runt.

2393 5318 2492 5387 Ad
2542 5322 2602 5385 1.
2651 5341 2690 5384 ‹
2720 5319 2861 5384 Non
2908 5320 3111 5387 teneri
3135 5338 3200 5386 ν.

2397 5407 2490 5472 Ad
2539 5411 2607 5471 2.
2657 5429 2694 5473 α
2726 5409 2983 5472 Festum
3044 5407 3310 5475 titularis
3366 5408 3431 5475 in
3490 5422 3638 5470 casu
3698 5422 3821 5472 esse
