4042 5950
2087 295 2505 373 ..96-

658 451 783 517 tius
825 449 890 516 id
939 450 1077 517 fieri
1124 449 1355 517 debeat
1401 470 1482 516 ex
1528 450 1842 537 permissu
1873 461 1940 517 et
1979 451 2236 520 licentia

659 537 918 605 Parochi
965 541 1041 606 ad
1091 538 1342 605 libitum
1389 536 1815 626 deneganda?

791 631 857 692 4.
906 628 1003 692 An
1048 625 1243 691 invito
1290 638 1528 692 asserto
1587 630 1850 693 Patrono
1910 649 2026 696 seu
2080 633 2235 716 Cap·

658 714 912 802 pellano
960 712 1278 780 Ecclesiae
1326 713 1513 780 liceat
1559 715 1834 781 Parocho
1878 715 2235 798 Missamfibi

657 801 983 868 celebrare
1008 801 1286 886 aliasque
1310 800 1662 869 functiones
1687 804 2077 889 parochiales
2098 805 2234 870 sive

654 889 1028 975 simpliciter
1072 890 1494 956 sacerdotales
1539 889 1898 976 peragere?

786 981 865 1043 Et
898 980 964 1044 S.
991 981 1067 1045 R.
1095 980 1197 1060 C.,
1229 977 1549 1044 referente
1576 982 1733 1044 Emo
1768 989 1834 1045 et
1866 982 2022 1045 Rmo
2049 983 2228 1045 Dom.

655 1066 842 1132 Card.
875 1066 959 1132 de
984 1064 1360 1148 Gentilibus,
1395 1067 1919 1154 respondendum
1952 1067 2230 1134 censuit:

783 1154 879 1219 Ad
936 1157 996 1221 1.
1049 1176 1086 1217 ‹
1119 1147 1509 1220 A'ffirmative
1541 1176 1602 1220 ».

788 1242 882 1307 Ad
931 1244 996 1306 2.
1053 1263 1089 1304 «
1119 1240 1427 1326 Negative
1467 1263 1532 1309 ».

787 1329 879 1396 Ad
931 1335 992 1397 3.
1048 1352 1085 1393 ι
1117 1327 1532 1411 Affirmative,
1588 1331 1791 1416 quoad
1842 1330 2233 1400 administra·

657 1418 893 1484 tionem
939 1416 1326 1486 sacramenti
1359 1417 1786 1484 Eucharistiae
1819 1418 1881 1484 in
1911 1419 2228 1497 Ecclesia3

653 1515 718 1570 et
764 1505 972 1592 quoad
1019 1508 1496 1572 Sacramentum
1536 1506 1990 1584 Poenitenttae,
2016 1526 2232 1573 serve·

652 1606 754 1659 tur
800 1594 996 1659 forma
1040 1592 1510 1680 approbationis
1555 1593 1946 1681 Episcopi».

782 1682 877 1748 Ad
931 1685 992 1747 4.
1045 1704 1082 1745 ι
1116 1681 1447 1766 Negative,
1483 1681 1599 1746 nisi
1635 1681 1698 1747 in
1729 1681 1970 1749 casibus
2010 1701 2231 1751 neces-

652 1769 850 1836 sitatis
884 1792 950 1835 ν.

780 1856 892 1923 Die
941 1861 1023 1924 20
1072 1855 1214 1925 lulii
1268 1861 1456 1925 1748.

779 1943 1104 2029 petitaque
1167 1964 1287 2032 per
1340 1946 1769 2031 Praepositum
1838 1957 1904 2012 et
1972 1945 2227 2033 obtenta

647 2052 809 2099 nova
852 2032 1193 2117 audientia,
1230 2037 1460 2102 SSmus
1490 2038 1562 2099 D.
1598 2034 1672 2099 N.
1710 2034 1787 2100 ad
1821 2052 2049 2120 preces
2080 2035 2227 2134 Epi·

648 2120 821 2207 scopi
868 2123 1310 2202 Cremonensis
1355 2119 1768 2208 supplicantis
1803 2140 1886 2187 ne
1927 2140 2009 2187 ex
2045 2122 2227 2213 hunus

644 2211 880 2274 Causae
942 2209 1334 2277 resolutione
1394 2207 1856 2294 praeiudicium
1917 2209 2227 2282 inferatur

646 2296 862 2362 usibus
909 2307 972 2363 et
1019 2295 1588 2365 consuetudinibus
1629 2314 1778 2362 suae
1810 2295 2126 2363 Dioecesis
2156 2319 2226 2364 ac

643 2382 1209 2452 Constitutionibus
1240 2384 1670 2471 synodalibus,
1701 2385 1958 2450 attentis
1988 2387 2223 2451 Causae

645 2471 890 2539 meritis
937 2484 1002 2537 et
1049 2472 1395 2540 rationibus
1429 2471 1574 2538 hinc
1609 2471 1758 2537 inde
1803 2470 2123 2554 deductis,
2162 2475 2224 2538 iu

643 2560 960 2627 audientia
1016 2558 1141 2626 diei
1196 2563 1271 2625 17
1318 2559 1556 2647 Aprilis
1608 2560 1771 2626 1749
1818 2558 2109 2624 decrevit
2154 2581 2224 2626 ac

642 2647 932 2715 definivit
966 2646 1389 2714 resolutiones
1419 2650 1484 2714 S.
1521 2651 1596 2713 R.
1631 2649 1703 2714 C.
1740 2645 2219 2731 confirmandas,

642 2748 705 2802 et
762 2735 1120 2820 respective
1184 2734 1613 2801 reformandas
1673 2752 1742 2800 ac
1806 2733 2224 2802 moderandas

642 2843 778 2889 esse
827 2823 1018 2889 modo
1067 2821 1175 2906 qui
1222 2823 1559 2908 sequitur:

770 2911 864 2979 Ad
920 2915 978 2977 1.
1031 2933 1068 2975 α
1101 2909 1493 2977 Affirmative
1527 2934 1589 2978 ι.

769 3000 865 3068 Ad
918 3004 981 3065 2.
1031 3020 1071 3064 ι
1104 2999 1494 3066 Affirmative
1529 3022 1593 3065 ι.

768 3088 864 3154 Ad
915 3093 977 3155 3.
1028 3107 1068 3151 ι
1102 3086 1492 3157 Affirmative
1559 3088 1767 3172 quoad
1827 3085 2220 3153 administra-

640 3176 873 3244 tionem
921 3175 1306 3245 Sacramenti
1353 3174 1783 3242 Eucharistiae
1815 3175 1878 3240 in
1912 3173 2219 3257 Ecclesia,

635 3286 706 3332 ac
773 3265 837 3330 in
906 3260 1342 3331 celebratione
1407 3262 1733 3328 Hissarum
1804 3271 2086 3339 tantum;
2158 3273 2222 3329 et

637 3353 843 3440 quoad
901 3354 1381 3418 Sacramentum
1441 3348 1915 3431 Poenitentiae,
1976 3361 2223 3415 servata

638 3442 835 3507 forma
879 3436 1346 3526 approbationis
1391 3436 1799 3505 ordinarii».

764 3527 859 3594 Ad
908 3530 972 3592 4.
1023 3547 1062 3589 ς
1096 3523 1510 3607 Affirmative,
1545 3524 1609 3592 in
1655 3523 2085 3591 functionibus
2117 3546 2222 3613 pa-

632 3612 1015 3682 rochialibus
1064 3623 1347 3696 tantum3
1398 3614 1541 3694 sed,
1588 3612 1845 3701 praevia
1889 3613 2221 3700 participa-

635 3704 807 3769 tione
840 3700 1122 3768 iacienda
1154 3700 1561 3788 cappellano,
1598 3710 1668 3766 ut
1705 3699 2040 3766 decentius
2073 3719 2217 3767 eum

637 3812 747 3873 ea,
817 3808 937 3875 qua
1000 3789 1333 3871 convenit,
1396 3788 1730 3856 concordia
1780 3787 1989 3854 omnia
2040 3810 2219 3876 pera-

678 3889 864 3944 antur
898 3898 963 3941 ».

633 3896 674 3966 g
762 3987 801 4029 ς
834 3963 1314 4048 Declaravitque
1344 3964 1649 4031 Sanctitas
1682 3966 1799 4029 Sua
1850 3967 2218 4063 praesentes

629 4052 1073 4123 Resolutiones
1104 4062 1169 4118 et
1194 4054 1483 4136 Decreta,
1514 4065 1827 4137 tamquam
1861 4052 2074 4118 innixa
2104 4072 2218 4140 pe·

631 4140 972 4209 culiaribus
1016 4138 1361 4204 rationibus
1407 4152 1474 4206 et
1518 4137 2026 4223 circumstantiis,
2076 4141 2217 4208 nul-

633 4232 765 4297 lum
833 4227 1300 4315 praeiudicium
1373 4228 1609 4294 inferre
1671 4225 1915 4293 debere
1974 4228 2216 4295 iuribus

629 4318 1056 4404 parochorum
1117 4314 1435 4381 Dioecesis
1492 4316 1700 4401 quoad
1764 4316 1881 4382 alia
1934 4316 2212 4381 Oratoria

627 4418 694 4471 et
725 4404 1038 4472 Ecclesias
1069 4400 1234 4468 intra
1265 4401 1424 4469 fines
1453 4403 1895 4469 Parochiarum
1938 4403 2213 4469 existen—

633 4505 751 4576 tes,
801 4503 867 4559 et
911 4492 1237 4578 signanter
1276 4489 1514 4574 usibus,
1549 4490 2116 4558 consuetudinibus
2148 4502 2214 4556 et

626 4576 1192 4648 constitutionibus
1239 4579 1676 4665 synodalibus,
1707 4596 1863 4663 quas
1908 4578 2113 4645 voluit
2144 4579 2206 4645 in

625 4689 740 4735 suo
789 4669 1018 4735 robore
1068 4684 1445 4753 permanere
1477 4688 1540 4732 a».

682 4830 691 4845 ι
758 4760 838 4821 Et
884 4755 966 4820 ita
1011 4756 1341 4822 silentium
1387 4755 1720 4842 imponens
1767 4755 1914 4822 huic
1959 4766 2209 4822 contro-

625 4843 896 4925 versiae,
941 4847 1208 4910 Decreta
1253 4843 1676 4930 suprascripta
1724 4843 1958 4910 servari
2005 4845 2211 4910 voluit

627 4950 698 4995 ac
745 4929 1067 5016 registrari
1116 4930 1179 4997 in
1225 4932 1396 4997 Actis
1442 4934 1666 4999 Sacrae
1725 4931 1983 4999 Rituum
2043 4936 2205 4999 Con·

625 5016 1043 5105 gregationis.

628 5159 883 5229 2401.
1223 5161 1602 5226 ELBOREN.
1975 5157 2201 5243 (4199)

759 5287 992 5350 Rector
1017 5290 1082 5346 et
1113 5279 1467 5365 Presbyteri
1495 5281 1815 5346 Ecclesiae
1838 5278 2208 5365 parochialis

2334 454 2418 520 sis
2447 451 2753 521 Elbor'en.
2781 453 2949 541 aptid
2983 457 3047 521 S.
3076 458 3150 522 R.
3178 456 3251 521 C.
3277 454 3638 522 humillime
3666 456 3905 542 suppli-

2341 552 2586 625 carunt,
2621 552 2933 626 quatenus
2962 541 3039 607 ad
3071 542 3584 610 satisfaciendum
3604 543 3912 629 'peculiari
4010 539 4011 590 ἲ

2342 648 2562 696 eorum
2612 627 2961 712 devotioni,
2995 648 3183 715 quam
3231 631 3466 698 habent
3495 650 3647 718 erga
3687 632 3913 697 animas
4010 663 4011 674 κ

2340 718 2406 783 in
2450 716 2817 806 Purgatorio
2866 719 3235 800 existentes,
3270 718 3520 785 eisdem
3552 718 3913 784 facultatem
4010 741 4011 804 3

2340 804 2706 872 celebrandi
2765 803 2829 871 in
2890 806 3168 890 praefata
3225 806 3506 872 Ecclesia
3574 805 3910 893 parochiali
4010 815 4011 824 ’

2339 891 2582 958 Missam
2626 902 2935 959 cantatam
2969 895 3053 961 de
3083 894 3393 979 Requiem
3422 893 3697 981 singulis
3727 893 3915 960 Feriis

2334 980 2635 1047 secundis
2676 979 2953 1067 benigne
3000 980 3318 1068 impertiri
3359 983 3785 1068 dignaretur;

2469 1072 2547 1133 Et
2594 1070 2660 1137 S.
2708 1072 2782 1136 R.
2833 1072 2953 1136 C.:
3003 1092 3040 1133 ι
3074 1069 3346 1136 Gratiam
3400 1070 3667 1156 petitam
3716 1079 3913 1134 orato-

2337 1153 2536 1240 ribus,
2589 1157 2875 1241 exceptis
2924 1168 3133 1224 tamen
3178 1157 3378 1224 Festis
3422 1157 3665 1243 primae
3713 1168 3779 1222 et
3823 1175 3915 1222 se·

2337 1243 2582 1310 cundae
2614 1244 2825 1310 classis
2854 1245 2961 1310 vel
2993 1244 3264 1331 duplicis
3295 1244 3577 1326 maioris,
3604 1243 3808 1311 Festis
3834 1244 3912 1308 de
4010 1305 4011 1310 ,

2337 1342 2682 1419 praecepto
2739 1344 2803 1398 et
2849 1333 3084 1398 octavis
3143 1332 3409 1418 aliisque
3451 1331 3680 1399 diebus
3726 1330 3913 1419 privi-

2334 1420 2622 1519 legiatis,
2695 1421 3173 1487 concedendam
3227 1439 3364 1487 esse
3432 1419 3720 1498 censuit;
3793 1437 3915 1485 non

2334 1526 2561 1574 omissa
2608 1521 2816 1574 tamen
2865 1509 3040 1574 Missa
3086 1508 3169 1574 de
3200 1512 3385 1575 Festo
3415 1507 3660 1595 duplici
3695 1524 3913 1572 occur·
4010 1525 4011 1532 ¹

2336 1605 2522 1661 rente
2552 1617 2617 1660 ».
2669 1594 2779 1662 Die
2832 1599 2907 1661 11
2957 1596 3221 1665 Ianuarii
3271 1599 3466 1665 1749.

2337 1769 2602 1839 2402.
2930 1772 3329 1838 LlSBONEN.

2465 1943 2768 2010 Nonnulli
2812 1943 3071 2010 Parochi
3117 1942 3545 2012 Ecclesiarum
3590 1945 3913 2032 parochia·

2332 2034 2489 2100 lium
2535 2030 2853 2097 minorum
2899 2039 2965 2096 et
3005 2030 3292 2097 filialium
3322 2030 3604 2098 Civitatis
3637 2042 3703 2099 et
3734 2031 3913 2101 Dioe-

2328 2122 2489 2188 cesis
2557 2117 2897 2186 Lishonen.
2957 2137 2989 2184 a
3038 2119 3126 2186 ud
3187 2122 3255 2186 S.
3292 2122 3367 2198 R.
3416 2122 3489 2185 C.
3547 2118 3913 2186 humillime

2326 2208 2770 2295 supplicarunt
2814 2226 2932 2292 pro
3024 2206 3407 2273 eclaratione
3436 2207 3772 2292 sequentis
3799 2208 3913 2274 du·

2332 2295 2445 2380 hii,
2491 2294 2800 2362 videlicet
2831 2317 2847 2358 z

2460 2387 2685 2449 Utrum
2734 2382 2798 2447 in
2845 2380 3140 2449 Ecclesiis
3187 2380 3541 2450 minoribus
3587 2383 3914 2482 parochia-

2330 2471 2495 2539 libus
2539 2468 2974 2551 etffilialihuS,
3026 2470 3087 2534 in
3135 2469 3366 2555 quibus
3411 2489 3541 2540 non
3590 2471 3917 2537 invenitur

2326 2558 2643 2627 sufficiens
2683 2557 3109 2623 Ministrorum
3141 2576 3453 2626 numerus
3482 2568 3545 2622 et
3572 2564 3913 2625 ornamen-

2330 2660 2539 2714 torum
2589 2645 2795 2731 copia,
2843 2655 2915 2711 ut
2961 2646 3165 2711 valeat
3211 2645 3275 2711 in
3320 2645 3577 2732 propria
3622 2647 3737 2712 die
3800 2665 3914 2712 seu
3956 2651 3973 2668 ⁸

2326 2732 2647 2801 Dominica
2694 2733 2852 2799 infra
2900 2742 3183 2799 octavam
3230 2736 3489 2800 Festum
3537 2733 3713 2801 SSmi
3762 2737 3914 2800 Cor-

2326 2822 2499 2909 poris
2529 2820 2760 2888 Christi
2793 2840 2939 2894 cum
2970 2820 3187 2914 debita
3216 2818 3621 2888 solemnitate
3653 2826 3912 2888 Proces-

2323 2910 2416 2977 sio
2449 2909 2784 2992 celebrari,
2819 2907 3017 2998 possit
3048 2908 3203 2979 haec
3237 2906 3377 2975 fieri
3409 2908 3472 2976 in
3504 2927 3911 2996 quacumque

2325 2997 2647 3065 Dominica
2693 3006 2834 3084 post
2879 2993 3181 3064 octavam¹
3209 2996 3500 3064 eiusdem
3546 2997 3715 3065 Festi
3762 3015 3914 3063 cum

2326 3087 2501 3153 Missa
2547 3086 2632 3152 de
2681 3097 2974 3237 tempore
3005 3083 3394 3167 occurrenti,
3431 3096 3493 3151 et
3525 3104 3916 3153 commemo·
4010 3158 4011 3165 χ

2326 3175 2567 3241 ratione
2614 3173 2789 3240 88ῶὶ

2454 3265 2534 3327 Et
2579 3264 2642 3327 S.
2680 3265 2753 3327 R.
2792 3263 2895 3345 C.,
2945 3260 3160 3329 andito
3209 3269 3356 3326 voto
3403 3261 3590 3328 unius
3625 3280 3708 3326 ex
3741 3266 3908 3349 Apo-

2320 3349 2689 3416 stolicarum
2727 3349 3281 3417 caeremoniarum
3313 3348 3645 3435 Magistris,
3679 3348 3909 3415 rescri-

2325 3437 2607 3506 bendum
2656 3438 2941 3504 censuit:
2989 3458 3029 3502 ι
3062 3435 3180 3503 Ubi
3225 3436 3544 3505 Processio
3592 3437 3770 3504 Ssmi
3806 3440 3911 3503 Sa·
4010 3448 4011 3461 ¹

2321 3524 2624 3592 eramenti
2675 3524 2737 3591 in
2781 3524 2919 3592 eius
2949 3530 3132 3592 Festo
3164 3525 3273 3592 die
3300 3524 3406 3590 vel
3440 3543 3559 3609 per
3589 3534 3907 3607 octavam,

2326 3634 2394 3681 ea
2457 3632 2577 3698 qua
2636 3613 2830 3679 decet
2886 3612 3156 3680 solemni
3216 3629 3487 3701 pompa,
3536 3611 3907 3712 nequiverit
4010 3650 4011 3661 κ

2322 3700 2562 3783 haberi,
2613 3699 2966 3785 designabit
3012 3701 3364 3788 Episcopus
3411 3719 3526 3786 pro
3573 3719 3690 3766 suo
3742 3700 3907 3765 arbi-

2324 3788 2444 3855 trio
2489 3800 2555 3855 et
2611 3789 2947 3876 prudentia
3009 3789 3355 3873 unicuique
3419 3787 3739 3855 Ecclesiae
3794 3788 3907 3852 ali·

2320 3896 2508 3963 quam
2547 3895 2626 3941 ex
2671 3876 3086 3961 sequentibus
3119 3876 3478 3967 Cominicis,
3516 3876 3580 3943 in
3610 3894 3765 3959 qua,
3802 3893 3906 3941 ce-

2319 3965 2557 4032 lebrata
2615 3964 2789 4030 Missa
2847 3983 2990 4031 cum
3050 3962 3652 4030 commemoratione
3722 3960 3903 4031 88ῶί

2321 4052 2728 4135 sacramenti,
2765 4050 2936 4118 iuxta
2978 4050 3395 4119 Rubricarum
3445 4050 3904 4139 praescriptam
4010 4052 4011 4115 ἒ

2318 4157 2602 4208 normam
2626 4188 2643 4221 ,
2690 4140 2994 4206 solemnis
3053 4139 3223 4206 illius
3288 4138 3608 4207 Processio
3677 4139 3900 4227 peragi

2318 4228 2514 4314 possit
2546 4250 2611 4293 ».
2664 4233 2740 4293 Et
2787 4226 2867 4292 ita
2897 4227 3268 4294 declaravit.
3305 4228 3419 4295 Die
3451 4231 3493 4294 8
3525 4225 3659 4294 unii
3696 4231 3894 4295 1749.

2320 4401 2577 4470 2403.
2907 4360 3317 4469 PATAviivA.

2445 4580 2600 4644 Cum
2650 4596 2731 4641 ex
2786 4587 2966 4662 parte
3011 4574 3288 4659 Magistri
3332 4574 3893 4642 Caeremoniarum

2313 4664 2831 4751 Congregationis
2889 4667 2953 4731 S.
3007 4663 3277 4753 Philippi
3333 4662 3502 4729 Nerii
3562 4665 3893 4730 Patavinae

2312 4752 2613 4834 Civitatis,
2663 4753 2830 4837 apud
2880 4755 2943 4820 S.
2993 4756 3069 4819 R.
3119 4755 3193 4819 C.
3251 4749 3645 4839 propositum
3696 4751 3895 4817 fuerit
4010 4790 4011 4809 1

2309 4840 2604 4922 dubium,
3440 4888 3447 4901 .

2406 4932 2532 4995 ,An
2576 4930 2913 4995 instructio
2957 4947 3076 5014 pro
3119 4926 3411 4996 Oratione
3473 4926 3891 5015 quadraginta

2310 5018 2603 5084 horarum
2654 5020 2927 5101 Romae,
2979 5017 3149 5083 iussu
3197 5015 3372 5082 felic.
3423 5016 3676 5083 record.
3743 5015 3889 5081 Cle-

2309 5104 2538 5171 mentis
2583 5107 2665 5171 XI
2712 5105 2986 5203 primum
3038 5103 3244 5187 edita,
3294 5102 3483 5169 etiam
3543 5114 3723 5170 extra
3770 5106 3887 5170 Ur·

2308 5193 2455 5259 b‘em
2500 5211 2737 5257 servari
2784 5194 2978 5278 possit
3025 5203 3090 5258 et
3135 5189 3423 5259 debeat?

2437 5281 2502 5345 S.
2539 5283 2612 5345 fl.
2650 5283 2719 5345 C.
2754 5281 3125 5367 respondit:
3163 5303 3200 5344 ι
3228 5278 3615 5348 Praedictam
3648 5282 3882 5345 Instru-

628 5376 693 5439 S.
730 5368 1191 5438 Bartholomaei
1235 5369 1355 5433 loci
1388 5369 1471 5434 de
1504 5367 1666 5434 Villa
1698 5368 1918 5434 Vicosa
1950 5366 2207 5430 Dioece-
2304 5367 2582 5432 ctionem
2630 5378 2805 5433 extra
2838 5367 3073 5434 Urbem
3104 5387 3233 5434 non
3264 5366 3588 5453 obligare;
3625 5367 3879 5432 laudan-

3688 1774 3908 1859 (4200)
4010 1703 4011 1796 ³

3662 4402 3897 4486 (taos)
4010 4432 4011 4435 κ
