4042 5950
1696 234 2147 375 .—27—

224 480 231 489 ·
304 451 621 540 Episcopo
667 451 731 518 in
777 452 1069 520 omnibus
1099 451 1590 534 pontificalibus,
1623 452 1878 538 quaein

306 539 585 605 Ecclesia
615 539 974 606 Gathedrali
1007 550 1426 627 peraguntur,
1458 559 1647 625 quam
1686 538 1875 607 etiam

304 626 656 694 accedendi
685 628 763 694 ad
795 645 1014 694 omnes
1045 625 1331 712 publicas
1363 638 1431 694 et
1462 628 1700 693 votivas
1731 632 1876 692 pro·

304 711 625 781 cessiones
671 713 959 783 eiusdem
987 713 1293 797 civitatis,
1326 714 1479 780 ortis
1512 727 1878 781 controver-

302 801 408 867 siis
457 800 715 887 illisque
758 802 834 869 ad
883 805 952 870 S.
1000 806 1078 868 R.
1118 804 1193 869 c.
1246 801 1515 884 delatis,
1568 806 1757 868 Efi‘ius
1811 814 1877 867 et

301 893 499 955 Rmus
546 892 620 955 D.
655 891 835 956 card.
872 891 956 957 de
984 888 1206 956 Abdua
1254 889 1642 976 infrascripta
1689 888 1875 955 dubia

302 976 683 1044 declaranda
728 978 1108 1064 proposuitz
1334 1026 1345 1033 .

441 1067 499 1131 1.
552 1064 648 1131 An
694 1064 1223 1151 Archipresbyter
1282 1074 1348 1131 et
1407 1064 1700 1131 Canonici
1760 1066 1876 1129 Ec÷

303 1150 535 1218 clesiae
580 1151 961 1238 Gollcgiatae
1006 1155 1070 1219 S.
1107 1151 1566 1219 Bartholomaei
1598 1150 1876 1220 Civitatis

301 1242 499 1307 Sorae
528 1238 919 1308 intervenire
950 1251 1015 1306 et
1043 1239 1334 1306 assistere
1364 1239 1638 1306 debeant
1675 1235 1874 1304 omni·

301 1324 417 1393 bus
466 1325 895 1394 functionibus
939 1326 1405 1396 pontificalibus
1449 1325 1525 1391 ab
1566 1326 1873 1412 Episcopo

300 1412 701 1482 celebrandis
744 1415 809 1480 in
856 1415 1133 1481 Ecclesia
1177 1410 1590 1487 cathedrali?

432 1504 497 1567 2.
546 1504 645 1568 An
691 1502 865 1568 idem
910 1503 1442 1589 Archipresbyter
1486 1511 1553 1567 et
1581 1499 1874 1567 canonici

301 1599 639 1656 teneantur
662 1588 1051 1656 intervenire
1074 1589 1582 1657 processionibus
1605 1586 1876 1676 publicis

299 1686 366 1743 et
412 1675 645 1741 votivis
690 1677 894 1744 dictae
939 1676 1219 1744 civitatis
1264 1674 1572 1745 Soranae‘?
1616 1685 1681 1742 et
1725 1695 1875 1761 qua-

300 1774 489 1830 tenus
535 1760 930 1848 affirmative,

434 1856 497 1917 3.
535 1853 631 1917 An
660 1852 734 1919 ad
771 1852 1063 1919 eamdem
1094 1850 1506 1919 assistentiam
1540 1863 1876 1919 teneantur

298 1938 493 2037 etiam
538 1936 832 2091 cgnonici
880 1938 1197 2006 Ecclesiae
1226 1940 1613 2026 collegiatae
1657 1942 1725 2006 S.
1757 1943 1874 2005 Re-

296 2035 561 2093 stitutae
629 2046 639 2061 “

434 2117 512 2179 Et
556 2117 624 2181 S.
678 2119 754 2181 R.
811 2117 911 2198 c.,
985 2124 1108 2181 tam
1176 2134 1331 2180 voce
1400 2134 1588 2200 quam
1624 2113 1875 2201 scriptis

294 2200 585 2287 partibus
645 2200 1129 2268 informantibus
1187 2201 1455 2286 auditis,
1519 2204 1874 2269 rescriben-

295 2290 457 2355 dum
504 2290 799 2355 censuit:

430 2375 524 2442 Ad
581 2379 639 2444 1.
691 2399 730 2442 ‹
764 2376 1151 2444 Affirmative
1183 2399 1244 2444 ›.

434 2462 527 2529 Ad
577 2468 639 2529 2.
695 2486 732 2528 ι
765 2463 1153 2531 Affirmative
1186 2486 1248 2531 ›.

428 2551 523 2617 Ad
570 2555 635 2617 3.
686 2574 725 2617 ι
758 2556 874 2618 pro
906 2572 1075 2619 nunc
1107 2553 1309 2619 teneri
1335 2553 1412 2619 ad
1438 2551 1873 2619 processiones

298 2649 545 2704 tantum
576 2660 643 2705 θ.

432 2730 509 2791 Et
542 2726 625 2792 ita
651 2726 1023 2795 declaravit.
1061 2727 1173 2793 Die
1205 2732 1245 2795 ὅ
1275 2727 1639 2794 Decembris
1677 2730 1867 2794 1716.

298 2902 555 2974 2243.
1646 2904 1869 2993 (asos)

428 3084 602 3146 Inter
659 3079 1020 3147 confratres
1084 3077 1631 3146 Confi-aternitatis
1698 3081 1871 3147 Sani

297 3167 681 3235 Sacramenti
718 3178 970 3232 erectae
1017 3166 1082 3233 in
1128 3165 1409 3232 Ecclesia
1438 3167 1872 3256 archipresby·

300 3255 477 3320 terali
513 3264 578 3320 et
617 3253 960 3343 parochiali
991 3257 1060 3322 S.
1094 3252 1334 3322 loannis
1379 3254 1688 3342 Baptistae
1719 3259 1869 3322 Ter-

292 3361 419 3407 rae·
459 3346 716 3410 Fractae
777 3341 1094 3409 Dioecesis
1151 3342 1523 3428 Eugubinae
1588 3362 1664 3409 ex
1714 3361 1868 3426 una,

292 3440 487 3520 atque
533 3432 870 3517 casparem
917 3430 1389 3497 Manciarellum
1410 3429 1871 3519 Archipresby-

298 3529 509 3583 terum
571 3527 634 3582 et
703 3517 1050 3583 Par-ochum
1115 3516 1483 3604 praedictae
1551 3518 1867 3585 Ecclesiae

294 3603 580 3692 partibus
626 3623 709 3669 ex
753 3606 977 3688 altera,
1025 3608 1181 3670 ortis
1227 3605 1674 3672 controversiis
1716 3605 1869 3672 illis-

294 3711 420 3777 que
467 3691 545 3756 ab
590 3690 895 3759 Auditore
942 3692 1144 3776 SSmi,
1194 3692 1449 3780 praevia
1503 3692 1867 3760 avocatione

295 3798 517 3846 causae
564 3778 641 3844 ab
686 3785 761 3845 A.
791 3783 896 3863 c.,
931 3778 1007 3844 ad
1057 3782 1315 3846 S.R.C.
1343 3779 1645 3864 remissis,
1675 3785 1865 3850 Euius

296 3877 359 3934 et
422 3871 619 3933 Bihus
684 3870 753 3932 D.
813 3867 1005 3934 Card.
1055 3868 1410 3934 Gualterius
1477 3867 1869 3956 infrascripta

294 3954 485 4022 dubia
530 3955 908 4022 declaranda
956 3954 1324 4042 proposuit:

432 4046 493 4108 1.
543 4046 640 4109 An
685 4041 780 4109 ius
826 4042 1191 4110 celebrandi
1238 4042 1482 4109 Missam
1520 4043 1656 4108 sive
1700 4044 1866 4110 sole-

294 4149 515 4199 mnem
559 4131 696 4196 sive
743 4130 947 4198 minus
990 4133 1347 4197 solemnem
1399 4132 1504 4197 vel
1574 4134 1865 4197 conven-

296 4219 536 4285 tualem
581 4216 847 4305 singulis
892 4217 1102 4284 tertiis
1148 4217 1487 4286 Dominicis
1525 4218 1865 4296 cuiuslibet

296 4305 553 4390 mensis,
576 4325 699 4372 nec
746 4323 872 4372 non
919 4306 1164 4371 Missam
1186 4307 1543 4376 solemnem
1574 4324 1692 4391 pro
1725 4323 1864 4392 gra-

293 4394 523 4461 tiarum
570 4394 822 4460 actione
852 4396 928 4459 lll
958 4393 1280 4482 Dominica
1317 4394 1549 4462 mensis
1595 4395 1865 4462 Novem·

298 4481 448 4565 bris,
495 4500 660 4567 quae
706 4501 788 4547 ex
835 4482 1124 4547 instituto
1171 4500 1399 4548 canere
1431 4481 1669 4550 faciunt
1699 4482 1865 4547 Prio-

290 4588 394 4634 res
440 4581 507 4634 et
552 4568 917 4636 confratres
963 4569 1292 4636 Societatis
1336 4569 1511 4638 Ssmi
1570 4569 1869 4658 corporis

289 4655 522 4723 christi
571 4658 636 4723 in
681 4658 962 4723 Ecclesia
987 4659 1055 4723 S.
1081 4655 1323 4723 loannis
1368 4657 1681 4744 Baptistae
1712 4663 1866 4724 Ter-

293 4762 400 4809 rae
446 4747 701 4811 Fractae
767 4742 1113 4832 parochiali
1157 4743 1267 4811 ubi
1314 4745 1540 4812 eadem
1587 4746 1865 4813 Societas

291 4841 387 4897 est
434 4844 670 4916 erecta,
720 4851 839 4899 nec
883 4850 1010 4897 non
1083 4832 1178 4902 ius
1236 4832 1867 4900 successive-iisdem

290 4918 519 4985 diebus
567 4920 847 4987 ducendi
909 4918 1386 4994 processionem
1436 4929 1501 4987 et
1545 4919 1609 4986 in
1656 4939 1730 4986 ea
1777 4918 1869 4984 fe·

890 2905 1310 2970 EUGUBJNA.

292 5009 473 5073 rendi
522 5010 786 5074 SSmum
821 5009 1327 5091 Sacramentum,
1360 5027 1431 5073 ac
1463 5027 1612 5074 cum
1644 5026 1722 5073 eo
1753 5024 1866 5094 po-

290 5094 518 5181 pulum
586 5094 1038 5179 benedicendi,
1108 5094 1425 5180 privative
1492 5104 1742 5183 spectet
1787 5095 1864 5161 ad

290 5183 639 5250 parochum
712 5182 1405 5271 Archipresbyterum3
1472 5202 1587 5249 seu
1656 5182 1868 5270 potius

289 5272 385 5336 ius
433 5270 645 5336 omnia
692 5271 1016 5356 praedicta
1078 5270 1427 5359 peragendi
1491 5281 1739 5356 spectet
1786 5271 1861 5336 ad

289 5358 750 5444 Cappellanum
796 5357 1005 5424 dictae
1052 5355 1424 5425 societatis?

2117 457 2182 518 2.
2216 454 2312 518 An
2344 451 2439 518 ius
2466 450 2838 518 celebrandi
2871 451 3118 518 nissam
3148 451 3283 518 sive
3328 451 3557 516 lectam

1981 537 2117 605 sive
2164 548 2473 605 cantatam
2522 552 2588 605 et
2635 539 2900 606 canendi
2950 542 3261 624 vesperas
3295 540 3359 605 in
3389 539 3557 606 dicta

1982 627 2266 692 Ecclesia
2310 646 2380 691 ac
2429 626 2709 693 ducendi
2762 626 3236 693 processionem
3296 626 3560 692 alterius

1982 712 2311 781 Societatis
2379 713 2553 782 SSmi
2620 712 2857 779 Rosarii
2917 712 3157 800 pariter
3223 714 3289 780 in
3335 713 3558 780 eadem

1981 800 2262 867 Ecclesia
2322 814 2533 867 erecta
2564 847 2582 883 ,
2646 801 2844 899 prima
2912 800 3235 868 Dominica
3303 800 3556 869 cuiusli-

1982 889 2090 954 bet
2144 888 2401 973 mensis,
2450 889 2761 973 privative
2804 897 3054 974 spectet
3113 890 3191 956 ad
3254 889 3557 956 eumdem

1962 976 2375 1065 ,Parochum;
2423 976 2556 1041 sive
2605 974 2819 1061 potius
2863 977 2940 1043 ad
2971 979 3054 1043 Ga
3101 973 3472 1063 pellanum‘?

2112 1067 2179 1132 3.
2226 1067 2347 1146 An,
2396 1062 2817 1130 renuentibus
2847 1064 3060 1151 ‚Priori
3108 1084 3206 1148 us,
3241 1062 3554 1145 Sacristis,

1978 1149 2362 1219 officialibus
2391 1163 2457 1216 et
2488 1150 2922 1218 c0nfratribus
2967 1153 3104 1218 cani
3136 1151 3344 1220 facere
3375 1167 3559 1237 prae-

1980 1238 2165 1307 dictis
2195 1237 2423 1305 diebus
2455 1239 2688 1322 Missas,
2722 1238 2807 1303 de
2842 1238 3073 1324 quibus
3117 1258 3333 1327 supra,
3365 1249 3556 1323 atque

1981 1327 2227 1393 eisdem
2304 1326 2500 1392 Missis
2568 1337 2635 1392 et
2697 1324 3130 1392 functionibus
3215 1326 3505 1392 assistere
3536 1373 3553 1408 ,
3657 1408 3666 1413 Π

1979 1409 2180 1500 possit
2225 1414 2540 1481 parochus
2586 1432 2694 1478 eos
2739 1410 3026 1498 cogere?

2114 1504 2176 1566 4.
2227 1505 2323 1567 An
2372 1499 2628 1583 itidem,
2679 1498 3099 1567 renuentibus
3151 1500 3340 1579 dictis
3395 1504 3556 1567 con-

1981 1589 2277 1655 fratribus
2320 1586 2802 1655 subministrare
2857 1589 3108 1654 solitam
3169 1608 3376 1656 ceram
3438 1606 3556 1673 pro

1978 1675 2178 1745 Altari
2227 1673 2333 1741 ubi
2381 1675 2598 1742 Missae
2645 1687 2710 1742 et
2758 1675 3149 1759 functiones,
3197 1676 3281 1742 de
3328 1676 3557 1761 quibus

1979 1782 2196 1850 supra,
2244 1763 2618 1849 explentur,
2668 1783 2790 1829 nec
2856 1781 2987 1829 non
3049 1763 3341 1830 assistere
3408 1781 3554 1830 cum

1981 1850 2184 1917 cereis
2229 1849 2507 1917 accensis
2550 1849 2880 1917 occasione
2927 1850 3299 1919 elevationis
3347 1860 3413 1916 et
3444 1850 3554 1916 de-

1979 1937 2229 2004 lationis
2275 1937 2450 2005 ssmi
2511 1936 2940 2021 Sacramenti,
2991 1939 3191 2026 possit
3242 1938 3556 2006 Parochus

1981 2045 2088 2091 eos
2134 2044 2368 2114 cogere
2416 2025 2494 2091 ad
2541 2024 2993 2109 assistendum,
3039 2037 3103 2093 et
3150 2044 3362 2094 ceram
3408 2022 3554 2092 sub·

1980 2109 2506 2179 ministrandam?

2111 2204 2174 2266 ὅ.
2212 2202 2308 2266 An
2343 2200 2442 2267 ius
2487 2199 2806 2267 statuendi
2854 2200 3074 2268 horam
3120 2219 3237 2287 pro
3283 2200 3551 2286 explen-

1975 2285 2074 2353 dis
2123 2298 2246 2353 tam
2287 2286 2478 2356 dictis
2524 2286 2959 2356 functionibus
3003 2307 3194 2391 quam
3252 2283 3389 2355 aliis
3449 2306 3554 2352 oc-

1976 2376 2230 2442 casione
2275 2393 2827 2476 quarumcumque
2886 2375 3326 2445 Festivitatum
3383 2373 3552 2440 ordi-

1975 2462 2292 2529 nariarum
2341 2475 2407 2529 et
2454 2464 3091 2548 extrordinariiirum,
3125 2463 3191 2528 in
3236 2463 3404 2530 dicta
3436 2465 3553 2527 Ec·

1977 2549 2168 2615 clesia
2191 2551 2741 2635 celebrandarum,
2775 2563 3025 2639 spectet
3054 2552 3132 2618 ad
3175 2550 3416 2618 dictum
3446 2552 3555 2615 pa·

1977 2636 2285 2724 rochum;
2331 2638 2472 2705 sive
2519 2638 2730 2726 potius
2771 2641 2851 2707 ad
2898 2640 3101 2709 dictos
3146 2637 3428 2704 priorem
3490 2642 3558 2700 et

1973 2724 2362 2809 confratres,
2410 2726 2549 2791 sive
2605 2729 2985 2795 eorumdem
3031 2725 3494 2814 Cappellannm
3521 2721 3555 2789 ’ἓ

2107 2815 2172 2877 6.
2222 2816 2320 2878 An
2364 2813 2432 2879 in
2475 2812 2706 2880 diebus
2753 2815 3099 2883 Dominicis
3145 2823 3211 2880 et
3257 2812 3394 2879 aliis
3439 2815 3553 2878 Fe-

1971 2897 2353 2966 stivitatibus
2399 2901 2482 2968 de
2529 2920 2760 2988 praece
2813 2912 2902 2988 to,
2937 2902 3181 2991 possint
3206 2900 3360 2970 dicti
3386 2899 3553 2965 Prio-

1976 3006 2081 3052 res
2133 2998 2200 3054 et
2253 2989 2565 3070 Officiales
2625 2991 2767 3057 cele
2845 2991 2934 3057 ari
2998 2991 3211 3058 facere
3273 2989 3336 3056 in
3390 2987 3556 3054 dicta

1971 3075 2250 3142 Ecclesia
2313 3079 2383 3144 S.
2432 3079 2677 3144 loannis
2753 3079 3069 3165 Baptistae
3134 3096 3256 3162 per
3329 3093 3554 3143 eorum

1975 3161 2435 3252 Cappellanum
2499 3167 2602 3231 vel
2671 3167 2826 3232 alios
2894 3166 3273 3233 Sacerdotes
3341 3165 3548 3230 Missas

1971 3253 2272 3338 privatas,
2322 3267 2470 3319 ante
2517 3253 2761 3320 Missam
2823 3253 3249 3343 parochialem
3317 3255 3546 3319 lectam

1970 3340 2073 3404 vel
2123 3351 2460 3424 cantatam,
2508 3341 2644 3407 sive
2695 3342 2884 3409 huius
2936 3341 3372 3408 celebratione
3431 3340 3544 3405 du·

1969 3436 2178 3512 rante,
2225 3427 2365 3498 sine
2412 3429 2668 3495 licentia
2713 3431 2868 3498 dicti
2913 3426 3216 3497 parochi?

2105 3518 2168 3582 7.
2219 3520 2313 3582 An
2359 3518 2759 3602 Sacerdotes,
2791 3518 2898 3603 qui
2941 3521 3163 3586 volunt
3193 3516 3276 3583 ob
3319 3532 3549 3582 eorum

1965 3601 2377 3670 devotionem
2460 3604 2793 3671 celebrare
2869 3603 2932 3671 in
3015 3605 3184 3672 dicta
3269 3602 3548 3672 Ecclesia

1965 3691 2041 3755 S.
2065 3691 2306 3758 loannis
2350 3695 2663 3781 Baptistae
2710 3693 2817 3759 vel
2864 3692 3074 3759 divina
3144 3691 3353 3760 Officia
3398 3710 3547 3780 per·

1965 3793 2186 3863 agere,
2223 3779 2465 3866 possint
2514 3781 2632 3848 hoc
2665 3780 2876 3847 facere
2921 3799 3067 3847 cum
3113 3783 3245 3847 sola
3293 3779 3547 3848 licentia

1967 3863 2257 3933 priorum
2325 3877 2390 3935 et
2456 3869 2896 3947 Confratrum;
2961 3868 3097 3934 sive
3169 3868 3380 3957 potius
3450 3866 3546 3933 ius

1887 4027 1894 4033 ‚
1967 3953 2158 4019 dandi
2206 3954 2439 4021 dictam
2487 3956 2806 4023 licentiam
2849 3966 3105 4043 spectet
3162 3956 3240 4023 ad
3302 3957 3545 4024 dictum

1970 4040 2373 4110 parochum‘?

2098 4133 2162 4197 8.
2216 4131 2312 4198 An
2360 4141 2426 4197 et
2472 4129 2576 4198 cui
2619 4132 2975 4200 debeantur
3020 4132 3329 4217 reliquiae
3377 4150 3547 4197 cera·

1967 4234 2147 4301 rum,
2195 4238 2360 4305 quae
2417 4231 2765 4308 supersunt
2813 4230 2953 4306 post
3012 4221 3268 4307 expleta
3334 4218 3546 4287 Officia

1966 4303 2316 4391 Missarum,
2366 4326 2530 4392 quae
2578 4309 3019 4374 benefactores
3063 4307 3394 4374 adventitii
3441 4326 3547 4372 ce·

1969 4392 2220 4460 lebrare
2251 4394 2488 4461 faciunt
2535 4395 2598 4461 in
2653 4395 2822 4462 dicta
2879 4395 3160 4462 Ecclesia
3206 4397 3340 4463 sive
3384 4413 3545 4480 quae

1969 4481 2346 4550 celebranda
2391 4493 2540 4549 sunt
2587 4501 2667 4548 ex
2718 4482 3078 4570 particulari
3126 4478 3550 4569 obligatione?

2097 4572 2164 4636 9.
2213 4575 2311 4636 An
2357 4570 2452 4636 ius
2518 4570 2917 4637 concedendi
2986 4570 3303 4637 licentiam
3364 4569 3548 4635 dictis

1967 4653 2478 4726 benefactoribus
2523 4658 2889 4724 adventitiis
2936 4676 3053 4743 pro
3112 4656 3543 4723 celebratione

1966 4741 2319 4828 Missarum,
2341 4745 2706 4812 Officiorum
2730 4745 2866 4809 sive
2895 4744 3357 4828 Festivitatum,
3385 4763 3548 4830 quae

1966 4830 2305 4915 aliquando
2376 4850 2714 4899 occurrere
2765 4843 3043 4920 possunt
3072 4880 3089 4915 ,
3155 4843 3403 4920 spectet
3470 4833 3547 4899 ad

1966 4918 2214 4985 priores
2238 4920 2447 4986 dictae
2475 4919 2800 4986 Societatis
2833 4920 3007 4988 SSmi
3043 4921 3339 5009 corporis
3368 4919 3548 4987 cbri-

1965 5005 2084 5085 sti;
2136 5006 2237 5072 vel
2288 5007 2500 5092 potius
2546 5008 2621 5074 ad
2673 5008 2976 5075 eumdem
3023 5004 3419 5076 parochum?

2105 5096 2209 5159 10.
2259 5097 2356 5159 An
2405 5097 2766 5163 confratres
2813 5097 3126 5182 praedicti
3173 5097 3413 5185 possint
3442 5099 3548 5162 pa·

1967 5184 2162 5249 rocho
2210 5181 2556 5269 prohibere
2605 5201 2794 5250 usum
2835 5185 3179 5269 Altarinm,
3209 5185 3269 5251 in
3317 5182 3548 5271 quibus

1965 5271 2533 5336 confraternitates
2581 5282 2730 5339 sunt
2780 5282 3058 5355 erectae,
3095 5285 3161 5337 et
3191 5274 3269 5339 ad
3301 5275 3545 5339 dictum

1965 5357 2266 5425 effectum
2313 5359 2424 5426 illa
2469 5357 2741 5446 spoliare
2788 5359 2991 5426 solitis
3037 5372 3100 5424 et
3167 5358 3548 5447 quotidianis
