4042 5950
2074 307 2491 383 ..82-

650 465 1152 534 Processionibus
1199 484 1352 531 vero
1397 483 1560 549 quae
1608 462 1769 529 fiunt
1813 461 1989 528 Feria
2047 465 2099 529 V
2162 463 2226 527 in
2328 462 2481 527 haec
2526 460 2819 526 Parochia
2868 460 3005 525 lere
3057 469 3261 526 totum
3304 459 3665 547 Oppidum,
3723 479 3904 525 exce·
4004 513 4005 518 ,

652 560 857 623 Coena
908 553 1148 622 Domini
1177 564 1240 619 et
1265 552 1442 618 Feria
1468 556 1543 618 Vl
1576 551 1643 615 in
1673 554 2038 633 Parasceve,
2087 548 2229 634 quia

654 644 809 709 haec
856 643 1018 708 intra
1064 640 1411 707 Ecclesiam
1457 649 1881 725 peraguntur,
1911 656 2057 702 cum
2090 656 2234 722 cap-

652 730 750 815 pis
817 726 1173 795 monasticis
1242 728 1614 814 procedant.
1697 729 1842 791 Post
1908 724 2235 810 digniores

652 816 1000 904 Religiosos
1046 814 1217 881 viros
1261 816 1608 887 succedent
1665 814 1796 880 duo
1845 811 2233 878 thuriferarii

653 905 879 971 itidem
925 923 1071 970 cum
1132 901 1342 984 cottis,
1392 902 1499 987 qui
1550 899 1869 968 thuribula
1931 919 2076 965 cum
2141 900 2232 964 in·

652 1012 842 1059 censo
891 991 1259 1075 fumigantia
1307 991 1478 1055 lente
1546 988 1789 1054 ducent
1857 999 2002 1053 ante
2050 988 2232 1054 Cele-

653 1081 944 1146 brantem
991 1078 1176 1162 facie,
1212 1097 1338 1143 non
1384 1077 1601 1157 dorso,
1636 1077 1712 1141 ad
1762 1078 2235 1142 Sacramentum

653 1167 987 1233 semiversa
1037 1166 1101 1231 in
1151 1166 1422 1232 incessu.
1475 1165 1757 1229 Tandem
1789 1163 2090 1229 adveniet
2119 1167 2233 1230 ce·

656 1255 904 1321 lebrans
995 1253 1214 1320 luviali
1260 1272 1329 1317 ac
1375 1251 1523 1317 velo
1572 1249 1886 1316 humerali
1920 1249 2062 1315 albo
2082 1250 2233 1316 ami·

655 1352 819 1424 31113,
868 1343 948 1408 de
984 1360 1171 1407 erens
1215 1343 1690 1406 Sacramentum
1723 1337 1892 1403 inter
1925 1337 2235 1404 Ministros

653 1430 841 1496 sacris
885 1428 1194 1510 vestibus,
1221 1428 1333 1492 sed
1382 1426 1519 1492 sine
1569 1426 1919 1511 manipulo,
1952 1425 2234 1510 indutoS,

654 1518 929 1586 fimbrias
975 1515 1268 1604 pluvialis
1313 1513 1458 1579 hinc
1505 1511 1655 1578 inde
1705 1516 2068 1596 elevantes,
2127 1514 2235 1597 qui

653 1604 1012 1671 alternatim
1059 1622 1178 1669 una
1210 1620 1355 1668 cum
1388 1602 1618 1666 eodem
1664 1599 2045 1667 celebrante
2074 1600 2237 1665 Psal-

656 1712 792 1760 mos
834 1689 1135 1757 submissa
1182 1709 1341 1754 voce
1388 1688 1770 1754 recitabunt.
1819 1692 2021 1775 Supra
2054 1691 2238 1753 cele-

659 1782 944 1846 brantem
1011 1781 1491 1845 Sacramentum
1567 1788 1923 1861 portantem
1992 1775 2240 1842 defera-

657 1879 763 1934 tur
806 1866 1062 1932 omnino
1121 1864 1563 1933 baldachinum
1621 1863 1950 1950 quaternis
2011 1863 2237 1932 saltem

659 1957 850 2022 hastis
895 1953 1301 2036 instructum,
1350 1970 1508 2037 quae
1557 1973 1587 2017 a
1637 1953 1907 2019 totidem
1964 1950 2239 2037 Religio·

655 2043 738 2108 sis
782 2041 1255 2128 superpelliceo
1303 2039 1541 2108 indutis
1590 2040 1652 2105 in
1701 2044 1886 2106 Festo
1943 2039 2240 2124 Corporis

656 2129 890 2197 Christi
936 2133 1294 2198 eleventur.
1346 2127 1522 2195 Feria
1569 2140 1784 2193 autem
1830 2130 1908 2193 vt
1955 2126 2019 2192 in
2064 2129 2239 2191 Para·

657 2238 845 2286 sceve
908 2219 1149 2285 deferri
1211 2217 1446 2305 poterit
1512 2214 1949 2282 baldachinum
1995 2236 2028 2278 a
2074 2214 2240 2280 Reli-

658 2307 849 2395 giosis
893 2307 1029 2372 sine
1064 2317 1268 2389 cotta;
1311 2324 1432 2389 qua
1465 2304 1567 2369 die
1602 2303 1945 2369 celebrans
1980 2322 2107 2368 non
2137 2322 2239 2367 su-

658 2406 791 2462 met
855 2393 1176 2480 pluviale,
1226 2389 1488 2458 Ministri
1534 2401 1752 2455 autem
1798 2389 2236 2473 celebrantia,

658 2501 804 2549 cum
850 2502 976 2548 non
1022 2492 1287 2546 utantur
1334 2479 1627 2567 planetis,
1665 2489 1800 2541 tum
1848 2477 2121 2542 solemni
2168 2477 2241 2541 il-

658 2571 780 2637 lius
822 2569 951 2635 diei
996 2566 1213 2634 Officio
1254 2579 1388 2632 tum
1420 2564 1807 2632 Processioni
1838 2582 1985 2629 cum
2018 2585 2239 2651 super·

656 2657 930 2745 pelliceo
978 2655 1295 2720 assistent.
1345 2652 1536 2722 cerei'
1579 2652 2039 2738 extinguentur
2073 2664 2239 2738 post-

658 2764 847 2831 quam
914 2741 1316 2808 reconditum
1365 2741 1559 2808 luerit
1604 2743 2126 2822 Sacramentum,
2178 2752 2242 2804 et

658 2832 838 2900 Feria
895 2833 973 2897 Vl
1036 2830 1100 2896 in
1159 2832 1499 2895 Par—asceve
1564 2838 1898 2913 postquam
1959 2827 2151 2893 fuerit
2210 2849 2241 2892 a

656 2919 1039 2988 celebrante
1087 2927 1560 3004 consumptum.
1611 2916 1787 2993 Quod
1819 2915 1870 2979 si
1903 2915 1977 2980 ad
2029 2915 2242 2983 huius-

658 3008 830 3074 modi
879 3005 1379 3094 supplicationes
1413 3015 1849 3070 convocentur
1879 3004 2243 3091 confratres

656 3095 921 3162 alicuius
967 3094 1282 3177 Sodalitii,
1333 3094 1394 3159 hi
1442 3109 1622 3158 sacco
1668 3090 1875 3156 induti
1923 3091 2239 3176 designari

656 3192 964 3270 poterunt
1008 3184 1086 3249 ad
1133 3182 1561 3248 deferendum
1591 3177 2066 3261 baldachinum,
2094 3200 2168 3244 su
2218 3216 2242 3229 ·

658 3272 898 3361 plendo
945 3270 1116 3337 vices
1161 3269 1632 3356 Religiosorum
1689 3266 1803 3330 alia
1874 3266 2085 3331 munia
2135 3286 2170 3331 o
2220 3303 2243 3314 ·

660 3359 975 3427 euntium.
1027 3362 1093 3423 ln
1142 3357 1215 3422 iis
1261 3368 1476 3422 autem
1523 3353 1855 3421 coenobiis
1901 3371 2016 3419 seu
2073 3354 2242 3419 Reli-

657 3446 848 3533 giosis
874 3443 1168 3521 ‚Familiis
1214 3443 1278 3510 in
1310 3445 1540 3530 quibus
1573 3461 1761 3526 parva
1793 3441 2241 3506 Monachorum

656 3548 876 3600 manus
921 3532 1027 3616 sit,
1079 3531 1457 3597 Assistentes
1488 3527 1881 3596 celebrantis
1940 3539 2243 3615 poterunt

603 3660 613 3672 -
660 3621 959 3687 incedere
1005 3639 1150 3686 cum
1199 3615 1709 3703 superpelliceo,
1757 3618 1871 3681 sed
1918 3636 2242 3701 nunquam

662 3708 748 3773 l'as
793 3709 874 3774 sit
933 3718 1004 3772 ut
1062 3708 1393 3773 omittatur
1458 3703 1902 3771 baldachinum
1962 3705 2245 3791 desuper

661 3794 1086 3946 desserendum
1131 3795 1235 3860 vel
1287 3814 1318 3857 a
1357 3792 1668 3859 Monachis
1702 3791 1803 3856 vel
1837 3812 1868 3854 a
1901 3791 2241 3858 confratri-

666 3881 743 3947 tri
798 3902 867 3947 us
903 3906 967 3947 2».

795 3974 870 4034 Et
915 3969 997 4036 ita
1031 3970 1323 4036 dec-revit
1353 3981 1419 4035 et
1447 3967 1687 4035 servari
1738 3967 2080 4033 mandavit.
2132 3967 2242 4032 Die

669 4059 746 4122 15
792 4057 1188 4142 Septembris
1241 4062 1429 4124 1742.

664 4233 923 4301 2369.
1219 4234 1714 4299 TRlDENTlNA.
2009 4232 2238 4317 (4131)

748 4410 908 4474 cnm
956 4408 1236 4472 Ecclesia
1283 4406 1659 4491 parochialis
1683 4406 1912 4495 Oppidi
1946 4405 2243 4473 Roboreti

663 4494 979 4561 Dioecesis
1051 4495 1458 4560 Tridentinae
1519 4493 1718 4559 dicata
1774 4494 1854 4560 sit
1910 4497 1975 4560 S.
2045 4496 2244 4560 Marco

663 4582 1132 4670 Evangelistae,
1183 4602 1264 4649 ex
1324 4593 1502 4669 parte
1564 4582 1823 4648 Pal-ochi
1883 4582 2246 4668 praedictae

661 4670 983 4738 Ecclesiae
1044 4692 1157 4757 pro
1229 4670 1622 4736 resolutione
1696 4669 2244 4756 infrascriptorum

662 4758 1006 4825 dubiorum
1052 4759 1218 4844 apud
1269 4760 1332 4825 S.
1373 4762 1445 4824 R.
1482 4760 1556 4824 c.
1592 4759 1955 4825 humillime
2001 4758 2245 4844 suppli·

664 4857 873 4910 catum
919 4845 1067 4929 fuit,
1115 4866 1401 4931 nempe:

799 4936 857 4997 1.
909 4933 1006 4997 An
1052 4933 1296 4999 dictum
1329 4938 1584 5000 Festum
1620 4946 1934 5021 tamquam
1959 4935 2041 5000 de
2066 4953 2244 5019 prae-

664 5029 851 5104 cepto
900 5018 1356 5086 celebrandum
1401 5020 1479 5087 sit
1527 5022 1602 5087 ab
1651 5022 1871 5089 incolis
1904 5022 2094 5087 totius
2123 5026 2244 5109 Op-

663 5107 796 5190 pidi
862 5106 1081 5189 vigore
1150 5108 1664 5175 Constitutionis:
1754 5114 2061 5199 Universa
2130 5129 2241 5192 por

667 5194 882 5259 Orbem
929 5203 1250 5258 emanatae
1295 5194 1372 5259 ab
1403 5197 1649 5260 Urbano
1686 5201 1811 5261 Vlll
1844 5217 2004 5263 anno
2054 5200 2242 5280 1642,

663 5301 737 5346 an
785 5300 937 5347 vero
982 5279 1188 5343 solutu
1237 5281 1415 5345 abiis
1449 5281 1556 5365 qui
1608 5282 1892 5347 ciusdem
1925 5284 2247 5349 Ecclesiae

663 5366 1020 5459 parochiani
1096 5366 1429 5432 existunt?
1492 5370 1958 5453 complectitur
2029 5382 2239 5437 31113111

2334 558 2444 634 pto
2494 548 2679 614 unico
2726 547 3039 613 Subur-bio
3099 561 3266 614 trans
3316 558 3605 634 pontem.

2467 641 2530 701 2.
2582 640 2676 701 An
2725 635 2896 700 idem
2941 639 3198 701 Festum
3245 634 3706 701 celebrandum
3741 635 3822 698 sit
3857 635 3913 699 in
4004 681 4005 684 ,

2332 713 2542 790 choro
2577 742 2736 789 cum
2787 735 3026 804 octava,
3078 725 3250 788 iuxta
3296 722 3598 789 Rubricas
3645 723 3751 787 tit.
3790 725 3911 802 Vll,

2335 831 2515 878 1111111.
2570 816 2631 893 1,
2682 810 2758 875 31)
2805 810 3095 875 omnibus
3139 811 3586 877 Sacerdotibus
3625 810 3915 876 Saecula-

2336 898 2509 963 ribus
2559 899 2845 964 eiusdem
2891 898 3144 984 Oppidi;
3194 899 3300 965 vel
3347 899 3555 963 solum
3589 897 3666 963 31)
3699 897 3777 963 113
3816 898 3915 981 qui

2340 987 2498 1052 intra
2546 987 2902 1052 districtum
2942 988 3127 1052 huius
3156 986 3488 1052 Parochiae
3526 1003 3915 1050 commoran-

2340 1089 2467 1159 tur,
2517 1075 2619 1139 vel
2670 1075 2950 1158 denique
2997 1074 3072 1137 ab
3118 1073 3190 1138 iis
3238 1085 3511 1156 tantum,
3559 1075 3670 1225 qui
3706 1073 3916 1139 eidem

2336 1157 2657 1228 Ecclesiae
2706 1161 3070 1247 specialiter
3114 1160 3345 1227 addicti
3394 1172 3543 1226 sunt

2468 1254 2547 1315 Et
2595 1252 2658 1315 S.
2688 1253 2763 1315 R.
2793 1252 2863 1316 c.
2894 1250 3110 1318 audito
3158 1248 3334 1336 prius
3396 1261 3542 1313 voto
3603 1249 3794 1313 unius
3843 1267 3917 1311 ex

2338 1338 2842 1423 Apostolicarum
2872 1337 3426 1403 caeremoniarum
3458 1335 3799 1422 Magistris,
3829 1355 3919 1399 re·

2338 1426 2746 1492 scribendum
2791 1425 3077 1492 censuit:
3502 1505 3506 1510 ,

2473 1514 2567 1579 Ad
2620 1517 2680 1578 1.
2731 1533 2768 1575 ‹
2803 1512 2865 1580 Si
2913 1517 3167 1578 Festum
3214 1515 3279 1579 S.
3340 1512 3525 1578 Marci
3594 1513 3719 1577 erit
3768 1522 3921 1575 tam-

2338 1619 2528 1688 quam
2562 1600 2807 1665 Patroni
2830 1601 3062 1688 Oppidi
3095 1600 3395 1666 Roboreti
3421 1599 3613 1665 electi
3643 1621 3677 1664 a
3703 1602 3918 1677 clero,

2341 1689 2577 1777 populo
2612 1697 2736 1754 etc.
2764 1688 2936 1753 illius
2971 1688 3087 1754 loci
3118 1706 3263 1753 cum
3295 1687 3758 1773 approbatione
3784 1687 3923 1772 Epi·

2336 1777 2540 1862 scopi,
2588 1775 2813 1861 vigore
2843 1775 3323 1842 constitutionis
3353 1776 3583 1843 Urbani
3617 1778 3736 1841 PP.
3766 1778 3919 1854 Vnt,

2340 1866 2512 1931 iuxta
2542 1867 2808 1930 Decreta
2842 1867 2907 1929 S.
2941 1868 3014 1930 R.
3054 1867 3123 1929 c.
3162 1876 3311 1930 tunc
3346 1868 3603 1931 Festum
3637 1867 3708 1929 S.
3736 1865 3919 1928 Marci

2343 1952 2465 2017 erit
2508 1954 2589 2017 de
2623 1963 2966 2037 praecepto
2998 1951 3462 2018 observandum
3496 1963 3561 2016 et
3592 1950 3923 2017 celebran-

2342 2043 2497 2108 dum
2541 2038 2617 2104 ab
2666 2037 2888 2105 incolis
2956 2039 3148 2104 totius
3192 2040 3459 2125 Oppidi,
3511 2040 3703 2105 etiam
3757 2050 3923 2104 trans

2343 2139 2610 2214 pontem
2657 2128 2719 2192 iu
2767 2125 3133 2203 Suburbiis;
3185 2127 3357 2209 31133,
3407 2127 3720 2214 Negative
3753 2151 3822 2191 ιι.

2472 2217 2567 2282 Ad
2614 2220 2677 2280 2.
2733 2236 2770 2278 ‹
2798 2214 2861 2282 Si
2910 2219 3165 2281 Festum
3210 2219 3276 2282 S.
3314 2216 3498 2281 Marci
3547 2216 3669 2281 erit
3703 2217 3789 2281 de
3824 2219 3921 2279 Pa·

2347 2317 2529 2369 trono
2573 2303 2830 2389 Oppidi,
2882 2315 2951 2367 ut
2995 2323 3209 2389 supra,
3258 2303 3547 2370 Officium
3593 2303 3922 2367 celebran-

2341 2393 2499 2458 dum
2561 2394 2683 2456 erit
2742 2391 2858 2470 3111)
2919 2390 3047 2455 ritu
3116 2390 3358 2475 duplici
3406 2391 3650 2478 primae
3711 2390 3921 2455 classis

2343 2499 2488 2546 cum
2535 2490 2748 2545 octava
2797 2476 2873 2541 ab
2920 2478 3214 2543 omnibus
3271 2478 3721 2545 Sacerdotibus
3782 2480 3924 2543 Sae-

2341 2566 2659 2635 cularibus
2706 2565 2998 2630 eiusdem
3041 2567 3298 2651 oppidi.
3350 2567 3411 2634 Si
3460 2586 3615 2632 vero
3662 2567 3921 2629 Festum

2345 2657 2409 2721 S.
2462 2655 2643 2719 Marci
2693 2653 2815 2718 erit
2860 2652 3153 2718 Titulai·is
3201 2653 3370 2719 illius
3417 2664 3659 2723 tantum
3702 2653 3925 2719 Eccle-

2340 2744 2468 2807 siae
2515 2741 2915 2827 parochialia,
2961 2740 3249 2807 Officium
3296 2741 3757 2807 celebrandum
3808 2740 3925 2804 erit

2338 2830 2456 2895 sub
2502 2831 2628 2896 ritu
2675 2829 2914 2915 duplici
2964 2829 3205 2913 primae
3252 2831 3463 2896 classis
3509 2848 3655 2896 cum
3705 2840 3925 2892 octava

2343 2917 2418 2983 ab
2464 2917 2537 2983 iis
2584 2917 3030 2986 Sacerdotibus
3079 2927 3319 2983 tantum
3368 2918 3475 3004 qui
3505 2917 3744 2984 addicti
3776 2927 3925 2979 sunt

2340 3006 2601 3071 servitio
2650 3005 2822 3072 illius
2871 3003 3192 3070 Ecclesiae
3241 3006 3615 3092 parochialis
3649 3028 3709 3069 2».

2474 3098 2549 3159 Et
2593 3094 2679 3159 ita
2724 3093 3092 3159 declaravit.
3145 3093 3257 3159 Die
3309 3098 3389 3159 15
3422 3097 3603 3180 Sept.
3636 3097 3842 3160 1742.

2347 3268 2601 3336 2370.
2990 3270 3318 3363 Nunnius

2812 3375 3126 3439 TERRAE
3162 3373 3463 3440 FASANl.

3692 3268 3923 3352 (4133)

2477 3534 2635 3597 cum
2682 3550 2759 3596 ex
2810 3545 2987 3618 parte
3037 3532 3395 3598 Sacerdotis
3444 3532 3682 3597 loannis
3730 3533 3923 3596 Anto-

2344 3616 2431 3682 nii
2480 3619 2720 3683 Ferrari
2768 3619 3038 3705 Magistri
3090 3618 3638 3686 caeremoniarum
3674 3618 3929 3682 maioris

2343 3706 2662 3772 Ecclesiae
2711 3708 2774 3772 S.
2830 3708 3070 3772 loannis
3116 3711 3429 3792 Baptistae
3478 3706 3729 3772 Nullius
3775 3710 3925 3771 Ter·

2350 3811 2452 3857 rae
2500 3793 2710 3859 Fasani
2736 3795 3095 3881 expositum
3146 3795 3341 3859 fuerit
3388 3800 3683 3859 loannem
3733 3796 3926 3857 Anto-

2344 3880 2521 3946 nium
2566 3882 2819 3947 colucci
2871 3881 3306 3947 Primicerium
3341 3893 3407 3945 et
3446 3881 3789 3949 nonnullos
3824 3883 3928 3946 Sa·

2344 3970 2638 4035 cerdotes
2670 3970 3117 4056 participantes
3150 3970 3439 4035 eiusdem
3470 3967 3817 4051 Ecclesiae,
3854 3970 3926 4033 31)

2345 4055 2827 4123 immemorabili
2879 4058 2941 4123 in
2987 4056 3362 4123 associandis
3387 4056 3798 4123 cadaveribus
3824 4059 3926 4122 Sa-

2345 4144 2681 4209 cerdotum
2726 4145 3208 4226 defunctorum,
3262 4145 3401 4211 loco
3450 4144 3773 4210 intonandi
3826 4163 3926 4209 311-

2346 4231 2704 4316 tiphonam:
2760 4233 3165 4299 Exultabunt
3212 4234 3481 4297 Domino
3513 4242 3577 4296 et
3607 4231 3925 4297 Psalmum

2347 4319 2641 4385 Miserere
2703 4324 2822 4387 mei
2883 4324 3050 4387 Deus
3094 4332 3212 4387 313.
3280 4321 3456 4387 iuxta
3500 4318 3762 4385 Ritualis
3808 4322 3927 4385 Ro·

2345 4406 2509 4472 mani
2568 4408 2901 4474 Rubricam
2966 4410 3064 4475 tit.
3129 4409 3213 4474 de
3272 4405 3603 4492 ExequiiS,
3661 4426 3927 4474 consue-

2345 4494 2508 4558 visse
2556 4494 2837 4561 intonare
2885 4508 3073 4563 cantu
3120 4497 3444 4562 modulato
3481 4504 3627 4560 ante
3659 4495 3923 4561 domum

2348 4581 2633 4647 defuncti
2696 4583 3130 4651 invitatorium
3186 4584 3379 4650 Officii
3429 4582 3923 4649 detunctorum:

2349 4672 2565 4755 Reqcm
2633 4673 2744 4735 cui
2814 4677 3030 4738 omnia
3088 4685 3206 4738 313.
3272 4691 3419 4737 311111
3482 4673 3767 4737 Psalmo:
3831 4674 3925 4734 Vc·

2349 4762 2505 4835 nite,
2540 4759 2898 4827 exultemus
2943 4771 3065 4825 etc.
3116 4779 3234 4848 per
3281 4770 3475 4825 totam
3525 4760 3690 4824 viam
3722 4778 3927 4843 usque

2348 4847 2425 4911 ad
2474 4847 2821 4913 Ecclesiam
2893 4849 3360 4923 tumulantem;
3432 4848 3586 4929 ubi,
3638 4847 3927 4932 deposito

2348 4935 2625 5019 feretro,
2689 4936 3196 5022 prosequebatur
3259 4936 3580 5021 reliquum
3640 4934 3923 5001 Officium

2346 5023 2824 5108 defunctorum,
2859 5043 3115 5109 semper
3147 5025 3502 5091 omittendo
3537 5022 3925 5108 praedictam

2349 5111 2758 5196 antiphonam
2832 5113 3286 5194 Esultabunt,
3358 5111 3671 5178 Psalmum
3745 5113 3923 5177 Mise-

2348 5218 2489 5262 rere
2537 5210 2601 5263 et
2648 5203 3136 5284 Responsorium
3180 5202 3522 5267 Subvenite
3551 5200 3781 5267 Sancti
3814 5204 3923 5266 Dei

2353 5303 2495 5351 cum
2532 5286 2825 5371 precibus
2862 5301 2924 5351 et
2954 5289 3245 5354 Oratione
3270 5289 3707 5373 subsequenti,
3734 5302 3922 5375 prout

2356 5373 2418 5435 in
2463 5373 2636 5438 dicto
2684 5373 2914 5438 Rituali
2962 5377 3436 5461 praescribitur.
3500 5377 3670 5453 Quae
3718 5378 3918 5443 omnia
