4042 5950
2015 261 2488 340 -182—

613 419 1015 508 gesimanona
1061 417 1215 487 lunii
1262 419 1423 485 ultra
1466 418 1873 506 praecipuam
1928 420 2186 485 Sancto·

614 523 757 576 rum
788 507 953 574 Petri
986 517 1051 573 et
1082 506 1253 573 Pauli
1285 505 1794 589 solemnitatem,
1816 505 2007 573 etiam
2035 506 2190 573 alio-

610 615 754 663 rum
821 594 1267 682 Apostolorum
1339 605 1403 660 et
1473 597 1816 681 Martyrum
1887 593 2193 661 memoria

587 683 1001 760 celebretur.
1049 683 1252 761 Quare
1282 681 1390 748 die
1421 681 1888 769 vigesimanona
1934 680 2092 756 lunii
2126 681 2191 747 in

610 769 995 839 Calendariis
1039 768 1494 836 Ecclesiasticis
1540 769 1625 835 ita
1671 773 1926 834 Festum
1970 768 2190 836 inscri-

612 858 899 926 bendum
946 856 1105 924 erit:
1154 880 1192 923 α
1225 860 1600 925 Sanctorum
1658 856 1827 922 Petri
1875 867 1940 922 et
1986 856 2186 942 Pauli,

613 955 678 1011 et
723 945 1251 1013 commemoratio
1297 944 1584 1011 omnium
1617 946 1988 1011 Sanctorum
2019 943 2191 1031 Apo-

610 1033 919 1099 stolorum
951 1051 1021 1098 ac
1053 1035 1427 1100 Sanctorum
1473 1035 1816 1118 Martyrum
1853 1054 1924 1097 »z
1961 1051 2032 1098 ac
2064 1042 2189 1098 tam

612 1120 678 1187 in
720 1120 935 1188 Officio
980 1139 1169 1205 quain
1214 1120 1280 1186 in
1324 1120 1500 1185 Missa
1544 1118 1864 1186 addentur
1899 1122 2190 1186 Comme-

612 1208 991 1274 morationes
1037 1207 1119 1275 de
1150 1207 1486 1275 Communi
1517 1206 1971 1293 Apostolorum
2012 1216 2078 1272 et
2109 1206 2190 1273 de

606 1295 947 1363 Communi
991 1295 1422 1382 plui-imorum
1469 1297 1836 1380 Martyrum.

740 1386 903 1450 Haec
951 1403 1090 1462 nos,
1125 1381 1539 1450 venerabiles
1568 1385 1816 1447 Fratres
1860 1401 1930 1448 ac
1962 1381 2187 1448 Dilecti

611 1470 774 1556 Filii,
823 1490 950 1537 non
997 1471 1206 1538 minus
1251 1469 1650 1558 spiritualem
1694 1487 1879 1554 quam
1942 1480 2189 1569 tempo-

611 1559 810 1624 ralem
878 1559 1268 1647 populorum
1342 1557 1607 1624 istorum
1682 1556 2020 1623 utilitatem
2095 1575 2192 1623 in·

611 1656 891 1730 tuentes,
938 1645 1273 1713 sancienda
1307 1663 1446 1711 esse
1494 1643 1936 1711 iudicavimus.
1988 1643 2191 1710 Pluri-

611 1752 789 1800 mum
834 1751 991 1799 vero
1035 1732 1102 1798 in
1148 1731 1557 1799 solicitudine
1585 1751 1655 1798 ac
1686 1730 1983 1828 pastorali
2029 1730 2190 1817 vigi-

611 1819 798 1888 lantia
838 1830 1051 1892 vestra
1096 1819 1475 1887 confidimus
1506 1822 1630 1887 Vos
1674 1819 2016 1886 sedulitate
2063 1829 2192 1884 stu-

609 1907 847 1993 dioque
891 1916 1109 1975 vestro
1155 1907 1521 1990 effecturos,
1554 1926 1636 1974 ne
1684 1906 1839 1994 quid
1887 1925 1925 1974 e
1964 1905 2188 1975 Divino

609 1997 801 2063 Cultu
824 1997 1181 2064 detractum
1203 1994 1410 2062 videri
1441 1994 1665 2084 possit,
1690 1995 1806 2062 sed
1830 2015 1958 2082 quo
1981 1996 2190 2062 minor

610 2084 918 2150 festorum
977 2084 1232 2153 dierum
1292 2082 1494 2150 iactus
1551 2093 1649 2164 est
1706 2101 2051 2167 numerus,
2110 2103 2187 2149 eo

610 2169 811 2237 maior
852 2172 932 2238 sit
977 2171 1045 2239 in
1084 2172 1480 2274 populorum
1524 2169 1747 2239 animis
1779 2170 2032 2260 pietatis
2059 2164 2188 2238 fer·

607 2277 725 2324 vor
768 2279 840 2325 ac
884 2259 1170 2327 devotio.
1220 2257 1491 2327 Proinde
1538 2259 1979 2326 vehementer·
2008 2259 2186 2344 cupi·

610 2364 749 2412 mus
796 2357 862 2414 et
905 2346 972 2414 in
1018 2346 1284 2416 Domino
1331 2348 1457 2413 Vos
1503 2348 1857 2429 hortamur,
1908 2343 2188 2414 Venerass

610 2433 770 2501 biles
828 2439 1076 2502 Fratres
1138 2454 1209 2500 ac
1270 2432 1497 2500 Dilecti
1563 2433 1741 2518 Filii,
1791 2445 1861 2500 ut
1916 2434 2189 2533 populos

606 2520 914 2608 spirituali
943 2541 1135 2590 curae
1164 2532 1414 2587 vestrae
1444 2521 1809 2588 commissos
1840 2520 2190 2609 diligenter

609 2607 974 2677 edocendos
1018 2608 1257 2678 curetis
1283 2655 1303 2692 ,
1351 2627 1518 2695 quae
1562 2609 1640 2676 ad
1702 2609 1927 2676 iustam
1977 2609 2187 2696 legiti-

607 2714 907 2782 mamque
971 2695 1226 2765 dierum
1300 2696 1639 2772 festorum·
1687 2697 2186 2764 celebrationem

608 2782 966 2870 pertinent,
1016 2803 1142 2871 quo
1189 2784 1420 2851 ardore
1471 2802 1723 2883 quaque
1768 2784 2028 2872 spiritus
2071 2786 2189 2852 liu·

607 2870 875 2939 militate
919 2874 1165 2940 adstare
1212 2870 1618 2939 sanctissimo
1664 2871 1894 2940 Altaris
1939 2872 2187 2943 Sacrifi-

607 2958 728 3042 cio,
777 2978 904 3046 quo
949 2958 1188 3046 studio,
1237 2979 1360 3047 qua
1405 2958 1767 3046 frequentia
1812 2959 2053 3029 Divinis
2083 2960 2184 3028 Ol*-

608 3045 789 3131 liciis,
822 3049 1025 3116 Sacris
1069 3046 1493 3116 concionibus
1540 3058 1606 3115 et
1647 3048 2037 3116 Christianae
2066 3053 2186 3116 Do-

605 3134 841 3202 ctrinae
888 3135 1390 3204 institutionibus
1437 3135 1745 3204 interesse
1774 3137 2087 3216 debeant;
2121 3147 2187 3203 et

604 3221 1154 3309 diligentissimam
1198 3224 1369 3292 detis
1414 3242 1714 3311 operam,
1763 3243 1851 3291 ne
1911 3244 2032 3313 per
2078 3245 2187 3291 eos

605 3308 743 3377 dies
786 3310 1311 3380 Christifidelium
1358 3311 1547 3379 corda
1596 3313 1847 3401 crapula
1880 3322 1948 3380 et
1979 3312 2188 3380 ebrie·

604 3406 732 3464 tate
766 3408 831 3464 et
857 3398 1250 3468 secularibus
1281 3398 1766 3486 cogitationibus
1811 3411 2183 3487 graventur.

601 3486 773 3562 Quae
819 3485 1028 3553 omnia
1073 3505 1106 3551 a
1152 3487 1448 3575 pastorali
1508 3487 1916 3557 solicitudine
1980 3496 2187 3554 vestra

604 3572 793 3638 Nobis
835 3572 1112 3641 maxime
1157 3574 1536 3662 pollicentes
1566 3573 1633 3641 in
1670 3574 2030 3642 Pontificiae
2073 3578 2187 3641 Ca·

603 3657 803 3725 ritatis
869 3659 1101 3747 pignus
1168 3661 1594 3749 Apostolicam
1660 3662 2183 3729 Benedictionem

604 3743 818 3830 Vobis,
869 3748 1280 3815 venerabiles
1326 3753 1574 3816 Fratres
1618 3770 1689 3816 ac
1733 3750 1959 3817 Dilecti
2012 3749 2182 3837 Filii,

603 3841 984 3934 vestraeque
1046 3837 1196 3904 fidei
1264 3835 1616 3905 commissis
1685 3838 1942 3925 populis
2000 3857 2184 3927 pera-

605 3931 857 3987 manter
900 3924 1328 4011 impertimur.

734 4012 960 4077 Datum
1005 4014 1237 4078 Itomae
1267 4014 1435 4101 apud
1468 4015 1757 4080 Sanctam
1788 4014 2039 4081 Mariam
2072 4018 2187 4080 Ma-

605 4097 809 4163 iorem
861 4096 979 4165 sub
1024 4099 1275 4166 Annulo
1302 4100 1656 4166 'piscatoris
1700 4101 1805 4169 die
1850 4107 1906 4170 X
1951 4102 2186 4189 Aprilis

604 4187 1077 4271 uocccxvssi,
1122 4186 1526 4255 Pontificatus
1563 4189 1770 4256 Nostri
1800 4194 1980 4257 Anno
2011 4193 2177 4258 xix.

1261 4295 1338 4359 Η.
1371 4295 1576 4360 Canii.
1612 4296 2000 4362 Consumtis.

1055 4433 1420 4501 Amanum
1466 4436 1726 4502 suevi:
1948 4436 2176 4523 (4552)

983 4522 1264 4587 suren
1323 4525 1626 4589 EADEM
1686 4525 1799 4588 nn

608 4643 1075 4711 Vmcrabilibus
1151 4645 1493 4712 Fratribus
1553 4646 2058 4731 Archiepi'sc'opi's
2124 4658 2182 4714 et

728 4733 1058 4816 Episcopi-s
1102 4752 1181 4799 ac
1235 4732 1488 4800 dilectis
1533 4734 1728 4802 Felici
1789 4737 2012 4800 ceteris
2064 4736 2178 4800 Or·

725 4818 1016 4886 dinariis
1062 4822 1263 4906 Requi
1307 4823 1654 4906 utriusque
1699 4821 1996 4889 Siciliae.

1108 4946 1278 5011 PIUS
1320 4946 1515 5010 PAPA
1561 4947 1666 5013 Vll

782 5045 1173 5114 venerabiles
1204 5045 1452 5114 Fratres
1492 5064 1567 5114 ao
1607 5047 1823 5115 Dileoti
1863 5048 1990 5116 Filii

700 5122 972 5192 Salutem
1015 5128 1081 5192 et
1124 5125 1524 5209 Apostolioam
1566 5124 2075 5197 Benedictionem.

726 5245 844 5309 Per
888 5242 1275 5331 Apostolicas
1321 5241 1618 5309 informa
1656 5243 1874 5311 Brevis
1905 5246 2171 5328 Literas,

596 5349 752 5419 quas
794 5329 1091 5400 dedimus
1130 5329 1254 5397 hoc
1284 5329 1420 5416 ipso
1449 5347 1612 5396 anno
1642 5330 1751 5398 die
1788 5333 1867 5398 10
1899 5331 2162 5419 Api-ilis,

603 4430 865 4500 2590.

2292 416 2590 506 precibus
2619 427 2970 484 annuentes
3003 415 3300 488 carissimi
3334 415 3399 483 in
3430 415 3680 484 Christo
3731 416 3877 483 Filii

2292 506 2499 572 Nostri
2544 503 2925 572 Ferdinandi
2970 502 3173 590 Regni
3224 502 3557 589 utriusque
3611 504 3875 571 Siciliae

2292 592 2484 680 Regis
2548 591 2845 673 illustris,
2910 601 2974 658 et
3041 589 3400 658 Pontificiae
3459 591 3885 658 Auctoritatis

2294 680 2683 766 benignitate
2733 678 3113 746 indulsimus
3142 679 3568 764 quorumdam
3615 679 3880 746 dierum

2294 768 2603 835 festorum
2638 766 3178 849 imminutionem,
3205 778 3276 832 ut
3301 766 3524 854 populi
3546 767 3669 834 sub
3706 766 3884 833 illius

2294 855 2610 942 regimine
2663 855 2980 944 degentes
3037 853 3242 920 libere
3296 854 3539 942 possint
3597 874 3727 941 per
3773 873 3882 919 eos

2295 942 2434 1009 dies
2478 942 2815 1010 servilibus
2861 941 3159 1029 operibus
3203 960 3449 1027 vacare,
3499 942 3575 1008 ad
3624 952 3882 1028 tempo-

2297 1049 2466 1115 rum,
2519 1031 2580 1097 in
2642 1031 2871 1117 quibus
2927 1047 3281 1113 versamur,
3329 1027 3607 1116 inopiam
3659 1030 3883 1116 aliquo

2293 1129 2479 1204 pacto
2537 1117 3020 1185 sublevandam.
3086 1120 3248 1184 Cum
3292 1135 3446 1183 vero
3504 1116 3578 1183 iis
3637 1117 3884 1184 Nostris

2294 1205 2519 1272 Literis
2580 1215 2833 1272 cautum
2880 1203 3137 1287 fuisset,
3187 1217 3257 1270 ut
3303 1208 3484 1271 Festa
3529 1206 3730 1273 etiam
3777 1208 3882 1270 Pa-

2298 1301 2627 1360 tronorum
2694 1291 3134 1390 principalium
3202 1290 3593 1379 singularum
3649 1292 3882 1362 Civita-

2297 1391 2459 1465 tum,
2505 1381 2903 1468 oppidorum
2950 1390 3016 1446 et
3058 1384 3368 1446 Locorum
3404 1380 3740 1448 transferri
3772 1381 3882 1447 de-
3991 1373 3992 1462 ζ

2294 1466 2483 1536 beant
2529 1488 2676 1535 cum
2726 1480 3004 1554 utroque
3035 1478 3379 1555 praecepto
3410 1466 3475 1534 in
3505 1467 3880 1555 proximum

2293 1556 2469 1623 diem
2515 1555 2940 1638 Dominicum,
2992 1573 3200 1642 eoque
3230 1554 3565 1643 impedito,
3599 1556 3672 1623 in
3703 1556 3880 1623 diem

2293 1644 2691 1712 Dominicum
2810 1644 3053 1711 roxime
3115 1654 3529 1728 sequentem,
3592 1642 3880 1730 postula·

2295 1730 2497 1798 tiones
2568 1749 2707 1799 com
2785 1751 2933 1798 ures
3011 1730 3087 1798 ad
3145 1732 3270 1797 Nos
3330 1743 3478 1797 sunt
3545 1732 3877 1818 perlatae,

2295 1829 2368 1884 ut
2427 1823 2604 1886 Festa
2664 1752 2770 1885 ilfa
2829 1820 3027 1904 statis,
3077 1826 3148 1885 ut
3209 1817 3271 1884 in
3317 1820 3665 1905 praeterito
3721 1830 3878 1886 tem-

2293 1923 2479 1991 pore,
2529 1906 2754 1975 diebus
2801 1907 3111 1974 celebrari
3144 1906 3407 1992 possint,
3441 1906 3599 1992 quin
3628 1924 3880 1973 memo—

2294 2005 2464 2060 ratae
2530 1993 2917 2061 translationi
2971 1994 3148 2062 locus
3194 1993 3323 2074 fiat.
3392 1995 3563 2074 Quae
3608 1994 3878 2080 quidem

2291 2099 2520 2168 preces
2564 2082 2807 2150 nedum
2853 2094 2997 2149 vota
3043 2082 3432 2168 populorum
3494 2083 3875 2165 ostendunt,

2290 2169 2401 2255 qui
2435 2189 2543 2237 eos
2588 2169 2759 2258 ipsos
2804 2169 2944 2237 dies
2989 2169 3210 2236 maiori
3243 2169 3638 2236 caeremonia
3669 2189 3746 2236 ac
3778 2190 3878 2236 re-

2291 2257 2531 2343 ligione
2577 2259 2794 2325 colere
2841 2257 3133 2346 cupiunt,
3182 2275 3344 2342 quos
3374 2258 3692 2324 maiorum
3739 2258 3876 2346 pie-

2292 2355 2408 2429 tas,
2443 2346 2548 2412 vel
2595 2366 2628 2412 a
2660 2346 2884 2433 priscis
2913 2344 3335 2434 temporibus,
3374 2345 3454 2411 ob
3487 2344 3781 2432 ingentia
3815 2345 3878 2411 in

2287 2452 2358 2500 se
2424 2433 2652 2500 collata
2719 2432 3032 2501 beneficia
3101 2431 3453 2500 coelitibus
3517 2433 3877 2502 Statoribus

2291 2519 2777 2607 Sospitibusque
2819 2521 2949 2588 suis
2993 2521 3341 2604 dedicarat,
3391 2539 3616 2588 verum
3641 2520 3729 2588 ad
3774 2540 3877 2587 eas

2290 2609 2480 2675 etiam
2528 2609 2936 2677 difficultates
2965 2609 3420 2698 praecidendas
3449 2607 3751 2676 conterre
3782 2607 3877 2675 di-

2289 2705 2712 2783 gnoscuntur,
2758 2717 2926 2783 quae
2958 2717 3038 2763 ex
3083 2706 3428 2764 memorata
3462 2696 3877 2763 translatione

2289 2784 2440 2850 oriri
2489 2795 2772 2872 possent,
2821 2785 3197 2873 praesertim
3258 2783 3310 2851 si
3355 2788 3535 2852 Festa
3596 2784 3716 2851 itta
3773 2784 3872 2850 vel

2290 2872 2816 2958 Quadragesimae
2861 2873 2967 2940 vel
3012 2871 3343 2939 Adventus
3389 2883 3715 2973 tempore,
3770 2882 3874 2938 ant

2288 2980 2451 3028 anno
2499 2970 2784 3028 exeunte
2831 2969 3190 3029 occurrant.
3250 2961 3454 3041 Quare
3501 2960 3700 3029 bisce.
3723 2971 3875 3047 sup·

2289 3047 2733 3137 plicationibus
2761 3049 3039 3117 inclinati
3075 3048 3512 3135 indulgemus,
3537 3059 3612 3116 ut
3639 3048 3872 3115 utrius—

2288 3154 2415 3222 que
2460 3136 2712 3203 Siciliae
2759 3138 3111 3221 Antistites,
3164 3156 3235 3203 re
3296 3138 3474 3226 prius
3529 3154 3682 3204 cum
3745 3136 3872 3203 suis
3991 3190 3992 3217 1

2289 3229 2371 3291 Ca
2421 3223 2595 3291 itulis
2625 3232 2875 3292 mature
2922 3244 3266 3313 perpensa,
3298 3223 3676 3324 collatisque
3725 3242 3866 3292 cum

2290 3311 2331 3377 ii
2412 3329 2517 3377 em
2577 3312 2879 3397 consiliis,
2929 3313 3053 3380 rite
3109 3333 3180 3380 ac
3237 3327 3413 3380 recte
3458 3324 3706 3400 possint
3759 3316 3869 3379 Fe·
3991 3372 3992 3391 ,

2287 3409 2380 3465 sta
2439 3390 2854 3466 Patronoruiii
2899 3401 3344 3488 principalium
3398 3408 3560 3469 cum·
3589 3413 3866 3486 utroque
3991 3394 3992 3453 ἶ

2290 3498 2636 3575 praecepto
2703 3488 2781 3555 ad
2837 3487 3204 3576 praefinitos
3261 3489 3444 3574 dies,
3504 3498 3577 3555 ut
3642 3500 3865 3570 antea,

2286 3592 2406 3662 per
2492 3595 2750 3642 suarum
2823 3576 3221 3644 Dioecesium
3302 3581 3463 3643 Loca
3534 3575 3863 3658 retinere,

2289 3661 2536 3749 quoties
2581 3662 2666 3729 ita
2712 3664 2777 3730 in
2807 3665 3074 3731 Domino
3123 3665 3317 3753 magis
3364 3663 3678 3752 expedire
3720 3682 3868 3730 cen·

2286 3750 2563 3835 suerint,
2625 3752 2924 3840 inspectis
2991 3753 3379 3839 populorum
3448 3754 3864 3839 locorumque

2289 3837 2714 3926 peculiaribus
2781 3840 3293 3924 circumstantiis,
3351 3860 3432 3909 ne
3498 3842 3862 3928 praecipua,

2289 3945 2450 4012 quae
2496 3926 2573 3993 ad
2623 3926 2943 3995 indultum
2990 3928 3382 3995 reductionis
3414 3940 3480 3998 et
3511 3928 3861 3997 translatio-

2286 4013 2383 4081 nis
2445 4012 2698 4080 dierum
2772 4017 3085 4082 festorum
3137 4018 3262 4083 Nos
3330 4012 3587 4105 impulit
3648 4036 3858 4101 causa,

2284 4100 2711 4169 sublevandae
2757 4102 3063 4171 nimirum
3107 4104 3384 4190 inopiae,
3432 4124 3548 4171 suo
3581 4106 3860 4190 quando·

2286 4207 2413 4273 que
2461 4189 2802 4259 frustretur
2848 4191 3246 4258 effecturos
3293 4203 3507 4259 tamen
3553 4194 3730 4277 lege,
3765 4202 3857 4275 ut,

2286 4276 2540 4361 quando
2570 4297 2673 4344 res
2694 4280 2775 4345 sit
2807 4279 2891 4346 de
2923 4280 3204 4347 Patronis
3233 4279 3658 4362 Dioecesium,
3687 4299 3861 4368 prae-

2287 4375 2549 4464 ceptum
2615 4386 2746 4434 non
2814 4369 3233 4454 protendatur
3300 4368 3468 4434 ultra
3523 4368 3856 4436 Civitatem

2285 4452 2728 4540 principalem,
2777 4455 2883 4520 vel
2928 4456 3096 4521 ultra
3155 4475 3227 4521 ea
3285 4456 3423 4522 loca
3474 4475 3663 4542 quae,
3711 4477 3858 4524 cum

2286 4540 2593 4627 peculiari
2638 4546 2905 4609 Patrono
2965 4554 3241 4627 careant,
3292 4547 3546 4610 Festum
3612 4544 3858 4611 Patroni

2284 4629 2598 4695 Dioecesis
2659 4649 2735 4697 ex
2797 4629 3216 4715 Rubricarpm
3271 4632 3663 4720 praescripto
3727 4631 3856 4720 pari

2283 4714 2685 4784 solemnitate
2733 4715 3060 4785 celebrare
3107 4730 3432 4789 tenentur.
3480 4719 3662 4798 Quod
3703 4738 3855 4786 vero

2281 4804 2357 4869 ad
2407 4802 2744 4872 Dioeceses
2789 4816 2855 4871 et
2900 4808 3096 4890 Loca,
3142 4826 3306 4893 quae
3354 4808 3607 4875 indulto
3661 4819 3855 4874 trans·

2281 4890 2531 4961 lationis
2587 4904 2873 4978 utentur,
2923 4893 2972 4961 si
3007 4894 3174 4961 torte
3205 4895 3394 4962 dubia
3423 4896 3854 4982 quaestiones·

2283 4999 2408 5068 que
2471 4980 2754 5049 oriantur
2817 4982 3390 5069 (quemadmodum
3437 4986 3558 5050 iam
3604 5003 3688 5050 ex
3745 4984 3849 5051 de-

2281 5070 2421 5135 latis
2452 5069 2528 5135 ad
2565 5072 2686 5136 Nos
2718 5070 3017 5158 precibus
3048 5083 3182 5137 orta
3217 5090 3357 5139 esse
3399 5070 3850 5159 comperimus)

2282 5155 2366 5223 de
2413 5160 2647 5233 octavis
2692 5158 3069 5246 praesertim
3115 5159 3382 5245 aliisque
3438 5159 3669 5229 Officiis
3714 5178 3850 5229 con·

2280 5246 2709 5329 currentibus,
2760 5247 2985 5313 eadem
3034 5266 3065 5311 a
3096 5248 3605 5335 Congregatione
3637 5250 3847 5316 Sacro-

2281 5350 2422 5398 rum
2467 5332 2728 5400 Rituum
2758 5333 3054 5425 diligenti
3085 5334 3503 5403 subiicientur
3550 5335 3841 5417 examini,
