4042 5950
1966 284 2381 362 ..30-

552 443 1087 510 Protonotariatus
1142 457 1259 531 per
1316 460 1465 508 eum
1528 441 1767 508 obtenti
1834 463 1868 507 a
1928 445 2126 507 Domo

553 532 783 599 Sfortia
814 529 846 597 ⁴?

683 622 973 703 S.R.c.,
1008 618 1176 685 dicto
1226 622 1455 684 Ioanne
1509 617 1816 684 Matthaeo
1864 618 1945 685 de
1994 618 2125 683 Bia-

551 707 715 792 ginis
762 706 1006 792 pluries
1068 707 1255 771 citato
1304 716 1369 771 et
1426 723 1828 805 nequaquam
1875 724 2124 792 compa-

549 805 757 877 rente,
785 795 898 860 sed
928 805 1176 860 mature
1201 792 1535 881 perpensis
1568 791 1809 859 iuribus
1838 813 1916 859 ex
1944 802 2125 881 parte

551 882 744 968 ipsius
790 882 870 948 de
915 879 1186 968 Biaginis
1244 881 1308 946 in
1368 880 1551 947 curia
1606 879 2127 969 archiepiscopali

549 969 911 1036 Florentina
971 969 1266 1036 deductis
1323 980 1387 1034 et
1451 969 1526 1036 ad
1582 971 1644 1035 S.
1683 971 1757 1035 R.
1805 971 1876 1034 c,
1931 981 2127 1035 trans·

548 1056 778 1140 missis,
826 1056 1171 1142 auditoque
1229 1066 1473 1123 tantum
1532 1055 1783 1143 scriptis
1842 1066 1907 1121 et
1964 1075 2124 1123 voce

547 1150 960 1211 Procuratore
1006 1144 1350 1229 supradicti
1398 1142 1767 1231 Hieronymi
1816 1143 1993 1229 Palli,
2028 1164 2127 1211 re·

547 1231 953 1299 scribendum
998 1232 1284 1298 censuit:
1334 1253 1371 1296 «
1403 1232 1710 1318 Negative
1744 1254 1835 1297 ».-

679 1323 757 1385 Et
790 1319 872 1384 ita
896 1319 1184 1407 decrevit
1229 1339 1299 1384 ac
1345 1320 1583 1386 servari
1636 1320 1974 1386 mandavit.
2012 1320 2125 1388 Die

552 1411 631 1473 14
677 1404 828 1473 Maii*
867 1410 1055 1474 1718.
1738 1422 1743 1428 ·

549 1571 807 1638 2250.
1187 1570 1517 1636 NULLIUS

1064 1693 1597 1759 GUASTALLAE.

1890 1569 2117 1655 (solo)

677 1851 849 1912 Inter
894 1846 1236 1913 cuidolum
1268 1848 1350 1914 de
1394 1846 1735 1912 Franciscis
1768 1847 2116 1915 Parocbum

545 1934 864 2001 Ecclesiae
932 1937 994 2000 8.
1046 1933 1211 2000 Petri
1270 1935 1558 2018 Nullius,
1617 1938 1848 2000 Terrae
1913 1935 2120 2002 Plebis

546 2031 719 2088 extra
785 2039 1001 2087 muros
1064 2021 1344 2089 civitatis
1401 2021 1747 2088 cuastallae
1814 2041 1894 2087 ex
1956 2044 2118 2108 una,

546 2121 611 2176 et
657 2108 1019 2175 confratres
1063 2108 1601 2177 confraternitatis
1665 2109 1835 2176 SSmi
1882 2111 2120 2179 Rosarii

547 2196 838 2264 eiusdem
882 2198 1111 2264 Terrae
1160 2197 1441 2285 partibus
1473 2217 1554 2263 ex
1600 2197 1821 2279 altera,
1850 2200 2119 2266 nonnul·

546 2286 623 2352 lis
657 2285 809 2350 ortis
857 2285 1305 2352 controversiis
1351 2283 1610 2370 illisque
1628 2284 1700 2351 ad
1732 2287 1955 2352 S.R.C.
2008 2288 2120 2354 de-

546 2372 723 2449 latis;
773 2376 965 2439 Emus
1012 2386 1078 2439 et
1124 2377 1314 2439 Rmus
1352 2371 1777 2438 Zondadarius
1805 2372 2118 2441 infrascri-

544 2471 650 2547 pta
696 2459 883 2527 dubia
914 2460 1082 2527 inter
1103 2473 1319 2548 partes
1340 2461 1720 2525 concordata
1744 2460 2118 2528 declaranda

548 2567 662 2634 pro
712 2548 914 2615 osuit:

664 2566 736 2702 ἵ.
776 2637 869 2702 An
901 2634 1393 2705 confraternitas
1424 2636 1595 2701 88ῶί
1618 2636 1853 2703 Rosarii
1887 2640 2115 2706 Terrae

542 2723 749 2789 Plebis
812 2723 1164 2790 Guastallae
1234 2736 1362 2788 tres
1421 2723 1523 2788 vel
1570 2735 1726 2808 quot
1777 2727 2118 2811 campanas

539 2808 738 2897 possit
782 2812 1064 2878 retinere
1114 2812 1176 2876 in
1213 2810 1555 2897 campanili
1600 2831 1749 2879 suae
1795 2813 2114 2880 Ecclesiae

541 2918 654 2963 seu
698 2896 1017 2964 oratorii?

671 2989 738 3051 2.
788 2988 884 3052 An
929 2987 1093 3053 dicta
1161 2985 1654 3054 confraternitas
1717 2989 1801 3056 de
1863 2990 2116 3057 licentia

538 3071 846 3140 ordinarii
890 3092 1204 3163 peragere
1250 3073 1455 3138 valeat
1500 3076 2112 3160 Processiones,tam

541 3161 822 3247 publicas
846 3180 1033 3247 quam
1054 3164 1243 3229 etiam
1278 3160 1571 3252 privatas,
1595 3180 1715 3248 per
1752 3166 2111 3232 Parochiam

540 3260 719 3314 extra
765 3250 1068 3317 ambitum
1115 3244 1426 3318 oratorii?
1470 3262 1535 3315 et
1576 3262 1889 3335 quatenus
1946 3254 2109 3320 affir-

539 3337 773 3402 mative

488 3497 493 3510 ,
669 3428 733 3491 3.
783 3387 877 3492 ’An
927 3428 991 3493 in
1023 3426 1209 3492 dictis
1241 3427 1745 3496 processionibus
1775 3431 2104 3517 cappella-

538 3529 655 3576 nus
698 3513 1238 3582 Confraternitatis
1282 3519 1479 3601 possit
1525 3514 1786 3583 deferre
1832 3517 2112 3587 stolam?

670 3602 731 3666 4.
784 3605 878 3666 An
924 3601 987 3673 in
1021 3600 1192 3667 dicto
1236 3604 1517 3669 Oratorio
1566 3602 2111 3672 confraternitatis

533 3686 734 3771 possit
781 3687 1120 3754 ministrari
1169 3692 1641 3757 Sacramentum
1681 3691 2108 3759 Eucharistiae

539 3783 660 3837 tam
719 3775 1137 3841 confratribus
1193 3794 1383 3860 quam
1445 3797 1573 3844 non
1635 3776 2113 3845 confratribus?

667 3866 731 3928 ὅ.
780 3863 875 3928 An
922 3860 986 3928 in
1030 3863 1312 3929 oratorio
1360 3865 1559 3952 possit
1579 3863 1839 3931 retineri
1884 3868 2108 3932 Custo-

535 3945 637 4011 dia
687 3969 833 4016 cum
879 3949 1285 4016 Venerabili?
1580 4003 1587 4008 .

667 4040 732 4102 6.
801 4041 895 4103 An
951 4036 1101 4103 inibi
1159 4041 1373 4127 peragi
1434 4041 1637 4107 valeat
1693 4039 2107 4108 Novemdiale

534 4143 681 4191 cum
761 4145 839 4190 ex
888 4123 1155 4191 ositione
1238 4127 1628 4195 Venerabilis
1697 4139 1761 4194 et
1830 4130 2104 4216 populus

535 4232 679 4279 cum
726 4231 803 4278 eo
894 4212 1190 4280 enedici?
1920 4285 1923 4288 ,

668 4304 727 4366 7.
781 4302 891 4366 An·
923 4312 1143 4383 quarta
1166 4301 1491 4370 -funeralis
1526 4323 1642 4391 pro
1669 4303 1999 4371 funeribus
2031 4302 2102 4368 il-

540 4390 772 4471 lorum,
822 4386 933 4472 qui
979 4388 1377 4455 tumulantur
1422 4392 1486 4458 in
1530 4392 1811 4458 Oratorio
1841 4391 2104 4458 confra-

536 4475 870 4558 ternitatis,
923 4474 1150 4542 debeat
1199 4479 1499 4565 praestari
1547 4479 1819 4545 Parocho
1861 4479 1922 4544 in
1966 4496 2102 4544 me-

533 4565 805 4644 dietate;
857 4563 958 4628 vel
1010 4565 1222 4651 potius
1267 4565 1330 4631 in
1376 4576 1589 4651 quarta
1638 4563 1973 4651 portione?

661 4655 725 4719 8.
782 4657 858 4717 Et
905 4652 988 4718 de
1034 4651 1264 4738 quibus
1312 4654 1474 4721 ceris
1523 4663 1586 4719 et
1628 4650 1961 4718 candelis?

539 4755 543 4764 ’
659 4741 725 4806 ⁹.
756 4742 849 4818 An
897 4739 1122 4806 diebus
1168 4740 1411 4808 festivis
1459 4740 1653 4828 possit
1698 4740 1947 4806 recitari
1979 4744 2101 4807 Ro-

529 4824 758 4890 sarium
807 4826 877 4891 in
916 4829 1202 4894 oratorio
1226 4827 1766 4896 confraternitatis
1798 4839 1943 4893 ante
1976 4833 2099 4897 Ve-

528 4932 744 4999 speras
805 4913 1212 4980 celebrandas
1257 4921 1324 4982 in
1381 4915 1660 4982 Ecclesia
1718 4913 2105 5002 parochiali?

666 5000 767 5064 10.
823 5001 916 5063 An
963 5001 1147 5066 dictis
1193 5003 1422 5071 diebus
1484 5003 1733 5069 valeant
1789 5003 2097 5072 celebrari

526 5086 591 5153 in
639 5086 810 5152 dicto
856 5089 1137 5154 Oratorio
1205 5093 1415 5157 Missae
1479 5101 1600 5157 tam
1666 5091 1861 5157 lectae
1909 5110 2095 5178 quam

528 5186 831 5258 cantatae,
880 5193 1025 5242 cum
1069 5178 1248 5262 signo
1279 5184 1762 5264 campanarum,
1811 5191 1955 5245 ante
1994 5199 2095 5245 ce-

528 5262 942 5329 lebrationem
993 5264 1203 5331 Missae
1251 5264 1664 5352 parochialis?

666 5355 765 5417 11.
819 5354 911 5419 An
958 5352 1143 5418 liceat
1200 5352 1703 5420 confraternitati
1766 5353 2092 5418 celebrare

2232 442 2296 509 in
2339 443 2514 509 dicto
2578 444 2862 510 craten-iu
2927 442 3367 511 Anniversatin
3429 454 3496 511 et
3537 445 3748 513 Officia
3778 495 3795 529 ,

2233 541 2358 596 tam
2401 529 2549 615 fixa,
2598 531 2733 597 sive
2780 550 2861 597 ex
2906 531 3327 619 obligatione,
3375 551 3564 618 quam
3608 533 3800 600 etiam

2213 618 2535 685 -manualia
2582 637 2728 685 cum
2775 619 3122 686 assistentia
3165 619 3432 687 aliorum
3493 621 3796 689 Sacerdo-

2231 717 2366 771 tum
2412 706 2547 772 sine
2593 705 2939 772 assistentia
2983 704 3282 779 Parochii’

2365 797 2466 861 12.
2519 796 2639 877 An,
2688 803 2999 880 quatenus
3043 794 3355 861 Parochus
3385 794 3461 862 ad
3500 796 3666 863 dicta
3696 796 3799 863 Of-

2230 880 2369 947 ficia
2412 881 2621 947 vocari
2668 892 2733 947 et
2779 882 3165 949 intervenire
3211 881 3467 967 debeat,
3515 883 3798 971 duplica-

2234 979 2357 1035 tam
2404 969 2774 1036 mercedem
2820 970 3109 1036 obtinere
3242 967 3397 1036 ssit'?

2367 1060 2471 1124 13.
2523 1058 2618 1122 An
2664 1057 2748 1123 de
2781 1058 3030 1124 licentia
3189 1057 3370 1124 inarii
3401 1058 3608 1125 valeat
3636 1061 3799 1127 Con·

2228 1141 2584 1211 fraternitas
2630 1155 3003 1232 quaestuare
3051 1164 3170 1234 per
3211 1146 3598 1231 Parochiam,
3645 1146 3799 1213 irre-

2230 1232 2465 1318 quisito
2511 1229 2827 1299 Parocbo'?

2361 1321 2463 1385 14.
2515 1322 2612 1386 An
2658 1320 2724 1387 in
2751 1321 3254 1388 Processionibus
3281 1321 3703 1407 solemnibus,
3730 1323 3797 1389 in

2227 1407 2454 1492 quibus
2525 1409 2911 1475 intervenire
2980 1409 3145 1475 solet
3208 1408 3556 1495 Par-ochus,
3607 1410 3797 1476 liceat

2226 1494 2734 1562 confraternitati
2783 1496 3082 1563 incedere
3126 1494 3381 1563 subsuo
3407 1497 3798 1584 cappellano

2227 1583 2490 1648 seorsim
2537 1605 2570 1648 a
2617 1582 2940 1650 Parocho'?
3133 1598 3140 1605 ’

2357 1673 2437 1735 Et
2483 1675 2546 1738 S.
2596 1676 2672 1738 R.
2719 1674 2792 1737 C.
2824 1720 2842 1756 ,
2911 1682 3184 1758 utraque
3231 1679 3409 1758 parte
3467 1683 3595 1738 tam
3643 1674 3799 1738 scri-

2223 1754 2374 1910 Ρὲὲἒ
2395 1776 2787 1928 trahat?
2806 1758 3619 1914 tat‘uzlilfflsszsstzsstff
3650 1760 3800 1827 '¹³⁰⁰

2356 1932 2450 1999 Ad
2505 1939 2563 2000 1.
2614 1956 2653 1999 ι
2687 1933 3071 2001 Affirmative
3103 1956 3164 1999 ».

2358 2020 2452 2086 Ad
2498 2026 2565 2087 2.
2612 2044 2651 2087 ι
2685 2022 3098 2106 Affirmative,
3134 2021 3217 2087 de
3251 2021 3500 2089 licentia
3533 2021 3798 2109 speciali

2225 2105 2520 2196 Episcopi
2555 2132 2618 2176 t.
3203 2178 3216 2185 -

2354 2197 2447 2262 Ad
2499 2202 2562 2265 3.
2612 2221 2651 2264 c
2684 2199 2991 2284 Negative
3027 2221 3093 2264 ›.

2355 2284 2447 2350 Ad
2499 2290 2563 2351 4.
2613 2307 2650 2349 ι
2683 2285 3074 2353 Affirmative
3106 2308 3169 2352 ›.

2355 2372 2448 2439 Ad
2500 2378 2561 2439 ὅ.
2612 2396 2650 2439 ‹
2684 2374 2988 2460 Negative
3020 2394 3081 2439 v.

2350 2460 2445 2527 Ad
2493 2466 2556 2527 6.
2605 2482 2644 2525 ‹
2677 2460 3092 2545 Affirmative,
3117 2479 3238 2547 pro
3260 2461 3652 2528 Novemdiali
3677 2466 3800 2529 Na-

2223 2546 2479 2614 tivitatis
2527 2551 2661 2614 lesu
2684 2550 2942 2632 christi,
2991 2549 3075 2615 de
3124 2549 3374 2616 licentia
3405 2548 3793 2636 Episcopi».

2351 2637 2443 2701 Ad
2496 2638 2532 2701 7
2581 2646 2645 2701 et
2691 2641 2761 2703 8.
2820 2658 2861 2701 c
2911 2636 3155 2703 Adeaut
3201 2640 3450 2704 Sacram
3508 2640 3798 2724 congre·

2219 2721 2537 2808 gationem
2586 2724 2944 2790 concilii».
3119 2772 3128 2783 .

2348 2811 2441 2876 Ad
2477 2815 2540 2879 9.
2577 2831 2616 2874 ι
2650 2810 3079 2891 Affirmative;
3133 2823 3197 2878 et
3241 2814 3449 2898 quoad
3496 2824 3796 2899 tempus,

2213 2895 2476 2964 arbitrio
2519 2898 2829 2967 ordinarii
2863 2922 2926 2966 ».

2254 3072 2287 3085 ..
2348 2988 2444 3054 Ad
2481 2990 2588 3053 10.
2622 3008 2659 3050 ι
2687 2988 2965 3055 Arbitrio
3013 3001 3079 3056 et
3137 2988 3475 3077 prudentia
3528 2988 3795 3054 Ordina-

2218 3092 2293 3137 rn
2329 3096 2391 3141 ιν.
2653 3124 2669 3138 .

2347 3163 2442 3230 Ad
2497 3166 2600 3230 11.
2651 3188 2688 3230 ι
2722 3163 3113 3230 Affirmative
3149 3186 3212 3228 ›.

2345 3252 2441 3318 Ad
2493 3255 2599 3319 12.
2650 3275 2687 3317 ι
2721 3252 3047 3318 Provisum
3093 3251 3158 3317 in
3204 3251 3547 3318 undecimo
3581 3273 3644 3317 ›.

2345 3340 2439 3407 Ad
2495 3345 2600 3409 13.
2646 3363 2685 3406 ‹
2722 3339 3111 3406 Affirmative
3142 3360 3204 3405 ›.

2344 3429 2440 3496 Ad
2494 3433 2599 3496 ss.
2646 3450 2685 3493 ι
2721 3427 3112 3494 Affirmative
3147 3450 3215 3494 ›.
3789 3461 3795 3472 ·

2344 3520 2421 3583 Et
2491 3518 2572 3581 ita
2641 3516 2932 3583 decrevit
3001 3525 3066 3581 et
3132 3515 3370 3583 servari
3438 3516 3785 3583 mandavit.

2214 3604 2324 3669 Die
2368 3606 2411 3669 9
2457 3603 2596 3670 mlii
2649 3607 2841 3670 1718.
3565 3613 3569 3617 ’

2217 3776 2458 3846 2251.

3489 2738 3497 2746 ο

2802 3783 3210 3862 PERUSINA.
3558 3784 3706 3869 (391
3724 3783 3788 3869 1)

2342 3957 2552 4041 Super
2597 3957 2919 4024 nonnullis
2966 3957 3322 4043 praetensis
3367 3958 3612 4025 iuribus
3681 3979 3789 4047 pa-

2213 4041 2590 4109 rochialibus
2636 4044 2905 4130 aliisque
2964 4045 3458 4112 sacerdotalibus
3517 4046 3792 4114 functio—

2210 4129 2394 4196 nibus
2439 4129 2742 4197 adversus
2784 4135 3088 4198 curatum
3146 4144 3211 4198 et
3281 4134 3613 4201 Monachus
3673 4137 3791 4200 Ga-

2213 4216 2638 4284 maldulenses
2688 4219 3008 4286 Ecclesiae
3055 4222 3426 4309 parochialis
3471 4225 3536 4288 S.
3563 4223 3789 4289 Severi

2205 4304 2486 4370 Civitatis
2531 4307 2896 4389 Perusinae,
2948 4309 3250 4393 expedito
3283 4330 3315 4374 a
3346 4309 3783 4376 confratribus

2206 4390 2751 4460 confraternitatis
2781 4417 2812 4461 a
2847 4396 3045 4462 Morte
3090 4406 3152 4461 et
3198 4396 3490 4463 Oratione
3535 4415 3785 4462 nuncu-

2208 4490 2416 4566 patae,
2466 4492 2716 4549 erectae
2765 4484 2927 4549 intra
2976 4483 3210 4549 limites
3241 4483 3619 4570 parochialis
3665 4488 3785 4550 Ec-

2208 4566 2437 4633 clesiae
2484 4569 2867 4654 praedictae,
2917 4569 3256 4638 monitorio,
3302 4589 3515 4637 coram
3564 4573 3636 4636 A.
3675 4572 3779 4648 G.;

2205 4664 2398 4739 atque
2457 4656 2533 4721 ad
2596 4657 2948 4722 instantiam
3013 4658 3525 4745 supradictorum
3574 4660 3781 4723 Mona-

2204 4741 2474 4808 cborum
2532 4753 2597 4808 et
2654 4745 2911 4810 Parochi
2972 4747 3039 4812 S.
3074 4745 3294 4812 Severi
3348 4747 3424 4812 ab
3470 4745 3782 4813 Auditore

2206 4830 2404 4912 semi,
2455 4830 2704 4919 praevia
2752 4832 3114 4898 avocatione
3160 4835 3394 4899 Causae
3442 4832 3518 4899 ab
3549 4837 3622 4901 A.
3674 4835 3778 4917 G.,

2202 4918 2278 4984 ad
2346 4920 2414 4984 8.
2461 4923 2538 4985 R.
2585 4921 2654 4984 c.
2722 4919 3166 4986 controversiis
3223 4920 3535 5000 remissis3
3586 4925 3780 4988 Emus

2204 5015 2271 5070 et
2327 5009 2520 5072 Rmus
2580 5010 2652 5072 D.
2713 5007 2902 5072 Card.
2958 5008 3337 5075 corradinus
3393 5008 3781 5096 infrascripta

2204 5092 2393 5192 dubia
2420 5094 2585 5159 inter
2607 5106 2819 5180 partes
2843 5096 3214 5162 concordata
3240 5096 3608 5163 declaranda
3634 5115 3778 5184 pro-

2208 5193 2454 5266 posuit:
3563 5229 3568 5236 -

2341 5271 2398 5332 1.
2451 5270 2543 5333 An
2590 5268 2955 5355 cappellani
3001 5272 3329 5338 manuales
3384 5271 3712 5339 Societatis
3745 5294 3776 5336 a

2200 5355 2399 5421 Morte
2418 5366 2822 5444 nuncupatae
2850 5356 3086 5443 aliique
3117 5358 3491 5425 Sacerdotes
3523 5359 3600 5424 ab
3633 5358 3779 5448 Epi-
