4042 5950
2003 201 2420 289 ...βξ-..-

737 369 836 437 tc.
889 370 1045 436 Cum
1091 365 1472 454 plerumque
1535 365 1820 435 Officium
1879 364 2167 432 lonasti-

603 475 749 524 cum
797 467 1003 523 careat
1050 456 1113 521 in
1159 456 1364 541 primo
1399 457 1722 522 Nocturno
1766 451 2172 520 Lectionibus

599 546 824 611 Sacrae
871 545 1256 631 scripturae,
1303 544 1663 629 quaeritur:
1733 546 1828 608 An
1875 543 1938 607 in
1982 544 2167 605 Festo

600 636 665 699 S.
716 632 942 696 Mariae
1001 629 1402 715 magdalenae
1467 632 1549 698 de
1596 631 1801 696 Pazzis
1853 627 2167 715 legendae

599 720 721 785 sint
765 717 1099 785 Lectiones
1143 719 1224 786 de
1258 719 1586 785 Communi
1617 719 1722 784 vel
1753 718 1838 784 de
1876 714 2166 795 Canticis,

598 816 670 872 ut
730 806 827 958 in?
854 810 1037 872 Festo
1095 809 1158 872 S.
1210 805 1432 872 Mariae
1491 805 1891 891 Magdalenae
1949 800 2172 891 poeni·

598 893 788 959 tentis

725 985 814 1083 1³9.
848 1004 886 1047 α
914 982 1208 1050 Dicantur
1237 981 1490 1049 omnino
1519 981 1847 1048 Lectiones
1878 979 1959 1047 de
1984 981 2165 1044 Com-

595 1087 772 1137 mum
806 1093 872 1136 >-

734 1161 837 1225 17.
861 1158 1231 1235 Quaeritur:
1267 1177 1429 1243 quae
1457 1155 1787 1223 Lectiones
1811 1159 1830 1221 l
1863 1153 2163 1222 Nocturni

511 1317 524 1328 κ
594 1245 718 1311 sint
763 1246 1074 1333 legendae
1120 1246 1185 1312 in
1229 1250 1413 1311 Festo
1460 1248 1524 1312 S.
1575 1240 1823 1309 Alexii‘?

563 1381 570 1390 «
725 1337 811 1418 R).
861 1355 899 1398 α
931 1334 1198 1400 Omnino
1244 1333 1328 1399 de
1373 1332 1731 1415 Communi,
1766 1341 1831 1396 et
1861 1349 2025 1416 quae
2054 1347 2168 1417 po·

596 1419 751 1485 sitae
818 1430 966 1487 sunt
1013 1421 1218 1507 primo
1265 1421 1454 1503 loco,
1524 1417 1640 1485 nisi
1710 1417 1867 1484 aliae
1933 1418 2057 1485 sint
2103 1418 2167 1484 in

598 1508 828 1574 eodem
857 1506 1220 1591 Communi,
1244 1526 1404 1594 quae
1435 1506 1633 1594 magls
1665 1505 1788 1571 sint
1818 1524 2170 1574 accommo-

597 1597 776 1663 datae
808 1593 1145 1661 virtutibus
1193 1605 1258 1662 et
1304 1592 1494 1661 rebus
1537 1595 1734 1681 gestis
1765 1597 2165 1679 Sanctorum,

597 1684 680 1750 de
725 1682 956 1768 quibus
1003 1693 1073 1747 ea
1113 1682 1218 1750 die
1264 1685 1336 1749 fit
1381 1681 1672 1750 Officium
1705 1702 1772 1749 ».

734 1774 835 1837 18.
884 1769 1142 1846 Quando
1174 1769 1482 1857 contingit
1513 1770 1654 1837 fieri
1686 1770 1974 1838 officium
2008 1770 2166 1837 infra

601 1868 886 1924 octavam
934 1858 1379 1942 Dedicatioiiis,
1431 1877 1495 1924 v.
1544 1876 1608 1944 g.
1660 1859 1839 1925 Feria
1885 1862 1933 1924 ll
1965 1869 2030 1924 et
2062 1860 2170 1939 IV,

598 1944 962 2030 quaeritur:
1014 1947 1179 2024 Quae
1224 1946 1642 2032 Responsoria
1687 1947 1812 2013 sint
1857 1945 2171 2014 dicenda?

602 2041 668 2098 et
712 2051 871 2120 quae
915 2031 1336 2101 absolutiones
1381 2043 1447 2100 et
1493 2029 2020 2101 benedictiones?

727 2125 813 2208 R).
866 2142 904 2185 α
935 2122 1347 2208 Responsoria
1405 2131 1555 2188 tunc
1616 2121 1946 2203 dicantur,
1999 2121 2171 2190 iuxta

600 2209 889 2277 ordinem
938 2207 1347 2276 distributum
1395 2209 1459 2276 in
1505 2208 1724 2277 dandis
1777 2208 2169 2277 benedictio-

598 2297 821 2365 nibus:
868 2295 1293 2364 absolutiones
1336 2307 1549 2364 autem
1595 2307 1660 2362 et
1690 2296 2170 2378 benedictiones

599 2385 925 2454 varientur
966 2403 1086 2471 per
1128 2384 1625 2467 Hebdomadam,
1659 2384 1827 2450 iuxta
1876 2384 2168 2453 ordinem

597 2472 1061 2560 praescriptum
1131 2472 1195 2537 in
1241 2473 1433 2539 Feriis
1457 2521 1474 2554 ,
1524 2472 1631 2558 qui
1691 2471 2015 2556 reperitur
2061 2476 2171 2541 im·

596 2579 852 2648 pressus
895 2561 961 2626 in
1005 2559 1323 2626 Breviario
1368 2559 1762 2626 Einsiedeln.
1810 2569 1956 2624 ante
2008 2563 2169 2627 Psal-

599 2649 830 2715 terium
863 2670 927 2713 ιν.

733 2740 838 2803 19.
884 2735 1261 2813 Quaeritur:
1331 2736 1469 2820 An,
1523 2735 1775 2819 quando
1820 2734 1883 2799 in
1936 2735 2169 2802 Officiis

598 2827 967 2889 Sanctorum
1011 2822 1238 2889 adsunt
1267 2822 1491 2910 Hymni
1523 2821 1763 2909 proprii
1798 2833 1863 2888 et
1891 2823 2169 2908 particu-

598 2912 785 2997 lares,
829 2920 894 2977 et
939 2910 1092 2978 item
1123 2910 1564 2998 Responsoria,
1598 2910 1977 3000 antiphonae
2010 2922 2165 2992 etc.;

598 3000 712 3065 ista
758 2999 961 3065 omnia
1007 2998 1276 3066 dicenda
1319 3000 1448 3064 sint
1491 2999 1575 3065 de
1608 3010 1976 3087 praecepto,
2013 3001 2170 3067 itaut

595 3086 856 3154 minime
901 3086 1088 3153 liceat
1134 3105 1206 3152 ea
1250 3086 1592 3154 desumere
1639 3106 1675 3153 e
1721 3084 2105 3154 Communi?

724 3178 810 3261 R).
862 3195 902 3240 ι
935 3174 1191 3261 Propria
1229 3175 1436 3240 omnia
1465 3174 1734 3241 dicenda
1778 3184 1951 3257 sunt,
1987 3184 2053 3241 et
2086 3193 2166 3241 ex

595 3274 938 3351 praecepto
970 3282 1035 3328 t.

725 3355 836 3418 20.
884 3354 1043 3417 Cum
1089 3351 1154 3418 in
1200 3356 1384 3418 Festo
1432 3354 1495 3416 S.
1533 3349 1716 3416 Marci
1749 3360 1812 3417 et
1858 3351 1923 3417 in
1969 3350 2165 3417 Feriis

594 3439 1041 3524 negationum,
1089 3456 1170 3504 ex
1216 3456 1462 3526 nupero
1508 3441 1576 3504 S.
1624 3441 1703 3504 R.
1749 3442 1822 3507 C.
1871 3443 2164 3523 Decreto,

598 3526 830 3593 debeat
875 3536 1018 3611 post
1065 3527 1300 3592 Nonam
1354 3525 1494 3592 fieri
1553 3525 1875 3592 Processio
1920 3537 1985 3593 et
2032 3526 2169 3594 cani

596 3613 776 3679 Kissa
818 3614 1259 3699 negationum,
1294 3611 1537 3701 petitur
1571 3611 1828 3679 facultas
1875 3615 2164 3682 cantandi

597 3701 842 3766 Missam
885 3701 1305 3788 Rogationum
1350 3711 1496 3767 ante
1540 3700 1826 3768 Officium
1872 3701 2047 3786 diei,
2096 3712 2167 3771 ut

597 3788 913 3874 populuS,
962 3788 1070 3874 qui
1118 3786 1668 3873 frequentissimus
1729 3786 1949 3856 adesse
2001 3791 2167 3856 solet

597 3888 890 3962 tempore
956 3875 1269 3942 matutino
1330 3877 1393 3943 in
1436 3875 1760 3959 Ecclesia,
1819 3877 2016 3963 possit
2069 3899 2169 3943 va-

597 3980 740 4028 care
787 3962 1131 4031 laboribus.

725 4054 809 4135 R).
855 4074 900 4115 ι
933 4055 1050 4118 Pro
1094 4052 1325 4140 gratia3
1362 4063 1427 4118 et
1456 4050 1694 4140 poterit
1713 4050 1958 4118 'cantari
1989 4057 2165 4119 Missa

593 4137 1012 4226 Rogationum
1060 4148 1205 4205 ante
1249 4139 1722 4207 Processionem
1776 4156 1895 4223 pro
1941 4141 2162 4228 populi

596 4225 1043 4293 commoditate
1076 4248 1138 4291 ».

728 4317 835 4380 21.
885 4314 980 4380 An
1028 4313 1090 4381 in
1133 4312 1347 4381 Officio
1402 4318 1470 4380 S.
1517 4312 1739 4380 Mariae
1789 4315 1850 4382 in
1897 4314 2162 4382 Sabbato

595 4402 877 4469 facienda
942 4402 1022 4467 sit
1088 4402 1606 4469 commemoratio
1667 4405 1733 4468 S.
1797 4403 2160 4482 Benedicti;

594 4489 750 4556 item
796 4494 860 4557 S.
911 4488 1374 4558 scholasticae?

723 4584 812 4666 R)-
860 4601 898 4643 «
931 4576 1354 4663 Affirmative,
1403 4578 1609 4665 quoad
1670 4578 1978 4666 primum3
2046 4580 2166 4645 Ne·

595 4667 827 4752 gative,
876 4666 1082 4753 quoad
1129 4667 1483 4736 secundum
1515 4688 1577 4732 ».

725 4759 834 4820 22.
883 4761 976 4820 An
1025 4754 1090 4820 in
1118 4754 1331 4822 Officio
1363 4755 1447 4822 de
1485 4756 1549 4821 S.
1585 4754 1952 4839 Benedicto,
1987 4755 2160 4843 quod

594 4841 902 4907 celebrari
948 4842 1109 4907 solet
1156 4842 1220 4908 in
1272 4842 1537 4929 singulis
1580 4843 2028 4928 Hebdomadis,
2079 4844 2164 4910 fa-

596 4926 818 4993 cienda
871 4928 953 4992 sit
1004 4929 1518 4997 commemoratio
1579 4933 1644 4999 S.
1702 4930 2169 4999 scholasticae?

723 5018 807 5097 nl.
863 5035 901 5077 ‹
929 5016 1230 5103 Negative
1262 5037 1327 5082 t.

723 5105 829 5168 23.
868 5103 964 5168 An
997 5102 1060 5167 in
1087 5104 1303 5169 Officio
1336 5105 1505 5172 SSmi
1538 5108 1948 5192 sacramenti,
1988 5108 2159 5194 quod

594 5190 897 5257 recitatur
939 5187 1206 5277 singulis
1251 5192 1446 5257 Feriis
1476 5196 1528 5261 V
1574 5192 1640 5257 in
1684 5196 2045 5280 Germania;
2096 5205 2161 5260 et

595 5277 658 5343 in
699 5276 913 5345 Officio
983 5276 1420 5345 immaculatae
1480 5281 1922 5365 conceptionis
1988 5283 2155 5368 quod

2270 384 2352 433 ex
2399 364 2648 433 indulto
2694 369 2763 435 S.
2808 370 2887 434 R.
2930 370 3005 435 C.
3052 362 3354 432 recitatur
3398 361 3463 433 in
3507 363 3837 434 Germania

2269 454 2387 521 sub
2434 454 2559 520 ritu
2627 454 2871 542 duplici
2932 456 2997 522 in
3054 453 3319 521 Sabbato
3348 504 3366 538 ,
3415 454 3701 522 facienda
3758 455 3839 519 sit

2271 544 2784 609 commemoratio
2831 546 2897 611 S.
2946 538 3310 609 Benedicti?

2398 634 2484 715 R).
2533 650 2573 695 ι
2606 634 2911 698 Servetur
2954 629 3221 698 Rubrica
3268 628 3349 696 de
3388 647 3841 696 commemora-

2271 717 2584 796 tionibus;
2633 728 2699 784 et
2731 716 3246 785 commemoratio
3278 715 3360 782 de
3392 719 3456 786 S.
3489 717 3845 808 Benedicta

2272 807 2377 871 fiat
2408 807 2474 872 in
2503 804 2755 871 semidu
2806 806 2935 889 lici,
2978 802 3249 890 simplici
3282 813 3345 869 et
3390 804 3606 870 Feriis.
3657 804 3835 882 Quod

2268 904 2482 959 autem
2532 894 2663 981 ipsa
2822 894 2914 960 cia
2960 895 3024 961 S.
3068 891 3421 976 Benedicti,
3470 894 3534 957 S.
3584 891 3841 957 Schola·

2267 981 2497 1064 sticae,
2560 979 2735 1048 ssmi
2782 981 3208 1064 Sacramenti,
3281 991 3345 1047 et
3398 979 3840 1046 immaculatae

2267 1067 2745 1156 Conceptionis,
2815 1077 3110 1134 servetur
3174 1072 3514 1135 Decretum
3582 1067 3685 1134 die
3756 1070 3843 1132 2⁰

2270 1157 2471 1223 Martii
2536 1159 2739 1237 1706,
2803 1175 2929 1241 quo
2988 1155 3407 1243 prohibentur
3472 1153 3841 1221 huiusmodi

2265 1244 2474 1313 Officia
2520 1243 2829 1310 celebrari
2876 1243 3037 1310 intra
3081 1241 3663 1330 Quadragesimam,
3714 1241 3843 1307 Ad·

2266 1342 2555 1416 ventum,
2602 1342 2873 1417 quatuor
2916 1333 3248 1417 Tempora,
3296 1329 3503 1396 Ferias
3546 1330 3847 1416 Rogatio-

2270 1439 2423 1486 num
2480 1430 2544 1485 et
2590 1418 2849 1505 Vigilias
2898 1435 3121 1485 omnes
3177 1418 3311 1484 sive
3370 1435 3515 1484 cum
3570 1415 3841 1498 ieiunio,

2267 1508 2401 1573 sive
2448 1506 2582 1575 sine
2628 1507 2865 1572 ieiunio
2898 1527 2962 1571 t.

2399 1597 2509 1661 24.
2560 1597 2654 1661 An
2699 1594 2764 1660 in
2819 1592 3034 1661 Officio
3088 1592 3538 1660 defunctorum
3590 1592 3656 1657 in
3716 1593 3847 1659 Ve-

2268 1684 2472 1772 speris
2516 1693 2582 1750 et
2630 1683 2694 1748 in
2741 1679 3054 1749 Laudibus
3099 1679 3357 1748 dicendi
3413 1698 3671 1768 semper
3715 1681 3844 1746 sint

2268 1772 2489 1838 Psalmi
2559 1770 2862 1858 appositi:
2934 1771 3021 1833 De
3069 1771 3419 1852 profundis
3486 1780 3550 1835 et
3609 1770 3844 1834 Lauda

2269 1863 2495 1926 anima
2539 1877 2674 1923 ma
2734 1860 3078 1923 Dominam
3102 1879 3135 1936 ‚-
3187 1875 3264 1923 an
3323 1855 3659 1944 aliquando
3718 1857 3846 1922 sint

2269 1946 2675 2031 relinquendi
2693 1943 2726 2012 ’θ
3386 2009 3395 2018 ,

2398 2038 2484 2119 Β).
2535 2056 2573 2099 ‹
2607 2037 2913 2101 Servetur
2955 2031 3225 2100 Rubrica
3269 2032 3570 2100 Breviarii
3626 2043 3691 2099 et
3738 2032 3847 2099 Ri-

2273 2120 2455 2188 tualis
2497 2121 2855 2190 Romani».

2401 2213 2509 2279 25.
2584 2212 2744 2277 Cum
2810 2210 3158 2297 septimum
3223 2211 3346 2275 Res
3434 2209 3717 2277 nsorium
3778 2208 3848 2277 in

2271 2297 2602 2368 Communi
2674 2297 3008 2386 Virginum
3076 2296 3190 2364 sit:
3265 2300 3316 2361 A
3364 2309 3628 2365 crentur
3689 2301 3849 2382 Περὶ

2279 2392 2563 2474 Virgines
2593 2398 2712 2452 etc.
2722 2434 2740 2467 ‚
2775 2396 3065 2451 octavum
3097 2402 3287 2452 veroa
3323 2387 3672 2452 Prudentes
3704 2389 3846 2456 Vir-

2269 2479 2443 2563 qincs
2470 2483 2771 2556 utacum
2802 2492 2918 2540 suo
2948 2490 3174 2538 versu:
3224 2473 3432 2540 Madia
3477 2485 3693 2540 autem
3732 2492 3849 2537 no-

2271 2576 2365 2631 cte
2411 2565 2653 2629 clamor
2708 2563 2928 2647 sactus
2972 2568 3062 2624 est
3116 2568 3270 2640 etc.;
3332 2563 3694 2645 quaeritur:
3748 2563 3847 2627 An

2270 2654 2334 2719 in
2379 2669 2539 2717 nova
2583 2647 2881 2716 Breviarii
2913 2645 3326 2735 impressione
3360 2649 3422 2715 id
3454 2648 3845 2715 servandum

2268 2741 2375 2822 sit,
2422 2738 2526 2803 vel
2574 2736 2785 2824 potius
2827 2735 3318 2821 Responsorium
3353 2737 3694 2822 septimum
3820 2772 3850 2786 ·

2270 2827 2555 2895 nendum
2623 2823 2702 2889 sit
2748 2823 2889 2889 loco
2958 2820 3198 2905 octavi,
3251 2834 3313 2890 et
3374 2833 3669 2891 octavum
3720 2755 3851 2889 ἔζ-

2269 2911 2670 3004 sponsorium
2738 2910 3129 2979 recitandum
3187 2909 3266 2976 sit
3324 2911 3462 2978 loco
3531 2909 3855 3000 septimi?

2400 3007 2483 3088 R).
2521 3022 2559 3065 α
2586 3000 2939 3086 Septimum
2963 2997 3453 3084 Responsorium
3484 3000 3635 3066 erit:
3670 3003 3848 3066 Pru-

2269 3092 2478 3157 dente-3
2532 3092 2841 3174 Virqivaees,
2892 3094 3183 3152 octavum
3230 3104 3418 3153 vero:
3476 3088 3850 3174 Afferentur

2277 3181 2564 3264 Virgines
2606 3187 2724 3242 etc.
2765 3197 2829 3240 ».

2399 3269 2505 3331 26.
2559 3265 2652 3331 An
2697 3263 2855 3329 infra
2901 3273 3181 3330 octavam
3213 3262 3647 3329 Immaculatae
3678 3268 3849 3331 Con·

2270 3352 2581 3441 ceptionis
2612 3356 2681 3418 B.
2724 3354 2802 3416 Μ.
2840 3351 2916 3416 V.
2952 3350 3054 3415 vel
3095 3353 3158 3418 S.
3196 3349 3521 3417 Benedicti
3550 3351 3657 3416 vel
3690 3351 3847 3418 alio-

2268 3460 2412 3507 rum
2467 3442 2875 3520 Sanctorum,
2935 3450 3312 3504 occurrente
3373 3438 3577 3524 aliqua
3632 3438 3843 3521 Feria,

2266 3527 2481 3595 Missae
2529 3526 2801 3593 debeant
2868 3524 2993 3597 dici
3042 3524 3126 3591 de
3181 3526 3391 3611 Feria,
3441 3525 3541 3592 vel
3604 3527 3685 3594 de
3733 3526 3847 3592 die

2270 3615 2429 3683 infra
2474 3610 2799 3680 octavam?
2843 3622 2908 3678 et
2938 3622 3248 3698 quatenus
3288 3613 3503 3679 Missae
3549 3613 3848 3681 dicantur

2269 3704 2351 3772 de
2376 3703 2578 3783 Feria,
2607 3718 2910 3787 quaenam
2942 3701 3266 3771 Orationes
3296 3699 3361 3767 in
3387 3699 3580 3766 Missis
3607 3700 3843 3788 apponi

2266 3787 2584 3858 debeant?
2631 3800 2692 3855 et
2739 3805 2899 3874 quae
2944 3787 3246 3854 Praelatio
3296 3787 3563 3855 dicenda
3607 3788 3733 3856 sit?

2398 3884 2484 3965 R).
2539 3898 2575 3940 «
2604 3876 2861 3955 Quando
2907 3876 3183 3941 occurrit
3228 3873 3455 3962 Vigilia
3508 3885 3613 3942 aut
3661 3876 3843 3943 Feria

2269 3976 2536 4055 quatuor
2580 3968 2965 4051 Temporum
3034 3962 3189 4029 intra
3257 3974 3545 4045 octavam
3604 3965 3845 4033 Conce-

2317 4054 2501 4121 tionis
2546 4056 2616 4119 B.
2650 4055 2732 4120 n.
2778 4052 2884 4135 V„
2934 4049 3128 4117 debet
3159 4051 3411 4116 recitari
3440 4051 3724 4118 Officium
3758 4053 3845 4120 de

2318 4143 2378 4208 ie
2424 4141 2581 4207 intra
2628 4150 2910 4205 octavam
2954 4136 3435 4224 Conceptionis3
3485 4138 3699 4205 Missae
3731 4160 3842 4206 au-

2267 4236 2421 4312 t‘em,
2471 4229 2606 4294 sive
2650 4246 2771 4293 una
2814 4235 3127 4308 cantetur,
3162 4224 3295 4291 sive
3326 4234 3590 4292 cunctae
3620 4225 3842 4314 legan-

2272 4328 2397 4400 tur,
2447 4316 2738 4383 dicantur
2781 4315 2865 4380 de
2911 4312 3090 4378 Feria
3135 4320 3407 4399 quatuor
3449 4316 3841 4401 Temporum

2267 4423 2411 4470 cum
2450 4403 2726 4470 secunda
2756 4401 3046 4469 Oratione
3078 4400 3158 4467 de
3191 4410 3429 4484 octava,
3468 4402 3651 4467 tertia
3680 4421 3840 4468 vero

2267 4491 2350 4557 de
2382 4491 2619 4578 Spiritu
2652 4492 2901 4573 Sancto,
2935 4505 3097 4573 quae
3126 4505 3385 4588 semper
3415 4487 3646 4555 dicitur
3676 4490 3838 4556 infra

2269 4590 2513 4646 octavas
2558 4583 2886 4644 Festorum
2929 4579 2995 4641 B.
3027 4578 3107 4640 Μ.
3136 4578 3243 4660 V.,
3277 4585 3452 4641 iuxta
3480 4576 3604 4643 Tit.
3636 4582 3719 4645 lx
3750 4578 3839 4644 de

2266 4665 2657 4735 Orationibus
2702 4684 2767 4731 n.
2806 4668 2842 4732 7
2877 4677 2941 4732 et
2970 4668 3034 4734 9.
3084 4662 3292 4730 Oratio
3326 4663 3523 4748 enim,
3554 4682 3718 4752 quae
3751 4665 3839 4732 ibi

2265 4755 2716 4840 praescribitur
2760 4754 3027 4821 dicenda
3070 4750 3351 4818 secundo
3392 4751 3558 4838 loco,
3593 4752 3658 4820 in
3690 4772 3841 4819 casu

2267 4845 2525 4931 ponitur
2556 4843 2695 4908 loco
2728 4841 2940 4908 tertio.
2968 4842 3046 4904 At
3075 4839 3127 4904 si
3157 4837 3337 4906 Feria
3367 4850 3638 4924 quatuor
3660 4844 3841 4908 Tem-

2264 4951 2496 5018 porum
2543 4939 2829 4998 occurrat
2872 4930 2937 4996 in
2983 4927 3088 4996 die
3122 4940 3331 4992 octava
3363 4929 3837 5015 Conceptionis,

2267 5038 2487 5087 omnes
2532 5020 2746 5085 Missae
2807 5016 3083 5105 privatae
3139 5014 3426 5082 dicantur
3480 5016 3563 5083 de
3620 5028 3838 5085 octava

2264 5105 2708 5195 conceptionis
2754 5124 2897 5171 cum
2944 5102 3544 5171 commemoratione
3576 5105 3835 5185 Feriae;

2266 5196 2443 5261 Missa
2496 5205 2710 5260 antem
2768 5192 3108 5276 solemnis,
3165 5208 3325 5277 quae
3393 5189 3627 5259 dicitur
3694 5204 3838 5280 post

2264 5281 2565 5368 Tertiam,
2601 5281 2721 5347 erit
2765 5280 2847 5347 de
2897 5278 3024 5366 ipsa
3070 5279 3175 5347 die
3206 5286 3419 5344 octava
3461 5281 3839 5368 conceptio·
