4042 5950
1622 218 2039 293 -23-

192 373 446 440 22:31.
681 374 1325 441 summamus.
1555 373 1779 458 (aare)

329 549 501 610 lnter
551 548 992 612 promotorem
1038 546 1343 614 Fiscalem
1388 547 1613 615 Curiae
1648 548 1781 635 epi·

188 632 465 719 scopalis
511 633 1062 720 Septempedanae
1124 654 1202 699 ex
1266 655 1428 718 una,
1479 645 1544 700 et
1595 637 1780 700 Gom-

188 718 579 785 munitatem
616 740 685 787 ac
718 719 1145 806 Magistratum
1178 722 1467 789 eiusdem
1499 720 1778 788 Civitatis

188 806 483 892 partibus
530 826 611 871 ex
660 808 882 889 altera,
931 808 1084 872 ortis
1131 808 1579 876 controversiis
1627 807 1779 873 illis-

186 911 320 977 qne
366 894 449 959 ad
500 895 570 961 S.
605 897 679 960 R.
715 897 790 961 C.
839 894 1090 979 delatis,
1139 900 1332 961 Emus
1379 908 1446 961 et
1476 899 1669 962 Rmus
1700 898 1774 960 D.

184 981 386 1046 eard.
438 982 822 1048 Corradinus
868 981 1259 1068 infrascripta
1323 981 1512 1049 dubia
1569 983 1780 1049 decla-

188 1068 389 1133 randa
437 1068 815 1156 proposuit:

330 1159 393 1221 1.
434 1158 533 1221 An
577 1155 971 1241 Magistratus
1020 1168 1084 1222 et
1128 1158 1363 1224 Consul
1399 1160 1778 1245 Septempe-

184 1243 335 1324 dae,
374 1243 951 1311 absentenomino·
973 1243 1436 1329 Gubernatore,
1469 1246 1777 1311 accedere

184 1329 479 1396 debeant
525 1329 589 1395 in
636 1331 1103 1399 Festivitatibus
1144 1331 1535 1399 solemnibus
1582 1332 1659 1399 ad
1691 1329 1775 1413 ia·

182 1434 387 1482 nuum
444 1417 748 1502 cubiculi,
812 1419 1010 1505 vulgo
1071 1422 1512 1500 Amicorum,
1564 1415 1777 1507 palatii

183 1504 608 1592 episcopalis,
634 1516 695 1571 et
728 1504 966 1572 ibidem
991 1507 1309 1592 recipere;
1336 1526 1587 1573 necnon
1609 1523 1774 1572 asso·

177 1593 361 1657 ciare
384 1592 783 1680 Episcopum
814 1613 1012 1681 cappa
1044 1595 1337 1661 indutum
1364 1595 1776 1661 accedentem

178 1682 263 1746 ad
314 1679 696 1763 Ecclesiam,
728 1683 806 1747 ad
840 1681 1138 1748 effectum
1186 1681 1642 1769 pontificaliter
1674 1698 1778 1744 ce-

182 1764 486 1833 lebrandi
546 1767 651 1833 vel
706 1768 1085 1835 solemniter
1143 1769 1513 1853 assistendi,
1582 1776 1773 1852 atque

180 1854 503 1921 eumdem
549 1857 965 1922 recedentem
1025 1857 1330 1922 associare
1388 1856 1464 1922 ad
1529 1857 1774 1920 ianuam

184 1941 504 2007 uiderem
549 1941 840 2009 eiusdem
889 1942 1158 2031 palatii?

319 2033 393 2093 2.
442 2031 541 2094 An
586 2030 981 2116 Magistratus
1028 2041 1093 2096 et
1136 2033 1371 2098 Consul
1436 2040 1777 2097 teneantur

177 2115 504 2183 accedere
548 2116 625 2182 ad
677 2117 924 2184 ianuam
970 2131 1283 2184 secretam
1375 2117 1543 2184 alatii
1608 2116 1775 2183 adia-

176 2214 454 2270 centem
499 2203 1169 2289 Choro.Cathedralis,
1219 2216 1285 2272 et
1327 2138 1567 2272 ibidem
1614 2203 1779 2270 reci-

182 2310 355 2377 pere
400 2290 783 2379 Episcopum
849 2291 1144 2358 indutum
1204 2311 1435 2380 cappa,
1484 2291 1773 2379 capitulo

180 2388 248 2444 et
300 2380 491 2445 Clero
536 2379 910 2461 associante,
959 2382 1035 2446 ad
1085 2379 1387 2446 effectum
1448 2378 1775 2467 pontifica-

184 2464 345 2532 liter
391 2464 754 2532 celebrandi
804 2467 908 2531 vel
955 2467 1333 2534 solemniter
1391 2460 1778 2533 assistendi?

324 2557 394 2619 3.
443 2555 540 2619 An
587 2555 982 2638 Magistratus
1029 2567 1093 2620 et
1139 2555 1379 2621 Consul
1426 2564 1663 2619 stantes
1709 2552 1774 2617 in

182 2641 477 2707 Ecclesia
539 2653 879 2707 teneantur
944 2660 1148 2727 usque
1193 2643 1271 2708 ad
1318 2641 1563 2708 ianuam
1612 2640 1774 2706 eius·

178 2728 347 2794 dem
391 2727 711 2794 Ecclesiae
758 2726 1008 2793 obviam
1055 2728 1148 2794 ire
1196 2730 1509 2816 Episcopo
1556 2726 1771 2794 habitu

181 2814 538 2901 episcopali
583 2815 932 2881 Ecclesiam
981 2815 1409 2903 ingredienti;
1468 2828 1532 2882 et
1594 2833 1773 2881 oum·-

181 2904 342 2968 dem
390 2903 807 2969 recedentem
854 2904 1159 2969 associare
1206 2904 1281 2970 ad
1331 2904 1621 2971 eamdem
1689 2903 1772 2968 ia-

182 3008 384 3055 nuam
434 2989 811 3057 Ecclesiae?

324 3080 389 3143 4.
438 3079 538 3144 An
583 3077 965 3163 Magistratui
1015 3091 1083 3145 et
1135 3079 1393 3149 Consuli
1458 3080 1645 3146 liceat
1708 3080 1771 3145 in

180 3164 705 3232 Processiouibus
767 3165 1034 3251 aliisque
1091 3168 1281 3234 sacris
1341 3165 1774 3233 functionibus

182 3253 495 3320 incedere
529 3253 661 3341 pari
691 3253 896 3341 gradu
943 3274 1089 3320 cum
1121 3254 1351 3339 Episco
1447 3269 1465 3333 ;
1499 3272 1609 3320 seu
1658 3272 1770 3341 po-

183 3341 315 3407 tins
360 3339 715 3426 Episcopus
764 3342 937 3407 solus
985 3340 1236 3429 praeire
1282 3342 1367 3408 de
1416 3341 1569 3410 eat?

320 3432 385 3493 5.
439 3432 533 3494 An
582 3428 966 3513 Magistratui
1013 3441 1078 3493 et
1123 3430 1381 3495 Consuli
1433 3430 1617 3497 liceat
1662 3445 1772 3514 ge-

180 3514 543 3581 nuflectere
592 3516 655 3582 in
701 3516 933 3581 eodem
978 3515 1422 3612 genuflexorio
1470 3538 1590 3584 una
1623 3532 1767 3582 cum

180 3600 506 3688 Episcopo
553 3621 747 3689 cappa
792 3601 1073 3670 induto?
1545 3679 1557 3694 δ

316 3694 385 3754 6.
438 3692 534 3754 An
594 3691 976 3778 magistratui
1038 3703 1103 3755 et
1161 3693 1419 3758 Consuli
1479 3695 1769 3779 Septem·

180 3778 391 3865 pedae
446 3775 763 3844 debeatur
816 3778 1179 3844 reverentia
1242 3799 1355 3845 seu
1400 3780 1691 3846 salutatio
1737 3801 1769 3843 a

178 3867 533 3935 Sacerdote
565 3864 931 3932 celebrante
957 3877 1096 3953 post
1123 3867 1456 3954 expletum
1483 3871 1768 3953 Eyange·

181 3954 343 4019 lium
377 3955 443 4019 S.
483 3951 748 4038 loannis,
783 3965 846 4020 et
877 3965 1215 4039 antequam
1261 3953 1338 4021 ab
1370 3956 1563 4021 Altari
1600 3955 1769 4022 idem

179 4041 497 4108 Sacerdos
542 4037 859 4107 recedat?

318 4132 386 4194 7.
437 4132 534 4194 An
580 4130 768 4196 liceat
814 4129 1129 4217 Episcopo
1180 4130 1459 4197 retinere
1523 4131 1620 4197 in-
1651 4134 1769 4196 Ec·

176 4215 372 4283 clesia
443 4216 804 4283 cathedrali
873 4216 1198 4285 Thi-enum
1271 4237 1415 4283 cum
1496 4227 1769 4304 quatuor

179 4301 542 4391 gradibus?

312 4394 378 4456 8.
432 4398 528 4457 An
576 4390 761 4458 liceat
807 4392 1022 4458 eidem
1058 4392 1369 4492 Episcopo
1399 4392 1639 4459 addere
1669 4413 1770 4458 se-

181 4477 471 4544 cundum
520 4479 788 4565 gradum
823 4480 1176 4545 altitudinis
1205 4499 1393 4546 unius
1424 4480 1620 4546 cubiti
1655 4480 1771 4546 cir-

177 4566 348 4632 citer
376 4564 600 4633 subtus
631 4568 892 4649 Sedem,
928 4566 1208 4633 umbella
1238 4586 1352 4632 sen
1397 4563 1767 4635 baldachino

176 4664 492 4738 ornatam,
544 4655 606 4720 in
652 4674 774 4739 qua
820 4654 1008 4719 sacris
1057 4653 1467 4721 concionibus
1530 4656 1590 4722 in
1652 4660 1768 4723 Ec-

177 4740 371 4807 clesia
420 4741 782 4809 cathedrali
829 4742 997 4808 solet
1042 4740 1391 4808 assistere?

312 4830 383 4896 9.
432 4833 527 4897 An
589 4829 777 4896 liceat
837 4829 1050 4896 eidem
1112 4830 1425 4917 Episcopo
1486 4831 1767 4897 retinere

176 4933 411 5068 unum?
446 4927 553 4982 aut
612 4918 834 5005 plures
895 4918 1130 5004 gradus
1195 4915 1418 4983 subtus
1486 4918 1765 4985 faldisto-

179 5020 352 5068 rium

315 5095 396 5157 Et
441 5093 523 5158 S..
565 5097 643 5159 R.
687 5095 787 5174 C.,
859 5105 1131 5177 utraque
1198 5104 1378 5182 parte
1429 5105 1551 5159 tam
1614 5094 1766 5160 scri-

177 5179 305 5264 ptis
340 5198 527 5264 quam
575 5199 731 5246 voce
768 5179 1155 5247 informante
1200 5181 1451 5264 audita,
1504 5201 1766 5269 respon-

177 5265 469 5334 dendum
514 5267 804 5334 censuit:

2017 372 2109 437 Ad
2167 375 2228 437 1.
2278 392 2315 432 α
2349 370 2681 456 Negative,
2727 366 2935 453 quoad
2988 366 3253 450 primam
3391 386 3450 431 r-

1886 469 2055 537 tem;
2113 458 2224 523 sed
2291 458 2492 523 teneri
2562 474 2761 539 usque
2817 455 2894 521 ad
2952 454 3178 518 scalam
3241 452 3449 539 paatii

1886 544 2283 633 episcopalis,
2334 543 2504 610 iuxta
2551 544 2844 609 solitum:
2895 560 3024 626 quo
3060 560 3214 606 vero
3247 540 3326 607 ad
3354 558 3450 605 se-

1885 633 2157 698 cundam
2207 642 2476 718 partem,
2527 629 2916 696 Affirmative
2950 649 3012 693 ».

2015 720 2110 785 Ad
2162 723 2229 785 2.
2279 738 2316 781 ‹
2350 718 2735 784 Affirmative
2769 739 2830 782 ι».

2014 806 2110 871 Ad
2158 810 2226 871 3.
2274 826 2311 869 ‹
2345 804 2732 873 Affirmative
2766 826 2829 869 ».

2014 894 2109 959 Ad
2161 896 2224 959 t.
2272 912 2310 955 α
2344 893 2674 977 Negative,
2722 892 2928 977 quoad
2977 889 3244 979 primam
3309 908 3452 976 par·

1883 993 2061 1066 tem;
2109 980 2520 1064 Affirmative,
2570 982 2777 1064 quoad
2823 979 3167 1046 secundam
3209 998 3274 1043 ιν.

2012 1069 2109 1136 Ad
2157 1073 2225 1134 ὃ.
2273 1090 2313 1133 c
2346 1066 2650 1153 Negative
2687 1087 2749 1132 a,

2013 1157 2108 1226 Ad
2159 1159 2221 1222 6.
2275 1178 2310 1219 «ι
2347 1155 2652 1239 Negative
2685 1176 2738 1221 ».

2013 1245 2108 1310 Ad
2160 1248 2219 1310 7.
2273 1263 2310 1306 ‹
2342 1244 2564 1310 Licere
2610 1242 2888 1308 retinere
2935 1241 3260 1308 Thronum
3303 1257 3449 1306 cum

1884 1331 2085 1399 tribus
2127 1330 2426 1418 gradibus
2473 1340 2539 1395 et
2584 1329 2994 1428 suppedaneo
3025 1349 3088 1392 ιν.

2008 1418 2106 1485 Ad
2152 1422 2220 1483 8.
2270 1440 2307 1480 α
2340 1418 2562 1482 Licere
2611 1428 2889 1482 retinere
2933 1434 3135 1483 unum
3182 1414 3450 1504 gradum

1882 1524 2029 1572 cum
2075 1505 2487 1593 suppedaneo
2521 1523 2581 1568 ν.

2011 1591 2104 1660 Ad
2153 1595 2222 1660 9.
2271 1613 2308 1656 ‹
2342 1595 2529 1657 Posse
2579 1591 3003 1678 Episcopum,
3053 1593 3114 1658 in
3175 1611 3320 1657 casu
3364 1591 3450 1656 de

1880 1701 2007 1768 quo
2053 1679 2286 1763 agitur,
2321 1677 2604 1746 retinere
2634 1696 2902 1766 parvum
2932 1676 3281 1747 tabulatum
3312 1678 3486 1744 sub-.

1879 1780 1980 1835 tus
2012 1768 2438 1834 faldistorium
2469 1769 2546 1834 ad
2579 1766 2842 1832 formam
2873 1764 3359 1833 Caeremonialis
3385 1788 3450 1831 »-

2012 1860 2089 1921 Et
2123 1855 2201 1919 ita
2235 1855 2519 1922 decrevit
2567 1863 2633 1918 et
2675 1853 2914 1919 servari
2946 1853 3290 1919 mandavit.
3338 1852 3451 1920 Die

1886 1947 1958 2010 11
2012 1941 2152 2008 Maii
2204 1945 2394 2008 1715.

2561 2134 2783 2199 uanis
3223 2132 3450 2217 (aava)

2390 2275 2538 2340 SEU
2593 2275 2936 2340 Rouana.

1880 2132 2134 2201 2232.

2006 2466 2215 2549 Super
2273 2462 2414 2530 iure
2475 2464 2842 2552 porrigendi
2902 2464 3328 2549 aspersorium
3387 2464 3450 2530 in

1876 2554 2062 2617 Festo
2088 2554 2156 2617 S.
2182 2552 2599 2635 Pantaleonis,
2629 2564 2754 2619 tam
2788 2556 2945 2619 Eme
2969 2552 3225 2619 Titulari
3258 2571 3448 2638 quam

1873 2636 2011 2704 aliis
2041 2638 2212 2703 Emis
2241 2638 2673 2707 Cardinalibus
2703 2641 2780 2711 ad
2831 2639 3173 2706 Ecclesiam
3207 2641 3275 2707 S.
3301 2644 3450 2711 Pau·

1876 2726 2156 2791 taleonis·
2185 2727 2658 2811 accedentibus,
2710 2729 2878 2794 inter
2923 2732 3133 2793 Patres
3178 2731 3462 2812 Congre-

1875 2812 2142 2898 gationis
2187 2813 2396 2879 Matris
2463 2815 2571 2880 Dei
2630 2816 3001 2882 scholarum
3060 2816 3309 2882 Piarum
3371 2833 3451 2879 ex

1875 2920 2025 2984 una,
2075 2911 2267 2987 atque
2311 2900 2673 2989 Capitulum
2723 2914 2788 2968 et
2833 2902 3184 2970 canonicos
3229 2902 3452 2968 Eccle-

1876 2987 2002 3054 siae
2061 2989 2460 3088 Collegiatae
2517 2993 2582 3056 S.
2634 2990 2952 3058 Eustachii
3018 2990 3248 3073 Urbis,
3299 2989 3454 3056 ortis

1876 3077 2328 3142 controversiis
2373 3075 2629 3163 illisque
2686 3078 2761 3143 ad
2834 3082 2902 3147 S.
2948 3082 3024 3144 R.
3075 3082 3147 3143 G.
3197 3078 3450 3159 delatis,

1878 3168 2073 3230 Emus
2122 3176 2187 3229 et
2232 3166 2429 3230 Rffius
2477 3168 2546 3232 D.
2598 3165 2784 3232 Card.
2836 3164 3217 3233 corradinus
3265 3164 3451 3230 infra·

1873 3251 2107 3339 scripta
2155 3250 2341 3317 dubia
2388 3252 2776 3320 declaranda¹
2811 3251 3184 3342 proposuit:

2013 3343 2075 3405 1.
2125 3343 2248 3421 An,
2296 3340 2641 3405 accedente
2688 3345 2845 3407 Efilo
2905 3344 3090 3414 Dom.
3135 3337 3448 3407 Cardinali

1876 3425 2139 3494 'ritulari
2184 3430 2262 3495 ad
2310 3427 2654 3493 Ecclesiam
2702 3431 2765 3496 S.
2818 3427 3211 3495 Pantaleouis
3252 3428 3316 3494 iu
3346 3424 3449 3493 die

1875 3513 2040 3580 festo
2109 3514 2393 3583 eiusdem
2441 3516 2676 3601 Sancti,
2728 3526 3020 3617 tempore
3066 3535 3195 3604 quo
3257 3518 3450 3582 Cano-

1874 3602 1997 3666 nici
2047 3606 2113 3673 S.
2164 3602 2481 3672 Eustachii
2555 3604 2985 3691 capitulariter
3045 3604 3327 3673 existunt
3387 3602 3449 3669 in
3542 3663 3552 3678 ,

1879 3690 2105 3758 eadem
2154 3691 2431 3757 Ecclesia
2499 3692 2603 3757 vel
2666 3693 2982 3760 intersunt
3041 3689 3340 3779 vesperis
3385 3702 3450 3756 et

1873 3779 2088 3846 Missae
2136 3790 2441 3862 cantatae,
2489 3780 2780 3848 canonici
2829 3779 3102 3847 debeant
3151 3780 3448 3869 excipere

1872 3869 2178 3934 eumdem
2207 3868 2606 3935 Cardinalem
2640 3869 3012 3951 Titularem,
3033 3880 3103 3934 ,et
3133 3872 3449 3958 pertineat

1873 3957 1947 4021 ad
1999 3956 2359 4043 digniorem
2391 3956 2474 4022 de
2503 3957 2817 4044 Capitulo,
2862 3958 3193 4045 porrigere
3241 3975 3449 4046 asper-

1872 4043 2111 4109 sorium
2180 4043 2292 4131 ipsi
2356 4047 2513 4110 Emo
2572 4043 2871 4123 Titulari3
2931 4045 3033 4112 vel
3099 4046 3311 4132 potius
3368 4045 3445 4112 ad

1871 4134 1996 4197 BR.
2049 4134 2158 4196 PP.
2215 4133 2419 4197 Matris
2465 4131 2575 4197 Dei
2623 4132 2998 4199 Scholarum
3043 4130 3340 4200 Piarum‘?
3385 4145 3458 4200 et·

1872 4227 2184 4306 quatenus
2230 4217 2599 4285 affirmative
2646 4220 2721 4285 ad
2769 4220 3038 4305 primam
3086 4231 3357 4308 partem,

2004 4309 2216 4371 2.·An
2262 4307 2438 4374 idem
2495 4307 2879 4373 servandum
2939 4308 3020 4374 sit
3079 4310 3284 4394 quoad
3344 4328 3449 4375 ce-

1876 4405 2046 4458 teros
2091 4396 2281 4460 Emos
2323 4399 2501 4461 Dom.
2536 4394 2902 4462 cardinales
2947 4395 3025 4461 ad
3062 4396 3446 4483 praedictam

1872 4481 2224 4634 Ecclesiam
2271 4482 2512 4569 pariter
2557 4482 2729 4548 dicto
2792 4492 3081 4570 tempore
3143 4486 3449 4551 acceden-

1875 4578 1973 4633 tes
2611 4613 2624 4624 .
3151 4609 3178 4630 ,.

1891 4681 1901 4694 ·
2004 4661 2079 4722 Et
2128 4660 2198 4723 S.
2245 4662 2317 4725 R.
2355 4661 2458 4738 C.,
2508 4654 2788 4744 partibus
2821 4669 2946 4724 tam
2975 4658 3227 4745 scriptis
3256 4678 3445 4744 quam

1877 4760 2030 4810 voce
2091 4743 2574 4812 informantibus
2633 4743 2901 4827 auditis,
2964 4747 3445 4816 rescribendum

1871 4832 2163 4897 censuit:

2001 4918 2097 4985 Ad
2150 4923 2211 4985 1.
2259 4942 2299 4983 «
2332 4920 2664 5006 Negative,
2712 4921 2920 5007 quoad
2991 4920 3252 5008 primam
3309 4945 3446 5012 par-

1873 5016 2040 5083 tem;
2092 5017 2157 5071 et
2203 5007 2620 5090 Affirmative,
2668 5011 2745 5077 ad
2790 5009 3132 5077 secundam
3165 5032 3227 5078 a·

2004 5092 2098 5159 Ad
2147 5097 2211 5158 2.
2264 5116 2299 5157 s
2336 5085 2496 5160 Satis
2544 5096 2870 5182 provisum
2917 5097 2979 5163 in
3027 5098 3233 5185 primo
3270 5124 3335 5167 ν.

1869 5272 1909 5334 6
2000 5184 2082 5336 Et
2127 5180 2210 5334 i?
2256 5182 2546 5249 decrevit
2575 5195 2643 5251 et
2672 5186 2908 5252 servari
2946 5187 3287 5254 mandavit.
3337 5189 3446 5256 Die

1958 5273 2028 5336 lu
2055 5268 2096 5334 ii
2194 5274 2347 5338 7¹5.
