<?xml version="1.0" encoding="UTF-8"?>
<!DOCTYPE html PUBLIC "-//W3C//DTD XHTML 1.0 Transitional//EN"
    "http://www.w3.org/TR/xhtml1/DTD/xhtml1-transitional.dtd">
<html xmlns="http://www.w3.org/1999/xhtml" xml:lang="en" lang="en">
 <head>
  <title>
</title>
<meta http-equiv="Content-Type" content="text/html;charset=utf-8" />
  <meta name='ocr-system' content='tesseract 3.04.00' />
  <meta name='ocr-capabilities' content='ocr_page ocr_carea ocr_par ocr_line ocrx_word'/>
</head>
<body>
  <div class='ocr_page' id='page_1' title='image "./decretaauthenti00ritugoog_0442.png"; bbox 0 0 4042 5950; ppageno 0'>
   <div class='ocr_carea' id='block_1_1' title="bbox 39 4703 42 5844">
    <p class='ocr_par' dir='ltr' id='par_1_1' title="bbox 39 4703 42 5844">
     <span class='ocr_line' id='line_1_1' title="bbox 39 4703 42 5844; baseline 0 0"><span class='ocrx_word' id='word_1_1' title='bbox 39 4703 42 5844; x_wconf 95' lang='lat' dir='ltr'> </span> 
     </span>
    </p>
   </div>
   <div class='ocr_carea' id='block_1_2' title="bbox 1985 248 2455 327">
    <p class='ocr_par' dir='ltr' id='par_1_2' title="bbox 1985 248 2455 327">
     <span class='ocr_line' id='line_1_2' title="bbox 1985 248 2455 327; baseline -0.002 -19"><span class='ocrx_word' id='word_1_2' title='bbox 1985 248 2455 327; x_wconf 78' lang='lat'>...394-</span> 
     </span>
    </p>
   </div>
   <div class='ocr_carea' id='block_1_3' title="bbox 517 406 2176 3400">
    <p class='ocr_par' dir='ltr' id='par_1_3' title="bbox 517 406 2173 2238">
     <span class='ocr_line' id='line_1_3' title="bbox 589 406 2164 477; baseline 0.001 -3"><span class='ocrx_word' id='word_1_3' title='bbox 589 406 737 475; x_wconf 90' lang='lat' dir='ltr'>stoli</span> <span class='ocrx_word' id='word_1_4' title='bbox 796 406 1075 476; x_wconf 85' lang='lat' dir='ltr'>civitatis</span> <span class='ocrx_word' id='word_1_5' title='bbox 1132 408 1356 477; x_wconf 69' lang='lat' dir='ltr'>uentis</span> <span class='ocrx_word' id='word_1_6' title='bbox 1408 407 1629 475; x_wconf 74' lang='lat' dir='ltr'>Albani</span> <span class='ocrx_word' id='word_1_7' title='bbox 1678 406 1977 476; x_wconf 88' lang='lat' dir='ltr'>canonice</span> <span class='ocrx_word' id='word_1_8' title='bbox 2022 427 2164 475; x_wconf 84' lang='lat' dir='ltr'>ere·</span> 
     </span>
     <span class='ocr_line' id='line_1_4' title="bbox 590 494 2165 583; baseline -0.001 -20"><span class='ocrx_word' id='word_1_9' title='bbox 590 507 754 564; x_wconf 88' lang='lat' dir='ltr'>ctam</span> <span class='ocrx_word' id='word_1_10' title='bbox 787 495 1056 583; x_wconf 89' lang='lat' dir='ltr'>reperiri</span> <span class='ocrx_word' id='word_1_11' title='bbox 1085 496 1679 565; x_wconf 74' lang='lat' dir='ltr'><strong>confraternitatem</strong></span> <span class='ocrx_word' id='word_1_12' title='bbox 1711 494 2165 565; x_wconf 86' lang='lat' dir='ltr'>Sacratissimo·</span> 
     </span>
     <span class='ocr_line' id='line_1_5' title="bbox 594 583 2165 670; baseline 0 -18"><span class='ocrx_word' id='word_1_13' title='bbox 594 604 734 652; x_wconf 90' lang='lat' dir='ltr'>rum</span> <span class='ocrx_word' id='word_1_14' title='bbox 781 583 1084 651; x_wconf 89' lang='lat' dir='ltr'>Cordium</span> <span class='ocrx_word' id='word_1_15' title='bbox 1138 589 1279 653; x_wconf 88' lang='lat' dir='ltr'>lesu</span> <span class='ocrx_word' id='word_1_16' title='bbox 1328 595 1391 651; x_wconf 87' lang='lat' dir='ltr'>et</span> <span class='ocrx_word' id='word_1_17' title='bbox 1434 583 1660 652; x_wconf 69' lang='lat' dir='ltr'>Mariae</span> <span class='ocrx_word' id='word_1_18' title='bbox 1720 586 1907 670; x_wconf 89' lang='lat' dir='ltr'>(quae</span> <span class='ocrx_word' id='word_1_19' title='bbox 1954 596 2165 652; x_wconf 88' lang='lat' dir='ltr'>tamen</span> 
     </span>
     <span class='ocr_line' id='line_1_6' title="bbox 591 672 2165 758; baseline -0.001 -19"><span class='ocrx_word' id='word_1_20' title='bbox 591 673 785 758; x_wconf 91' lang='lat' dir='ltr'>vulgo</span> <span class='ocrx_word' id='word_1_21' title='bbox 831 673 948 740; x_wconf 85' lang='lat' dir='ltr'>sub</span> <span class='ocrx_word' id='word_1_22' title='bbox 995 673 1197 757; x_wconf 88' lang='lat' dir='ltr'>priori</span> <span class='ocrx_word' id='word_1_23' title='bbox 1239 683 1483 740; x_wconf 86' lang='lat' dir='ltr'>tantum</span> <span class='ocrx_word' id='word_1_24' title='bbox 1529 672 1718 740; x_wconf 90' lang='lat' dir='ltr'>titulo</span> <span class='ocrx_word' id='word_1_25' title='bbox 1755 672 2165 742; x_wconf 74' lang='lat' dir='ltr'>sacratissimi</span> 
     </span>
     <span class='ocr_line' id='line_1_7' title="bbox 589 759 2166 849; baseline 0 -21"><span class='ocrx_word' id='word_1_26' title='bbox 589 761 810 829; x_wconf 87' lang='lat' dir='ltr'>Cordis</span> <span class='ocrx_word' id='word_1_27' title='bbox 856 765 995 827; x_wconf 88' lang='lat' dir='ltr'>lesu</span> <span class='ocrx_word' id='word_1_28' title='bbox 1028 759 1458 849; x_wconf 73' lang='lat' dir='ltr'>cognoscitur)</span> <span class='ocrx_word' id='word_1_29' title='bbox 1505 778 1765 848; x_wconf 90' lang='lat' dir='ltr'>prorsus</span> <span class='ocrx_word' id='word_1_30' title='bbox 1810 759 2166 828; x_wconf 89' lang='lat' dir='ltr'>distinctam</span> 
     </span>
     <span class='ocr_line' id='line_1_8' title="bbox 589 846 2167 917; baseline 0.001 -3"><span class='ocrx_word' id='word_1_31' title='bbox 589 848 666 914; x_wconf 90' lang='lat' dir='ltr'>ab</span> <span class='ocrx_word' id='word_1_32' title='bbox 711 846 1420 916; x_wconf 81' lang='lat' dir='ltr'>Arcbiconfraternitate</span> <span class='ocrx_word' id='word_1_33' title='bbox 1464 846 1892 917; x_wconf 80' lang='lat' dir='ltr'>Romana-sub</span> <span class='ocrx_word' id='word_1_34' title='bbox 1934 849 2167 917; x_wconf 88' lang='lat' dir='ltr'>eodem</span> 
     </span>
     <span class='ocr_line' id='line_1_9' title="bbox 517 935 2165 1022; baseline 0.002 -21"><span class='ocrx_word' id='word_1_35' title='bbox 517 935 525 943; x_wconf 84' lang='lat'><strong><em>&#39;</em></strong></span> <span class='ocrx_word' id='word_1_36' title='bbox 588 935 775 1004; x_wconf 90' lang='lat' dir='ltr'>titulo</span> <span class='ocrx_word' id='word_1_37' title='bbox 845 935 1254 1009; x_wconf 71' lang='lat' dir='ltr'>sacratissimi</span> <span class='ocrx_word' id='word_1_38' title='bbox 1313 935 1536 1005; x_wconf 86' lang='lat' dir='ltr'>Cordis</span> <span class='ocrx_word' id='word_1_39' title='bbox 1595 940 1782 1004; x_wconf 82' lang='lat' dir='ltr'>Iesu:</span> <span class='ocrx_word' id='word_1_40' title='bbox 1846 935 2165 1022; x_wconf 88' lang='lat' dir='ltr'>siquidem</span> 
     </span>
     <span class='ocr_line' id='line_1_10' title="bbox 588 1023 2166 1111; baseline 0 -20"><span class='ocrx_word' id='word_1_41' title='bbox 588 1026 743 1092; x_wconf 90' lang='lat' dir='ltr'>baec</span> <span class='ocrx_word' id='word_1_42' title='bbox 789 1023 1284 1092; x_wconf 71' lang='lat' dir='ltr'>confraternitas</span> <span class='ocrx_word' id='word_1_43' title='bbox 1316 1025 1539 1092; x_wconf 73' lang='lat' dir='ltr'>Montis</span> <span class='ocrx_word' id='word_1_44' title='bbox 1570 1024 1793 1094; x_wconf 80' lang='lat' dir='ltr'>Albani</span> <span class='ocrx_word' id='word_1_45' title='bbox 1839 1024 2166 1111; x_wconf 80' lang='lat' dir='ltr'>duplicem</span> 
     </span>
     <span class='ocr_line' id='line_1_11' title="bbox 589 1110 2164 1200; baseline 0 -21"><span class='ocrx_word' id='word_1_46' title='bbox 589 1110 779 1180; x_wconf 90' lang='lat' dir='ltr'>habet</span> <span class='ocrx_word' id='word_1_47' title='bbox 808 1130 1099 1199; x_wconf 91' lang='lat' dir='ltr'>scopum,</span> <span class='ocrx_word' id='word_1_48' title='bbox 1131 1112 1527 1200; x_wconf 84' lang='lat' dir='ltr'>spiritualem</span> <span class='ocrx_word' id='word_1_49' title='bbox 1569 1111 1807 1180; x_wconf 88' lang='lat' dir='ltr'>scilicet</span> <span class='ocrx_word' id='word_1_50' title='bbox 1840 1112 2164 1181; x_wconf 78' lang='lat' dir='ltr'>sodalium</span> 
     </span>
     <span class='ocr_line' id='line_1_12' title="bbox 588 1200 2170 1287; baseline 0.001 -21"><span class='ocrx_word' id='word_1_51' title='bbox 588 1200 948 1285; x_wconf 76' lang='lat' dir='ltr'>utilitatem,</span> <span class='ocrx_word' id='word_1_52' title='bbox 986 1210 1051 1267; x_wconf 94' lang='lat' dir='ltr'>et</span> <span class='ocrx_word' id='word_1_53' title='bbox 1088 1200 1153 1268; x_wconf 92' lang='lat' dir='ltr'>in</span> <span class='ocrx_word' id='word_1_54' title='bbox 1198 1200 1682 1268; x_wconf 88' lang='lat' dir='ltr'>necessitatibus</span> <span class='ocrx_word' id='word_1_55' title='bbox 1714 1200 2170 1287; x_wconf 78' lang='lat' dir='ltr'>temporalibus</span> 
     </span>
     <span class='ocr_line' id='line_1_13' title="bbox 591 1286 2166 1374; baseline 0.003 -22"><span class='ocrx_word' id='word_1_56' title='bbox 591 1307 714 1374; x_wconf 88' lang='lat' dir='ltr'>ope</span> <span class='ocrx_word' id='word_1_57' title='bbox 783 1299 1143 1356; x_wconf 79' lang='lat' dir='ltr'>menstruae</span> <span class='ocrx_word' id='word_1_58' title='bbox 1221 1286 1655 1356; x_wconf 78' lang='lat' dir='ltr'>retributionis</span> <span class='ocrx_word' id='word_1_59' title='bbox 1721 1288 2166 1357; x_wconf 84' lang='lat' dir='ltr'>assistentiam.</span> 
     </span>
     <span class='ocr_line' id='line_1_14' title="bbox 588 1374 2167 1465; baseline 0.002 -22"><span class='ocrx_word' id='word_1_60' title='bbox 588 1374 890 1453; x_wconf 86' lang='lat' dir='ltr'>Quocirca</span> <span class='ocrx_word' id='word_1_61' title='bbox 918 1378 996 1444; x_wconf 91' lang='lat' dir='ltr'>ab</span> <span class='ocrx_word' id='word_1_62' title='bbox 1025 1376 1142 1443; x_wconf 84' lang='lat' dir='ltr'>bac</span> <span class='ocrx_word' id='word_1_63' title='bbox 1172 1382 1355 1447; x_wconf 88' lang='lat' dir='ltr'>sacra</span> <span class='ocrx_word' id='word_1_64' title='bbox 1377 1375 1637 1445; x_wconf 79' lang='lat' dir='ltr'>Rituum</span> <span class='ocrx_word' id='word_1_65' title='bbox 1659 1378 2167 1465; x_wconf 75' lang='lat' dir='ltr'>congregatione</span> 
     </span>
     <span class='ocr_line' id='line_1_15' title="bbox 590 1464 2167 1552; baseline 0.001 -21"><span class='ocrx_word' id='word_1_66' title='bbox 590 1464 951 1531; x_wconf 84' lang='lat' dir='ltr'>humillime</span> <span class='ocrx_word' id='word_1_67' title='bbox 996 1464 1342 1552; x_wconf 88' lang='lat' dir='ltr'>postulavit</span> <span class='ocrx_word' id='word_1_68' title='bbox 1386 1475 1450 1531; x_wconf 86' lang='lat' dir='ltr'>ut</span> <span class='ocrx_word' id='word_1_69' title='bbox 1502 1464 1829 1533; x_wconf 84' lang='lat' dir='ltr'>declarare</span> <span class='ocrx_word' id='word_1_70' title='bbox 1871 1466 2167 1551; x_wconf 87' lang='lat' dir='ltr'>dignare-</span> 
     </span>
     <span class='ocr_line' id='line_1_16' title="bbox 591 1551 2171 1621; baseline 0.001 -3"><span class='ocrx_word' id='word_1_71' title='bbox 591 1562 728 1619; x_wconf 87' lang='lat' dir='ltr'>tur:</span> <span class='ocrx_word' id='word_1_72' title='bbox 762 1556 927 1621; x_wconf 86' lang='lat' dir='ltr'>Num</span> <span class='ocrx_word' id='word_1_73' title='bbox 962 1553 1025 1620; x_wconf 91' lang='lat' dir='ltr'>in</span> <span class='ocrx_word' id='word_1_74' title='bbox 1046 1553 1313 1621; x_wconf 89' lang='lat' dir='ltr'>civitate</span> <span class='ocrx_word' id='word_1_75' title='bbox 1336 1552 1562 1619; x_wconf 76' lang='lat' dir='ltr'>Montis</span> <span class='ocrx_word' id='word_1_76' title='bbox 1585 1551 1809 1621; x_wconf 78' lang='lat' dir='ltr'>Albani</span> <span class='ocrx_word' id='word_1_77' title='bbox 1839 1556 1944 1621; x_wconf 87' lang='lat' dir='ltr'>vel</span> <span class='ocrx_word' id='word_1_78' title='bbox 1979 1555 2044 1621; x_wconf 90' lang='lat' dir='ltr'>in</span> <span class='ocrx_word' id='word_1_79' title='bbox 2075 1574 2171 1620; x_wconf 89' lang='lat' dir='ltr'>ea-</span> 
     </span>
     <span class='ocr_line' id='line_1_17' title="bbox 591 1639 2163 1727; baseline 0.001 -21"><span class='ocrx_word' id='word_1_80' title='bbox 591 1639 741 1707; x_wconf 90' lang='lat' dir='ltr'>dem</span> <span class='ocrx_word' id='word_1_81' title='bbox 786 1641 1128 1727; x_wconf 82' lang='lat' dir='ltr'>parochiali</span> <span class='ocrx_word' id='word_1_82' title='bbox 1176 1639 1458 1709; x_wconf 82' lang='lat' dir='ltr'>Ecclesia</span> <span class='ocrx_word' id='word_1_83' title='bbox 1493 1641 1601 1707; x_wconf 92' lang='lat' dir='ltr'>vel</span> <span class='ocrx_word' id='word_1_84' title='bbox 1647 1640 1711 1707; x_wconf 91' lang='lat' dir='ltr'>in</span> <span class='ocrx_word' id='word_1_85' title='bbox 1757 1642 1874 1709; x_wconf 87' lang='lat' dir='ltr'>alia</span> <span class='ocrx_word' id='word_1_86' title='bbox 1920 1642 2163 1710; x_wconf 89' lang='lat' dir='ltr'>institui</span> 
     </span>
     <span class='ocr_line' id='line_1_18' title="bbox 589 1728 2169 1817; baseline 0.001 -22"><span class='ocrx_word' id='word_1_87' title='bbox 589 1728 788 1817; x_wconf 89' lang='lat' dir='ltr'>possit</span> <span class='ocrx_word' id='word_1_88' title='bbox 825 1729 944 1796; x_wconf 90' lang='lat' dir='ltr'>alia</span> <span class='ocrx_word' id='word_1_89' title='bbox 970 1728 1463 1796; x_wconf 76' lang='lat' dir='ltr'>confraternitas</span> <span class='ocrx_word' id='word_1_90' title='bbox 1509 1729 1914 1797; x_wconf 78' lang='lat' dir='ltr'>sacratissimi</span> <span class='ocrx_word' id='word_1_91' title='bbox 1946 1729 2169 1799; x_wconf 88' lang='lat' dir='ltr'>cordis</span> 
     </span>
     <span class='ocr_line' id='line_1_19' title="bbox 591 1816 2173 1901; baseline 0.002 -18"><span class='ocrx_word' id='word_1_92' title='bbox 591 1821 759 1901; x_wconf 87' lang='lat' dir='ltr'>lesu,</span> <span class='ocrx_word' id='word_1_93' title='bbox 805 1820 1118 1885; x_wconf 83' lang='lat' dir='ltr'>Romanae</span> <span class='ocrx_word' id='word_1_94' title='bbox 1154 1816 1843 1886; x_wconf 78' lang='lat' dir='ltr'>Archiconfraternitati</span> <span class='ocrx_word' id='word_1_95' title='bbox 1878 1819 1982 1886; x_wconf 87' lang='lat' dir='ltr'>vel</span> <span class='ocrx_word' id='word_1_96' title='bbox 2014 1821 2173 1886; x_wconf 87' lang='lat' dir='ltr'>con·</span> 
     </span>
     <span class='ocr_line' id='line_1_20' title="bbox 592 1902 2166 1994; baseline 0.002 -25"><span class='ocrx_word' id='word_1_97' title='bbox 592 1904 965 1972; x_wconf 82' lang='lat' dir='ltr'>fraternitati</span> <span class='ocrx_word' id='word_1_98' title='bbox 1012 1905 1341 1973; x_wconf 74' lang='lat' dir='ltr'>Molinensi</span> <span class='ocrx_word' id='word_1_99' title='bbox 1387 1902 1452 1971; x_wconf 88' lang='lat' dir='ltr'>in</span> <span class='ocrx_word' id='word_1_100' title='bbox 1497 1904 1691 1973; x_wconf 86' lang='lat' dir='ltr'>Gallia</span> <span class='ocrx_word' id='word_1_101' title='bbox 1722 1906 2166 1994; x_wconf 87' lang='lat' dir='ltr'>aggreganda;</span> 
     </span>
     <span class='ocr_line' id='line_1_21' title="bbox 590 1991 2168 2079; baseline 0.003 -23"><span class='ocrx_word' id='word_1_102' title='bbox 590 2011 660 2057; x_wconf 89' lang='lat' dir='ltr'>ac</span> <span class='ocrx_word' id='word_1_103' title='bbox 706 2011 967 2079; x_wconf 89' lang='lat' dir='ltr'>prorsus</span> <span class='ocrx_word' id='word_1_104' title='bbox 1012 1993 1304 2061; x_wconf 89' lang='lat' dir='ltr'>distincta</span> <span class='ocrx_word' id='word_1_105' title='bbox 1348 2013 1419 2060; x_wconf 88' lang='lat' dir='ltr'>ac</span> <span class='ocrx_word' id='word_1_106' title='bbox 1465 1991 1711 2062; x_wconf 88' lang='lat' dir='ltr'>diversa</span> <span class='ocrx_word' id='word_1_107' title='bbox 1743 2015 1775 2060; x_wconf 91' lang='lat' dir='ltr'>a</span> <span class='ocrx_word' id='word_1_108' title='bbox 1807 1994 2168 2062; x_wconf 88' lang='lat' dir='ltr'>confrater-</span> 
     </span>
     <span class='ocr_line' id='line_1_22' title="bbox 590 2078 2171 2170; baseline 0.002 -24"><span class='ocrx_word' id='word_1_109' title='bbox 590 2079 816 2165; x_wconf 86' lang='lat' dir='ltr'>nitate,</span> <span class='ocrx_word' id='word_1_110' title='bbox 863 2081 946 2149; x_wconf 91' lang='lat' dir='ltr'>de</span> <span class='ocrx_word' id='word_1_111' title='bbox 991 2100 1111 2167; x_wconf 90' lang='lat' dir='ltr'>qua</span> <span class='ocrx_word' id='word_1_112' title='bbox 1157 2102 1372 2170; x_wconf 87' lang='lat' dir='ltr'>supra,</span> <span class='ocrx_word' id='word_1_113' title='bbox 1403 2078 1470 2148; x_wconf 91' lang='lat' dir='ltr'>in</span> <span class='ocrx_word' id='word_1_114' title='bbox 1515 2081 1857 2169; x_wconf 84' lang='lat' dir='ltr'>parochiali</span> <span class='ocrx_word' id='word_1_115' title='bbox 1891 2082 2171 2150; x_wconf 87' lang='lat' dir='ltr'>Ecclesia</span> 
     </span>
     <span class='ocr_line' id='line_1_23' title="bbox 592 2167 1360 2238; baseline 0.004 -3"><span class='ocrx_word' id='word_1_116' title='bbox 592 2169 797 2235; x_wconf 85' lang='lat' dir='ltr'>Sancti</span> <span class='ocrx_word' id='word_1_117' title='bbox 846 2168 1047 2236; x_wconf 85' lang='lat' dir='ltr'>Iacobi</span> <span class='ocrx_word' id='word_1_118' title='bbox 1093 2182 1303 2238; x_wconf 88' lang='lat' dir='ltr'>erecta</span> <span class='ocrx_word' id='word_1_119' title='bbox 1326 2167 1360 2237; x_wconf 62' lang='grc' dir='ltr'>’θ</span> 
     </span>
    </p>

    <p class='ocr_par' dir='ltr' id='par_1_4' title="bbox 592 2257 2176 2849">
     <span class='ocr_line' id='line_1_24' title="bbox 718 2257 2171 2347; baseline 0 -22"><span class='ocrx_word' id='word_1_120' title='bbox 718 2257 888 2336; x_wconf 84' lang='lat' dir='ltr'>Quae</span> <span class='ocrx_word' id='word_1_121' title='bbox 932 2257 1182 2346; x_wconf 86' lang='lat' dir='ltr'>singula</span> <span class='ocrx_word' id='word_1_122' title='bbox 1226 2274 1424 2343; x_wconf 89' lang='lat' dir='ltr'>quum</span> <span class='ocrx_word' id='word_1_123' title='bbox 1463 2257 1856 2347; x_wconf 86' lang='lat' dir='ltr'>subscriptus</span> <span class='ocrx_word' id='word_1_124' title='bbox 1884 2262 2171 2328; x_wconf 88' lang='lat' dir='ltr'>Secreta·</span> 
     </span>
     <span class='ocr_line' id='line_1_25' title="bbox 592 2343 2172 2435; baseline 0.002 -25"><span class='ocrx_word' id='word_1_125' title='bbox 592 2343 723 2412; x_wconf 85' lang='lat' dir='ltr'>rius</span> <span class='ocrx_word' id='word_1_126' title='bbox 769 2345 1056 2415; x_wconf 89' lang='lat' dir='ltr'>eiusdem</span> <span class='ocrx_word' id='word_1_127' title='bbox 1089 2349 1314 2414; x_wconf 87' lang='lat' dir='ltr'>Sacrae</span> <span class='ocrx_word' id='word_1_128' title='bbox 1343 2347 1599 2417; x_wconf 80' lang='lat' dir='ltr'>Rituum</span> <span class='ocrx_word' id='word_1_129' title='bbox 1646 2347 2172 2435; x_wconf 90' lang='lat' dir='ltr'>congregationis</span> 
     </span>
     <span class='ocr_line' id='line_1_26' title="bbox 593 2432 2172 2504; baseline 0.001 -6"><span class='ocrx_word' id='word_1_130' title='bbox 593 2432 889 2501; x_wconf 89' lang='lat' dir='ltr'>retulerit</span> <span class='ocrx_word' id='word_1_131' title='bbox 932 2434 998 2501; x_wconf 88' lang='lat' dir='ltr'>in</span> <span class='ocrx_word' id='word_1_132' title='bbox 1056 2433 1383 2502; x_wconf 80' lang='lat' dir='ltr'>ordinario</span> <span class='ocrx_word' id='word_1_133' title='bbox 1439 2437 1641 2502; x_wconf 92' lang='lat' dir='ltr'>coetu</span> <span class='ocrx_word' id='word_1_134' title='bbox 1699 2435 2005 2504; x_wconf 89' lang='lat' dir='ltr'>hodierna</span> <span class='ocrx_word' id='word_1_135' title='bbox 2066 2434 2172 2503; x_wconf 91' lang='lat' dir='ltr'>die</span> 
     </span>
     <span class='ocr_line' id='line_1_27' title="bbox 592 2518 2169 2599; baseline 0.002 -15"><span class='ocrx_word' id='word_1_136' title='bbox 592 2518 669 2586; x_wconf 91' lang='lat' dir='ltr'>ad</span> <span class='ocrx_word' id='word_1_137' title='bbox 703 2522 1072 2589; x_wconf 82' lang='lat' dir='ltr'>Vaticanum</span> <span class='ocrx_word' id='word_1_138' title='bbox 1118 2520 1378 2599; x_wconf 88' lang='lat' dir='ltr'>babito;</span> <span class='ocrx_word' id='word_1_139' title='bbox 1428 2520 1923 2590; x_wconf 89' lang='lat' dir='ltr'>Eminentissimi</span> <span class='ocrx_word' id='word_1_140' title='bbox 1954 2534 2021 2589; x_wconf 89' lang='lat' dir='ltr'>et</span> <span class='ocrx_word' id='word_1_141' title='bbox 2053 2526 2169 2590; x_wconf 81' lang='lat' dir='ltr'>Re-</span> 
     </span>
     <span class='ocr_line' id='line_1_28' title="bbox 593 2608 2174 2679; baseline 0.004 -7"><span class='ocrx_word' id='word_1_142' title='bbox 593 2608 1034 2677; x_wconf 84' lang='lat' dir='ltr'>verendissimi</span> <span class='ocrx_word' id='word_1_143' title='bbox 1092 2613 1304 2676; x_wconf 84' lang='lat' dir='ltr'>Patres</span> <span class='ocrx_word' id='word_1_144' title='bbox 1360 2608 1563 2678; x_wconf 89' lang='lat' dir='ltr'>Sacris</span> <span class='ocrx_word' id='word_1_145' title='bbox 1621 2610 1873 2679; x_wconf 84' lang='lat' dir='ltr'>tuendis</span> <span class='ocrx_word' id='word_1_146' title='bbox 1925 2609 2174 2679; x_wconf 80' lang='lat' dir='ltr'>Ritibus</span> 
     </span>
     <span class='ocr_line' id='line_1_29' title="bbox 592 2695 2176 2849; baseline 0.002 -88"><span class='ocrx_word' id='word_1_147' title='bbox 592 2695 959 2849; x_wconf 56' lang='grc' dir='ltr'>Βὲιοροεὶιί,</span> <span class='ocrx_word' id='word_1_148' title='bbox 982 2697 1273 2764; x_wconf 87' lang='lat' dir='ltr'>omnibus</span> <span class='ocrx_word' id='word_1_149' title='bbox 1298 2707 1545 2765; x_wconf 89' lang='lat' dir='ltr'>mature</span> <span class='ocrx_word' id='word_1_150' title='bbox 1571 2699 1931 2784; x_wconf 84' lang='lat' dir='ltr'>perpensis,</span> <span class='ocrx_word' id='word_1_151' title='bbox 1955 2699 2176 2765; x_wconf 89' lang='lat' dir='ltr'>rescri-</span> 
     </span>
    </p>

    <p class='ocr_par' dir='ltr' id='par_1_5' title="bbox 589 2783 2175 3400">
     <span class='ocr_line' id='line_1_30' title="bbox 675 2783 2168 2876; baseline 0.005 -29"><span class='ocrx_word' id='word_1_152' title='bbox 675 2800 746 2848; x_wconf 93' lang='lat' dir='ltr'>re</span> <span class='ocrx_word' id='word_1_153' title='bbox 779 2783 897 2850; x_wconf 90' lang='lat' dir='ltr'>rati</span> <span class='ocrx_word' id='word_1_154' title='bbox 924 2796 1118 2851; x_wconf 83' lang='lat' dir='ltr'>sunt:</span> <span class='ocrx_word' id='word_1_155' title='bbox 1169 2806 1206 2849; x_wconf 67' lang='lat' dir='ltr'>s</span> <span class='ocrx_word' id='word_1_156' title='bbox 1238 2786 1445 2863; x_wconf 85' lang='lat' dir='ltr'>Quum</span> <span class='ocrx_word' id='word_1_157' title='bbox 1493 2785 1665 2853; x_wconf 82' lang='lat' dir='ltr'>iuxta</span> <span class='ocrx_word' id='word_1_158' title='bbox 1696 2788 2009 2876; x_wconf 82' lang='lat' dir='ltr'>exposita,</span> <span class='ocrx_word' id='word_1_159' title='bbox 2045 2806 2168 2854; x_wconf 87' lang='lat' dir='ltr'>una</span> 
     </span>
     <span class='ocr_line' id='line_1_31' title="bbox 589 2870 2172 2943; baseline 0.004 -7"><span class='ocrx_word' id='word_1_160' title='bbox 589 2870 1085 2940; x_wconf 74' lang='lat' dir='ltr'>confraternitas</span> <span class='ocrx_word' id='word_1_161' title='bbox 1116 2872 1194 2939; x_wconf 91' lang='lat' dir='ltr'>ab</span> <span class='ocrx_word' id='word_1_162' title='bbox 1224 2873 1421 2940; x_wconf 83' lang='lat' dir='ltr'>altera</span> <span class='ocrx_word' id='word_1_163' title='bbox 1467 2872 1717 2940; x_wconf 77' lang='lat' dir='ltr'>differat</span> <span class='ocrx_word' id='word_1_164' title='bbox 1763 2895 1892 2942; x_wconf 93' lang='lat' dir='ltr'>non</span> <span class='ocrx_word' id='word_1_165' title='bbox 1925 2885 2172 2943; x_wconf 91' lang='lat' dir='ltr'>tantum</span> 
     </span>
     <span class='ocr_line' id='line_1_32' title="bbox 591 2959 2175 3048; baseline 0.005 -22"><span class='ocrx_word' id='word_1_166' title='bbox 591 2959 850 3026; x_wconf 93' lang='lat' dir='ltr'>nomine</span> <span class='ocrx_word' id='word_1_167' title='bbox 879 2961 993 3030; x_wconf 91' lang='lat' dir='ltr'>sed</span> <span class='ocrx_word' id='word_1_168' title='bbox 1026 2960 1214 3028; x_wconf 90' lang='lat' dir='ltr'>etiam</span> <span class='ocrx_word' id='word_1_169' title='bbox 1244 2981 1464 3048; x_wconf 89' lang='lat' dir='ltr'>scopo,</span> <span class='ocrx_word' id='word_1_170' title='bbox 1497 2961 1912 3032; x_wconf 82' lang='lat' dir='ltr'>simultaneae</span> <span class='ocrx_word' id='word_1_171' title='bbox 1945 2963 2175 3034; x_wconf 88' lang='lat' dir='ltr'>utrius-</span> 
     </span>
     <span class='ocr_line' id='line_1_33' title="bbox 591 3048 2171 3132; baseline 0.004 -18"><span class='ocrx_word' id='word_1_172' title='bbox 591 3065 718 3132; x_wconf 86' lang='lat' dir='ltr'>que</span> <span class='ocrx_word' id='word_1_173' title='bbox 776 3048 1323 3118; x_wconf 84' lang='lat' dir='ltr'>confraternitatis</span> <span class='ocrx_word' id='word_1_174' title='bbox 1387 3051 1761 3118; x_wconf 85' lang='lat' dir='ltr'>existentiae</span> <span class='ocrx_word' id='word_1_175' title='bbox 1824 3052 1886 3119; x_wconf 90' lang='lat' dir='ltr'>in</span> <span class='ocrx_word' id='word_1_176' title='bbox 1946 3051 2171 3121; x_wconf 91' lang='lat' dir='ltr'>eadem</span> 
     </span>
     <span class='ocr_line' id='line_1_34' title="bbox 591 3135 2171 3210; baseline 0.003 -7"><span class='ocrx_word' id='word_1_177' title='bbox 591 3135 855 3203; x_wconf 88' lang='lat' dir='ltr'>civitate</span> <span class='ocrx_word' id='word_1_178' title='bbox 902 3137 1164 3205; x_wconf 91' lang='lat' dir='ltr'>minime</span> <span class='ocrx_word' id='word_1_179' title='bbox 1213 3138 1471 3206; x_wconf 83' lang='lat' dir='ltr'>officere</span> <span class='ocrx_word' id='word_1_180' title='bbox 1517 3140 1836 3210; x_wconf 88' lang='lat' dir='ltr'>censenda</span> <span class='ocrx_word' id='word_1_181' title='bbox 1884 3150 1979 3207; x_wconf 90' lang='lat' dir='ltr'>est</span> <span class='ocrx_word' id='word_1_182' title='bbox 2009 3142 2171 3208; x_wconf 84' lang='lat' dir='ltr'>Gon·</span> 
     </span>
     <span class='ocr_line' id='line_1_35' title="bbox 589 3223 2174 3314; baseline 0.003 -24"><span class='ocrx_word' id='word_1_183' title='bbox 589 3223 837 3292; x_wconf 87' lang='lat' dir='ltr'>stitutio</span> <span class='ocrx_word' id='word_1_184' title='bbox 871 3246 924 3292; x_wconf 91' lang='lat' dir='ltr'>s.</span> <span class='ocrx_word' id='word_1_185' title='bbox 961 3243 1049 3292; x_wconf 91' lang='lat' dir='ltr'>m.</span> <span class='ocrx_word' id='word_1_186' title='bbox 1087 3227 1439 3294; x_wconf 87' lang='lat' dir='ltr'>clementis</span> <span class='ocrx_word' id='word_1_187' title='bbox 1469 3230 1667 3313; x_wconf 86' lang='lat' dir='ltr'>Papae</span> <span class='ocrx_word' id='word_1_188' title='bbox 1691 3229 1848 3311; x_wconf 79' lang='lat' dir='ltr'>vlu,</span> <span class='ocrx_word' id='word_1_189' title='bbox 1885 3247 2050 3314; x_wconf 89' lang='lat' dir='ltr'>quae</span> <span class='ocrx_word' id='word_1_190' title='bbox 2081 3227 2174 3295; x_wconf 89' lang='lat' dir='ltr'>in·</span> 
     </span>
     <span class='ocr_line' id='line_1_36' title="bbox 592 3310 1340 3400; baseline 0.007 -23"><span class='ocrx_word' id='word_1_191' title='bbox 592 3310 747 3399; x_wconf 91' lang='lat' dir='ltr'>cipit</span> <span class='ocrx_word' id='word_1_192' title='bbox 800 3313 1248 3400; x_wconf 69' lang='lat' dir='ltr'>Quaecumque</span> <span class='ocrx_word' id='word_1_193' title='bbox 1277 3337 1340 3382; x_wconf 60' lang='grc' dir='ltr'>ν.</span> 
     </span>
    </p>
   </div>
   <div class='ocr_carea' id='block_1_4' title="bbox 590 3401 2174 3808">
    <p class='ocr_par' dir='ltr' id='par_1_6' title="bbox 590 3401 2174 3808">
     <span class='ocr_line' id='line_1_37' title="bbox 696 3401 2171 3501; baseline 0.003 -34"><span class='ocrx_word' id='word_1_194' title='bbox 696 3402 933 3501; x_wconf 34' lang='lat' dir='ltr'>‘Atque</span> <span class='ocrx_word' id='word_1_195' title='bbox 964 3401 1047 3468; x_wconf 89' lang='lat' dir='ltr'>ita</span> <span class='ocrx_word' id='word_1_196' title='bbox 1079 3404 1263 3469; x_wconf 87' lang='lat' dir='ltr'>Sacra</span> <span class='ocrx_word' id='word_1_197' title='bbox 1307 3402 1565 3471; x_wconf 82' lang='lat' dir='ltr'>Rituum</span> <span class='ocrx_word' id='word_1_198' title='bbox 1611 3403 2036 3492; x_wconf 88' lang='lat' dir='ltr'>congregatio</span> <span class='ocrx_word' id='word_1_199' title='bbox 2070 3424 2171 3472; x_wconf 90' lang='lat' dir='ltr'>re-</span> 
     </span>
     <span class='ocr_line' id='line_1_38' title="bbox 590 3499 1626 3648; baseline 0.002 -6"><span class='ocrx_word' id='word_1_200' title='bbox 590 3499 966 3648; x_wconf 51' lang='lat' dir='ltr'>scni&#39;isig‘so</span> <span class='ocrx_word' id='word_1_201' title='bbox 1009 3579 1386 3648; x_wconf 72' lang='lat' dir='ltr'>Novembris</span> <span class='ocrx_word' id='word_1_202' title='bbox 1435 3582 1626 3647; x_wconf 70' lang='lat' dir='ltr'>isse.</span> 
     </span>
     <span class='ocr_line' id='line_1_39' title="bbox 593 3714 2174 3808; baseline 0.004 -25"><span class='ocrx_word' id='word_1_203' title='bbox 593 3714 862 3783; x_wconf 80' lang='lat'><strong>3039.</strong></span> <span class='ocrx_word' id='word_1_204' title='bbox 1114 3720 1632 3786; x_wconf 74' lang='lat' dir='ltr'>SALUTlARUM.</span> <span class='ocrx_word' id='word_1_205' title='bbox 1945 3722 2174 3808; x_wconf 74' lang='grc'>(5228)</span> 
     </span>
    </p>
   </div>
   <div class='ocr_carea' id='block_1_5' title="bbox 592 3839 2178 5422">
    <p class='ocr_par' dir='ltr' id='par_1_7' title="bbox 592 3839 2178 4458">
     <span class='ocr_line' id='line_1_40' title="bbox 723 3839 2177 3930; baseline 0.005 -24"><span class='ocrx_word' id='word_1_206' title='bbox 723 3841 930 3918; x_wconf 85' lang='lat' dir='ltr'>Quum</span> <span class='ocrx_word' id='word_1_207' title='bbox 989 3839 1583 3909; x_wconf 82' lang='lat' dir='ltr'>Reverendissimus&#39;</span> <span class='ocrx_word' id='word_1_208' title='bbox 1657 3841 2003 3930; x_wconf 78' lang='lat' dir='ltr'>Episcopus</span> <span class='ocrx_word' id='word_1_209' title='bbox 2073 3848 2177 3913; x_wconf 90' lang='lat' dir='ltr'>Sa·</span> 
     </span>
     <span class='ocr_line' id='line_1_41' title="bbox 595 3927 2175 4017; baseline 0.004 -24"><span class='ocrx_word' id='word_1_210' title='bbox 595 3927 917 4017; x_wconf 90' lang='lat' dir='ltr'>lutiarum,</span> <span class='ocrx_word' id='word_1_211' title='bbox 954 3927 1017 3997; x_wconf 92' lang='lat' dir='ltr'>in</span> <span class='ocrx_word' id='word_1_212' title='bbox 1065 3927 1371 3995; x_wconf 88' lang='lat' dir='ltr'>relatione</span> <span class='ocrx_word' id='word_1_213' title='bbox 1417 3938 1614 3995; x_wconf 88' lang='lat' dir='ltr'>status</span> <span class='ocrx_word' id='word_1_214' title='bbox 1660 3932 1981 3998; x_wconf 83' lang='lat' dir='ltr'>Ecclesiae</span> <span class='ocrx_word' id='word_1_215' title='bbox 2026 3952 2175 4000; x_wconf 86' lang='lat' dir='ltr'>suae</span> 
     </span>
     <span class='ocr_line' id='line_1_42' title="bbox 595 4016 2178 4108; baseline 0.004 -26"><span class='ocrx_word' id='word_1_216' title='bbox 595 4034 758 4083; x_wconf 91' lang='lat' dir='ltr'>anno</span> <span class='ocrx_word' id='word_1_217' title='bbox 805 4035 954 4083; x_wconf 86' lang='lat' dir='ltr'>mox</span> <span class='ocrx_word' id='word_1_218' title='bbox 1003 4016 1215 4103; x_wconf 92' lang='lat' dir='ltr'>elapso</span> <span class='ocrx_word' id='word_1_219' title='bbox 1269 4019 1435 4083; x_wconf 89' lang='grc'>1855</span> <span class='ocrx_word' id='word_1_220' title='bbox 1478 4016 1556 4083; x_wconf 91' lang='lat' dir='ltr'>ad</span> <span class='ocrx_word' id='word_1_221' title='bbox 1607 4020 1857 4085; x_wconf 88' lang='lat' dir='ltr'>Sacram</span> <span class='ocrx_word' id='word_1_222' title='bbox 1896 4023 2178 4108; x_wconf 88' lang='lat' dir='ltr'>congre-</span> 
     </span>
     <span class='ocr_line' id='line_1_43' title="bbox 592 4102 2174 4191; baseline 0.003 -21"><span class='ocrx_word' id='word_1_223' title='bbox 592 4103 914 4190; x_wconf 91' lang='lat' dir='ltr'>gationem</span> <span class='ocrx_word' id='word_1_224' title='bbox 961 4104 1222 4174; x_wconf 90' lang='lat' dir='ltr'>concilii</span> <span class='ocrx_word' id='word_1_225' title='bbox 1274 4102 1654 4191; x_wconf 87' lang='lat' dir='ltr'>transmissa,</span> <span class='ocrx_word' id='word_1_226' title='bbox 1693 4109 2026 4191; x_wconf 85' lang='lat' dir='ltr'>sequentia</span> <span class='ocrx_word' id='word_1_227' title='bbox 2058 4109 2174 4176; x_wconf 90' lang='lat' dir='ltr'>du·</span> 
     </span>
     <span class='ocr_line' id='line_1_44' title="bbox 595 4191 2177 4279; baseline 0.003 -21"><span class='ocrx_word' id='word_1_228' title='bbox 595 4191 692 4259; x_wconf 88' lang='lat' dir='ltr'>bia</span> <span class='ocrx_word' id='word_1_229' title='bbox 738 4192 1149 4279; x_wconf 86' lang='lat' dir='ltr'>proposuerit</span> <span class='ocrx_word' id='word_1_230' title='bbox 1194 4212 1263 4259; x_wconf 87' lang='lat' dir='ltr'>ac</span> <span class='ocrx_word' id='word_1_231' title='bbox 1311 4191 1706 4279; x_wconf 89' lang='lat' dir='ltr'>supplicibus</span> <span class='ocrx_word' id='word_1_232' title='bbox 1755 4194 1915 4261; x_wconf 87' lang='lat' dir='ltr'>votis</span> <span class='ocrx_word' id='word_1_233' title='bbox 1952 4195 2031 4262; x_wconf 93' lang='lat' dir='ltr'>ab</span> <span class='ocrx_word' id='word_1_234' title='bbox 2062 4195 2177 4263; x_wconf 93' lang='lat' dir='ltr'>hac</span> 
     </span>
     <span class='ocr_line' id='line_1_45' title="bbox 595 4279 2176 4368; baseline -0.001 -19"><span class='ocrx_word' id='word_1_235' title='bbox 595 4283 817 4349; x_wconf 88' lang='lat' dir='ltr'>Sancta</span> <span class='ocrx_word' id='word_1_236' title='bbox 848 4281 1017 4349; x_wconf 89' lang='lat' dir='ltr'>Sede</span> <span class='ocrx_word' id='word_1_237' title='bbox 1047 4279 1408 4368; x_wconf 80' lang='lat' dir='ltr'>Apostolica</span> <span class='ocrx_word' id='word_1_238' title='bbox 1438 4280 1856 4367; x_wconf 82' lang='lat' dir='ltr'>postulaverit</span> <span class='ocrx_word' id='word_1_239' title='bbox 1887 4292 1959 4348; x_wconf 92' lang='lat' dir='ltr'>ut</span> <span class='ocrx_word' id='word_1_240' title='bbox 1990 4281 2176 4351; x_wconf 87' lang='lat' dir='ltr'>dubia</span> 
     </span>
     <span class='ocr_line' id='line_1_46' title="bbox 595 4368 1893 4458; baseline 0.002 -24"><span class='ocrx_word' id='word_1_241' title='bbox 595 4369 726 4458; x_wconf 90' lang='lat' dir='ltr'>ipsa</span> <span class='ocrx_word' id='word_1_242' title='bbox 771 4368 1042 4436; x_wconf 84' lang='lat' dir='ltr'>delinire</span> <span class='ocrx_word' id='word_1_243' title='bbox 1091 4369 1502 4455; x_wconf 83' lang='lat' dir='ltr'>dignaretur;</span> <span class='ocrx_word' id='word_1_244' title='bbox 1552 4368 1893 4436; x_wconf 84' lang='lat' dir='ltr'>nimirum:</span> 
     </span>
    </p>

    <p class='ocr_par' dir='ltr' id='par_1_8' title="bbox 595 4455 2178 4786">
     <span class='ocr_line' id='line_1_47' title="bbox 730 4455 2168 4545; baseline 0.003 -24"><span class='ocrx_word' id='word_1_245' title='bbox 730 4461 790 4522; x_wconf 86' lang='grc'>1.</span> <span class='ocrx_word' id='word_1_246' title='bbox 841 4461 1021 4526; x_wconf 79' lang='lat' dir='ltr'>Anne</span> <span class='ocrx_word' id='word_1_247' title='bbox 1065 4456 1260 4542; x_wconf 87' lang='lat' dir='ltr'>possit</span> <span class='ocrx_word' id='word_1_248' title='bbox 1306 4455 1652 4544; x_wconf 84' lang='lat' dir='ltr'>Episcopus</span> <span class='ocrx_word' id='word_1_249' title='bbox 1697 4457 1971 4524; x_wconf 91' lang='lat' dir='ltr'>tolerare</span> <span class='ocrx_word' id='word_1_250' title='bbox 2001 4458 2168 4545; x_wconf 88' lang='lat' dir='ltr'>quod</span> 
     </span>
     <span class='ocr_line' id='line_1_48' title="bbox 595 4543 2177 4614; baseline -0.001 -2"><span class='ocrx_word' id='word_1_251' title='bbox 595 4543 890 4612; x_wconf 91' lang='lat' dir='ltr'>canonici</span> <span class='ocrx_word' id='word_1_252' title='bbox 936 4544 1327 4613; x_wconf 86' lang='lat' dir='ltr'>Gathedralis</span> <span class='ocrx_word' id='word_1_253' title='bbox 1380 4543 1624 4610; x_wconf 74' lang='lat' dir='ltr'>Missam</span> <span class='ocrx_word' id='word_1_254' title='bbox 1681 4546 2177 4614; x_wconf 84' lang='lat' dir='ltr'>conventualem</span> 
     </span>
     <span class='ocr_line' id='line_1_49' title="bbox 595 4630 2178 4786; baseline 0.003 -88"><span class='ocrx_word' id='word_1_255' title='bbox 595 4630 951 4786; x_wconf 46' lang='lat' dir='ltr'>celebffent,</span> <span class='ocrx_word' id='word_1_256' title='bbox 999 4651 1128 4700; x_wconf 92' lang='lat' dir='ltr'>non</span> <span class='ocrx_word' id='word_1_257' title='bbox 1174 4641 1317 4720; x_wconf 88' lang='lat' dir='ltr'>post</span> <span class='ocrx_word' id='word_1_258' title='bbox 1362 4631 1662 4718; x_wconf 85' lang='lat' dir='ltr'>Tertiam,</span> <span class='ocrx_word' id='word_1_259' title='bbox 1711 4634 1822 4700; x_wconf 85' lang='lat' dir='ltr'>sed</span> <span class='ocrx_word' id='word_1_260' title='bbox 1871 4645 2014 4722; x_wconf 91' lang='lat' dir='ltr'>post</span> <span class='ocrx_word' id='word_1_261' title='bbox 2054 4637 2178 4702; x_wconf 89' lang='lat' dir='ltr'>No-</span> 
     </span>
     <span class='ocr_line' id='line_1_50' title="bbox 595 4736 741 4786; baseline 0 0"><span class='ocrx_word' id='word_1_262' title='bbox 595 4736 741 4786; x_wconf 89' lang='lat' dir='ltr'>nam</span> 
     </span>
    </p>

    <p class='ocr_par' dir='ltr' id='par_1_9' title="bbox 595 4803 2178 5139">
     <span class='ocr_line' id='line_1_51' title="bbox 729 4803 2176 4898; baseline 0.001 -21"><span class='ocrx_word' id='word_1_263' title='bbox 729 4813 798 4877; x_wconf 79' lang='lat'>2.</span> <span class='ocrx_word' id='word_1_264' title='bbox 851 4813 950 4877; x_wconf 77' lang='lat' dir='ltr'>An</span> <span class='ocrx_word' id='word_1_265' title='bbox 1002 4803 1351 4898; x_wconf 86' lang='lat' dir='ltr'>Episcopus</span> <span class='ocrx_word' id='word_1_266' title='bbox 1416 4808 1687 4875; x_wconf 89' lang='lat' dir='ltr'>tolerare</span> <span class='ocrx_word' id='word_1_267' title='bbox 1747 4810 1944 4898; x_wconf 87' lang='lat' dir='ltr'>possit</span> <span class='ocrx_word' id='word_1_268' title='bbox 2003 4812 2176 4896; x_wconf 85' lang='lat' dir='ltr'>quod</span> 
     </span>
     <span class='ocr_line' id='line_1_52' title="bbox 595 4895 2173 4985; baseline 0.001 -23"><span class='ocrx_word' id='word_1_269' title='bbox 595 4897 891 4964; x_wconf 86' lang='lat' dir='ltr'>Canonici</span> <span class='ocrx_word' id='word_1_270' title='bbox 917 4896 1300 4985; x_wconf 82' lang='lat' dir='ltr'>Episcopum</span> <span class='ocrx_word' id='word_1_271' title='bbox 1327 4895 1704 4963; x_wconf 82' lang='lat' dir='ltr'>Pontificalia</span> <span class='ocrx_word' id='word_1_272' title='bbox 1732 4909 2173 4984; x_wconf 83' lang='lat' dir='ltr'>exercentem,</span> 
     </span>
     <span class='ocr_line' id='line_1_53' title="bbox 595 4982 2178 5138; baseline 0.001 -88"><span class='ocrx_word' id='word_1_273' title='bbox 595 5002 726 5084; x_wconf 83' lang='lat' dir='ltr'>non</span> <span class='ocrx_word' id='word_1_274' title='bbox 770 4984 847 5138; x_wconf 52' lang='lat' dir='ltr'>a}</span> <span class='ocrx_word' id='word_1_275' title='bbox 896 4986 1110 5052; x_wconf 82' lang='lat' dir='ltr'>Altare</span> <span class='ocrx_word' id='word_1_276' title='bbox 1169 4982 1395 5067; x_wconf 89' lang='lat' dir='ltr'>maius,</span> <span class='ocrx_word' id='word_1_277' title='bbox 1442 4983 1557 5051; x_wconf 89' lang='lat' dir='ltr'>sed</span> <span class='ocrx_word' id='word_1_278' title='bbox 1616 4983 1677 5051; x_wconf 91' lang='lat' dir='ltr'>in</span> <span class='ocrx_word' id='word_1_279' title='bbox 1733 4986 2021 5052; x_wconf 90' lang='lat' dir='ltr'>sacristia</span> <span class='ocrx_word' id='word_1_280' title='bbox 2069 5007 2178 5052; x_wconf 91' lang='lat' dir='ltr'>ve-</span> 
     </span>
     <span class='ocr_line' id='line_1_54' title="bbox 598 5083 784 5139; baseline 0.005 -3"><span class='ocrx_word' id='word_1_281' title='bbox 598 5083 784 5139; x_wconf 73' lang='lat' dir='ltr'>stiam</span> 
     </span>
    </p>

    <p class='ocr_par' dir='ltr' id='par_1_10' title="bbox 592 5160 2178 5422">
     <span class='ocr_line' id='line_1_55' title="bbox 728 5160 2177 5250; baseline 0.002 -24"><span class='ocrx_word' id='word_1_282' title='bbox 728 5163 794 5226; x_wconf 83' lang='lat'>3.</span> <span class='ocrx_word' id='word_1_283' title='bbox 847 5163 944 5227; x_wconf 80' lang='lat' dir='ltr'>An</span> <span class='ocrx_word' id='word_1_284' title='bbox 997 5161 1351 5247; x_wconf 87' lang='lat' dir='ltr'>Episcopus</span> <span class='ocrx_word' id='word_1_285' title='bbox 1410 5160 1687 5227; x_wconf 88' lang='lat' dir='ltr'>tolerare</span> <span class='ocrx_word' id='word_1_286' title='bbox 1749 5160 1945 5247; x_wconf 88' lang='lat' dir='ltr'>possit</span> <span class='ocrx_word' id='word_1_287' title='bbox 2002 5163 2177 5250; x_wconf 90' lang='lat' dir='ltr'>quod</span> 
     </span>
     <span class='ocr_line' id='line_1_56' title="bbox 592 5245 2175 5338; baseline 0.003 -25"><span class='ocrx_word' id='word_1_288' title='bbox 592 5245 659 5316; x_wconf 92' lang='lat' dir='ltr'>in</span> <span class='ocrx_word' id='word_1_289' title='bbox 702 5247 1108 5316; x_wconf 85' lang='lat' dir='ltr'>Processione</span> <span class='ocrx_word' id='word_1_290' title='bbox 1149 5245 1534 5315; x_wconf 89' lang='lat' dir='ltr'>Sanctissimi</span> <span class='ocrx_word' id='word_1_291' title='bbox 1565 5249 1979 5333; x_wconf 81' lang='lat' dir='ltr'>sacramenti,</span> <span class='ocrx_word' id='word_1_292' title='bbox 2014 5267 2175 5338; x_wconf 88' lang='lat' dir='ltr'>quae</span> 
     </span>
     <span class='ocr_line' id='line_1_57' title="bbox 596 5335 2178 5422; baseline 0.001 -19"><span class='ocrx_word' id='word_1_293' title='bbox 596 5354 745 5403; x_wconf 90' lang='lat' dir='ltr'>cum</span> <span class='ocrx_word' id='word_1_294' title='bbox 790 5350 1019 5421; x_wconf 87' lang='lat' dir='ltr'>magno</span> <span class='ocrx_word' id='word_1_295' title='bbox 1065 5335 1204 5402; x_wconf 85' lang='lat' dir='ltr'>fieri</span> <span class='ocrx_word' id='word_1_296' title='bbox 1249 5335 1415 5401; x_wconf 91' lang='lat' dir='ltr'>solet</span> <span class='ocrx_word' id='word_1_297' title='bbox 1459 5335 1681 5422; x_wconf 90' lang='lat' dir='ltr'>populi</span> <span class='ocrx_word' id='word_1_298' title='bbox 1714 5353 2029 5405; x_wconf 89' lang='lat' dir='ltr'>concursu</span> <span class='ocrx_word' id='word_1_299' title='bbox 2059 5342 2178 5404; x_wconf 90' lang='lat' dir='ltr'>Do·</span> 
     </span>
    </p>
   </div>
   <div class='ocr_carea' id='block_1_6' title="bbox 2269 403 3873 3295">
    <p class='ocr_par' dir='ltr' id='par_1_11' title="bbox 2269 403 3860 1034">
     <span class='ocr_line' id='line_1_58' title="bbox 2269 403 3856 488; baseline -0.002 -15"><span class='ocrx_word' id='word_1_300' title='bbox 2269 405 2496 475; x_wconf 86' lang='lat' dir='ltr'>minica</span> <span class='ocrx_word' id='word_1_301' title='bbox 2541 404 2726 474; x_wconf 87' lang='lat' dir='ltr'>tertia</span> <span class='ocrx_word' id='word_1_302' title='bbox 2785 403 3124 473; x_wconf 87' lang='lat' dir='ltr'>cuiuslibet</span> <span class='ocrx_word' id='word_1_303' title='bbox 3179 404 3445 488; x_wconf 86' lang='lat' dir='ltr'>mensis,</span> <span class='ocrx_word' id='word_1_304' title='bbox 3494 404 3856 472; x_wconf 83' lang='lat' dir='ltr'>Canonicus</span> 
     </span>
     <span class='ocr_line' id='line_1_59' title="bbox 2270 492 3858 581; baseline -0.002 -19"><span class='ocrx_word' id='word_1_305' title='bbox 2270 494 2569 563; x_wconf 84' lang='lat' dir='ltr'>deferens</span> <span class='ocrx_word' id='word_1_306' title='bbox 2614 497 3120 575; x_wconf 85' lang='lat' dir='ltr'>Sacramentum,</span> <span class='ocrx_word' id='word_1_307' title='bbox 3169 492 3658 579; x_wconf 86' lang='lat' dir='ltr'>haudquaquam</span> <span class='ocrx_word' id='word_1_308' title='bbox 3707 493 3858 581; x_wconf 86' lang='lat' dir='ltr'>plu-</span> 
     </span>
     <span class='ocr_line' id='line_1_60' title="bbox 2271 578 3860 682; baseline -0.001 -33"><span class='ocrx_word' id='word_1_309' title='bbox 2271 582 2412 649; x_wconf 90' lang='lat' dir='ltr'>viali</span> <span class='ocrx_word' id='word_1_310' title='bbox 2462 584 2722 652; x_wconf 86' lang='lat' dir='ltr'>indutus</span> <span class='ocrx_word' id='word_1_311' title='bbox 2765 581 3049 665; x_wconf 85' lang='lat' dir='ltr'>accedat,</span> <span class='ocrx_word' id='word_1_312' title='bbox 3093 582 3214 682; x_wconf 73' lang='lat' dir='ltr'>sed</span> <span class='ocrx_word' id='word_1_313' title='bbox 3257 578 3636 680; x_wconf 71' lang='lat' dir='ltr'>simpliciter</span> <span class='ocrx_word' id='word_1_314' title='bbox 3681 582 3860 648; x_wconf 88' lang='lat' dir='ltr'>stola</span> 
     </span>
     <span class='ocr_line' id='line_1_61' title="bbox 2270 667 3858 845; baseline -0.002 -19"><span class='ocrx_word' id='word_1_315' title='bbox 2270 690 2464 826; x_wconf 46' lang='grc' dir='ltr'>881ξὲξῖ</span> <span class='ocrx_word' id='word_1_316' title='bbox 2486 669 3300 845; x_wconf 46' lang='grc' dir='ltr'>ἧξῗιῗιῃὸοἶῖἶῗέἐῗίοθῗᾱ</span> <span class='ocrx_word' id='word_1_317' title='bbox 3312 667 3858 823; x_wconf 50' lang='grc' dir='ltr'>ὴὲἔτίιῖιιξῗομω</span> 
     </span>
     <span class='ocr_line' id='line_1_62' title="bbox 2274 844 3860 936; baseline -0.001 -24"><span class='ocrx_word' id='word_1_318' title='bbox 2274 847 2674 936; x_wconf 87' lang='lat' dir='ltr'>rescripserit</span> <span class='ocrx_word' id='word_1_319' title='bbox 2725 845 2833 913; x_wconf 89' lang='lat' dir='ltr'>die</span> <span class='ocrx_word' id='word_1_320' title='bbox 2886 848 2964 912; x_wconf 89' lang='grc'>18</span> <span class='ocrx_word' id='word_1_321' title='bbox 3009 844 3375 913; x_wconf 87' lang='lat' dir='ltr'>Decembris</span> <span class='ocrx_word' id='word_1_322' title='bbox 3428 847 3594 912; x_wconf 69' lang='lat'><strong>1784</strong></span> <span class='ocrx_word' id='word_1_323' title='bbox 3641 846 3704 912; x_wconf 91' lang='lat' dir='ltr'>in</span> <span class='ocrx_word' id='word_1_324' title='bbox 3759 865 3860 910; x_wconf 89' lang='lat' dir='ltr'>re-</span> 
     </span>
     <span class='ocr_line' id='line_1_63' title="bbox 2271 931 3114 1034; baseline 0.001 -34"><span class='ocrx_word' id='word_1_325' title='bbox 2271 936 2612 1021; x_wconf 89' lang='lat' dir='ltr'>sponsione</span> <span class='ocrx_word' id='word_1_326' title='bbox 2656 934 2733 1002; x_wconf 91' lang='lat' dir='ltr'>ad</span> <span class='ocrx_word' id='word_1_327' title='bbox 2777 931 3114 1034; x_wconf 69' lang='lat' dir='ltr'>primum?</span> 
     </span>
    </p>

    <p class='ocr_par' dir='ltr' id='par_1_12' title="bbox 2271 1021 3862 1376">
     <span class='ocr_line' id='line_1_64' title="bbox 2405 1021 3860 1109; baseline 0 -20"><span class='ocrx_word' id='word_1_328' title='bbox 2405 1026 2468 1090; x_wconf 73' lang='lat' dir='ltr'>t.</span> <span class='ocrx_word' id='word_1_329' title='bbox 2528 1027 2622 1089; x_wconf 80' lang='lat' dir='ltr'>An</span> <span class='ocrx_word' id='word_1_330' title='bbox 2675 1026 3025 1109; x_wconf 80' lang='lat' dir='ltr'>Episcopus</span> <span class='ocrx_word' id='word_1_331' title='bbox 3089 1021 3360 1089; x_wconf 88' lang='lat' dir='ltr'>tolerare</span> <span class='ocrx_word' id='word_1_332' title='bbox 3419 1022 3619 1107; x_wconf 87' lang='lat' dir='ltr'>possit</span> <span class='ocrx_word' id='word_1_333' title='bbox 3675 1022 3860 1109; x_wconf 88' lang='lat' dir='ltr'>qnod</span> 
     </span>
     <span class='ocr_line' id='line_1_65' title="bbox 2274 1109 3860 1180; baseline -0.001 -1"><span class='ocrx_word' id='word_1_334' title='bbox 2274 1110 2789 1180; x_wconf 85' lang='lat' dir='ltr'>benedictionem</span> <span class='ocrx_word' id='word_1_335' title='bbox 2821 1129 2967 1177; x_wconf 88' lang='lat' dir='ltr'>cum</span> <span class='ocrx_word' id='word_1_336' title='bbox 3000 1109 3399 1177; x_wconf 83' lang='lat' dir='ltr'>sanctissimo</span> <span class='ocrx_word' id='word_1_337' title='bbox 3445 1113 3860 1179; x_wconf 81' lang='lat' dir='ltr'>sacramento</span> 
     </span>
     <span class='ocr_line' id='line_1_66' title="bbox 2274 1195 3862 1286; baseline 0.001 -22"><span class='ocrx_word' id='word_1_338' title='bbox 2274 1198 2719 1284; x_wconf 89' lang='lat' dir='ltr'>impertiantur</span> <span class='ocrx_word' id='word_1_339' title='bbox 2777 1195 3071 1265; x_wconf 91' lang='lat' dir='ltr'>canonici</span> <span class='ocrx_word' id='word_1_340' title='bbox 3142 1216 3289 1266; x_wconf 91' lang='lat' dir='ltr'>cum</span> <span class='ocrx_word' id='word_1_341' title='bbox 3355 1198 3625 1286; x_wconf 89' lang='lat' dir='ltr'>simplici</span> <span class='ocrx_word' id='word_1_342' title='bbox 3678 1201 3862 1268; x_wconf 86' lang='lat' dir='ltr'>stola</span> 
     </span>
     <span class='ocr_line' id='line_1_67' title="bbox 2271 1285 2838 1376; baseline 0.002 -22"><span class='ocrx_word' id='word_1_343' title='bbox 2271 1305 2469 1373; x_wconf 89' lang='lat' dir='ltr'>super</span> <span class='ocrx_word' id='word_1_344' title='bbox 2520 1306 2783 1376; x_wconf 91' lang='lat' dir='ltr'>cappam</span> <span class='ocrx_word' id='word_1_345' title='bbox 2804 1285 2838 1355; x_wconf 71' lang='lat'>¹?</span> 
     </span>
    </p>

    <p class='ocr_par' dir='ltr' id='par_1_13' title="bbox 2274 1373 3869 1906">
     <span class='ocr_line' id='line_1_68' title="bbox 2405 1373 3860 1464; baseline -0.001 -21"><span class='ocrx_word' id='word_1_346' title='bbox 2405 1380 2472 1444; x_wconf 90' lang='grc'>5.</span> <span class='ocrx_word' id='word_1_347' title='bbox 2519 1377 2617 1442; x_wconf 73' lang='lat' dir='ltr'>An</span> <span class='ocrx_word' id='word_1_348' title='bbox 2674 1374 3024 1464; x_wconf 85' lang='lat' dir='ltr'>Episcopus</span> <span class='ocrx_word' id='word_1_349' title='bbox 3086 1373 3362 1444; x_wconf 89' lang='lat' dir='ltr'>tolerare</span> <span class='ocrx_word' id='word_1_350' title='bbox 3421 1377 3614 1462; x_wconf 84' lang='lat' dir='ltr'>possit</span> <span class='ocrx_word' id='word_1_351' title='bbox 3670 1374 3860 1461; x_wconf 75' lang='lat' dir='ltr'>quod</span> 
     </span>
     <span class='ocr_line' id='line_1_69' title="bbox 2275 1462 3862 1543; baseline -0.003 -12"><span class='ocrx_word' id='word_1_352' title='bbox 2275 1464 2501 1534; x_wconf 89' lang='lat' dir='ltr'>diebus</span> <span class='ocrx_word' id='word_1_353' title='bbox 2545 1462 2911 1542; x_wconf 84' lang='lat' dir='ltr'>Dominicis,</span> <span class='ocrx_word' id='word_1_354' title='bbox 2959 1474 3105 1530; x_wconf 86' lang='lat' dir='ltr'>ante</span> <span class='ocrx_word' id='word_1_355' title='bbox 3152 1463 3396 1532; x_wconf 68' lang='lat' dir='ltr'>Missam</span> <span class='ocrx_word' id='word_1_356' title='bbox 3451 1467 3862 1543; x_wconf 72' lang='lat' dir='ltr'>Conventus·</span> 
     </span>
     <span class='ocr_line' id='line_1_70' title="bbox 2276 1550 3864 1639; baseline -0.001 -21"><span class='ocrx_word' id='word_1_357' title='bbox 2276 1552 2429 1639; x_wconf 88' lang='lat' dir='ltr'>lem,</span> <span class='ocrx_word' id='word_1_358' title='bbox 2478 1571 2606 1621; x_wconf 89' lang='lat' dir='ltr'>non</span> <span class='ocrx_word' id='word_1_359' title='bbox 2667 1551 2804 1638; x_wconf 91' lang='lat' dir='ltr'>ipse</span> <span class='ocrx_word' id='word_1_360' title='bbox 2861 1550 3206 1618; x_wconf 87' lang='lat' dir='ltr'>Celebrans</span> <span class='ocrx_word' id='word_1_361' title='bbox 3263 1553 3377 1619; x_wconf 90' lang='lat' dir='ltr'>sed</span> <span class='ocrx_word' id='word_1_362' title='bbox 3441 1552 3602 1618; x_wconf 86' lang='lat' dir='ltr'>inter</span> <span class='ocrx_word' id='word_1_363' title='bbox 3653 1554 3864 1619; x_wconf 84' lang='lat' dir='ltr'>cano-</span> 
     </span>
     <span class='ocr_line' id='line_1_71' title="bbox 2274 1639 3865 1813; baseline -0.001 -19"><span class='ocrx_word' id='word_1_364' title='bbox 2274 1641 2741 1797; x_wconf 55' lang='lat' dir='ltr'>{mufffi</span> <span class='ocrx_word' id='word_1_365' title='bbox 2784 1658 2985 1794; x_wconf 59' lang='lat'>{333⁰</span> <span class='ocrx_word' id='word_1_366' title='bbox 3024 1639 3306 1795; x_wconf 56' lang='lat' dir='ltr'>lamii?</span> <span class='ocrx_word' id='word_1_367' title='bbox 3351 1639 3581 1796; x_wconf 52' lang='lat'>{2⁶53</span> <span class='ocrx_word' id='word_1_368' title='bbox 3636 1660 3865 1813; x_wconf 57' lang='lat'>3⁹33</span> 
     </span>
     <span class='ocr_line' id='line_1_72' title="bbox 2274 1813 3869 1906; baseline -0.001 -23"><span class='ocrx_word' id='word_1_369' title='bbox 2274 1818 2703 1906; x_wconf 86' lang='lat' dir='ltr'>aspersionem</span> <span class='ocrx_word' id='word_1_370' title='bbox 2749 1834 2897 1883; x_wconf 89' lang='lat' dir='ltr'>cum</span> <span class='ocrx_word' id='word_1_371' title='bbox 2931 1834 3088 1902; x_wconf 89' lang='lat' dir='ltr'>aqua</span> <span class='ocrx_word' id='word_1_372' title='bbox 3133 1829 3431 1885; x_wconf 88' lang='lat' dir='ltr'>recenter</span> <span class='ocrx_word' id='word_1_373' title='bbox 3476 1813 3869 1884; x_wconf 73' lang='lat' dir='ltr'>benedicta?</span> 
     </span>
    </p>

    <p class='ocr_par' dir='ltr' id='par_1_14' title="bbox 2272 1902 3870 2501">
     <span class='ocr_line' id='line_1_73' title="bbox 2405 1902 3866 1992; baseline -0.003 -19"><span class='ocrx_word' id='word_1_374' title='bbox 2405 1910 2472 1973; x_wconf 87' lang='lat'>6.</span> <span class='ocrx_word' id='word_1_375' title='bbox 2524 1907 2619 1972; x_wconf 77' lang='lat' dir='ltr'>An</span> <span class='ocrx_word' id='word_1_376' title='bbox 2676 1902 3031 1992; x_wconf 84' lang='lat' dir='ltr'>Episcopus</span> <span class='ocrx_word' id='word_1_377' title='bbox 3093 1902 3366 1971; x_wconf 91' lang='lat' dir='ltr'>tolerare</span> <span class='ocrx_word' id='word_1_378' title='bbox 3426 1902 3619 1991; x_wconf 86' lang='lat' dir='ltr'>possit</span> <span class='ocrx_word' id='word_1_379' title='bbox 3671 1903 3866 1989; x_wconf 86' lang='lat' dir='ltr'>quod</span> 
     </span>
     <span class='ocr_line' id='line_1_74' title="bbox 2272 1990 3869 2061; baseline -0.003 -1"><span class='ocrx_word' id='word_1_380' title='bbox 2272 1991 2570 2061; x_wconf 82' lang='lat' dir='ltr'>Canonici</span> <span class='ocrx_word' id='word_1_381' title='bbox 2615 1992 2860 2060; x_wconf 67' lang='lat' dir='ltr'>Missam</span> <span class='ocrx_word' id='word_1_382' title='bbox 2905 1993 3261 2058; x_wconf 91' lang='lat' dir='ltr'>solemnem</span> <span class='ocrx_word' id='word_1_383' title='bbox 3306 2011 3455 2061; x_wconf 91' lang='lat' dir='ltr'>cum</span> <span class='ocrx_word' id='word_1_384' title='bbox 3485 1990 3763 2058; x_wconf 83' lang='lat' dir='ltr'>Diacono</span> <span class='ocrx_word' id='word_1_385' title='bbox 3800 2003 3869 2056; x_wconf 89' lang='lat' dir='ltr'>et</span> 
     </span>
     <span class='ocr_line' id='line_1_75' title="bbox 2278 2077 3868 2165; baseline -0.003 -16"><span class='ocrx_word' id='word_1_386' title='bbox 2278 2081 2676 2150; x_wconf 86' lang='lat' dir='ltr'>subdiacono</span> <span class='ocrx_word' id='word_1_387' title='bbox 2706 2077 3047 2165; x_wconf 87' lang='lat' dir='ltr'>aliquando</span> <span class='ocrx_word' id='word_1_388' title='bbox 3086 2091 3344 2148; x_wconf 88' lang='lat' dir='ltr'>cantent</span> <span class='ocrx_word' id='word_1_389' title='bbox 3372 2078 3546 2147; x_wconf 88' lang='lat' dir='ltr'>nulla</span> <span class='ocrx_word' id='word_1_390' title='bbox 3575 2078 3868 2147; x_wconf 85' lang='lat' dir='ltr'>adhibita</span> 
     </span>
     <span class='ocr_line' id='line_1_76' title="bbox 2277 2167 3867 2256; baseline -0.001 -21"><span class='ocrx_word' id='word_1_391' title='bbox 2277 2168 2732 2253; x_wconf 89' lang='lat' dir='ltr'>incensatione,</span> <span class='ocrx_word' id='word_1_392' title='bbox 2780 2177 2847 2234; x_wconf 92' lang='lat' dir='ltr'>et</span> <span class='ocrx_word' id='word_1_393' title='bbox 2890 2187 3078 2255; x_wconf 88' lang='lat' dir='ltr'>saepe</span> <span class='ocrx_word' id='word_1_394' title='bbox 3121 2169 3376 2256; x_wconf 88' lang='lat' dir='ltr'>saepius</span> <span class='ocrx_word' id='word_1_395' title='bbox 3420 2167 3484 2235; x_wconf 91' lang='lat' dir='ltr'>id</span> <span class='ocrx_word' id='word_1_396' title='bbox 3531 2167 3768 2235; x_wconf 85' lang='lat' dir='ltr'>faciant</span> <span class='ocrx_word' id='word_1_397' title='bbox 3801 2167 3867 2233; x_wconf 90' lang='lat' dir='ltr'>in</span> 
     </span>
     <span class='ocr_line' id='line_1_77' title="bbox 2277 2254 3870 2344; baseline -0.005 -18"><span class='ocrx_word' id='word_1_398' title='bbox 2277 2257 2472 2326; x_wconf 69' lang='lat' dir='ltr'>Missis</span> <span class='ocrx_word' id='word_1_399' title='bbox 2517 2258 2601 2324; x_wconf 92' lang='lat' dir='ltr'>de</span> <span class='ocrx_word' id='word_1_400' title='bbox 2645 2254 2959 2344; x_wconf 81' lang='lat' dir='ltr'>Requiem</span> <span class='ocrx_word' id='word_1_401' title='bbox 3005 2257 3266 2323; x_wconf 88' lang='lat' dir='ltr'>cantatis</span> <span class='ocrx_word' id='word_1_402' title='bbox 3312 2274 3458 2323; x_wconf 91' lang='lat' dir='ltr'>cum</span> <span class='ocrx_word' id='word_1_403' title='bbox 3509 2255 3870 2322; x_wconf 85' lang='lat' dir='ltr'>assistentia</span> 
     </span>
     <span class='ocr_line' id='line_1_78' title="bbox 2278 2343 3870 2499; baseline -0.002 -86"><span class='ocrx_word' id='word_1_404' title='bbox 2278 2344 2528 2499; x_wconf 45' lang='lat' dir='ltr'>Diacogii</span> <span class='ocrx_word' id='word_1_405' title='bbox 2576 2356 2643 2412; x_wconf 89' lang='lat' dir='ltr'>et</span> <span class='ocrx_word' id='word_1_406' title='bbox 2685 2343 3090 2423; x_wconf 86' lang='lat' dir='ltr'>subdiaconi,</span> <span class='ocrx_word' id='word_1_407' title='bbox 3130 2345 3240 2430; x_wconf 87' lang='lat' dir='ltr'>qui</span> <span class='ocrx_word' id='word_1_408' title='bbox 3269 2362 3532 2431; x_wconf 85' lang='lat' dir='ltr'>semper</span> <span class='ocrx_word' id='word_1_409' title='bbox 3559 2343 3870 2412; x_wconf 81' lang='lat' dir='ltr'>Canonici</span> 
     </span>
     <span class='ocr_line' id='line_1_79' title="bbox 2282 2444 2432 2501; baseline -0.007 0"><span class='ocrx_word' id='word_1_410' title='bbox 2282 2444 2432 2501; x_wconf 81' lang='lat' dir='ltr'>sunt</span> 
     </span>
    </p>

    <p class='ocr_par' dir='ltr' id='par_1_15' title="bbox 2275 2519 3873 3295">
     <span class='ocr_line' id='line_1_80' title="bbox 2406 2519 3869 2600; baseline -0.001 -12"><span class='ocrx_word' id='word_1_411' title='bbox 2406 2523 2613 2600; x_wconf 85' lang='lat' dir='ltr'>Quum</span> <span class='ocrx_word' id='word_1_412' title='bbox 2680 2530 2935 2600; x_wconf 85' lang='lat' dir='ltr'>autem,</span> <span class='ocrx_word' id='word_1_413' title='bbox 3007 2519 3406 2588; x_wconf 89' lang='lat' dir='ltr'>Sanctissimo</span> <span class='ocrx_word' id='word_1_414' title='bbox 3474 2524 3547 2587; x_wconf 91' lang='lat' dir='ltr'>D.</span> <span class='ocrx_word' id='word_1_415' title='bbox 3607 2521 3686 2586; x_wconf 85' lang='lat' dir='ltr'>N.</span> <span class='ocrx_word' id='word_1_416' title='bbox 3755 2521 3869 2586; x_wconf 86' lang='lat' dir='ltr'>Pio</span> 
     </span>
     <span class='ocr_line' id='line_1_81' title="bbox 2275 2607 3872 2700; baseline -0.002 -23"><span class='ocrx_word' id='word_1_417' title='bbox 2275 2615 2435 2700; x_wconf 86' lang='lat' dir='ltr'>Papa</span> <span class='ocrx_word' id='word_1_418' title='bbox 2468 2611 2551 2676; x_wconf 82' lang='lat' dir='ltr'>tx</span> <span class='ocrx_word' id='word_1_419' title='bbox 2580 2607 2865 2693; x_wconf 88' lang='lat' dir='ltr'>iubente,</span> <span class='ocrx_word' id='word_1_420' title='bbox 2915 2607 3269 2676; x_wconf 86' lang='lat' dir='ltr'>istiusmodi</span> <span class='ocrx_word' id='word_1_421' title='bbox 3315 2607 3504 2677; x_wconf 86' lang='lat' dir='ltr'>dubia</span> <span class='ocrx_word' id='word_1_422' title='bbox 3534 2628 3567 2672; x_wconf 91' lang='lat' dir='ltr'>a</span> <span class='ocrx_word' id='word_1_423' title='bbox 3597 2610 3664 2679; x_wconf 87' lang='lat' dir='ltr'>S.</span> <span class='ocrx_word' id='word_1_424' title='bbox 3693 2612 3872 2675; x_wconf 84' lang='lat' dir='ltr'>con·</span> 
     </span>
     <span class='ocr_line' id='line_1_82' title="bbox 2277 2695 3873 2796; baseline -0.003 -32"><span class='ocrx_word' id='word_1_425' title='bbox 2277 2696 2650 2784; x_wconf 83' lang='lat' dir='ltr'>gregatione</span> <span class='ocrx_word' id='word_1_426' title='bbox 2681 2695 2944 2766; x_wconf 89' lang='lat' dir='ltr'>concilii</span> <span class='ocrx_word' id='word_1_427' title='bbox 2983 2697 3068 2769; x_wconf 86' lang='lat' dir='ltr'>ad</span> <span class='ocrx_word' id='word_1_428' title='bbox 3094 2696 3255 2764; x_wconf 92' lang='lat' dir='ltr'>hanc</span> <span class='ocrx_word' id='word_1_429' title='bbox 3287 2699 3352 2766; x_wconf 89' lang='lat' dir='ltr'>s.</span> <span class='ocrx_word' id='word_1_430' title='bbox 3383 2700 3461 2764; x_wconf 79' lang='lat' dir='ltr'>R.</span> <span class='ocrx_word' id='word_1_431' title='bbox 3487 2699 3561 2764; x_wconf 86' lang='lat' dir='ltr'>c.</span> <span class='ocrx_word' id='word_1_432' title='bbox 3595 2716 3715 2785; x_wconf 90' lang='lat' dir='ltr'>pro</span> <span class='ocrx_word' id='word_1_433' title='bbox 3753 2716 3873 2796; x_wconf 76' lang='lat' dir='ltr'>op-</span> 
     </span>
     <span class='ocr_line' id='line_1_83' title="bbox 2276 2783 3872 2874; baseline -0.003 -20"><span class='ocrx_word' id='word_1_434' title='bbox 2276 2797 2551 2874; x_wconf 89' lang='lat' dir='ltr'>portuna</span> <span class='ocrx_word' id='word_1_435' title='bbox 2595 2784 2914 2853; x_wconf 85' lang='lat' dir='ltr'>solutione</span> <span class='ocrx_word' id='word_1_436' title='bbox 2960 2784 3197 2852; x_wconf 92' lang='lat' dir='ltr'>fuerint</span> <span class='ocrx_word' id='word_1_437' title='bbox 3243 2783 3635 2870; x_wconf 77' lang='lat' dir='ltr'>transmissa,</span> <span class='ocrx_word' id='word_1_438' title='bbox 3685 2787 3872 2851; x_wconf 79' lang='lat' dir='ltr'>Emi·</span> 
     </span>
     <span class='ocr_line' id='line_1_84' title="bbox 2279 2870 3872 2942; baseline -0.003 0"><span class='ocrx_word' id='word_1_439' title='bbox 2279 2872 2631 2942; x_wconf 88' lang='lat' dir='ltr'>nentissimi</span> <span class='ocrx_word' id='word_1_440' title='bbox 2693 2884 2760 2941; x_wconf 90' lang='lat' dir='ltr'>et</span> <span class='ocrx_word' id='word_1_441' title='bbox 2817 2870 3353 2941; x_wconf 78' lang='lat' dir='ltr'>Reverendissimi</span> <span class='ocrx_word' id='word_1_442' title='bbox 3399 2876 3613 2939; x_wconf 83' lang='lat' dir='ltr'>Patres</span> <span class='ocrx_word' id='word_1_443' title='bbox 3668 2873 3872 2938; x_wconf 82' lang='lat' dir='ltr'>sacris</span> 
     </span>
     <span class='ocr_line' id='line_1_85' title="bbox 2277 2958 3873 3050; baseline -0.002 -19"><span class='ocrx_word' id='word_1_444' title='bbox 2277 2962 2533 3031; x_wconf 86' lang='lat' dir='ltr'>tuendis</span> <span class='ocrx_word' id='word_1_445' title='bbox 2579 2960 2822 3029; x_wconf 81' lang='lat' dir='ltr'>Ritibus</span> <span class='ocrx_word' id='word_1_446' title='bbox 2871 2960 3213 3050; x_wconf 87' lang='lat' dir='ltr'>praepositi</span> <span class='ocrx_word' id='word_1_447' title='bbox 3261 2960 3323 3029; x_wconf 92' lang='lat' dir='ltr'>in</span> <span class='ocrx_word' id='word_1_448' title='bbox 3367 2958 3710 3030; x_wconf 68' lang='lat' dir='ltr'>ordina-iis</span> <span class='ocrx_word' id='word_1_449' title='bbox 3750 2960 3873 3028; x_wconf 84' lang='lat' dir='ltr'>hu-</span> 
     </span>
     <span class='ocr_line' id='line_1_86' title="bbox 2281 3049 3872 3135; baseline -0.003 -16"><span class='ocrx_word' id='word_1_450' title='bbox 2281 3052 2377 3119; x_wconf 92' lang='lat' dir='ltr'>ius</span> <span class='ocrx_word' id='word_1_451' title='bbox 2423 3051 2550 3121; x_wconf 90' lang='lat' dir='ltr'>diei</span> <span class='ocrx_word' id='word_1_452' title='bbox 2596 3050 2883 3118; x_wconf 88' lang='lat' dir='ltr'>comitiis</span> <span class='ocrx_word' id='word_1_453' title='bbox 2925 3049 3005 3117; x_wconf 89' lang='lat' dir='ltr'>ad</span> <span class='ocrx_word' id='word_1_454' title='bbox 3052 3050 3417 3130; x_wconf 81' lang='lat' dir='ltr'>Vaticanum</span> <span class='ocrx_word' id='word_1_455' title='bbox 3463 3049 3716 3135; x_wconf 84' lang='lat' dir='ltr'>habitis,</span> <span class='ocrx_word' id='word_1_456' title='bbox 3766 3067 3872 3114; x_wconf 87' lang='lat' dir='ltr'>re·</span> 
     </span>
     <span class='ocr_line' id='line_1_87' title="bbox 2281 3137 3873 3226; baseline -0.001 -20"><span class='ocrx_word' id='word_1_457' title='bbox 2281 3140 2530 3207; x_wconf 90' lang='lat' dir='ltr'>ferente</span> <span class='ocrx_word' id='word_1_458' title='bbox 2551 3137 2907 3224; x_wconf 88' lang='lat' dir='ltr'>subscripto</span> <span class='ocrx_word' id='word_1_459' title='bbox 2933 3138 3311 3221; x_wconf 85' lang='lat' dir='ltr'>Secretario,</span> <span class='ocrx_word' id='word_1_460' title='bbox 3341 3137 3873 3226; x_wconf 82' lang='lat' dir='ltr'>respondendum</span> 
     </span>
     <span class='ocr_line' id='line_1_88' title="bbox 2282 3229 2647 3295; baseline -0.008 0"><span class='ocrx_word' id='word_1_461' title='bbox 2282 3229 2647 3295; x_wconf 78' lang='lat' dir='ltr'>duxerunt:</span> 
     </span>
    </p>
   </div>
   <div class='ocr_carea' id='block_1_7' title="bbox 2413 3313 4004 3402">
    <p class='ocr_par' dir='ltr' id='par_1_16' title="bbox 2413 3313 4004 3402">
     <span class='ocr_line' id='line_1_89' title="bbox 2413 3313 4004 3402; baseline -0.002 -22"><span class='ocrx_word' id='word_1_462' title='bbox 2413 3314 2510 3381; x_wconf 82' lang='lat' dir='ltr'>Ad</span> <span class='ocrx_word' id='word_1_463' title='bbox 2550 3318 2613 3381; x_wconf 85' lang='grc'>1.</span> <span class='ocrx_word' id='word_1_464' title='bbox 2646 3335 2684 3379; x_wconf 67' lang='grc' dir='ltr'><strong><em>ι</em></strong></span> <span class='ocrx_word' id='word_1_465' title='bbox 2712 3313 3056 3400; x_wconf 80' lang='lat' dir='ltr'>Negative3</span> <span class='ocrx_word' id='word_1_466' title='bbox 3097 3325 3165 3381; x_wconf 91' lang='lat' dir='ltr'>et</span> <span class='ocrx_word' id='word_1_467' title='bbox 3196 3314 3535 3382; x_wconf 82' lang='lat' dir='ltr'>servandas</span> <span class='ocrx_word' id='word_1_468' title='bbox 3565 3332 3711 3379; x_wconf 88' lang='lat' dir='ltr'>esse</span> <span class='ocrx_word' id='word_1_469' title='bbox 3739 3316 3870 3381; x_wconf 79' lang='lat' dir='ltr'>Ru·</span> <span class='ocrx_word' id='word_1_470' title='bbox 4003 3397 4004 3402; x_wconf 6' lang='grc' dir='ltr'><strong>Ἰ</strong></span> 
     </span>
    </p>
   </div>
   <div class='ocr_carea' id='block_1_8' title="bbox 2280 3403 3870 4458">
    <p class='ocr_par' dir='ltr' id='par_1_17' title="bbox 2283 3403 2583 3470">
     <span class='ocr_line' id='line_1_90' title="bbox 2283 3403 2583 3470; baseline -0.01 0"><span class='ocrx_word' id='word_1_471' title='bbox 2283 3403 2484 3470; x_wconf 69' lang='lat' dir='ltr'>bric-‚as</span> <span class='ocrx_word' id='word_1_472' title='bbox 2515 3424 2583 3468; x_wconf 60' lang='grc' dir='ltr'>ν.</span> 
     </span>
    </p>

    <p class='ocr_par' dir='ltr' id='par_1_18' title="bbox 2280 3488 3868 3668">
     <span class='ocr_line' id='line_1_91' title="bbox 2411 3488 3868 3578; baseline -0.003 -20"><span class='ocrx_word' id='word_1_473' title='bbox 2411 3490 2507 3558; x_wconf 82' lang='lat' dir='ltr'>Ad</span> <span class='ocrx_word' id='word_1_474' title='bbox 2534 3494 2598 3557; x_wconf 75' lang='lat'>2.</span> <span class='ocrx_word' id='word_1_475' title='bbox 2634 3511 2672 3555; x_wconf 67' lang='grc' dir='ltr'><strong><em>ι</em></strong></span> <span class='ocrx_word' id='word_1_476' title='bbox 2694 3490 3034 3575; x_wconf 89' lang='lat' dir='ltr'>Negative;</span> <span class='ocrx_word' id='word_1_477' title='bbox 3064 3499 3129 3557; x_wconf 92' lang='lat' dir='ltr'>et</span> <span class='ocrx_word' id='word_1_478' title='bbox 3150 3488 3490 3556; x_wconf 88' lang='lat' dir='ltr'>servandas</span> <span class='ocrx_word' id='word_1_479' title='bbox 3514 3509 3656 3556; x_wconf 89' lang='lat' dir='ltr'>esse</span> <span class='ocrx_word' id='word_1_480' title='bbox 3681 3507 3868 3578; x_wconf 86' lang='lat' dir='ltr'>prae-</span> 
     </span>
     <span class='ocr_line' id='line_1_92' title="bbox 2280 3576 3788 3668; baseline -0.001 -24"><span class='ocrx_word' id='word_1_481' title='bbox 2280 3577 2657 3668; x_wconf 88' lang='lat' dir='ltr'>scriptiones</span> <span class='ocrx_word' id='word_1_482' title='bbox 2701 3577 3190 3645; x_wconf 89' lang='lat' dir='ltr'>caeremonialis</span> <span class='ocrx_word' id='word_1_483' title='bbox 3220 3576 3689 3665; x_wconf 84' lang='lat' dir='ltr'>Episcoporum</span> <span class='ocrx_word' id='word_1_484' title='bbox 3715 3599 3788 3643; x_wconf 80' lang='lat'>».</span> 
     </span>
    </p>

    <p class='ocr_par' dir='ltr' id='par_1_19' title="bbox 2282 3663 3869 3998">
     <span class='ocr_line' id='line_1_93' title="bbox 2410 3663 3868 3753; baseline -0.004 -17"><span class='ocrx_word' id='word_1_485' title='bbox 2410 3666 2506 3736; x_wconf 80' lang='lat' dir='ltr'>Ad</span> <span class='ocrx_word' id='word_1_486' title='bbox 2553 3670 2616 3733; x_wconf 81' lang='lat'>3.</span> <span class='ocrx_word' id='word_1_487' title='bbox 2668 3686 2706 3730; x_wconf 67' lang='grc' dir='ltr'><strong><em>ι</em></strong></span> <span class='ocrx_word' id='word_1_488' title='bbox 2738 3663 3084 3753; x_wconf 83' lang='lat' dir='ltr'>Negative;</span> <span class='ocrx_word' id='word_1_489' title='bbox 3119 3676 3185 3733; x_wconf 93' lang='lat' dir='ltr'>et</span> <span class='ocrx_word' id='word_1_490' title='bbox 3223 3666 3602 3742; x_wconf 79' lang='lat' dir='ltr'>observetur</span> <span class='ocrx_word' id='word_1_491' title='bbox 3632 3669 3868 3732; x_wconf 88' lang='lat' dir='ltr'>Decre-</span> 
     </span>
     <span class='ocr_line' id='line_1_94' title="bbox 2282 3751 3869 3835; baseline -0.001 -14"><span class='ocrx_word' id='word_1_492' title='bbox 2282 3767 2420 3822; x_wconf 90' lang='lat' dir='ltr'>tum</span> <span class='ocrx_word' id='word_1_493' title='bbox 2464 3754 2596 3821; x_wconf 90' lang='lat' dir='ltr'>diei</span> <span class='ocrx_word' id='word_1_494' title='bbox 2642 3757 2722 3821; x_wconf 85' lang='grc'>18</span> <span class='ocrx_word' id='word_1_495' title='bbox 2752 3752 3120 3820; x_wconf 86' lang='lat' dir='ltr'>Decembris</span> <span class='ocrx_word' id='word_1_496' title='bbox 3170 3756 3362 3835; x_wconf 74' lang='lat'>1784,</span> <span class='ocrx_word' id='word_1_497' title='bbox 3409 3751 3476 3822; x_wconf 91' lang='lat' dir='ltr'>in</span> <span class='ocrx_word' id='word_1_498' title='bbox 3522 3773 3646 3821; x_wconf 90' lang='lat' dir='ltr'>una</span> <span class='ocrx_word' id='word_1_499' title='bbox 3691 3754 3869 3821; x_wconf 82' lang='lat' dir='ltr'>Salu-</span> 
     </span>
     <span class='ocr_line' id='line_1_95' title="bbox 2284 3840 3628 3998; baseline -0.002 -89"><span class='ocrx_word' id='word_1_500' title='bbox 2284 3844 2512 3998; x_wconf 55' lang='lat' dir='ltr'>tiariffiii</span> <span class='ocrx_word' id='word_1_501' title='bbox 2544 3841 2620 3996; x_wconf 53' lang='lat' dir='ltr'>{n</span> <span class='ocrx_word' id='word_1_502' title='bbox 2665 3841 3080 3995; x_wconf 50' lang='grc' dir='ltr'>νῧεροιίξὶοιιθ</span> <span class='ocrx_word' id='word_1_503' title='bbox 3127 3842 3205 3909; x_wconf 91' lang='lat' dir='ltr'>ad</span> <span class='ocrx_word' id='word_1_504' title='bbox 3252 3840 3531 3927; x_wconf 90' lang='lat' dir='ltr'>primum</span> <span class='ocrx_word' id='word_1_505' title='bbox 3563 3864 3628 3907; x_wconf 60' lang='grc' dir='ltr'>ν.</span> 
     </span>
    </p>

    <p class='ocr_par' dir='ltr' id='par_1_20' title="bbox 2589 3949 3109 3997">
     <span class='ocr_line' id='line_1_96' title="bbox 2589 3949 3109 3997; baseline 0.006 -4"><span class='ocrx_word' id='word_1_506' title='bbox 2589 3976 2606 3993; x_wconf 91' lang='grc'><strong>.</strong></span> <span class='ocrx_word' id='word_1_507' title='bbox 2641 3950 2679 3994; x_wconf 67' lang='grc' dir='ltr'><strong><em>ι</em></strong></span> <span class='ocrx_word' id='word_1_508' title='bbox 2760 3949 2796 3996; x_wconf 92' lang='lat' dir='ltr'>e</span> <span class='ocrx_word' id='word_1_509' title='bbox 2843 3951 2877 3997; x_wconf 90' lang='lat' dir='ltr'>a</span> <span class='ocrx_word' id='word_1_510' title='bbox 2911 3949 3010 3996; x_wconf 78' lang='lat' dir='ltr'>ive</span> <span class='ocrx_word' id='word_1_511' title='bbox 3046 3951 3109 3996; x_wconf 70' lang='lat' dir='ltr'>s.</span> 
     </span>
    </p>

    <p class='ocr_par' dir='ltr' id='par_1_21' title="bbox 2281 3946 3868 4262">
     <span class='ocr_line' id='line_1_97' title="bbox 2410 3946 3868 4105; baseline -0.002 -21"><span class='ocrx_word' id='word_1_512' title='bbox 2410 4020 2507 4086; x_wconf 79' lang='lat' dir='ltr'>Ad</span> <span class='ocrx_word' id='word_1_513' title='bbox 2555 4022 2618 4084; x_wconf 88' lang='grc'>5.</span> <span class='ocrx_word' id='word_1_514' title='bbox 2672 4039 2710 4079; x_wconf 66' lang='grc' dir='ltr'>ι</span> <span class='ocrx_word' id='word_1_515' title='bbox 2742 3946 3074 4105; x_wconf 62' lang='grc' dir='ltr'>Νξμιίνθ,</span> <span class='ocrx_word' id='word_1_516' title='bbox 3117 4017 3329 4105; x_wconf 81' lang='lat' dir='ltr'>‘quoad</span> <span class='ocrx_word' id='word_1_517' title='bbox 3439 4016 3669 4083; x_wconf 89' lang='lat' dir='ltr'>rimam</span> <span class='ocrx_word' id='word_1_518' title='bbox 3731 4036 3868 4105; x_wconf 87' lang='lat' dir='ltr'>par-</span> 
     </span>
     <span class='ocr_line' id='line_1_98' title="bbox 2281 4107 3868 4193; baseline -0.001 -20"><span class='ocrx_word' id='word_1_519' title='bbox 2281 4118 2452 4185; x_wconf 90' lang='lat' dir='ltr'>tem;</span> <span class='ocrx_word' id='word_1_520' title='bbox 2489 4107 2697 4193; x_wconf 91' lang='lat' dir='ltr'>quoad</span> <span class='ocrx_word' id='word_1_521' title='bbox 2729 4107 3102 4189; x_wconf 89' lang='lat' dir='ltr'>secundam,</span> <span class='ocrx_word' id='word_1_522' title='bbox 3135 4122 3362 4171; x_wconf 82' lang='lat' dir='ltr'>servan</span> <span class='ocrx_word' id='word_1_523' title='bbox 3409 4120 3509 4171; x_wconf 91' lang='lat' dir='ltr'>am</span> <span class='ocrx_word' id='word_1_524' title='bbox 3543 4122 3686 4171; x_wconf 89' lang='lat' dir='ltr'>esse</span> <span class='ocrx_word' id='word_1_525' title='bbox 3720 4124 3868 4171; x_wconf 84' lang='lat' dir='ltr'>con·</span> 
     </span>
     <span class='ocr_line' id='line_1_99' title="bbox 2281 4195 2792 4262; baseline 0 -2"><span class='ocrx_word' id='word_1_526' title='bbox 2281 4195 2693 4262; x_wconf 86' lang='lat' dir='ltr'>suetudinem</span> <span class='ocrx_word' id='word_1_527' title='bbox 2727 4216 2792 4260; x_wconf 58' lang='grc' dir='ltr'>ν.</span> 
     </span>
    </p>

    <p class='ocr_par' dir='ltr' id='par_1_22' title="bbox 2410 4282 3148 4370">
     <span class='ocr_line' id='line_1_100' title="bbox 2410 4282 3148 4370; baseline 0.001 -22"><span class='ocrx_word' id='word_1_528' title='bbox 2410 4282 2508 4350; x_wconf 78' lang='lat' dir='ltr'>Ad</span> <span class='ocrx_word' id='word_1_529' title='bbox 2553 4285 2622 4348; x_wconf 88' lang='grc'>6.</span> <span class='ocrx_word' id='word_1_530' title='bbox 2671 4305 2709 4345; x_wconf 65' lang='grc' dir='ltr'><strong><em>ι</em></strong></span> <span class='ocrx_word' id='word_1_531' title='bbox 2743 4283 3053 4370; x_wconf 88' lang='lat' dir='ltr'>Negative</span> <span class='ocrx_word' id='word_1_532' title='bbox 3087 4304 3148 4349; x_wconf 69' lang='lat' dir='ltr'>s.</span> 
     </span>
    </p>

    <p class='ocr_par' dir='ltr' id='par_1_23' title="bbox 2413 4369 3870 4458">
     <span class='ocr_line' id='line_1_101' title="bbox 2413 4369 3870 4458; baseline 0.001 -23"><span class='ocrx_word' id='word_1_533' title='bbox 2413 4372 2623 4457; x_wconf 76' lang='lat' dir='ltr'>Atque</span> <span class='ocrx_word' id='word_1_534' title='bbox 2670 4372 2752 4437; x_wconf 92' lang='lat' dir='ltr'>ita</span> <span class='ocrx_word' id='word_1_535' title='bbox 2799 4373 2982 4437; x_wconf 89' lang='lat' dir='ltr'>sacra</span> <span class='ocrx_word' id='word_1_536' title='bbox 3012 4371 3274 4438; x_wconf 85' lang='lat' dir='ltr'>Ritnum</span> <span class='ocrx_word' id='word_1_537' title='bbox 3306 4369 3742 4458; x_wconf 90' lang='lat' dir='ltr'>congregatio</span> <span class='ocrx_word' id='word_1_538' title='bbox 3773 4390 3870 4437; x_wconf 86' lang='lat' dir='ltr'>re·</span> 
     </span>
    </p>
   </div>
   <div class='ocr_carea' id='block_1_9' title="bbox 2280 4458 4004 4548">
    <p class='ocr_par' dir='ltr' id='par_1_24' title="bbox 2280 4458 4004 4548">
     <span class='ocr_line' id='line_1_102' title="bbox 2280 4458 4004 4548; baseline -0.001 -23"><span class='ocrx_word' id='word_1_539' title='bbox 2280 4458 2560 4525; x_wconf 90' lang='lat' dir='ltr'>scribere</span> <span class='ocrx_word' id='word_1_540' title='bbox 2609 4470 2737 4525; x_wconf 88' lang='lat' dir='ltr'>rata</span> <span class='ocrx_word' id='word_1_541' title='bbox 2785 4469 2881 4524; x_wconf 88' lang='lat' dir='ltr'>est</span> <span class='ocrx_word' id='word_1_542' title='bbox 2927 4469 2995 4524; x_wconf 93' lang='lat' dir='ltr'>et</span> <span class='ocrx_word' id='word_1_543' title='bbox 3040 4459 3361 4548; x_wconf 86' lang='lat' dir='ltr'>proposita</span> <span class='ocrx_word' id='word_1_544' title='bbox 3406 4458 3600 4526; x_wconf 90' lang='lat' dir='ltr'>dubia</span> <span class='ocrx_word' id='word_1_545' title='bbox 3658 4458 3869 4526; x_wconf 87' lang='lat' dir='ltr'>decla·</span> <span class='ocrx_word' id='word_1_546' title='bbox 4003 4493 4004 4532; x_wconf 41' lang='lat' dir='ltr'>i</span> 
     </span>
    </p>
   </div>
   <div class='ocr_carea' id='block_1_10' title="bbox 2284 4566 3326 4703">
    <p class='ocr_par' dir='ltr' id='par_1_25' title="bbox 2284 4566 3326 4703">
     <span class='ocr_line' id='line_1_103' title="bbox 2284 4566 3326 4703; baseline 0.001 -2"><span class='ocrx_word' id='word_1_547' title='bbox 2284 4566 2525 4701; x_wconf 34' lang='lat' dir='ltr'>rm‘el-Die</span> <span class='ocrx_word' id='word_1_548' title='bbox 2572 4638 2656 4702; x_wconf 76' lang='lat'>29</span> <span class='ocrx_word' id='word_1_549' title='bbox 2704 4634 3079 4702; x_wconf 84' lang='lat' dir='ltr'>Novembris</span> <span class='ocrx_word' id='word_1_550' title='bbox 3130 4638 3326 4703; x_wconf 87' lang='grc'>1856.</span> 
     </span>
    </p>
   </div>
   <div class='ocr_carea' id='block_1_11' title="bbox 2285 4774 3262 4844">
    <p class='ocr_par' dir='ltr' id='par_1_26' title="bbox 2285 4774 3262 4844">
     <span class='ocr_line' id='line_1_104' title="bbox 2285 4774 3262 4844; baseline 0.003 -4"><span class='ocrx_word' id='word_1_551' title='bbox 2285 4774 2553 4844; x_wconf 76' lang='lat'><strong>3040.</strong></span> <span class='ocrx_word' id='word_1_552' title='bbox 2888 4777 3262 4844; x_wconf 77' lang='lat' dir='ltr'>ASSlSIEN.</span> 
     </span>
    </p>
   </div>
   <div class='ocr_carea' id='block_1_12' title="bbox 2279 4899 3869 5427">
    <p class='ocr_par' dir='ltr' id='par_1_27' title="bbox 2279 4899 3869 5427">
     <span class='ocr_line' id='line_1_105' title="bbox 2413 4899 3869 5002; baseline 0.003 -37"><span class='ocrx_word' id='word_1_553' title='bbox 2413 4902 2573 4965; x_wconf 91' lang='lat' dir='ltr'>cum</span> <span class='ocrx_word' id='word_1_554' title='bbox 2605 4902 2789 4967; x_wconf 89' lang='lat' dir='ltr'>sacra</span> <span class='ocrx_word' id='word_1_555' title='bbox 2820 4899 3083 4968; x_wconf 81' lang='lat' dir='ltr'>Rituum</span> <span class='ocrx_word' id='word_1_556' title='bbox 3110 4901 3561 5002; x_wconf 86' lang='lat' dir='ltr'>congregatio,</span> <span class='ocrx_word' id='word_1_557' title='bbox 3596 4901 3661 4969; x_wconf 92' lang='lat' dir='ltr'>in</span> <span class='ocrx_word' id='word_1_558' title='bbox 3689 4904 3869 4972; x_wconf 88' lang='lat' dir='ltr'>Ordi-</span> 
     </span>
     <span class='ocr_line' id='line_1_106' title="bbox 2282 4985 3866 5058; baseline 0.004 -6"><span class='ocrx_word' id='word_1_559' title='bbox 2282 4985 2457 5052; x_wconf 88' lang='lat' dir='ltr'>nario</span> <span class='ocrx_word' id='word_1_560' title='bbox 2488 4990 2687 5056; x_wconf 91' lang='lat' dir='ltr'>coetu</span> <span class='ocrx_word' id='word_1_561' title='bbox 2721 4989 2797 5053; x_wconf 89' lang='lat' dir='ltr'>ad</span> <span class='ocrx_word' id='word_1_562' title='bbox 2834 4990 3202 5055; x_wconf 82' lang='lat' dir='ltr'>Vaticanum</span> <span class='ocrx_word' id='word_1_563' title='bbox 3249 4989 3459 5056; x_wconf 80' lang='lat' dir='ltr'>habito</span> <span class='ocrx_word' id='word_1_564' title='bbox 3494 4988 3605 5056; x_wconf 91' lang='lat' dir='ltr'>die</span> <span class='ocrx_word' id='word_1_565' title='bbox 3642 4993 3723 5057; x_wconf 80' lang='grc'>16</span> <span class='ocrx_word' id='word_1_566' title='bbox 3755 4995 3866 5058; x_wconf 79' lang='lat' dir='ltr'>Fe-</span> 
     </span>
     <span class='ocr_line' id='line_1_107' title="bbox 2285 5074 3868 5146; baseline 0.003 -6"><span class='ocrx_word' id='word_1_567' title='bbox 2285 5074 2517 5141; x_wconf 89' lang='lat' dir='ltr'>bruarii</span> <span class='ocrx_word' id='word_1_568' title='bbox 2561 5076 2872 5144; x_wconf 83' lang='lat' dir='ltr'>vertentis</span> <span class='ocrx_word' id='word_1_569' title='bbox 2918 5076 3061 5143; x_wconf 90' lang='lat' dir='ltr'>anni</span> <span class='ocrx_word' id='word_1_570' title='bbox 3101 5076 3166 5143; x_wconf 92' lang='lat' dir='ltr'>in</span> <span class='ocrx_word' id='word_1_571' title='bbox 3196 5080 3392 5144; x_wconf 89' lang='lat' dir='ltr'>causa</span> <span class='ocrx_word' id='word_1_572' title='bbox 3419 5077 3722 5145; x_wconf 75' lang='lat' dir='ltr'>Assisien.</span> <span class='ocrx_word' id='word_1_573' title='bbox 3761 5079 3868 5146; x_wconf 89' lang='lat' dir='ltr'>de-</span> 
     </span>
     <span class='ocr_line' id='line_1_108' title="bbox 2282 5162 3868 5265; baseline 0.003 -37"><span class='ocrx_word' id='word_1_574' title='bbox 2282 5163 2637 5231; x_wconf 87' lang='lat' dir='ltr'>clarationis</span> <span class='ocrx_word' id='word_1_575' title='bbox 2667 5163 3010 5232; x_wconf 90' lang='lat' dir='ltr'>dubiorum</span> <span class='ocrx_word' id='word_1_576' title='bbox 3037 5164 3360 5265; x_wconf 86' lang='lat' dir='ltr'>proposita</span> <span class='ocrx_word' id='word_1_577' title='bbox 3389 5162 3467 5229; x_wconf 92' lang='lat' dir='ltr'>ab</span> <span class='ocrx_word' id='word_1_578' title='bbox 3489 5165 3868 5233; x_wconf 76' lang='lat' dir='ltr'>Eminentia-</span> 
     </span>
     <span class='ocr_line' id='line_1_109' title="bbox 2279 5247 3866 5324; baseline 0.004 -8"><span class='ocrx_word' id='word_1_579' title='bbox 2279 5247 2440 5317; x_wconf 91' lang='lat' dir='ltr'>simo</span> <span class='ocrx_word' id='word_1_580' title='bbox 2495 5261 2561 5317; x_wconf 93' lang='lat' dir='ltr'>et</span> <span class='ocrx_word' id='word_1_581' title='bbox 2614 5251 3168 5320; x_wconf 79' lang='lat' dir='ltr'>Reverendissimo</span> <span class='ocrx_word' id='word_1_582' title='bbox 3229 5253 3497 5320; x_wconf 89' lang='lat' dir='ltr'>Domino</span> <span class='ocrx_word' id='word_1_583' title='bbox 3550 5253 3866 5324; x_wconf 87' lang='lat' dir='ltr'>cardinali</span> 
     </span>
     <span class='ocr_line' id='line_1_110' title="bbox 2282 5337 3864 5427; baseline 0.004 -24"><span class='ocrx_word' id='word_1_584' title='bbox 2282 5337 2604 5405; x_wconf 85' lang='lat' dir='ltr'>Ludovico</span> <span class='ocrx_word' id='word_1_585' title='bbox 2655 5337 2883 5407; x_wconf 78' lang='lat' dir='ltr'>Altieri</span> <span class='ocrx_word' id='word_1_586' title='bbox 2948 5343 3268 5427; x_wconf 86' lang='lat' dir='ltr'>Ponente,</span> <span class='ocrx_word' id='word_1_587' title='bbox 3330 5340 3777 5426; x_wconf 87' lang='lat' dir='ltr'>supersederit</span> <span class='ocrx_word' id='word_1_588' title='bbox 3831 5364 3864 5409; x_wconf 89' lang='lat' dir='ltr'>a</span> 
     </span>
    </p>
   </div>
   <div class='ocr_carea' id='block_1_13' title="bbox 3639 4779 4004 4867">
    <p class='ocr_par' dir='ltr' id='par_1_28' title="bbox 3639 4779 4004 4867">
     <span class='ocr_line' id='line_1_111' title="bbox 3639 4779 4004 4867; baseline 0.014 -23"><span class='ocrx_word' id='word_1_589' title='bbox 3639 4779 3864 4867; x_wconf 72' lang='lat' dir='ltr'>(caso)</span> <span class='ocrx_word' id='word_1_590' title='bbox 4003 4825 4004 4832; x_wconf 10' lang='grc' dir='ltr'><strong><em>Ν</em></strong></span> 
     </span>
    </p>
   </div>
   <div class='ocr_carea' id='block_1_14' title="bbox 4002 5037 4005 5794">
    <p class='ocr_par' dir='ltr' id='par_1_29' title="bbox 4002 5037 4005 5794">
     <span class='ocr_line' id='line_1_112' title="bbox 4002 5037 4005 5794; baseline 0 0"><span class='ocrx_word' id='word_1_591' title='bbox 4002 5037 4005 5794; x_wconf 95' lang='lat' dir='ltr'> </span> 
     </span>
    </p>
   </div>
  </div>
 </body>
</html>
