4042 5950
1537 243 2010 329 -351—

85 404 251 475 dum
295 404 528 496 aliqua
575 408 640 478 in
689 405 966 479 Ecclesia
1012 406 1480 475 conveniebant
1504 407 1585 475 ad
1619 406 1718 473 iu·

83 515 244 562 nera
296 498 597 585 aliasque
647 498 1007 567 functiones
1039 512 1241 562 sacras
1273 515 1391 583 pro
1425 496 1715 563 instituto

84 584 596 671 adimplendas;
646 591 1113 670 sacrorumque
1143 585 1404 652 Rituum
1437 589 1715 669 Congre-

83 674 446 759 gationem
509 695 704 762 super
766 695 834 740 re
902 673 1353 760 praemonuit,
1426 672 1715 740 exhibito

86 762 287 827 etiam
359 762 638 831 alterius
687 783 764 830 ex
812 760 1321 849 Apostolicarum
1378 764 1714 828 Caeremo-

84 849 350 917 uiarum
391 851 716 937 magistris
748 862 920 918 voto.
954 853 1020 916 ln
1053 847 1505 916 controversiis
1531 869 1713 932 vero,

82 957 295 1024 quum
341 958 625 1006 necesse
670 939 750 1006 sit
783 951 854 1006 ut
885 950 1157 1024 utraque
1207 958 1348 1027 pars
1392 957 1503 1005 sua
1548 957 1712 1004 asse·

85 1036 185 1091 rat
234 1027 424 1111 iura,
482 1037 674 1114 atque
721 1027 910 1094 simul
958 1026 1116 1093 dum
1164 1025 1330 1092 inter
1388 1025 1711 1094 Ecclesiae

82 1114 428 1182 Ministros
478 1118 647 1184 malo
678 1116 806 1183 fato
839 1114 1225 1198 excitantur,
1275 1126 1555 1215 praestet
1591 1119 1712 1182 Re·

84 1203 657 1271 verendissimum
718 1202 1083 1271 Antistitem
1145 1202 1409 1283 audire3
1472 1202 1710 1271 idcirco

85 1291 300 1377 prima
350 1293 721 1380 propositio
766 1292 903 1359 sine
965 1291 1357 1359 resolutione
1405 1291 1608 1358 haesit
1650 1291 1711 1359 in

89 1380 334 1446 eodem
383 1390 563 1447 statu
614 1382 955 1466 locumque
1002 1380 1160 1446 haec
1192 1380 1397 1446 omnia
1430 1381 1715 1448 habuere

85 1468 365 1536 vivente
403 1468 1030 1558 Archipresbyter03
1067 1468 1170 1535 hic
1199 1487 1356 1534 vero
1388 1487 1709 1556 praemor-

72 1567 238 1649 tuus
285 1557 409 1643 qui
463 1575 907 1625 successorem
952 1558 1301 1624 Pan-ochum
1349 1560 1422 1624 R.
1462 1562 1536 1624 D.
1582 1561 1710 1622 loa·

86 1644 267 1711 cbim
298 1643 506 1711 Bezzi
543 1645 805 1733 reliquit
835 1664 1096 1712 suarum
1130 1646 1708 1712 controversiarum

85 1744 535 1799 assertorem:
579 1735 950 1823 praesertim
998 1752 1195 1819 quum
1233 1734 1282 1798 is
1330 1753 1409 1799 ex
1457 1733 1708 1800 indulto

86 1841 141 1886 s.
192 1839 288 1887 m.
342 1822 647 1909 Gregorii
695 1827 891 1923 Papae
941 1826 1077 1891 XV!
1137 1820 1304 1889 inter
1362 1823 1710 1889 eanonicos

87 1910 401 1977 eiusdem
452 1912 977 2001 netropotitanae
1043 1909 1367 1977 Ecclesiae
1421 1910 1711 1979 adlectus

96 2011 219 2064 est.

218 2088 459 2155 Habita
510 2099 857 2177 propterea
916 2087 1362 2154 informatione
1410 2087 1708 2154 Eminen-

94 2176 326 2243 tissimi
363 2187 436 2244 et
470 2175 1015 2245 Reverendissimi
1062 2175 1310 2244 Domini
1363 2176 1712 2244 cardinalis

94 2264 591 2352 archiepiscopi
640 2266 1159 2350 Ravennatensis,
1210 2264 1320 2351 qui
1358 2264 1423 2332 in
1453 2265 1708 2351 scriptis

92 2354 418 2420 Parochos
457 2373 658 2442 super
692 2352 921 2420 iisdem
954 2353 1407 2421 controversiis
1437 2353 1709 2437 audivit,

92 2458 210 2506 uec
260 2461 401 2508 non
454 2442 708 2531 prolato
756 2452 905 2508 voto
952 2441 1216 2509 alterius
1263 2461 1345 2508 ex
1390 2441 1708 2528 Apostoli-

95 2547 311 2595 carum
363 2528 932 2599 Caeremoniarum
979 2530 1323 2618 Magistris;

224 2620 419 2697 Sacra
468 2619 730 2685 Rituum
766 2618 1218 2707 congregatio,
1266 2617 1330 2686 iu
1377 2618 1706 2687 Ordinatio

95 2707 297 2773 Coetu
347 2709 434 2777 ad
475 2705 826 2786 Quirinales
872 2709 1082 2775 Aedes
1114 2718 1327 2775 coacta
1374 2707 1563 2774 tertio
1596 2710 1705 2775 Ca·

101 2795 321 2862 lendas
348 2795 560 2863 Martii
603 2814 773 2861 anno
798 2807 1122 2880 vertente,
1153 2797 1364 2863 audita
1395 2796 1708 2863 relatione

99 2881 171 2947 ab
188 2884 745 2957 „Eminentissimoff
760 2895 825 2950 et
848 2883 1406 2952 Reverendissimo
1439 2884 1706 2953 Domino

103 2974 418 3044 cardinali
452 2973 727 3061 losepho
756 2971 1130 3040 Mezzol'anti
1160 2978 1471 3057 Ponente,
1507 2993 1704 3060 quum

105 3059 299 3146 probe
368 3061 915 3130 animadverteret
974 3081 1103 3128 non
1157 3061 1304 3128 satis
1361 3062 1705 3129 convenire

103 3150 455 3217 sententias
513 3148 591 3215 ab
646 3162 923 3236 utroque
984 3151 1541 3219 Gaeremoniarum
1587 3153 1706 3217 Ma·

104 3236 298 3323 gistro
374 3239 732 3326 expositas,
795 3239 988 3306 satius
1056 3239 1242 3307 duxit
1299 3239 1701 3307 rescribere:

107 3345 142 3388 ι
180 3326 435 3407 Dilata;
510 3337 576 3393 et
635 3327 866 3394 scribat
925 3329 1089 3395 alter
1148 3329 1699 3396 caeremoniarum

107 3415 422 3502 Magister,
473 3416 942 3483 communicato
988 3429 1265 3503 utroque
1310 3428 1463 3485 voto
1497 3440 1560 3486 ι».

112 3589 123 3600 ο
231 3504 433 3572 Dubia
481 3515 698 3572 autem
744 3524 944 3593 super
988 3506 1228 3572 exortis
1258 3506 1708 3574 controversiis

111 3602 272 3656 iuter
329 3592 721 3666 Ganonicum
768 3595 1118 3661 Parochum
1183 3594 1705 3680 Metropolitanae

109 3689 491 3770 ceterosque
560 3680 842 3748 Civitatis
907 3681 1217 3748 Parochos
1282 3682 1702 3767 concordata,

112 3764 255 3833 baec
304 3781 549 3855 erant:
579 3765 921 3861 nimirum:

240 3862 298 3923 1.
348 3864 453 3926 An
491 3858 845 3932 canonicus
873 3860 1187 3927 Parochus
1218 3858 1545 3926 Ecclesiae
1576 3864 1703 3926 Me·

117 3946 528 4032 tropolitanae
560 3946 1076 4032 Ravennatensis,
1127 3965 1327 4035 quum
1361 3950 1701 4016 conventui

114 4034 535 4104 parochorum
560 4035 874 4119 ²interest,
923 4037 1019 4104 ius
1063 4037 1289 4104 habeat
1332 4035 1605 4103 sedendi
1636 4037 1702 4104 in

115 4119 403 4217 distincto
436 4123 784 4203 subselli03
828 4125 932 4190 vel
965 4126 1179 4212 potius
1209 4125 1440 4192 sedere
1471 4124 1705 4192 debeat

116 4227 173 4273 in
215 4211 337 4278 alio
384 4214 525 4279 loco
574 4213 747 4279 iuxta
792 4213 1089 4280 ordinem
1135 4210 1557 4280 antianitatis‘?

234 4303 311 4454 2ιἓ
350 4300 591 4380 Quibus
650 4299 934 4368 vestibus
994 4302 1132 4388 ipse
1192 4302 1285 4369 uti
1347 4302 1581 4369 debeat
1634 4302 1700 4368 in

120 4402 255 4453 casu

236 4479 447 4565 Super
479 4478 654 4545 hisce
684 4478 895 4565 itaque
920 4478 1158 4562 dubiis,
1189 4479 1372 4547 tertia
1407 4477 1528 4544 iam
1558 4480 1698 4548 vice

120 4564 425 4648 exquisito
473 4567 746 4654 Magistri
778 4568 1336 4635 caeremoniarum
1368 4577 1543 4650 voto,
1596 4571 1698 4636 Sa-

119 4666 211 4714 cra
233 4656 654 4743 congregatio
685 4656 762 4724 ad
797 4657 1174 4723 relationem
1201 4655 1489 4723 eiusdem
1525 4658 1696 4723 Emi-

122 4740 456 4810 nentissimi
505 4759 571 4811 et
616 4740 1153 4813 Reverendissimi
1186 4743 1436 4811 Domini
1483 4744 1699 4812 Cardi-

121 4826 266 4923 ualis
309 4833 559 4919 losephi
596 4833 966 4900 nenofanti
1017 4833 1081 4900 in
1111 4832 1458 4900 ordinariis
1490 4832 1699 4899 Comi-

125 4919 214 5011 tus
257 4918 332 4986 ad
379 4923 637 4989 easdem
684 4921 1040 4999 Quirinales
1085 4921 1296 4988 Aedes
1347 4919 1700 5007 subscripta

123 4997 217 5066 die
262 5010 628 5093 coadunata,
680 5007 976 5076 omnihus
1020 5009 1144 5076 rite
1192 5007 1561 5076 examinatis
1614 5008 1698 5075 ri·

126 5094 304 5191 leque
342 5099 701 5187 perpensis,
735 5116 937 5184 quum
969 5109 1146 5165 certo
1178 5106 1469 5165 nosceret
1501 5117 1534 5162 a
1565 5117 1697 5164 sae·

127 5180 268 5246 culus
297 5188 694 5253 Conventum
727 5187 897 5253 hunc
929 5188 1352 5254 Parochorum
1389 5186 1529 5252 iure
1561 5185 1691 5252 exi-

255 5380 330 5452 (ἱ)
362 5385 423 5443 Ε.
461 5386 602 5444 nuh.
639 5385 690 5452 2,
726 5386 779 5452 9,
818 5385 886 5441 st
919 5393 974 5442 et
1010 5384 1095 5441 ¹8.

1817 417 1991 472 stere
2051 424 2322 492 suasque
2388 400 2888 473 constitutiones
2941 426 2975 470 a
3019 423 3073 471 s.
3111 420 3198 472 m.
3249 402 3409 474 lulio

1816 497 1973 581 Papa
2007 498 2058 562 ll
2104 493 2323 561 debito
2357 494 2547 561 modo
2594 492 2787 560 fuisse
2833 494 3144 574 firmatas3
3195 514 3407 582 neque

1818 582 1893 648 ad
1960 581 2360 671 praedictum
2420 586 2815 651 Conventum
2885 583 3171 649 associari
3235 583 3404 668 quis·

1816 670 1956 756 quis
1980 680 2124 736 actu
2150 672 2464 739 Parochus
2489 669 2728 755 existit,
2755 672 2870 739 sed
2897 670 2957 738 ei
2979 670 3408 739 necessarium

1817 778 1955 824 esse
2004 770 2076 825 ut
2107 777 2228 845 per
2261 779 2486 846 preces
2518 758 2965 827 admissionem
2995 768 3405 846 assequatur;

1815 845 2113 913 discussis
2185 847 2552 935 libratisque
2622 847 2917 915 omnibus
2987 867 3070 917 ex
3132 859 3407 934 utraque

1817 945 1997 1023 parte
2062 936 2349 1024 allegatis
2410 949 2474 1005 et
2528 936 2862 1022 exhibitiS,
2917 934 3405 1019 rescribendum

1814 1024 2106 1091 censuit:

1945 1114 2044 1181 Ad
2096 1118 2158 1180 1.
2206 1134 2244 1177 ‹
2276 1113 2624 1199 Negative,
2674 1113 2882 1199 quoad
2945 1114 3213 1202 primam
3268 1134 3409 1202 par-
3529 1116 3542 1127 “

1814 1211 1985 1279 tem;
2035 1200 2451 1287 Affirmative,
2501 1202 2707 1288 quoad
2754 1203 3099 1270 secundam
3136 1224 3198 1269 ιν.

1941 1290 2042 1357 Ad
2090 1294 2151 1357 2.
2205 1312 2243 1355 ‹
2271 1291 2621 1359 Servandas
2645 1309 2783 1358 esse
2813 1290 3307 1358 constitutiones
3339 1314 3402 1357 a.

1948 1380 2160 1464 Atque
2209 1378 2292 1445 ita
2334 1379 2658 1468 rescripsit
2686 1399 2755 1445 ac
2785 1379 3026 1445 servari
3058 1379 3403 1448 mandavit.

1945 1468 2059 1534 Die
2112 1471 2186 1534 11
2239 1467 2640 1556 Septembris
2693 1470 2880 1534 1847.

1815 1647 2069 1718 2951.
2249 1648 2962 1747 Ancnmrocrram.

3173 1649 3402 1737 (5102)

1943 1822 2150 1900 Quum
2183 1820 2491 1888 Sacerdos
2522 1821 2881 1888 Florentius
2913 1821 3095 1907 Ruiz,
3130 1823 3404 1910 Magistri

1811 1909 2370 1977 caeremoniarum
2393 1908 2457 1975 in
2491 1908 2851 1977 cathedrali
2883 1912 3408 2000 Angelopolitana

1811 1998 2096 2065 Ecclesia
2142 2016 2412 2065 munere
2445 1997 2741 2083 fungens,
2793 2016 2990 2087 penes
3023 2001 3275 2070 Sacram
3305 2001 3407 2069 Ri-

1812 2097 1992 2154 tuum
2035 2086 2618 2175 congregationem
2665 2087 2998 2174 sequentia
3029 2088 3222 2158 dubia
3252 2111 3404 2158 eno·

1810 2176 2019 2245 danda
2063 2171 2510 2264 proposuerit;
2559 2173 2904 2241 nimirum:

1950 2269 2010 2330 1.
2061 2268 2180 2330 Per
2199 2267 2543 2330 Decretum
2573 2265 2798 2330 Sacrae
2827 2263 3089 2332 Rituum
3121 2270 3405 2356 Congre-

1855 2351 2081 2419 ationis
2123 2352 2342 2418 datum
2374 2349 2482 2418 die
2512 2355 2595 2417 27
2623 2349 2759 2417 Maii
2797 2355 2964 2420 1826
3011 2355 3404 2441 prohibitum

1836 2440 1929 2508 uit
1999 2439 2260 2507 deferre
2326 2438 2445 2506 sub
2506 2439 2881 2508 baldachino
2948 2443 3273 2530 Reliquias
3340 2456 3406 2512 et

1812 2530 2122 2615 imagines
2167 2531 2584 2613 Sanctorum:
2634 2527 2776 2615 quia
2838 2549 2989 2597 usus
3050 2531 3404 2601 baldachini

1812 2616 2089 2685 debetur
2121 2626 2366 2684 tantum
2400 2616 2801 2684 Sanctissimo
2834 2619 3265 2688 Eucharistiae
3298 2625 3404 2689 Sa-

1811 2715 2158 2773 cramento.
2210 2706 2583 2785 Quaeritur:
2633 2710 2729 2773 An
2777 2706 2841 2774 in
2878 2708 3209 2776 enunciata
3257 2730 3404 2799 pro-

1808 2793 2120 2863 hibitione
2169 2794 2756 2880 comprehendatur
2818 2796 3006 2863 etiam
3053 2797 3408 2887 Episcopus

1809 2885 1964 2951 dum
2010 2883 2336 2949 Paroecias
2382 2881 2593 2948 visitat
2638 2893 2703 2949 et
2748 2884 3167 2953 nonasteria‘?
3198 2886 3292 2976 (1)
3429 2938 3436 2947 .

1940 2978 2005 3040 2.
2057 2976 2154 3039 An
2214 2971 2594 3039 assumenda
2657 2973 2916 3041 omnino
2968 2975 3051 3042 sit
3108 2977 3281 3043 Stola
3326 2978 3404 3045 ad

1807 3063 2055 3216 privgte
2115 3060 2465 3128 dicendum
2533 3064 2930 3150 Responsum
2993 3082 3111 3150 pro
3177 3065 3404 3132 desun-

1811 3162 1927 3219 ctis

1942 3243 2005 3306 3.
2058 3240 2156 3305 An
2200 3236 2280 3304 sit
2326 3237 2584 3304 omnino
2617 3238 3048 3308 necessarium
3077 3261 3404 3309 assumere

1808 3328 2080 3411 Stolam,
2145 3327 2303 3395 dum
2350 3327 2412 3392 in
2473 3326 2811 3394 Dominicis
2864 3328 3144 3416 aspersio
3204 3350 3403 3417 aquae

1805 3415 2187 3484 benedictae
2233 3414 2304 3482 fit
2351 3413 2489 3482 sine
2537 3414 2852 3503 pluviali?

1935 3509 2004 3572 4.
2042 3508 2204 3571 Dum
2237 3524 2270 3569 a
2302 3503 2680 3572 Celebrante
2713 3506 2956 3591 legitur
2983 3506 3192 3573 Oratio
3227 3510 3402 3574 Com·

1806 3596 2033 3659 martio
2081 3592 2275 3677 dicta,
2321 3591 2621 3659 canonici
2668 3613 2738 3661 ac
2788 3592 3017 3681 reliqui
3065 3596 3148 3663 de
3193 3598 3402 3665 Choro

1805 3701 1885 3747 ex
1938 3682 2194 3767 antiqua
2242 3680 2712 3748 consuetudine
2766 3694 2953 3749 stant.
3022 3685 3398 3763 Quaeritur:

1807 3771 1904 3836 An
1947 3782 2118 3836 stare
2162 3769 2476 3855 debeant:
2527 3769 2630 3836 vel
2682 3771 2892 3859 potius
2936 3772 3220 3842 sedere?

1936 3863 1999 3924 ὅ.
2052 3861 2149 3925 An
2196 3858 2532 3928 retinenda
2580 3862 2685 3926 vel
2747 3859 2957 3948 potius
3018 3861 3403 3931 eliminanda

1804 3948 1885 4012 sit
1931 3948 2330 4015 consuetudo
2366 3946 2659 4034 pulsandi
2694 3958 2939 4016 tantum
2969 3953 3289 4037 organum
3320 3951 3400 4019 ad

1809 4036 2359 4123 respondendum,
2427 4035 2587 4103 dum
2637 4035 2699 4103 in
2747 4035 2921 4104 Missa
2971 4049 3260 4106 cantatur
3310 4043 3405 4108 Ite

1806 4125 2007 4190 Missa
2056 4124 2191 4191 est?
2424 4183 2430 4188 .

1935 4216 2003 4279 6.
2053 4214 2151 4279 An
2197 4214 2263 4281 in
2310 4214 2847 4297 processionibus,
2896 4232 3058 4299 quae
3094 4215 3256 4283 intra
3289 4221 3402 4284 Ec·

1804 4301 2060 4366 clesiam
2121 4322 2268 4369 cum
2332 4302 2735 4370 Sanctissimo
2790 4304 3196 4372 Sacramento
3259 4304 3399 4373 fieri

1801 4390 2120 4473 assolent,
2195 4391 2379 4458 liceat
2448 4391 2703 4479 erigere
2769 4390 2985 4457 Altare
3054 4394 3398 4480 portatile,

1801 4478 2091 4562 quamvis
2152 4498 2352 4568 super
2407 4479 2724 4567 sepulcris
2784 4478 2999 4564 sistat,
3062 4492 3132 4549 ut
3196 4482 3261 4549 in
3323 4501 3401 4549 eo

1798 4566 2023 4653 reponi
2078 4566 2381 4655 tantisper
2428 4569 2631 4635 valeat
2678 4565 3153 4636 sanctissimum
3186 4573 3398 4638 Sacra·

1802 4665 2120 4810 mentgm,
2169 4654 2327 4722 dum
2375 4656 2585 4742 aliqua
2629 4658 2887 4746 stropha
2922 4657 3027 4723 vel
3059 4659 3268 4727 Oratio
3301 4679 3398 4725 ca·

1800 4743 1974 4810 nitur

1932 4835 1996 4899 7.
2048 4833 2146 4897 An
2185 4832 2493 4899 Sacerdos
2526 4834 2890 4903 caecutiens
2936 4836 3043 4904 vel
3089 4835 3258 4902 visus
3306 4848 3397 4903 te·

1798 4919 2045 4987 nuitate
2094 4919 2411 5002 laborans,
2462 4920 2830 5008 habensque
2879 4921 3247 4992 facultatem
3293 4944 3398 4992 ce·

1800 5007 2090 5092 lebrandi
2140 5009 2381 5075 Missam
2428 5009 2711 5076 votivam
2742 5014 2969 5078 Beatae
3001 5013 3227 5080 Mariae
3259 5013 3396 5081 Vir·

1799 5096 1990 5184 ginis,
2044 5107 2339 5164 teneatur
2371 5095 2434 5164 in
2467 5097 2667 5164 Festis
2711 5098 2909 5186 ipsius
2954 5101 3260 5189 Deiparae
3292 5123 3395 5169 ce·

1813 5184 2063 5254 lebrare
2119 5186 2360 5252 Missam
2419 5187 2498 5253 de
2565 5190 2747 5252 Festo
2805 5201 3228 5268 occurrente;
3293 5191 3392 5257 vel
