4042 5950
1943 252 2415 344 -254-

553 412 794 499 2713.
1093 417 1552 489 cUSEN'l'INA.
1890 419 2118 509 (4722)

683 601 904 665 Sacrae
927 598 1189 665 Rituum
1235 595 1724 686 congregationi
1756 596 2118 666 humillime

552 685 990 775 supplicarunt
1061 684 1321 753 Parochi
1398 687 1520 754 loci
1587 685 1786 754 Meliti
1859 686 2119 753 Dioece-

550 774 634 841 sis
693 775 1109 860 cusentinae,
1166 783 1474 862 quatenus
1527 774 1591 842 di
1683 786 1899 842 aretur
1941 793 2120 841 men-

551 873 685 930 tem
731 882 909 929 suam
954 862 1204 951 aperire
1257 881 1453 952 super
1511 863 1599 930 du
1644 862 1704 929 io
1752 862 1921 950 quod
1969 881 2118 929 eno-

550 952 829 1019 dandum
895 951 1110 1019 eidem
1166 971 1285 1039 pro
1336 961 1536 1018 onunt
1555 1002 1572 1036 ,
1623 959 2002 1041 conceptum
2048 959 2119 1018 ut

549 1039 878 1125 sequitur:
936 1042 1033 1106 An
1078 1043 1271 1109 Sacer
1317 1059 1386 1106 os
1428 1039 1702 1129 simplex
1757 1059 1873 1107 seu
1917 1040 1996 1106 ad
2042 1039 2121 1104 ti-

553 1129 761 1195 tulum
818 1128 1180 1195 Patrimonii
1255 1127 1580 1195 ordinatus
1638 1128 1836 1214 possit
1895 1128 1962 1194 in
2007 1132 2123 1195 Ec-

550 1215 758 1283 clesiis
804 1217 1265 1305 parochialibus
1309 1216 1416 1283 vel
1464 1216 1784 1283 Filialibus
1841 1217 1946 1283 vel
1992 1220 2117 1283 Ru-

550 1304 823 1391 ralibuS‚
871 1305 1117 1372 Missam
1162 1324 1309 1372 cum
1374 1314 1562 1372 cantu
1604 1304 1713 1371 vel
1761 1305 1843 1372 de
1888 1307 2117 1371 Sancto

551 1393 655 1460 vel
703 1393 784 1461 de
831 1393 1140 1479 Requiem
1188 1393 1515 1461 celebrare
1558 1391 1624 1460 in
1669 1391 1896 1460 diebus
1942 1391 2118 1459 festi-

548 1480 642 1548 vis
696 1491 803 1548 aut
864 1480 1221 1567 ferialibus,
1272 1480 1469 1549 invito
1516 1492 1580 1548 et
1641 1481 2117 1548 contradicente

547 1570 850 1657 Parocho,
886 1579 950 1637 et
979 1581 1198 1657 postea
1232 1569 1438 1636 facere
1476 1569 1940 1637 absolutionem
1972 1588 2116 1657 pro-

550 1664 623 1724 ut
670 1658 752 1724 de
797 1657 1027 1726 more?

682 1751 761 1812 Et
805 1750 986 1814 Sacra
1033 1746 1297 1815 Rituum
1355 1747 1818 1835 congregatio,
1866 1746 1942 1813 ad
2000 1747 2119 1812 Va-

550 1830 827 1901 ticanum
891 1834 1010 1903 sub
1075 1835 1468 1937 infrascripta
1515 1835 1621 1903 die
1668 1836 1733 1902 in
1791 1832 2118 1902 Ordinario

548 1924 751 1989 coetu
820 1924 1201 2003 coadunata,
1249 1925 1459 1992 audita
1525 1925 1834 1991 relatione
1895 1920 1972 1989 ab
2025 1921 2119 1987 in-

550 2007 883 2098 frascripto
952 2012 1306 2080 Secretario
1382 2011 1542 2079 iacta
1573 2061 1590 2096 ,
1660 2011 2120 2100 propositoque

550 2095 743 2164 dubio
811 2110 1060 2168 mature
1128 2100 1570 2186 considerato,
1632 2099 2117 2168 rescribendum

549 2187 837 2255 censuit:
875 2211 913 2253 «
945 2193 1013 2256 ln
1043 2189 1347 2256 Ecclesiis
1381 2187 1844 2278 parochialibus
1876 2197 1941 2254 et
1971 2206 2116 2254 suc-

550 2277 899 2345 cursalibus
944 2277 1298 2362 requiritur
1344 2296 1684 2344 consensus
1727 2275 2019 2356 Parochi;
2055 2275 2119 2342 in

548 2360 683 2430 aliis
729 2365 1024 2434 Ecclesiis
1070 2384 1413 2433 consensus
1457 2365 1744 2433 Rectoris
1775 2386 1840 2432 ».
1888 2364 2001 2431 Die
2033 2366 2118 2430 26

548 2450 780 2539 Aprilis
833 2458 1023 2522 1834.

550 2630 791 2702 2714.
1171 2633 1483 2699 IMOLEN.

1893 2628 2115 2719 (4723)

678 2810 970 2890 Quaestio
1018 2821 1150 2878 orta
1197 2829 1399 2898 quum
1445 2811 1525 2878 sit
1571 2809 1742 2878 inter
1777 2811 2118 2880 nonnullos

551 2900 636 2967 de
682 2899 871 2968 clero
939 2900 1209 2967 imolen.
1256 2920 1333 2966 an
1380 2898 1567 2967 liceat
1634 2898 1879 2967 Missam
1945 2898 2121 2968 cele-

547 2988 732 3056 brare
779 2988 935 3075 quin
978 2988 1044 3056 in
1090 2991 1275 3057 Sacra
1318 2988 1530 3056 Hostia
1573 2998 1871 3077 appareat
1906 2993 2118 3078 Imago

549 3080 689 3145 lesu
736 3076 967 3145 Christi
1013 3076 1199 3146 cruci
1247 3073 1458 3144 affixi?
1520 3096 1718 3163 eaque
1774 3078 1852 3145 ad
1900 3080 2118 3146 Sacro-

547 3184 693 3232 rum
723 3167 982 3234 Rituum
1012 3164 1591 3254 congregationem
1620 3165 1920 3252 deducta,
1963 3166 2119 3232 haec

547 3253 613 3319 in
668 3254 994 3323 ordinario
1053 3258 1257 3323 coetu
1316 3254 1393 3321 ad
1442 3252 1808 3321 Vaticanum
1861 3253 1982 3321 sub
2025 3255 2121 3326 in·

548 3340 875 3431 trascripta
943 3344 1049 3411 die
1103 3343 1484 3426 coadunata,
1535 3340 1860 3409 referente
1921 3345 2000 3409 R.
2048 3346 2115 3409 Ρ.

549 3431 940 3515 Secretario,
991 3429 1358 3520 respondit:
1424 3451 1463 3494 ‹
1497 3432 1807 3497 Servetur
1852 3450 2118 3498 consue-

548 3520 707 3588 tudo
740 3541 806 3586 ».
857 3520 971 3587 Die
1014 3523 1097 3587 26
1145 3519 1377 3608 Aprilis
1430 3521 1624 3586 1834.

551 3679 763 3749 2715
775 3725 793 3745 .
1181 3680 1484 3746 ORDINlS
1892 3676 2116 3764 (4726)

801 3784 1154 3850 nmmum
1205 3784 1867 3851 CONVENTUALIUM
1935 3855 1940 3864 ,

656 3891 1404 3958 ARCHIDIOECESIS
1466 3890 2006 3957 THEATINAE.

679 4054 904 4119 Sacrae
948 4047 1208 4119 Rituum
1254 4049 1744 4137 congregationi
1802 4053 2119 4154 supplica-

547 4151 699 4208 runt
758 4136 1119 4206 humillime
1179 4135 1436 4205 Alumni
1499 4138 1747 4206 Ordinis
1806 4144 2117 4208 Mmorum

547 4227 1077 4295 conventualium
1123 4224 1404 4294 Civitatis
1438 4225 1774 4294 Theatinae
1820 4248 1939 4318 pro
1984 4248 2115 4297 ma-

545 4316 924 4384 nutentione
971 4313 1315 4404 privilegii,
1342 4333 1471 4400 quo
1495 4316 1775 4402 gaudent
1807 4316 2116 4405 privativo

550 4405 716 4490 iure,
765 4402 1132 4472 celebrandi
1164 4407 1421 4471 Festum
1461 4402 1666 4471 Sancti
1708 4405 1964 4472 Antonii
2009 4409 2115 4473 Pa-

548 4492 739 4561 tavini
786 4511 933 4561 cum
979 4491 1389 4582 praecedenti
1435 4491 1804 4577 quaestione
1834 4494 2116 4561 eleemo-

547 4583 815 4671 synaria,
850 4601 882 4647 a
923 4600 1050 4668 quo
1095 4580 1355 4667 quidem
1403 4580 1742 4668 privilegio
1772 4582 2116 4650 deturban-

548 4680 656 4737 tur
699 4669 765 4738 in
813 4672 1360 4758 praesentiarum;
1408 4686 1554 4735 nam
1598 4678 1815 4737 contra
1852 4674 2118 4738 Decreta

548 4780 581 4825 a
644 4762 824 4826 Sacra
895 4759 1026 4847 ipsa
1092 4756 1603 4846 congregatione
1665 4757 1812 4826 alias
1872 4761 2117 4846 prolata

545 4846 721 4916 idem
752 4851 1009 4914 Festum
1040 4866 1189 4915 cum
1234 4854 1538 4934 quaestua
1570 4848 1979 4935 praecedenti
2014 4868 2119 4916 ce-

550 4934 836 5003 lebratur
877 4935 946 5004 in
1012 4936 1317 5004 Ecclesiis
1361 4934 1756 5004 secularibus
1807 4956 2116 5004 memora-

549 5031 649 5092 tae
679 5023 986 5093 civitatis.
1037 5027 1393 5111 Antequam
1423 5042 1577 5091 vero
1624 5025 1972 5111 quidquam
2016 5046 2117 5093 su-

548 5131 668 5202 per
710 5132 782 5179 re
829 5112 1239 5196 decerneret,
1295 5115 1477 5179 Sacra
1524 5116 1776 5198 congre
1824 5114 1947 5181 atio
1993 5119 2114 5182 Re-

548 5201 1081 5269 verendissimum
1125 5200 1691 5291 Archiepiscopum
1735 5205 1781 5267 Τ
1831 5201 2113 5269 eatinum

550 5288 939 5359 audiendum
988 5307 1126 5357 esse
1171 5288 1358 5358 duxit
1402 5308 1518 5390 pro
1557 5287 1999 5355 informatione
2046 5300 2113 5356 et

549 5390 723 5448 voto.
772 5375 1363 5446 Reverendissimus
1410 5386 1622 5463 itaque
1673 5376 2114 5462 Archiepisco·

2223 439 2370 509 pus,
2396 440 2471 488 re
2495 420 2841 509 diligenter
2870 418 3245 507 examinata,
3267 416 3630 509 comperuit
3648 438 3815 488 non—

2223 509 2419 577 nullis
2474 509 2703 576 abhinc
2748 511 2923 578 annis
2966 509 3253 577 eiusdem
3302 507 3471 576 Festi
3523 508 3814 576 celebra-

2225 597 2468 666 tionem
2512 596 2828 666 invectam
2874 599 3067 667 fuisse
3114 597 3178 665 in
3209 595 3487 665 Ecclesia
3535 601 3668 664 Deo
3714 597 3815 663 di-

2226 697 2357 753 cata
2418 686 2484 753 in
2546 685 2858 754 honorem
2928 687 3137 756 Sancti
3201 685 3458 754 Antonii
3520 685 3809 769 Abbatis,

2222 794 2450 843 verum
2517 774 2583 842 in
2640 774 2959 843 Dominica
3012 774 3175 841 infra
3242 785 3526 843 octavam
3597 774 3810 841 Sancti

2222 862 2476 930 Antonii
2519 863 2833 945 Patavini-3
2895 883 3013 952 pro
3058 881 3181 948 qua
3222 863 3546 930 Dominica
3592 862 3811 929 Indul-

2224 951 2440 1038 gentia
2492 951 2683 1019 etiam
2727 970 3024 1019 concessa
3088 949 3209 1017 fuit
3270 952 3347 1019 ab
3404 951 3522 1018 hac
3583 953 3813 1018 Sancta

2224 1039 2582 1127 Apostolica
2628 1040 2823 1108 Sede.
2870 1040 2977 1108 His
3022 1039 3241 1126 positis
3260 1089 3281 1126 ,
3337 1056 3498 1126 quae
3547 1057 3665 1127 pro
3715 1036 3811 1104 in-

2220 1128 2419 1195 iuncti
2498 1129 2781 1196 muneris
2849 1129 3283 1215 exequutione
3349 1125 3812 1195 manifestanda

2220 1215 2402 1283 duxit
2447 1215 3041 1284 Reverendissimus
3086 1216 3673 1304 Archiepiscopus;

2354 1307 2535 1373 Sacra
2589 1304 2849 1373 Rituum
2900 1306 3362 1392 congregatio,
3432 1304 3554 1371 snb
3618 1301 3812 1369 intra-

2219 1392 2451 1478 scripta
2495 1393 2603 1460 die
2648 1394 2725 1461 ad
2761 1393 3132 1476 Vaticanum
3178 1396 3241 1461 in
3270 1391 3599 1461 ordinario
3647 1394 3810 1457 Coe-

2221 1492 2291 1549 tu
2337 1481 2705 1565 coadunata,
2740 1482 2817 1550 ad
2854 1481 3233 1549 relationem
3275 1478 3661 1568 infrascripti
3695 1481 3810 1545 Se-

2221 1569 2497 1655 cretarii,
2547 1568 2836 1637 omnibus
2883 1581 3130 1638 mature
3175 1566 3508 1658 perpensis
3553 1586 3809 1635 accura-

2222 1669 2418 1746 teque
2446 1657 2886 1744 consideratis,
2922 1659 3095 1726 iuxta
3119 1663 3385 1726 Decreta
3414 1657 3563 1724 alias
3602 1654 3806 1740 edita,

2223 1768 2292 1814 ac
2323 1745 2701 1835 praesertim
2733 1746 2797 1813 in
2827 1747 3080 1814 Uritana
3111 1747 3218 1814 die
3249 1751 3333 1814 22
3366 1744 3567 1813 Martii
3608 1746 3804 1828 1710,

2222 1835 2509 1903 decrevit
2544 1859 2560 1901 z
2636 1857 2674 1899 «
2704 1839 2952 1902 Fratres
2998 1836 3269 1903 Minores
3334 1833 3807 1904 conventuales

2222 1925 2727 1992 manutenendos
2770 1942 2908 1990 esse
2941 1923 3008 1990 in
3036 1923 3435 2012 possessione
3473 1919 3806 1988 celebran-

2221 2013 2287 2079 di
2334 2016 2589 2080 Festum
2651 2011 2859 2079 Sancti
2906 2012 3159 2080 Antonii
3220 2010 3494 2078 Patavini
3543 2008 3652 2076 die
3698 2028 3807 2075 na-

2221 2101 2330 2168 tali
2396 2101 2502 2167 vel
2559 2100 2879 2167 Dominica
2933 2100 3090 2166 infra
3144 2109 3466 2184 octavam;
3527 2118 3599 2164 ac
3657 2115 3807 2183 pro-

2220 2200 2443 2279 pterea
2500 2189 2566 2255 in
2624 2188 2900 2255 Ecclesia
2964 2187 3175 2257 Sancti
3232 2187 3489 2255 Antonii
3547 2183 3807 2253 Abbatis

2218 2283 2476 2345 Festum
2532 2276 2706 2344 idem
2767 2277 3225 2344 celebrandum
3286 2274 3610 2344 Dominica
3663 2285 3810 2428 post

2224 2377 2543 2449 octavam,
2606 2365 2890 2433 iniuncto
2950 2384 3147 2433 onere
3204 2366 3513 2450 Parocho,
3575 2381 3661 2429 ve
3744 2383 3831 2428 a··

2223 2455 2322 2523 liis
2369 2454 2898 2542 quibuscumque,
2932 2453 3268 2522 omittendi
3304 2452 3807 2541 praecedentem

2219 2542 2682 2630 quaesitionem
2729 2546 3279 2631 eleemosynarum
3310 2563 3376 2609 ».

2351 2636 2561 2719 Atque
2593 2630 2677 2698 ita
2724 2630 3049 2720 rescripsit
3093 2651 3162 2698 ac
3197 2630 3263 2699 in
3309 2642 3639 2720 posterum
3669 2649 3807 2697 ser-

2222 2719 2355 2787 vari
2404 2719 2745 2788 mandavit.
2795 2721 2909 2788 Die
2956 2723 3038 2787 26
3085 2718 3319 2808 Aprilis
3373 2723 3566 2788 1834.

2228 2896 2469 2968 2716.
2560 2900 2985 2966 oEan‘rum
3031 2898 3475 2965 GENERALE.
3572 2894 3804 2984 (arao)

2352 3078 2556 3155 Quum
2623 3076 2700 3142 ab
2764 3086 2926 3144 anno
2992 3069 3158 3143 1788
3222 3073 3300 3140 ad
3370 3073 3531 3140 hanc
3596 3089 3806 3157 usque

2224 3164 2398 3232 diem
2465 3163 2815 3249 Breviaria,
2880 3162 3400 3229 Horae—Diumae
3426 3210 3443 3245 ,
3504 3158 3801 3243 Missalia,

2221 3252 2666 3320 Officia-Parva
2733 3251 3136 3319 Beatissimae
3203 3249 3428 3316 Mariae
3489 3247 3803 3337 Virginis,

2223 3341 2434 3409 Officia
2491 3341 2938 3409 Hebdomadae
2999 3339 3278 3426 Maioris,
3344 3335 3613 3405 Ritualia
3659 3336 3805 3403 alia·

2225 3450 2355 3516 que
2414 3430 2478 3496 id
2541 3446 2782 3515 genus,
2854 3448 3017 3515 quae
3075 3428 3292 3495 denuo
3348 3427 3567 3516 praelo
3626 3444 3807 3492 man·

2221 3519 2454 3586 dantur
2475 3565 2494 3602 ,
2563 3537 2690 3585 non
2757 3517 3031 3606 amplius
3092 3516 3525 3605 praeseferant
3599 3519 3808 3582 Reve-

2222 3605 2744 3675 rendissimorum
2792 3605 3266 3675 ordinariorum
3325 3602 3805 3688 Attestationes,

2224 3695 2407 3782 queis
2466 3696 2832 3765 declaretur
2876 3696 3032 3763 haec
3089 3690 3495 3782 Exemplaria
3542 3711 3807 3759 concor·

2225 3785 2380 3852 dare
2426 3803 2572 3852 cum
2619 3782 2725 3866 iis,
2789 3802 2950 3869 quae
2995 3785 3229 3851 Romae
3273 3789 3422 3849 sunt
3467 3779 3804 3867 impressa,

2224 3875 2300 3941 ad
2364 3872 2685 3939 tramitem
2732 3871 3058 3939 Bullarum
3117 3873 3186 3939 S.
3240 3869 3328 3937 Pii
3375 3872 3451 3952 V,
3508 3870 3808 3936 Clemen-

2224 3963 2304 4029 tis
2362 3964 2495 4028 V111
2558 3970 2621 4028 et
2695 3958 2925 4027 Urbani
2985 3963 3118 4028 V111
3174 3962 3585 4028 summorum
3643 3961 3807 4024 Pon-

2222 4050 2465 4118 tificum
2489 4098 2506 4133 ,
2556 4068 2718 4135 quae
2778 4049 2844 4116 in
2896 4049 3108 4117 fronte
3176 4047 3475 4115 Breviarii
3541 4045 3809 4115 Romani

2222 4137 2672 4226 reperiuntur,
2736 4141 3069 4206 Sacrorum
3128 4138 3389 4204 Rituum
3439 4138 3808 4223 congrega-

2223 4226 2377 4293 tioni
2457 4225 2883 4314 supplicatum
2961 4225 3081 4293 fuit
3148 4223 3502 4292 declarari:
3576 4227 3811 4291 Utrum

2223 4315 2568 4381 etiamnum
2612 4312 2850 4381 servari
2882 4313 3200 4381 deberent
3245 4310 3597 4380 recensitae
3643 4314 3808 4380 con·

2219 4403 2581 4470 stitutiones
2625 4401 3010 4487 Pontificiae,
3061 4412 3126 4469 et
3172 4421 3250 4468 an
3309 4411 3809 4485 transgressores

2218 4509 2456 4581 poenas
2534 4490 2688 4558 inibi
2758 4489 3022 4558 inflictas
3090 4484 3559 4556 incurrerent?
3624 4506 3809 4576 prae-

2216 4579 2438 4648 sertim
2487 4599 2568 4647 ex
2616 4598 2719 4664 eo,
2769 4580 2943 4664 quod
2989 4579 3051 4644 in
3107 4577 3608 4664 praesentiarum
3660 4575 3808 4644 nul-

2221 4670 2321 4740 lus
2379 4667 2655 4755 supersit
2722 4666 3053 4735 dubitandi
3100 4668 3317 4766 locus,
3374 4666 3528 4752 quin
3581 4683 3812 4733 emen-

2220 4758 2359 4826 data
2406 4756 2797 4845 exemplaria
2845 4776 2994 4843 prae
3043 4754 3246 4824 oculis
3297 4774 3363 4820 in
3394 4753 3654 4822 cusione
3697 4754 3810 4821 ha·

2219 4844 2346 4912 bita
2390 4845 2553 4927 sint;
2605 4856 2670 4910 et
2714 4863 2791 4911 eo
2838 4843 2941 4910 vel
2988 4844 3185 4933 magis
3232 4843 3405 4930 quod
3449 4861 3630 4909 secus
3675 4860 3811 4907 non
3879 4901 3892 4914 ,
4004 4859 4006 4924 5

2214 4953 2443 5023 parum
2475 4942 2928 5020 torquerentur
2957 4932 3376 5000 conscientiae
3412 4941 3552 4998 tum
3579 4947 3812 4997 eorum

2217 5023 2323 5110 qui
2371 5022 2621 5090 lucrum
2669 5041 2749 5088 ex
2787 5020 3256 5107 Liturgicorum
3285 5019 3619 5088 Librorum
3652 5037 3810 5084 ven-

2216 5111 2458 5180 ditione
2511 5110 2914 5200 percipiunt,
2978 5120 3116 5177 tum
3173 5106 3809 5196 Ecclesiasticorum,

2216 5199 2326 5285 qui
2373 5199 2499 5267 illis
2544 5199 2640 5265 uti
2700 5199 2962 5285 debent,
3026 5217 3224 5289 quum
3280 5197 3374 5267 illi
3417 5197 3646 5264 nullibi
3703 5216 3811 5263 re-

2216 5290 2545 5376 periantur
2589 5285 2767 5354 hisce
2798 5285 3317 5376 Attestationibus
3348 5284 3615 5367 muniti3
3655 5302 3814 5371 pro-

2219 5385 2569 5463 ptereaque
2635 5375 2896 5444 demum
2964 5374 3275 5461 concedi,
3340 5386 3414 5445 ut
3480 5374 3617 5443 sine
3674 5374 3815 5441 ulla
