4042 5950
2004 252 2480 331 -364-

606 410 971 498 iniquitate,
1020 421 1087 479 et
1130 411 1277 481 ideo
1324 410 1489 479 beati
1541 409 1649 498 qui
1696 410 1763 478 in
1807 411 1929 480 hoc
1978 410 2186 477 lavant

603 501 792 567 stolas
849 520 1012 567 suas.
1079 499 1257 580 Quod
1317 501 1368 567 si
1423 499 1698 587 Aegypti
1759 499 1989 568 domus
2040 498 2185 585 agni

603 588 909 675 sanguine
955 606 1329 676 conspersae
1375 589 1450 656 ab
1479 586 1569 655 ira
1607 586 1716 655 Dei
1763 585 2023 655 luerunt
2068 588 2188 654 sal·

606 696 745 760 vae,
793 677 995 744 multo
1040 676 1238 762 magis
1284 677 1443 745 hanc
1475 676 1628 743 iram
1677 675 2007 763 effugient,
2058 674 2189 742 imo

606 775 670 833 et
728 764 1237 833 miserationibus
1295 776 1361 831 et
1419 763 1661 852 gratiis·
1694 774 1883 831 erunt
1951 763 2185 852 repleti

604 851 715 939 qui
758 852 1065 940 peculiari
1112 852 1459 920 devotione
1503 864 1568 918 et
1614 851 1917 938 obsequio
1964 854 2186 919 Serva-

605 940 758 1007 toris
778 941 985 1008 Nostri
1013 940 1402 1028 Sanguinem
1429 953 1816 1009 venerantur
1838 950 1904 1006 et
1936 940 2183 1007 colunt.

734 1032 898 1096 Haec
944 1028 1188 1117 aliaque
1235 1028 1839 1097 huiusmodi·animo
1885 1040 2189 1115 reputans

604 1116 1043 1185 Sanctissimus
1086 1116 1392 1186 Dominus
1425 1119 1654 1184 Noster
1697 1116 1843 1184 Pius
1885 1121 2045 1202 Papa
2076 1118 2183 1201 lx,

606 1215 674 1272 ut
720 1203 1013 1273 fidelium
1059 1207 1275 1289 corda,
1325 1203 1496 1272 bisce
1542 1203 1921 1292 praesertim
1967 1204 2190 1271 miser-

603 1291 778 1359 rimis
822 1293 1242 1382 temporibus,
1291 1293 1521 1379 quibus
1568 1292 1860 1360 inimicus
1896 1292 2090 1361 homo
2123 1292 2187 1360 in

602 1379 926 1451 Dominico
985 1401 1136 1483 agro
1194 1379 1706 1469 superseminare
1759 1380 2056 1447 zizaniam
2124 1391 2189 1447 et

603 1469 838 1536 multos
859 1469 1125 1555 insidiis,
1153 1467 1503 1555 fraudibus,
1533 1469 1857 1535 erroribus
1886 1468 2189 1555 decipere

603 1567 793 1642 atque
840 1557 1092 1625 irretire
1123 1567 1409 1643 conatur,
1458 1574 1671 1626 amore
1719 1574 1871 1642 erga
1915 1557 2037 1624 hoc
2066 1562 2189 1624 Re·

601 1644 990 1731 demptionis
1027 1656 1279 1712 nostrae
1325 1647 1605 1733 pretium
1637 1643 1833 1730 magis
1864 1644 2190 1745 magisque

602 1733 968 1801 excitentur
1018 1744 1084 1800 et
1140 1732 1654 1820 inflammentur,
1703 1732 2025 1800 mandavit
2077 1744 2188 1816 ut,

602 1838 731 1887 non
760 1820 970 1889 solum
1014 1820 1080 1889 in
1125 1820 1296 1889 Urbe
1325 1822 1440 1891 sed
1475 1834 1541 1891 et
1572 1823 1636 1890 in
1666 1820 1832 1891 Orbe
1862 1820 2186 1905 universo,

604 1926 826 1975 omnes
870 1908 951 1976 de
997 1911 1228 1992 Clero,
1277 1921 1415 1977 tum
1462 1907 1746 1979 seculari
1795 1919 1932 1976 tum
1979 1914 2188 1995 Regu·

604 1995 745 2081 lari,
794 1997 902 2083 qui
950 2002 1144 2067 Horas
1188 1998 1528 2067 Canonicas
1556 1998 1826 2067 recitare
1860 2005 2185 2081 tenentur,

603 2084 849 2152 Missam
910 2098 976 2155 et
1027 2086 1315 2155 Officium
1374 2086 1459 2154 de
1518 2084 1978 2155 Pretiosissimo
2040 2088 2191 2154 San-

603 2172 800 2260 guine
845 2175 1090 2242 Domini
1135 2174 1344 2243 Nostri
1389 2178 1530 2243 lesu
1575 2174 1805 2243 Christi
1854 2175 1969 2240 iam
2018 2194 2053 2239 a
2085 2175 2192 2242 Sa·

604 2276 860 2330 crorum
903 2264 1163 2333 Rituum
1207 2263 1716 2352 congregatione
1769 2261 2190 2349 approbatum

605 2358 670 2416 et
721 2349 1014 2437 pluribus
1059 2351 1464 2420 Dioecesibus
1518 2367 1929 2432 concessum,
1978 2348 2189 2417 Domi-

604 2436 740 2504 nica
785 2440 986 2539 prima
1030 2438 1170 2509 Iulii
1215 2439 1480 2527 singulis
1524 2437 1698 2507 annis
1752 2438 1817 2505 in
1860 2449 2193 2524 posterum

602 2524 721 2679 sup
766 2537 896 2595 ritu
940 2526 1213 2614 duplicis
1255 2527 1576 2595 secundae
1622 2527 1832 2593 classis
1877 2544 2190 2612 peragere

604 2633 677 2679 va
707 2625 874 2681 eant.

731 2702 911 2780 Quod
956 2702 1008 2768 si
1072 2705 1134 2770 in
1191 2701 1398 2790 aliqua
1453 2701 1738 2770 Dioecesi
1793 2703 1896 2769 vel
1956 2700 2193 2770 Ordine

605 2789 900 2876 Regulari
945 2793 1051 2858 vel
1107 2792 1386 2859 Ecclesia
1446 2809 1851 2879 quacumque
1901 2789 2193 2860 Officium

601 2877 878 2963 aequalis
905 2881 1011 2946 vel
1043 2879 1282 2946 altioris
1315 2880 1472 2947 ritus
1563 2881 1842 2948 raedicta
1870 2877 2196 2946 Dominica

606 2978 939 3049 occurrat;
998 2967 1253 3053 statuit,
1309 2979 1383 3040 ιιι
1431 2973 1481 3038 Ο
1550 2968 1718 3036 cium
1779 2980 1845 3036 et
1887 2966 2067 3036 Missa
2111 2968 2194 3036 de

600 3053 1058 3124 Pretiosissimo
1082 3056 1398 3145 Sanguine
1431 3057 1565 3144 fiat,
1590 3068 1911 3144 tamquam
1942 3055 2006 3124 in
2037 3056 2192 3124 sede

603 3145 897 3230 propria,
965 3148 1030 3213 in
1090 3144 1379 3234 proxima
1438 3145 1544 3214 die
1605 3166 1640 3212 a
1699 3149 1885 3214 Festo
1947 3146 2035 3213 du
2086 3142 2194 3212 lici

602 3230 845 3318 primae
889 3235 993 3301 vel
1039 3235 1356 3302 secundae
1404 3234 1615 3302 classis
1669 3252 1797 3304 non
1843 3232 2018 3320 impe
2070 3234 2189 3312 ita;

606 3320 1039 3392 transferendo
1106 3321 1158 3388 si
1218 3323 1530 3390 Rubricae
1595 3322 1798 3389 sinant
1822 3368 1840 3405 ,
1902 3320 2188 3390 Officium

605 3410 776 3494 quod
824 3410 1048 3496 nequit
1091 3409 1343 3478 recitari
1396 3410 1461 3478 in
1508 3430 1624 3499 pro
1673 3410 1765 3476 ria
1807 3409 1939 3477 die.

732 3498 1081 3567 Declaravit
1139 3497 1407 3600 insuper,
1460 3510 1533 3566 ut
1583 3499 1632 3564 Ο
1702 3497 1872 3565 cium
1919 3498 2190 3567 recitan-

604 3584 762 3651 dum
806 3585 1009 3672 prima
1052 3586 1375 3654 Dominica
1422 3586 1560 3654 Iulii
1610 3604 1956 3672 numquam
2002 3585 2186 3652 omit-

605 3682 814 3757 tatur;
866 3675 1150 3761 itemque
1198 3685 1268 3742 ut
1314 3673 1494 3741 firma
1528 3684 1593 3741 et
1622 3695 1738 3742 suo
1770 3675 2000 3742 robore
2049 3692 2192 3774 per·

604 3770 895 3827 maneant
941 3762 1278 3848 peculiaria
1326 3761 1567 3844 indulta
1602 3774 1668 3830 et
1702 3761 2192 3850 privilegiatam

544 3927 553 3933 ,
605 3865 927 3933 concessa,
976 3850 1286 3917 recitandi
1317 3869 1554 3939 nempe
1597 3850 1886 3919 Officium
1936 3851 2055 3917 boc
2085 3851 2189 3917 vel

605 3935 671 4002 in
712 3937 1194 4026 Quadragesima
1240 3938 1343 4004 vel
1392 3939 1512 4004 alio
1558 3939 1702 4006 anni
1751 3949 2070 4026 tempore.

735 4026 1037 4093 Sanctitas
1067 4029 1190 4095 Sua
1223 4045 1295 4093 ea
1331 4026 1621 4115 proiecto
1652 4046 1767 4128 spe
1800 4027 2023 4095 nititur
2053 4030 2194 4096 fore

603 4121 677 4179 ut
721 4130 841 4201 per
870 4114 1095 4182 merita
1139 4115 1329 4183 huius
1372 4114 1809 4181 Pretiosissimi
1857 4116 2191 4204 Sanguinis

604 4198 831 4270 fideles
880 4202 1079 4291 magis
1108 4202 1174 4271 in
1204 4204 1343 4272 dies
1390 4202 1517 4271 fide
1547 4202 1872 4288 vivificati,
1906 4223 2021 4292 spe
2054 4225 2191 4273 cor-

603 4289 880 4358 roborati
929 4302 994 4357 et
1041 4291 1300 4360 caritate
1330 4291 1567 4360 incensi
1612 4292 1805 4359 vitam
1849 4292 2087 4359 ducant
2117 4292 2193 4359 ab

607 4378 782 4445 omni
839 4377 1166 4465 iniquitate
1212 4380 1482 4448 alienam
1509 4429 1526 4464 ,
1578 4391 1643 4447 et
1702 4381 1982 4468 praemia
2029 4400 2193 4448 asse-

606 4478 882 4550 quantur
925 4478 1203 4535 aeterna.

736 4558 961 4623 Datum
1007 4555 1258 4624 Caietae
1305 4556 1413 4625 die
1464 4562 1541 4626 10
1588 4555 1858 4643 Augusti
1910 4561 2100 4626 1849.

607 4729 860 4798 29⁷9.
1066 4734 1292 4800 URBIS
1341 4736 1441 4800 ET
1484 4735 1728 4801 ORBIS.
1964 4733 2192 4821 (5144)

733 4910 942 4987 Quum
986 4906 1422 4975 Sanctissimus
1453 4910 1756 4976 Dominus
1786 4910 2015 4975 Noster
2054 4908 2194 4976 Pius

608 4998 763 5081 Papa
794 4998 875 5063 lx
906 4997 983 5063 ab
1013 4993 1281 5062 exordio
1312 4996 1409 5062 sui
1442 4996 1844 5063 Pontificatus
1892 5015 2192 5085 praesen·

608 5081 921 5150 tissimum
955 5103 1026 5150 ac
1054 5083 1509 5151 validissimum
1539 5088 1765 5151 Beatae
1796 5084 2022 5151 Mariae
2055 5085 2194 5153 Vir-

605 5168 769 5255 ginis
812 5171 1236 5258 patrocinium
1282 5170 1476 5238 iuerit
1524 5182 1855 5259 expertus,
1905 5173 2059 5240 dum
2093 5191 2195 5238 ae·

604 5265 735 5326 tate
778 5268 993 5325 nostra
1038 5260 1205 5326 Petri
1235 5258 1421 5326 Navis
1465 5259 1890 5347 undequaque
1939 5270 2005 5325 et
2051 5278 2191 5325 raro

607 5347 905 5435 exemplo
947 5345 1148 5414 saevis
1196 5357 1649 5433 tempestatum
1682 5345 1977 5414 fluctibus
2008 5346 2192 5416 iacta-

2291 420 2503 497 retum
2554 422 2622 478 et
2649 414 2789 497 lpse
2819 409 3165 480 acerbitate
3196 419 3564 498 temporum
3595 410 3674 477 ab
3703 407 3868 477 Urbe

2288 499 2619 569 discedere
2674 510 2927 569 coactus
2979 499 3057 566 ad
3105 499 3339 566 multos
3384 518 3638 567 menses
3701 498 3865 584 inge-

2287 606 2467 657 mere
2491 587 2791 657 debuerit
2814 606 3011 674 super
3037 587 3340 654 immensa
3372 604 3670 653 errorum
3695 596 3868 674 peste

2290 675 2482 766 longe
2543 678 2800 762 lateque
2856 676 3123 762 impune
3181 685 3501 761 grassante
3530 722 3548 758 ,
3600 683 3667 740 et
3720 675 3868 740 insa-

2287 762 2603 832 nientium
2648 764 2978 832 hominum
3009 762 3309 849 congerie
3355 762 3419 830 in
3453 760 3870 829 Ecclesiastici

2289 854 2497 919 Status
2542 856 2702 919 Loca
2747 850 3233 936 confluentium,
3278 860 3350 918 ut
3395 862 3460 917 et
3506 849 3784 916 humana
3811 862 3872 916 et

2289 940 2504 1007 divina
2548 940 2682 1008 iura
2735 959 2994 1028 pessum
3044 939 3161 1027 ipsi
3207 942 3469 1025 darent;
3533 958 3608 1004 ac
3669 938 3868 1003 animo

2290 1038 2593 1117 reputans
2652 1028 2758 1098 die
2804 1033 2845 1096 2
2890 1028 3032 1095 Iulii
3090 1026 3435 1116 superioris
3503 1025 3651 1092 anni
3678 1072 3697 1110 ,
3752 1044 3870 1112 quo

2290 1117 2396 1184 die
2444 1117 2521 1183 ab
2564 1116 2847 1184 Ecclesia
2889 1116 3217 1206 peculiare
3261 1114 3572 1181 recolitur
3619 1118 3870 1182 Festum

2292 1205 2674 1273 visitationis
2719 1204 3010 1274 eiusdem
3057 1204 3383 1290 Deiparae,
3419 1201 3617 1270 fuisse
3651 1221 3869 1268 excus-

2290 1313 2431 1361 sum
2469 1292 2914 1382 occupantium
2946 1291 3164 1379 iugum
3198 1290 3274 1358 ab
3303 1289 3502 1370 Urbe,
3536 1300 3609 1356 et
3639 1290 3874 1377 aliquot

2291 1392 2432 1469 post
2477 1382 2614 1449 dies
2661 1378 2915 1448 civilem
2961 1379 3363 1467 Apostolicae
3409 1378 3595 1446 Sedis
3647 1377 3874 1444 Princi-

2291 1480 2508 1556 patum
2555 1467 2749 1536 fuisse
2786 1468 3177 1552 restitutum,
3214 1464 3463 1553 opibus,
3499 1466 3771 1534 consilio
3813 1476 3875 1530 et

2292 1555 2481 1623 armis
2535 1557 2916 1644 inclytarum
2969 1554 3308 1623 Nationum
3363 1564 3428 1621 et
3473 1552 3872 1642 Principum,

2291 1644 2491 1712 accito
2543 1649 2702 1713 Rmo
2766 1642 3079 1714 Cardinali
3123 1640 3361 1713 alnisio
3404 1641 3877 1711 Lambruschini

2288 1732 2603 1821 Episcopo
2632 1732 3000 1815 Portuensi,·
3032 1734 3293 1799 Sanctae
3326 1729 3590 1798 Rufinae
3624 1741 3696 1797 et
3723 1732 3877 1797 Cen·

2294 1822 2762 1906 tumcellarum,
2810 1822 3032 1888 Sacrae
3068 1818 3329 1887 Rituum
3360 1815 3878 1906 congregationis

2290 1909 2641 1993 Praefecto,
2667 1913 3041 1977 Decessores
3060 1927 3209 1974 suos
3239 1910 3304 1976 S.
3335 1907 3515 1974 Pium
3541 1910 3596 1974 V
3622 1918 3691 1974 et
3714 1925 3767 1972 s.
3789 1923 3873 1971 m.

2291 1997 2473 2064 Pium
2504 2000 2612 2064 Vll
2654 1997 3030 2082 aemulatus,
3079 2005 3365 2062 mentem
3394 2013 3575 2061 suam
3621 2013 3767 2061 esse
3802 1994 3878 2058 si·

2292 2083 2654 2173 gnificavit,
2704 2095 2775 2152 ut
2839 2082 2917 2152 ad
2983 2084 3145 2173 grati
3209 2081 3398 2153 animi
3467 2082 3879 2152 reddendum

2293 2191 2579 2259 perenne
2612 2171 3042 2241 testimonium
3087 2169 3576 2261 gloriosissimae
3608 2168 3880 2257 Virgini,

2292 2279 2456 2348 quae
2514 2260 2832 2348 insperato
2884 2260 3004 2326 sibi
3063 2271 3129 2329 et
3186 2258 3366 2329 fideli
3411 2260 3654 2360 populo
3703 2256 3884 2327 Chri-

2292 2348 2494 2415 stiano
2538 2348 2604 2417 in
2649 2348 3036 2416 adiutorium
3081 2347 3260 2415 venit
3285 2398 3302 2433 ,
3351 2346 3474 2414 hoc
3519 2365 3736 2435 ipsum
3779 2345 3885 2413 Vi·

2292 2436 2598 2504 sitationis
2643 2441 2901 2504 Festum
2959 2436 3228 2504 ducatur
3272 2435 3338 2503 in
3385 2447 3721 2523 posterum
3765 2453 3885 2591 ger

2294 2525 2676 2679 Ulniversum
2744 2523 2977 2592 Orbem
3042 2523 3171 2591 ritu
3245 2523 3489 2614 duplici
3560 2542 3764 2591 secun
3816 2541 3886 2588 ae

2295 2632 2329 2679 c
2356 2633 2529 2680 assis.

2428 2701 2637 2789 Atque
2682 2702 2803 2769 hoc
2850 2705 3192 2769 Decretum
3239 2700 3303 2768 in
3334 2702 3489 2767 Acta
3520 2702 3748 2768 Sacrae
3779 2698 3884 2798 lli·
4003 2694 4004 2701 ’

2296 2799 2478 2857 tuum
2511 2788 3034 2877 congregationis
3074 2788 3298 2877 reponi
3341 2809 3412 2855 ac
3460 2787 3704 2876 publici
3734 2785 3887 2854 iuris

2297 2875 2436 2943 fieri
2483 2877 2823 2946 mandavit.

2429 2965 2542 3033 Die
2588 2970 2668 3035 31
2720 2966 2852 3034 Maii
2907 2969 3096 3034 1850.

2296 3107 2561 3177 2980.
2937 3108 3250 3176 AnmEN.
3656 3107 3882 3192 (διιεῖ)

2427 3233 2631 3310 Quum
2695 3230 2759 3297 in
2820 3232 3155 3298 Sacrorum
3221 3227 3486 3298 Rituum
3552 3229 3884 3297 ordinario

2296 3322 2503 3387 coetu
2545 3318 2623 3386 ad
2672 3319 3041 3387 Vaticanum
3091 3316 3449 3407 subsignata
3495 3316 3605 3385 die
3653 3318 3885 3385 coadu-

2296 3417 2442 3477 nato
2479 3427 2512 3471 a
2555 3405 2912 3495 subscripto
2959 3406 3314 3476 Secretario
3359 3406 3598 3472 relatae
3645 3405 3887 3472 fuerint

2296 3514 2521 3586 preces
2553 3495 2838 3563 Rectoris
2869 3505 2937 3561 et
2965 3494 3400 3562 professorum
3423 3492 3758 3563 Seminarii
3791 3493 3888 3562 Ci-

2297 3583 2507 3652 vitatis
2551 3582 2804 3670 Rodigii
2852 3583 2916 3650 in
2960 3582 3250 3651 Dioecesi
3285 3580 3606 3665 Adriensi,
3657 3581 3889 3668 quibus

2296 3671 2699 3758 exponebant
2760 3690 2890 3739 non
2951 3688 3142 3741 unam
3203 3670 3370 3738 inter
3432 3670 3603 3758 ipsos
3662 3670 3886 3757 vigere

2296 3760 2664 3851 opinionem
2707 3760 2872 3828 circa
2916 3759 3228 3848 privatam
3273 3762 3583 3827 Horarum
3623 3756 3886 3826 Canoni-

2296 3867 2512 3917 carum
2576 3848 3047 3927 recitationem;
3096 3846 3414 3932 siquidem
3469 3846 3590 3934 ipsi
3646 3847 3728 3913 ad
3778 3850 3882 3913 Ca·

2297 3937 2653 4005 thedralem
2686 3935 3062 4004 auriensem
3091 3954 3217 4001 non
3263 3933 3662 4022 pertinentes
3694 3933 3882 4003 adne—

2296 4042 2441 4092 xam
2488 4024 2722 4092 babent
2753 4024 3101 4092 Ecclesiam
3131 4022 3694 4108 Sacramentalem,
3729 4040 3884 4110 quae

2296 4111 2759 4181 Parochialibus
2791 4111 3034 4180 iuribus
3064 4130 3219 4180 vere
3252 4110 3489 4197 gaudet
3536 4110 3750 4197 quoad
3784 4114 3884 4179 Se-

2298 4200 2544 4268 minarii
2611 4199 2807 4288 ipsius
2873 4200 3200 4289 Magistros
3268 4209 3333 4265 et
3403 4199 3750 4280 Alumnos3
3821 4219 3883 4264 ac
4003 4269 4004 4284 χ

2297 4287 2570 4444 εξοὶιιᾶθ
2636 4299 3062 4376 opportunam
3127 4286 3516 4355 solutionem
3589 4286 3881 4387 efflagita·

2373 4386 2445 4443 nt
2502 4394 2700 4462 super
2742 4375 3157 4464 sequentibus
3213 4373 3736 4460 quaestionibus;
3798 4395 3883 4442 m·
4003 4403 4004 4430 ι

2298 4482 2642 4621 mmffljin
2673 4552 3006 4621 seminarii
3037 4552 3296 4620 Alumni
3329 4552 3531 4620 Sacris
3551 4551 3884 4621 Ordinibus

2297 4641 2526 4712 initiati
2586 4640 2922 4727 adigantur
2977 4641 3041 4709 in
3088 4640 3322 4708 divinis
3365 4639 3684 4708 Laudibus
3746 4659 3882 4727 per-

2297 4729 2622 4798 solvendis
2667 4730 2746 4798 ad
2791 4728 3235 4798 calendarium
3280 4727 3565 4797 adiectae
3605 4730 3882 4797 Semina·
4003 4779 4004 4796 ,

2298 4819 2393 4887 rio
2441 4818 2764 4886 Ecclesiae
2809 4815 3256 4904 sequendum?
4003 4863 4004 4908 ‡

2430 4910 2497 4974 Ξ.
2529 4912 2627 4974 An
2658 4906 2831 4973 idem
2860 4905 3306 4975 calendarium
3335 4903 3517 4991 sequi
3551 4913 3884 4972 teneantur

2301 4994 2575 5082 Magistri
2609 4995 2674 5061 in
2698 4995 3047 5064 Seminario
3075 4996 3211 5082 ipso
3242 4995 3554 5081 degentes
3575 5012 3692 5060 seu
3716 5010 3886 5059 com·

2299 5094 2659 5166 morantes,
2707 5082 2994 5169 quamvis
3051 5084 3440 5171 plerumque
3483 5079 3549 5148 in
3594 5080 3730 5147 aliis
3775 5082 3885 5145 Ec-

2299 5170 2509 5238 clesiis
2556 5175 3034 5238 Sacrosanctum
3086 5171 3303 5238 Missae
3351 5167 3742 5238 Sacrificium
3786 5185 3884 5234 ce·
4003 5187 4004 5190 ¹

2300 5257 2578 5342 lebrent‚
2628 5260 2816 5326 sacris
2848 5259 3281 5326 functionibus
3326 5258 3637 5340 assistant,
3684 5274 3881 5322 sacra-
4003 5279 4004 5300 2

2299 5347 2606 5412 mentales
2664 5339 2960 5414 fidelium
3018 5345 3459 5416 confessiones
3519 5343 3874 5433 excipiant;
