4042 5950
2055 292 2160 309 ...
2214 247 2372 326 affin)
2425 291 2530 308 ...

776 412 986 497 Atque
1042 409 1123 477 ita
1172 408 1516 497 rescripsit,
1564 406 1912 475 declaravit
1966 404 2235 475 servari·

644 518 772 586 que
817 499 1162 566 mandavit.

776 586 890 655 Die
937 590 975 655 7
1025 586 1159 654 unii
1215 589 1409 654 1883.

643 727 895 797 3013.
960 730 1088 796 vlc
1098 729 1426 796 ARIATUS
1471 729 1909 797 APOSTOLlCl

1272 835 1592 901 man-sl.
1942 866 1953 877 ·

974 977 1131 1041 Rme
1178 973 1476 1058 Domine,
1526 970 1619 1041 uti
1657 978 1900 1041 Frater.

771 1119 979 1197 Quum
1026 1119 1101 1183 R.
1139 1120 1207 1183 P.
1250 1114 1524 1182 Aloisius
1570 1135 1601 1179 a
1649 1117 1877 1183 Sancto
1922 1117 2093 1180 Iusto
2124 1116 2236 1181 Or·

642 1203 807 1272 dinis
852 1205 1167 1272 Minorum
1227 1202 1438 1272 sancti
1496 1200 1810 1270 Francisci
1869 1202 1953 1270 de
2007 1203 2234 1269 Obser-

641 1292 848 1361 vantia
879 1293 944 1361 in
988 1291 1278 1360 Ecclesia
1323 1291 1439 1357 ista
1485 1291 1749 1359 Kiam-si
1791 1289 2235 1359 caeremonia-

2003 724 2232 815 (5187)

643 1381 774 1448 rius
820 1383 1044 1448 Sacrae
1090 1381 1352 1449 Rituum
1398 1377 1888 1467 congregationi
1936 1376 2237 1463 exposuit

642 1488 805 1556 quae
834 1479 1230 1555 sequuntur;
1280 1468 1629 1535 nimirum:
1973 1496 1978 1501 ·

769 1555 1076 1637 Quoniam
1113 1577 1146 1622 a
1192 1559 1419 1625 sancta
1464 1556 1633 1624 Sede
1664 1555 2109 1642 dispensatum
2153 1552 2236 1619 sit

641 1665 788 1714 cum
852 1645 1098 1715 vicario
1158 1643 1525 1731 Apostolico
1584 1644 1763 1711 istius
1825 1641 2229 1727 Provinciae,

641 1744 712 1802 ut
741 1733 922 1802 Feria
955 1738 1009 1802 V
1038 1733 1104 1801 in
1132 1737 1342 1805 coena
1390 1731 1637 1800 Domini
1689 1750 2003 1821 peragere
2035 1729 2235 1818 possit

640 1821 1189 1890 consecrationem
1235 1840 1559 1889 sacrorum
1588 1820 1895 1889 oleorum
1934 1837 2086 1886 cum
2116 1817 2235 1884 mi·

639 1911 779 1979 nori
826 1930 1099 1980 numero
1143 1908 1676 1998 Presbyterorum
1735 1927 1923 1995 quam
1969 1905 2082 1994 qui
2131 1925 2232 1972 re-

642 1998 917 2084 quiritur
961 1997 1028 2065 in
1071 1997 1417 2066 pontificali
1468 2002 1801 2084 Romano,
1863 1996 1946 2064 ob
1999 1997 2233 2063 horum

640 2085 1118 2167 deficientiam;
1152 2106 1483 2174 quumque
1517 2087 1583 2154 in
1616 2084 2091 2171 dispensatione
2124 2082 2230 2150 ba·

641 2175 910 2243 beantur
939 2178 1096 2246 haec
1117 2176 1353 2243 verba:
1388 2176 1697 2243 Adhibcat
1727 2192 1854 2260 quo
1879 2172 2101 2260 plures
2124 2171 2234 2238 Ita·

637 2267 773 2332 bere
811 2274 1019 2351 potest
1048 2264 1448 2347 Presbyteros
1465 2287 1494 2345 ,-
1525 2262 1889 2351 quaeritur:
1923 2263 2092 2328 Num
2126 2259 2233 2327 illa

641 2352 920 2421 clausula
955 2352 1047 2421 sic
1093 2351 1373 2439 intelligi
1406 2353 1666 2435 debeat,
1700 2360 1772 2419 ut
1801 2351 1935 2419 duo
1965 2345 2231 2436 Presby-

638 2440 789 2525 teri,
844 2459 1122 2528 quorum
1182 2460 1261 2509 eo
1307 2440 1411 2508 die
1473 2459 1640 2507 unus
1698 2438 1828 2528 agit
1888 2437 2234 2505 Diaconum

638 2527 1000 2617 Evangelii,
1046 2528 1212 2597 alter
1264 2527 1737 2597 subdiaconum
1794 2525 2119 2612 Epistulae
2165 2524 2230 2591 in

638 2616 816 2684 lllissa
846 2617 1223 2703 pontificali,
1250 2617 1526 2684 debeant
1556 2632 1760 2702 quum
1792 2625 2058 2682 ventum
2092 2612 2234 2680 fue-

640 2703 722 2772 rit
752 2705 831 2773 ad
859 2723 1101 2772 sacram
1125 2704 1602 2775 caeremoniam
1647 2702 2050 2793 supradictae
2080 2720 2232 2769 con-

637 2791 1006 2861 secrationis
1039 2792 1369 2883 deponere
1400 2792 1807 2860 Dalmaticam
1840 2811 1912 2858 ac
1935 2789 2230 2858 Tunicel-

641 2880 790 2973 lam,
821 2892 884 2948 et
906 2882 1195 2950 casulam
1228 2899 1579 2965 assumere,
1606 2892 1676 2948 ut
1700 2880 1900 2948 maior
1929 2888 2229 2967 appareat

638 2969 1167 3059 Presbyteromm
1211 2988 1522 3039 numerus
1553 2968 1868 3038 eiusmodi
1899 2987 2230 3038 consecra-

642 3057 793 3126 tioni
842 3058 1307 3144 assistentium,
1356 3058 1657 3146 dictaque
1712 3079 1884 3126 sacra
1938 3059 2092 3126 Olea
2137 3073 2232 3123 sa-

642 3147 1031 3215 lutantium:
1081 3159 1465 3236 peractaque
1510 3148 1940 3232 caeremonia,
1988 3145 2232 3213 Dalma-

643 3236 829 3304 ticam
875 3247 941 3304 et
984 3238 1377 3307 'tunicellam
1425 3256 1822 3305 reassumere
1863 3237 1942 3306 ad
1986 3232 2232 3301 Illissam

641 3325 1100 3414 perficiendam
1123 3324 1158 3394 ⁴?

768 3413 1134 3483 Notandum
1165 3414 1423 3482 aliunde
1468 3413 1644 3500 quod
1693 3412 1832 3480 fere
1878 3428 2229 3498 numquam

640 3499 948 3569 habeatnr
1014 3502 1241 3590 aliquis
1304 3521 1385 3570 ex
1445 3501 1677 3570 Ordine
1748 3500 2060 3569 Diaconali
2122 3496 2230 3565 vel

640 3588 1108 3675 subdiaconali,
1156 3591 1282 3677 qui'
1314 3610 1351 3657 e
1398 3589 1757 3658 secretario
1802 3588 2022 3657 afferat
2054 3588 2233 3656 illuc-

640 3694 768 3761 que
815 3676 1049 3745 reierat
1092 3697 1262 3745 sacra
1307 3679 1489 3766 Olea;
1538 3697 1736 3764 quare
1766 3679 1818 3745 si
1852 3696 1979 3744 non
2011 3677 2091 3743 sit
2123 3694 2230 3742 ne-

639 3782 817 3832 cesse
880 3766 1281 3853 supradictos
1335 3768 1666 3855 deponere
1716 3778 1783 3833 et
1828 3782 2229 3833 reassumere

639 3852 809 3921 dicta
862 3857 1258 3939 Paramenta,
1306 3868 1459 3923 tunc
1520 3855 1639 3943 ipsi
1698 3855 1972 3922 afferunt
2020 3864 2085 3921 et
2129 3872 2231 3919 re-

640 3942 856 4009 ferunt
900 3944 1075 4028 Olea,
1113 3953 1371 4031 totaque
1402 3944 1813 4011 caeremonia
1844 3941 2232 4011 convenien-

643 4031 768 4098 tius
813 4031 1166 4120 peragitur.
1225 4033 1438 4112 Quoad
1494 4043 1706 4099 cetera
1762 4031 1852 4098 nil
1913 4032 2097 4099 deest
2150 4031 2226 4098 ad

639 4119 1075 4187 Pontificalem
1098 4121 1342 4188 Missam
1367 4130 1713 4209 ceteraque
1737 4121 1843 4187 illa
1869 4119 1976 4186 die
2008 4118 2231 4207 peragi

639 4206 824 4275 solita
854 4208 1229 4278 solemniter
1260 4208 1676 4299 perficienda.

770 4299 981 4386 Super
1026 4297 1256 4384 quibus
1303 4297 1598 4366 omnibus
1635 4310 1700 4367 et
1744 4295 2036 4383 singulis,
2073 4295 2228 4362 iacta

641 4404 764 4475 per
805 4386 1237 4473 subscriptum
1284 4390 1620 4455 Sacrorum
1654 4386 1916 4455 Rituum
1947 4387 2231 4472 congre-

639 4474 908 4560 gationis
974 4475 1553 4545 Pro-secretarium
1633 4475 1806 4543 fideli
1876 4472 2228 4555 relatione,

638 4563 943 4650 prudenti
1006 4583 1155 4631 sane
1225 4563 1494 4633 consilio
1560 4563 1692 4651 ipsa
1751 4560 2080 4631 constituit
2139 4559 2231 4627 nil

639 4649 886 4719 directe
932 4662 1284 4720 memorato
1338 4653 1507 4724 Patri
1550 4650 2115 4738 respondendum3
2169 4657 2235 4715 et

637 4739 830 4806 satius
878 4759 1017 4808 esse
1063 4741 1486 4830 Amplitudini
1549 4743 1717 4808 Tuae
1762 4737 2234 4806 communicare

639 4829 1032 4984 propositam
1100 4830 1347 4931 praxim
1417 4828 1597 4897 nullo
1666 4827 1859 4895 modo
1927 4829 2232 4917 adoptan-

687 4931 826 4998 am;
874 4938 944 4984 ac
993 4917 1264 5005 proinde
1320 4919 1581 4985 omnino
1628 4916 2116 4984 convenientius
2163 4925 2234 4982 ut

640 5002 950 5073 Diaconus
1018 5018 1083 5073 et
1151 5005 1588 5075 subdiaconus
1620 5054 1639 5091 ,
1706 5005 1817 5092 qui
1883 5003 2231 5073 Pontificali

639 5092 858 5161 Missae
902 5094 1225 5178 assistunt,
1274 5096 1518 5183 quique
1575 5094 1643 5161 in
1697 5113 1843 5161 casu
1888 5106 2042 5162 sunt
2086 5096 2233 5160 Pre-

637 5179 906 5270 sbyteri,
954 5193 1290 5284 postquam
1335 5183 1414 5251 ad
1459 5201 1637 5251 auam
1689 5183 1925 5251 sedem
1972 5182 2232 5270 Episco-

638 5288 798 5359 pum
845 5271 1133 5338 comitati.
1172 5281 1346 5356 sunt,
1396 5270 1664 5338 retentis
1706 5269 1899 5338 sacris
1948 5268 2234 5338 vestibus

639 5358 872 5451 quibus
916 5358 1126 5427 induti
1172 5369 1346 5441 sunt,
1396 5356 1955 5445 processionaliter
1998 5359 2079 5427 ad
2123 5360 2230 5428 Sa·

2336 406 2609 474 crarium
2654 407 2961 476 accedant
3008 426 3092 474 ex
3137 423 3348 492 eoque
3389 403 3689 474 deterant
3733 401 3935 472 Olea:

2338 495 2487 562 inde
2534 496 2745 580 quoad
2795 495 2936 563 fleri
2969 504 3205 585 potest,
3241 498 3292 561 E
3341 494 3557 579 iscopo
3603 500 3942 580 praestent

2334 581 2584 670 singula
2614 582 2825 651 Officia
2856 602 3020 671 quae
3051 605 3084 650 a
3115 514 3462 650 Pontigcali
3511 578 3943 666 requiruntur

2339 682 2404 738 et
2437 671 2808 759 praestanda
2843 681 3058 740 essent
3087 671 3169 738 ab
3197 669 3665 739 Archidiacono
3694 677 3764 734 et
3789 672 3944 734 Pre-

2335 761 2596 847 sbytero
2643 760 3014 845 assistente,
3065 759 3457 849 expletaque
3501 776 3672 823 sacra
3717 775 3944 823 caere·

2337 847 2570 932 monia,
2619 848 2698 916 ad
2746 848 3105 916 Sacristiam
3163 866 3335 916 sacra
3380 847 3531 915 Olea
3590 844 3943 927 reducant,
4003 910 4004 913 ,

2335 935 2895 1022 processionaliter
2953 938 3032 1006 ad
3097 937 3295 1005 latera
3352 932 3650 1033 Episcopi
3711 952 3943 999 rever·

2338 1034 2573 1109 tantur,
2622 1036 2696 1091 ut
2742 1025 2801 1092 ei
2847 1025 2912 1093 in
2956 1045 3073 1092 suo
3120 1025 3391 1112 quisque
3444 1022 3652 1091 officio
3714 1022 3944 1089 deser·
4003 1062 4004 1077 η

2336 1111 2532 1181 viant.
2585 1114 2788 1181 Posita
2833 1113 3003 1182 enim
3050 1112 3408 1203 Apostolica
3454 1109 3941 1198 dispensatione

2336 1201 2545 1287 quoad
2623 1220 2968 1269 numerum
3045 1200 3572 1289 Presbyterorum
3637 1197 3942 1266 assisten·
4003 1218 4004 1225 ¹

2337 1289 2526 1373 tium,
2576 1291 2751 1357 nulla
2797 1310 3061 1378 prorsus
3104 1299 3370 1379 apparet
3427 1308 3611 1357 causa
3655 1286 3741 1353 ad
3795 1305 3942 1372 pro-
4003 1338 4004 1341 ,

2337 1377 2607 1466 positam
2654 1380 2903 1465 praxim
2954 1377 3404 1467 adoptandam.
3459 1377 3631 1455 Quae
3682 1373 3942 1462 singula

2337 1466 2768 1553 Amplitudini
2791 1471 2959 1535 Tuae
2983 1464 3412 1549 communico,
3441 1474 3513 1532 ut
3543 1460 3941 1532 sanctissimi

2339 1555 2695 1641 oraculum,
2722 1556 2814 1623 uti
2837 1556 3212 1644 exponitur,
3236 1552 3658 1638 exequutioni
3678 1553 3945 1620 deman·

2339 1643 2571 1730 detur;
2622 1654 2688 1711 et
2733 1644 2993 1711 interim
3039 1643 3172 1744 ipsa
3217 1641 3594 1731 Amplitudo
3643 1644 3781 1708 Tua
3829 1639 3942 1707 diu

2339 1731 2494 1798 felix
2541 1742 2606 1799 et
2653 1730 2993 1801 incolumis
3036 1738 3240 1799 vivat:

2467 1825 2706 1888 Romae
2752 1825 2792 1887 2
2837 1818 2996 1888 lunii
3049 1824 3247 1889 1853.

2336 1979 2593 2050 3014.
2828 1980 3426 2047 COCHINCHINAE.

2667 2124 2825 2188 Rme
2873 2120 3170 2202 Domine,
3219 2117 3313 2185 uti
3350 2121 3600 2184 Frater.

3697 1977 3938 2063 (sies)

2466 2259 2929 2349 Amplitudinis
2958 2263 3128 2327 'l'uae
3160 2257 3421 2329 nomine
3467 2277 3670 2344 quum
3701 2260 3940 2329 Sacrae

2333 2349 2593 2419 Rituum
2637 2347 3134 2436 congregationi
3189 2347 3309 2414 tria
3354 2346 3692 2433 sequentia
3742 2345 3940 2415 dubia

2334 2438 2660 2528 proposita
2705 2436 2986 2515 fuerint;
3034 2436 3390 2504 nimirum:
3715 2476 3736 2489 ι

2471 2532 2533 2594 1.
2584 2528 2814 2593 Utrum
2858 2524 3174 2593 absolutio
3207 2544 3323 2613 pro
3365 2523 3724 2607 DefunctiS‚
3761 2521 3943 2590 linita

2336 2615 2512 2683 Missa
2543 2614 2683 2684 fieri
2717 2613 2914 2705 possit
2957 2613 3406 2681 tantummodo
3451 2611 3710 2698 quando
3761 2609 3938 2679 dicta

2334 2703 2455 2772 fuit
2523 2705 2703 2773 Missa
2761 2702 2849 2770 de
2916 2703 3279 2789 Requiem;
3351 2700 3456 2769 vel
3525 2698 3669 2767 lieri
3741 2699 3940 2766 etiam

2335 2792 2557 2882 possit,
2592 2792 2658 2859 in
2687 2790 3070 2879 paramentis
3103 2801 3315 2858 tamen
3345 2788 3575 2876 nigris,
3611 2800 3765 2875 post
3795 2788 3940 2854 Mis-

2332 2900 2465 2948 sam
2510 2883 2595 2950 de
2642 2882 2828 2946 Festo
2874 2878 3149 2966 duplici,
3191 2878 3374 2947 cuius
3405 2877 3654 2945 fructus
3697 2876 3944 2945 Defun-

2336 2967 2452 3038 c'tis
2496 2966 2853 3060 applicatur
2873 2964 2907 3034 ἲ

2464 3063 2530 3125 2.
2580 3058 2799 3126 Plures
2845 3056 3183 3145 Theologi,
3232 3057 3404 3124 inter
3457 3073 3618 3141 quos
3660 3057 3941 3122 Sanctus

2332 3146 2697 3234 Alphonsus
2744 3146 2929 3214 Maria
2988 3146 3071 3214 de
3130 3143 3419 3236 Ligurio,
3466 3143 3758 3211 sentiunt
3821 3160 3940 3209 ve·

2332 3235 2500 3303 niale
2533 3254 2672 3303 esse
2704 3235 3005 3303 omittere
3035 3249 3266 3302 vocem
3297 3234 3495 3299 Amen
3527 3231 3592 3297 in
3624 3229 3757 3298 line
3803 3231 3939 3297 for-

2334 3342 2476 3392 mae
2520 3323 2860 3411 Baptismi3
2912 3341 3074 3410 quae
3123 3331 3338 3389 tamen
3391 3338 3517 3386 vox
3561 3338 3690 3386 non
3739 3338 3938 3407 repe-

2331 3410 2496 3480 ritur
2543 3411 2607 3480 in
2662 3411 2898 3480 Rituali
2960 3415 3270 3478 Romano.
3334 3409 3492 3476 Hinc
3552 3407 3934 3493 quaeritur:

2331 3502 2498 3568 Num
2543 3519 2618 3567 ea
2662 3499 3020 3568 adhibenda
3049 3498 3131 3566 sit
3159 3498 3268 3565 vel
3301 3491 3709 3564 omittenda?

2464 3595 2528 3658 3.
2577 3588 2841 3669 Quando
2903 3607 3023 3676 pro
3082 3583 3574 3655 consecratione
3626 3582 3939 3672 Episcopi

2331 3677 2491 3746 facta
2538 3676 2658 3745 fuit
2701 3675 2961 3745 facultas
3010 3687 3079 3743 ut
3123 3676 3411 3743 assistant
3472 3670 3601 3739 duo
3661 3671 3941 3769 Presby-

2333 3766 2456 3832 teri
2495 3767 2646 3841 ,loco
2693 3764 2973 3833 duorum
3019 3763 3516 3852 Episcoporum3
3553 3769 3936 3849 quaeritur:

2332 3857 2561 3922 Utrum
2591 3853 2656 3922 hi
2687 3851 3051 3942 Presbyteri
3083 3851 3444 3919 assistentes
3491 3851 3774 3918 debeant
3801 3868 3938 3916 am·

2332 3941 2533 4011 babus
2563 3941 2858 4010 manibus
2901 3953 3093 4029 caput
3125 3939 3564 4021 consecrandi,
3599 3938 3938 4037 posttEpi·

2333 4049 2599 4118 scopum
2646 4035 3157 4115 consecrantem,
3207 4039 3496 4117 tangere,
3533 4036 3596 4094 et
3632 4044 3939 4112 recipere

2335 4121 2791 4187 consecratum
2837 4119 2914 4185 ad
2964 4118 3257 4188 osculum
3301 4113 3526 4204 pacis?

2466 4209 2676 4296 Super
2722 4205 3085 4275 huiusmodi
3135 4205 3347 4274 dubiis
3392 4202 3777 4291 requisitum
3813 4203 3939 4270 tuit

2335 4295 2722 4364 Sanctissimi
2778 4295 3029 4363 Domini
3089 4296 3298 4361 Nostri
3345 4291 3432 4362 Pii
3480 4295 3563 4360 lX
3608 4290 3938 4362 Pontificis

2335 4382 2583 4450 Maximi
2614 4383 2996 4452 oraculum:
3042 4396 3109 4450 et
3140 4402 3341 4469 quum
3374 4381 3701 4450 sanctitati
3736 4383 3934 4465 suae,

2333 4470 2662 4554 referente
2707 4471 3072 4560 subscripto
3103 4474 3443 4541 Sacrorum
3473 4469 3738 4537 Rituum
3771 4471 3938 4536 con·

2334 4560 2726 4648 gregationis
2785 4561 3289 4628 Pro-secretario
3308 4610 3326 4646 ,
3378 4556 3739 4628 rescribere
3800 4557 3936 4646 pla-

2335 4649 2543 4717 cuerit
2587 4658 2661 4716 ut
2707 4650 2936 4718 eadem
2992 4648 3322 4717 solvantur
3376 4648 3550 4715 iuxta
3605 4645 3761 4713 alias
3821 4645 3934 4712 de-

2336 4748 2554 4818 creta;
2603 4737 3048 4824 responsiones
3095 4756 3261 4824 quae
3292 4736 3746 4818 subiiciuntur,
3780 4740 3930 4802 Am-

2335 4825 2590 4916 plitudo
2635 4829 2789 4912 Tua,
2837 4825 3011 4893 iuxta
3057 4825 3445 4894 sanctissimi
3494 4835 3791 4892 mentem
3836 4843 3933 4890 ac·

2335 4914 2524 5002 cipiat
2583 4924 2682 4999 et,
2749 4915 2892 4982 data
2961 4914 3485 5004 opportunitate,
3557 4911 3930 4981 executioni

2335 5003 2643 5082 mandet;
2694 5003 3043 5072 videlicet:

2463 5093 2561 5160 Ad
2598 5094 2660 5159 1.
2695 5113 2734 5159 α
2756 5092 3177 5179 Affirmative,
3211 5091 3290 5160 ad
3326 5091 3594 5181 primam
3633 5099 3928 5178 partem;

2333 5181 2665 5270 Negative,
2714 5181 2791 5248 ad
2840 5182 3187 5250 secundam
3221 5201 3283 5247 ι.

2463 5269 2562 5337 Ad
2609 5272 2675 5336 2.
2725 5289 2764 5335 α
2798 5268 3084 5340 Strictim
3139 5270 3202 5336 in
3257 5289 3407 5337 casu
3467 5278 3767 5338 servetur
3828 5268 3926 5334 Ri-

2341 5358 2509 5426 tuale
2554 5360 2908 5425 Romanum
2942 5378 3006 5425 ιν.
