4042 5950
2013 346 2487 426 —474—

601 509 1097 597 Archiepiscopo
1147 508 1270 577 loci
1312 507 1640 577 Ordinatio
1684 526 1884 573 sacras
1928 505 2190 573 Ordina-

607 600 811 667 tiones
857 597 1108 664 facienti
1154 596 1517 665 adstiterint
1575 605 1643 662 et
1695 594 1771 661 ad
1830 597 2045 662 Altare
2092 593 2185 659 in·

549 686 554 690 ’
605 684 944 754 servierint
1006 685 1137 752 duo
1197 683 1492 754 canonici
1550 683 1813 771 pluviali
1869 682 2074 750 induti
2119 682 2186 748 in

606 772 964 857 Maioribus,
1017 783 1081 840 et
1141 772 1429 840 rochetto
1490 792 1560 839 ac
1621 781 1933 838 mozzetta
1982 769 2187 837 induti

605 863 670 930 in
718 860 1058 928 Minoribus
1106 859 1510 928 conferendis
1546 859 1908 944 Ordinibus;
1944 868 2186 924 mutato

606 969 775 1017 nunc
821 949 931 1015 illo
980 969 1124 1032 usu,
1174 947 1443 1017 dubium
1473 956 1691 1014 natum
1724 959 1820 1013 est
1851 966 1996 1013 cum
2033 967 2187 1031 quo·

608 1057 752 1106 nam
798 1036 1013 1104 habitu
1063 1037 1192 1105 duo
1225 1036 1315 1102 illi
1349 1034 1643 1104 canonici
1678 1036 1742 1101 in
1771 1032 2189 1103 Ordinationi·

610 1125 724 1193 bus
769 1145 932 1212 quae
976 1124 1138 1193 fiunt
1183 1144 1306 1213 per
1350 1123 1595 1190 Missam
1639 1124 1866 1189 lectam
1896 1123 2187 1189 assistere

611 1223 970 1281 teneantur.
1043 1213 1246 1280 Enixe
1308 1211 1502 1298 igitur
1564 1215 1846 1278 Decanus
1910 1209 2184 1297 capituli

608 1301 925 1391 praefatae
948 1301 1463 1388 Metropolitanae
1483 1303 1731 1368 Sacram
1750 1300 2010 1368 Rituum
2032 1292 2202 1366 con-⁴

607 1389 1048 1477 gregationem
1094 1388 1343 1476 rogavit
1373 1399 1444 1454 ut
1473 1388 1805 1474 sequentia
1843 1386 2033 1454 dubia
2079 1386 2192 1453 de-

608 1479 847 1544 clarare
893 1478 1243 1566 dignetur:

742 1567 1016 1634 Dubium
1048 1571 1097 1632 l.
1131 1569 1289 1633 Cum
1322 1582 1451 1650 quo
1486 1563 1700 1631 habitu
1731 1564 1860 1631 duo
1893 1561 2191 1630 Canonici

607 1656 685 1722 ad
733 1655 946 1721 Altare
990 1654 1417 1720 ministrantes
1465 1651 1528 1717 in
1567 1652 1993 1735 Ordinatione,
2027 1669 2190 1736 quae

608 1741 681 1809 fit
725 1762 848 1829 per
907 1741 1150 1808 Missam
1211 1741 1484 1824 lectam,
1534 1740 1824 1806 assistere
1884 1739 2188 1823 debeant,

607 1831 762 1897 dum
796 1830 911 1896 soli
943 1829 1209 1897 Ordines
1238 1829 1508 1895 Minores
1540 1825 1999 1895 conteruntur?
2027 1845 2189 1893 anne

609 1919 672 1984 in
720 1916 938 1985 habitu
968 1917 1346 2000 canonicali,
1395 1916 1640 1983 scilicet
1683 1933 1835 1982 cum
1896 1916 2188 1983 rochetto

607 2018 672 2073 et
719 2016 1057 2090 mozzetta,
1108 2017 1176 2072 ut
1222 2002 1623 2093 permittitur
1669 2003 1732 2070 in
1778 2005 2061 2072 Decretis
2090 2004 2191 2070 Sa-

606 2114 751 2161 crae
797 2093 1055 2162 Rituum
1091 2092 1611 2181 congregationis
1646 2095 1685 2158 4
1714 2093 1872 2159 lunii
1910 2093 2076 2159 1817
2126 2091 2188 2158 in

606 2201 729 2249 una
776 2182 1125 2250 Dubiorum
1171 2182 1248 2249 ad
1279 2185 1320 2248 2
1353 2180 1623 2248 dubium
1663 2180 2089 2259 additionale;
2124 2189 2189 2246 et

614 2274 693 2337 12
724 2270 1120 2358 Septembris
1158 2273 1321 2337 1857
1367 2268 1434 2337 in
1465 2268 1765 2335 Moliuen.
1802 2268 1877 2335 ad
1912 2271 2034 2345 23;
2083 2266 2187 2333 vel

605 2358 818 2446 potius
875 2370 1254 2425 mozzettam
1311 2357 1640 2445 deponere
1696 2366 1763 2422 et
1804 2354 2189 2445 superpelli-

607 2464 797 2513 ceum
845 2447 1135 2514 rochetto
1181 2447 1465 2533 superim
1553 2464 1709 2511 nere
1757 2442 2152 2511 teneantur?

738 2533 1012 2602 Dubium
1059 2538 1132 2600 u.
1181 2538 1250 2600 In
1296 2553 1422 2620 quo
1514 2532 1688 2599 abitu
1736 2532 1865 2600 duo
1922 2530 2014 2596 illi
2078 2534 2190 2599 ca·

606 2623 814 2690 nonici
861 2623 1152 2692 assistere
1196 2622 1468 2689 debeant
1512 2620 1826 2708 Episcopo
1883 2619 2188 2686 Auxiliari

607 2710 793 2776 aliive
838 2731 870 2775 a
915 2714 1074 2778 Rmo
1120 2709 1612 2795 Archiepiscopo
1657 2708 1804 2774 Loci
1862 2706 2190 2775 Ordinario

471 2793 480 2800 ’
606 2798 933 2884 delegato,
983 2799 1245 2864 Maiores
1290 2797 1556 2865 Ordines
1616 2814 1734 2882 per
1798 2797 2043 2862 Missam
2101 2797 2189 2862 le·

606 2896 771 2952 ctam
818 2884 1172 2952 conterenti
1220 2904 1365 2955 cum
1399 2884 1650 2951 Diaconi
1682 2885 2042 2952 assistentes
2071 2884 2189 2950 soli

606 2973 925 3063 Episcopo
981 2974 1310 3043 Ordinatio
1370 2971 1786 3060 competant?
1845 2993 2005 3040 anne
2062 2974 2190 3041 duo

605 3062 902 3130 canonici
934 3062 1248 3153 Episcopo
1277 3061 1581 3131 Auxiliari
1612 3062 1799 3130 aliive
1834 3063 1898 3128 in
1926 3063 2189 3129 Ordina-

573 3153 779 3218 ,tioue
824 3152 1211 3236 assistentes,
1255 3152 1548 3218 assistere
1593 3151 1837 3238 possint
1869 3170 2016 3220 cum
2052 3151 2189 3239 plue

605 3238 899 3323 vialibuS,
947 3240 1159 3327 prouti
1209 3239 1286 3306 ab
1331 3241 1590 3324 antiquo
1639 3251 1931 3340 tempore
1975 3240 2037 3306 in
2073 3242 2190 3305 Ec-

606 3326 793 3394 clesia
842 3327 1316 3415 Metropolitana
1362 3326 1793 3394 Mechliniens1
1841 3328 1903 3392 in
1932 3327 2190 3395 Ordina-

606 3415 778 3481 tione
810 3432 1071 3501 semper
1096 3417 1390 3483 assistere
1413 3412 1929 3482 consueverunt?
1951 3416 2056 3482 vel

604 3505 731 3570 tius
775 3503 1069 3569 assistere
1114 3504 1356 3590 possint
1402 3522 1549 3569 cum
1612 3502 1826 3568 habitu
1873 3503 2188 3569 Diaconali

605 3601 671 3656 et
718 3589 1157 3658 subdiaconali
1187 3603 1259 3656 ut
1301 3592 1365 3657 in
1396 3591 1572 3657 Missa
1616 3590 1913 3673 solemni,
1947 3589 2190 3657 scilicet

608 3696 754 3745 cum
800 3675 954 3742 Alba
1001 3689 1067 3743 et
1111 3678 1446 3747 Dalmatica
1489 3699 1606 3746 seu
1649 3676 2029 3746 Tunicella?
2083 3679 2188 3744 vel

608 3765 863 3832 tandem
907 3765 1009 3833 hic
1055 3767 1426 3853 applicanda
1471 3769 1598 3834 sint
1658 3772 1916 3833 Decreta
1962 3770 2187 3835 Sacrae

604 3854 863 3921 Rituum
887 3854 1410 3942 congregationis
1440 3859 1521 3923 21
1556 3856 1697 3922 Iulii
1731 3859 1898 3923 1885
1923 3855 2189 3923 Vicaria-

604 3952 708 4009 tus
762 3942 1110 4028 Apostolici
1170 3943 1843 4046 constantinopolitani
1907 3944 1984 4010 ad
2058 3942 2187 4030 pri-

606 4049 782 4097 mum
828 4043 893 4096 et
939 4032 979 4096 6
1010 4030 1331 4098 Februarii
1371 4034 1538 4098 1858
1583 4052 1648 4099 in
1696 4032 1922 4099 Montis
1969 4035 2186 4097 Pessu-

606 4118 763 4197 lani;
798 4118 880 4183 ita
914 4129 982 4185 ut
1014 4137 1161 4186 cum
1191 4120 1315 4187 hoc
1344 4118 1561 4187 habitu
1584 4118 1894 4187 Diaconali
1930 4132 1994 4185 et
2025 4119 2183 4187 Sub-

604 4206 912 4273 diaconali
967 4207 1261 4275 assistere
1319 4218 1675 4293 nequeant,
1723 4208 1835 4274 sed
1892 4207 2185 4275 assistere

604 4292 878 4362 debeant
924 4306 995 4362 ut
1043 4296 1105 4362 in
1154 4297 1328 4363 Missa
1378 4297 1565 4380 lecta,
1602 4299 1664 4362 in
1695 4316 1819 4382 qua
1857 4296 1973 4362 soli
2005 4296 2183 4363 Ordi-

604 4399 719 4452 nes
766 4383 1035 4450 Minores
1083 4379 1554 4452 conferuntur?

735 4474 918 4540 Sacra
980 4492 1135 4540 vero
1198 4472 1459 4542 Rituum
1511 4474 1970 4562 congregatio,
2019 4471 2185 4539 refe·

603 4572 787 4627 rente
833 4563 1190 4650 subscripto
1249 4561 1603 4628 Secretario
1665 4573 1729 4628 et
1787 4561 1997 4628 audita
2043 4580 2186 4626 sen·

604 4648 800 4716 tentia
848 4649 911 4716 in
955 4649 1205 4737 scriptis
1248 4650 1508 4717 alterius
1555 4669 1636 4716 ex
1681 4650 2183 4736 Apostolicarum

602 4736 1154 4804 Caeremoniarum
1199 4738 1531 4824 Magistris,
1578 4738 1921 4828 propositis
1977 4737 2187 4808 dubiis

599 4825 957 4893 rescribere
989 4836 1116 4891 rata
1150 4835 1282 4892 est:
1316 4846 1355 4890 ι
1386 4830 1551 4893 Duos
1581 4826 1926 4895 canonicos
1958 4828 2022 4892 in
2055 4829 2181 4892 Me-

600 4913 974 4999 tropolitana
1023 4912 1456 4980 Mechliniensi
1506 4914 1775 4981 induere
1807 4914 2049 4981 debere
2079 4934 2181 4980 su-

598 5001 1069 5088 perpelliceum
1127 5020 1316 5088 supra
1385 5003 1774 5090 rochettum,
1833 5006 1987 5071 dum
2035 5002 2181 5069 assi-

597 5096 773 5155 stunt
816 5090 1312 5177 Archiepiscopo
1358 5091 1463 5157 vel
1512 5091 1825 5181 Episcopo
1871 5091 2181 5178 Suffraga-

598 5196 721 5259 neo
766 5198 967 5244 sacras
1013 5179 1348 5269 peragenti
1404 5178 1878 5263 Ordinationes,
1929 5191 2056 5245 tam
2117 5181 2182 5246 in

600 5264 963 5353 Maioribus,
1014 5256 1203 5352 quam
1250 5268 1311 5331 in
1359 5268 1701 5333 Minoribus
1749 5269 2076 5335 ordinibus
2112 5291 2177 5333 ν.

598 5360 808 5453 Atque
853 5354 937 5418 ita
983 5354 1304 5453 rescripsit
1338 5365 1403 5419 et
1432 5355 1668 5421 servari
1700 5355 2046 5422 mandavit.

729 5443 840 5505 Die
887 5441 970 5506 20
1016 5442 1218 5504 Martii
1268 5441 1463 5506 1869.

2294 506 2558 576 3204.
2764 507 3038 573 SANch
3086 508 3404 575 MlNlATl.
3655 506 3873 594 (5⁴34)

2422 689 2488 751 In
2555 681 2916 753 cathedrali
2984 681 3331 749 Miniatensi
3398 682 3668 749 invaluit
3728 702 3875 749 usus

2289 791 2417 839 non
2464 772 2854 838 accendendi
2889 772 3020 839 duo
3049 772 3275 838 saltem
3309 771 3545 836 lumina
3577 781 3870 859 tempore

2289 859 2570 928 choralis
2616 857 3047 943 Officiaturae,
3098 877 3334 946 nempe
3396 862 3708 926 Horarum
3769 859 3875 925 Mi·

2291 967 2542 1031 norum,
2595 946 3009 1034 completorii
3058 961 3124 1013 et
3184 946 3468 1014 Matutini
3514 966 3664 1013 cum
3726 950 3875 1013 Lau·

2290 1036 2513 1120 dibus3
2563 1036 2816 1121 quando
2862 1035 2927 1101 in
2959 1035 3151 1101 Altari
3202 1034 3417 1101 maiori
3467 1045 3561 1101 est
3596 1037 3876 1124 exposita

2290 1124 2496 1210 aliqua
2553 1123 2844 1209 Reliquia
2913 1142 3058 1189 cum
3128 1120 3471 1192 luminibus
3525 1141 3693 1209 quae
3762 1139 3877 1209 per

2293 1220 2487 1277 totam
2518 1212 2693 1279 diem
2729 1211 2900 1277 illam
2931 1211 3389 1279 collucescunt.
3424 1211 3635 1289 Quum
3664 1221 3877 1279 autem

2293 1303 2487 1366 Rrhus
2546 1305 2618 1368 D.
2679 1299 3023 1367 hodiernus
3086 1300 3435 1388 Episcopus
3496 1300 3709 1366 Sancti
3773 1300 3876 1364 Mi-

2291 1386 2441 1453 niati
2491 1387 2816 1456 existimet
2861 1388 3030 1455 bunc
3080 1406 3263 1454 usum
3314 1385 3721 1454 tolerandum
3754 1406 3877 1453 non

2295 1494 2469 1563 esse;
2521 1497 2554 1542 a
2601 1478 2782 1543 Sacra
2811 1477 3073 1544 Rituum
3118 1474 3625 1564 congregatione
3672 1475 3879 1543 humi·

2293 1563 2443 1630 liter
2489 1563 2792 1632 declarari
2840 1562 3071 1649 petiit:
3120 1568 3284 1632 Num
3332 1564 3559 1630 saltem
3602 1563 3737 1630 duo
3767 1562 3878 1628 alia

2294 1651 2532 1719 lumina
2581 1651 2877 1741 ponenda
2921 1651 3048 1717 sint
3094 1653 3157 1719 in
3189 1651 3388 1719 Altari
3434 1650 3686 1736 maiori,
3724 1662 3877 1718 tem·

2296 1755 2453 1827 pore
2497 1740 2781 1809 Choralis
2829 1738 3268 1807 officiaturae?

2425 1830 2504 1894 Et
2573 1832 2754 1896 Sacra
2809 1827 3072 1895 Rituum
3138 1827 3602 1916 congregatio,
3665 1826 3879 1895 audita

2295 1916 2485 1982 etiam
2542 1916 2856 1982 sententia
2910 1916 3176 1983 alterius
3231 1935 3310 1982 ex
3369 1914 3879 2004 Apostolicarum

2293 2005 2850 2071 Caeremoniarum
2874 2004 3206 2089 Magistris,
3233 2003 3310 2071 ad
3338 2003 3716 2071 relationem
3742 2005 3886 2071 sub*

2291 2092 2511 2192 scripti
2535 2089 2871 2160 secretarii
2894 2092 3222 2159 declarare
3248 2103 3371 2159 rata
3398 2103 3531 2159 est:
3560 2112 3599 2156 ι
3626 2095 3884 2158 Praeter

2293 2180 2555 2263 lumina,
2606 2199 2767 2266 quae
2815 2178 2977 2245 circa
3023 2181 3378 2268 Reliquiam
3423 2198 3624 2265 super
3663 2181 3882 2247 Altare

2290 2269 2476 2335 chori
2528 2267 2882 2356 expositam
2928 2269 3404 2352 collucescunt,
3455 2267 3696 2353 requiri
3757 2269 3882 2332 sal-

2295 2365 2424 2422 tem
2474 2356 2600 2423 duo
2646 2355 2760 2421 alia
2808 2354 3047 2422 lumina
3090 2375 3285 2445 super
3328 2356 3563 2445 gradus
3621 2356 3881 2438 Altaris,

2291 2443 2447 2510 dum
2494 2444 2561 2511 in
2625 2445 2856 2511 eodem
2918 2444 3126 2512 Choro
3186 2444 3404 2511 Divina
3461 2443 3674 2513 Officia
3736 2463 3884 2532 per-

2291 2531 2629 2599 solvuntur
2659 2554 2725 2598 ».
2773 2536 2982 2618 Atque
3027 2532 3110 2599 ita
3157 2531 3504 2599 declaravit
3542 2541 3609 2598 et
3637 2532 3881 2600 servari

2293 2619 2609 2687 mandavit
2656 2620 2718 2686 in
2764 2619 3123 2689 cathedrali
3168 2620 3451 2686 Ecclesia
3500 2623 3566 2688 S.
3611 2618 3881 2687 Miniati.

2372 2755 2375 2764 ·
2421 2708 2535 2774 nie
2583 2711 2666 2776 20
2714 2709 2913 2775 Martii
2968 2711 3158 2777 1860.

2788 2888 3052 2952 'remu
3095 2885 3398 2953 oumms

2843 2993 2910 3058 S.
2960 2993 3322 3060 DOMINIGI.

2425 3151 2604 3217 Anno
2642 3153 2805 3217 1833
2842 3150 2904 3216 in
2935 3149 3129 3216 callia
3164 3149 3543 3215 instauratus
3574 3147 3697 3215 luit
3725 3151 3883 3213 Ter·

2295 3240 2419 3306 tius
2462 3238 2628 3307 Ordo
2677 3240 2742 3304 S.
2794 3237 3101 3305 Dominici
3149 3256 3268 3324 pro
3315 3235 3737 3303 instructione
3788 3236 3883 3303 iu·

2289 3327 2597 3394 ventutis.
2646 3328 2852 3405 Quum
2898 3335 3116 3393 autem
3146 3324 3402 3392 Alumni
3445 3323 3734 3391 eiusdem
3769 3326 3883 3390 Or·

2293 2887 2554 2956 3205.
3649 2883 3881 2971 (scas)

2084 3435 2190 3503 po·
2291 3415 2456 3483 dinis
2502 3416 2931 3482 communiter
2976 3415 3169 3481 vitam
3215 3414 3452 3480 ducant
3496 3413 3562 3479 in
3602 3430 3723 3499 pro
3775 3413 3884 3478 riis

2288 3501 2590 3570 Domibus
2633 3521 2748 3569 seu
2794 3502 3206 3586 Monasteriis,
3240 3500 3590 3587 Litnrgiam
3628 3502 3713 3567 Or
3766 3498 3885 3566 inis

2290 3592 2798 3659 praedicatorum
2844 3600 3322 3678 assumpserunt
3369 3597 3508 3655 tum
3567 3589 3631 3656 in
3689 3591 3883 3654 Hora-

2291 3697 2433 3746 rum
2479 3679 2931 3748 canonicarum
2982 3678 3376 3762 recitatione,
3408 3686 3549 3743 tum
3594 3676 3662 3744 in
3710 3677 3883 3743 cele-

2291 3768 2580 3834 bratione
2625 3767 3002 3833 sacrosancti
3033 3766 3248 3833 Missae
3282 3764 3582 3833 Sacrifieii
3612 3763 3882 3852 aliisque

2291 3856 2353 3921 in
2402 3856 2836 3922 ecclesiasticis
2866 3854 3329 3922 functionibus.
3377 3854 3584 3931 Quum
3624 3872 3789 3919 vero
3820 3852 3881 3919 in

2290 3952 2612 4029 postremo
2660 3940 2951 4028 capitulo
2996 3942 3289 4009 cenerali
3334 3941 3583 4009 Ordinis
3626 3940 3883 4007 Praedi-

2292 4042 2574 4098 catorum
2632 4031 2942 4118 superiori
3008 4050 3172 4097 anno
3234 4029 3447 4097 habito
3513 4029 3880 4096 dubitatum

2290 4119 2520 4186 inerit:
2592 4121 2757 4184 Num
2828 4118 2891 4185 id
2952 4119 3209 4186 Alumui
3282 4116 3594 4206 praedicti
3667 4117 3881 4183 facere

2287 4206 2530 4294 possint
2598 4208 2734 4273 sine
2792 4208 3048 4294 speciali
3108 4208 3406 4274 facultate
3474 4204 3881 4307 Apostolicae

2288 4294 2507 4381 Sedis;
2558 4300 2751 4363 Rmus
2798 4299 2983 4362 Pater
3023 4299 3317 4382 Lecuyer
3362 4293 3646 4361 Vicarms
3674 4297 3882 4359 Gene-

2288 4384 2434 4450 ralis
2487 4384 2642 4453 dicti
2700 4383 2895 4452 Tertii
2955 4384 3206 4451 Ordinis
3273 4403 3307 4449 a
3370 4385 3554 4450 Sacra
3612 4380 3879 4449 Rituum

2285 4474 2794 4572 Congregatione
2825 4472 3130 4541 declarari
3160 4471 3385 4560 petiit:
3427 4470 3721 4538 Alumnis
3750 4468 3881 4537 suis

2285 4562 2368 4627 de
2432 4580 2569 4629 mre
2626 4572 2998 4651 competere
3059 4579 3245 4627 usum
3298 4559 3662 4648 Liturgiae,
3712 4576 3879 4645 quae

2283 4650 2623 4717 adhibetur
2671 4650 2733 4716 in
2777 4649 3009 4716 Ordine
3066 4648 3604 4716 Praedicator-um.

2417 4742 2596 4807 Sacra
2646 4756 2838 4827 porro
2887 4737 3111 4804 eadem
3157 4736 3610 4824 congregatio,
3660 4733 3878 4804 audita

2282 4828 2595 4894 relatione
2643 4847 2673 4891 a
2720 4824 3080 4912 subscripto
3125 4828 3483 4892 Secretario
3527 4825 3718 4907 facta,
3753 4843 3879 4891 nec

2284 4934 2413 4983 non
2458 4915 2771 4981 sententia
2821 4915 2884 4979 in
2929 4913 3182 5000 scriptis
3245 4914 3508 4979 alterius
3569 4932 3650 4978 ex
3705 4912 3877 5000 Apo-

2283 5003 2648 5090 stolicarum
2696 5002 3248 5070 caeremoniarum
3298 5000 3624 5087 Magistris,
3668 5000 3880 5067 omni-

2285 5090 2401 5157 bus
2448 5102 2694 5157 mature
2742 5089 3075 5179 perpensis
3133 5108 3202 5154 ac
3257 5089 3708 5170 consideratis,
3758 5088 3877 5155 de-

2283 5179 2582 5244 claravit:
2631 5199 2670 5243 «
2705 5178 3025 5246 Tertiariis
3081 5176 3335 5246 Ordinis
3394 5177 3603 5244 Sancti
3662 5176 3875 5243 Domi-

2281 5265 2405 5332 nici
2451 5266 2873 5354 collegialiter
2916 5265 3280 5334 viventibus
3326 5265 3408 5332 de
3460 5265 3597 5331 iure
3646 5266 3710 5332 in
3766 5284 3874 5331 re-

2282 5354 2577 5421 citatione
2623 5354 2825 5422 divini
2870 5354 3110 5440 Officii,
3160 5355 3225 5420 iu
3272 5352 3705 5422 celebratione
3765 5355 3871 5418 Sa-

2285 5442 2593 5506 crosancti
2660 5441 2961 5508 Sacrificii
3037 5443 3258 5509 Missae
3326 5453 3518 5528 atque
3592 5442 3659 5509 in
3735 5440 3873 5509 aliis
