4042 5950
2004 167 2480 248 -200-

597 347 711 414 pra
776 329 1051 414 aliquam
1122 328 1439 396 minorem
1508 326 1788 393 tabulam
1856 324 2042 392 sitam
2123 325 2188 392 in

597 415 808 484 medio
853 415 1112 498 Altaris,
1150 416 1290 481 loco
1323 415 1544 482 Crucis
1576 413 1984 481 collocandae
2017 413 2189 480 inter

596 503 1000 586 candelabra,
1051 513 1120 569 ιιι
1165 501 1440 569 Rubrica
1486 499 1903 594 praescribit?

728 595 792 658 8.
844 595 940 657 An
990 590 1177 656 liceat
1223 593 1328 655 vel
1375 590 1691 657 dedeceat
1739 591 1909 655 fores
1962 587 2187 656 Eccle-

597 680 727 750 siae
772 678 1057 779 pandere
1110 688 1175 744 et
1219 677 1528 764 repagula
1576 695 1940 762 removere,
1976 686 2050 743 ut
2081 697 2188 763 pa-

600 776 728 834 teat
775 776 1024 834 interna
1077 784 1224 853 pars
1295 766 1769 834 transeuntibus
1813 785 1932 852 per
1995 765 2187 848 viam,

600 854 756 922 dum
801 853 1288 922 benedicendus
1334 864 1431 921 est
1477 855 1755 941 populus
1802 872 1951 919 cum
1997 856 2192 920 SSffio

603 938 1060 1014 Sacramento?

731 1035 797 1101 9.
850 1034 970 1112 An,
1019 1048 1148 1115 quo
1201 1030 1390 1097 modo
1436 1047 1648 1116 quove
1699 1028 1763 1095 in
1802 1028 2000 1095 Altari
2048 1028 2191 1095 fieri

601 1119 836 1187 debeat
882 1117 1247 1186 benedictio
1304 1119 1660 1206 palmarum
1732 1128 1879 1183 ante
1947 1115 2192 1182 Missam

603 1205 1052 1275 celebrandam
1098 1206 1418 1273 Dominica
1456 1207 1520 1272 in
1566 1205 1803 1288 RamiS,
1839 1224 1959 1292 pro
2003 1224 2192 1291 repo·

599 1294 828 1362 sitione
876 1293 1052 1361 SSffii
1100 1294 1541 1377 Sacramenti,
1592 1293 1854 1380 expleta
1896 1293 2194 1360 Oratione

602 1381 1025 1468 Quadraginta
1073 1379 1440 1450 Horarum?

743 1475 844 1538 10.
896 1471 993 1536 An
1039 1469 1471 1557 permittenda
1508 1469 1636 1535 sint
1676 1469 1742 1535 in
1788 1468 1958 1535 Urbe
1992 1485 2194 1552 genu·

603 1559 868 1627 ssexoria
913 1576 1063 1626 cum
1095 1558 1304 1623 stratis
1352 1566 1416 1623 et
1463 1557 1745 1646 pulvinis
1782 1557 1848 1623 in
1889 1554 2195 1623 Ecclesiis

603 1666 720 1733 pro
768 1644 1054 1733 personis
1100 1644 1446 1712 cuiuslibet
1491 1645 1907 1724 conditionis;
1940 1645 2046 1710 vel
2082 1664 2193 1730 po-

605 1733 731 1801 tius
797 1753 868 1800 re
918 1733 1233 1815 robanda,
1285 1744 1736 1820 praeterquam
1806 1732 2025 1821 Regali
2087 1731 2192 1798 vel

606 1752 1008 1889 Cardinafitia
1056 1819 1365 1906 dignitate
1414 1819 1868 1909 fulgentibus?

747 1912 850 1975 11.
900 1913 997 1976 An
1042 1907 1543 1978 Archidiaconus
1572 1929 1689 1976 seu
1734 1908 2082 1997 Presbyter
2103 1928 2197 1974 as-

606 1998 833 2064 sistens
878 1995 1109 2065 debeat
1152 1999 1470 2065 sustinere
1518 1996 1782 2082 librum,
1838 1998 2000 2065 dum
2055 2000 2105 2062 E
2154 1994 2202 2061 i-

606 2104 801 2174 scopo
866 2084 1218 2152 celebranti
1278 2085 1547 2165 assistit3
1614 2086 1720 2153 vel
1771 2084 1986 2172 potius
2032 2105 2106 2150 su
2178 2120 2200 2131 —

609 2173 731 2246 ciat
775 2183 848 2240 ιιι
894 2173 1083 2239 illum
1131 2170 1394 2261 tangat?
1906 2229 1911 2234 .

745 2265 853 2348 12.
900 2262 998 2328 An
1027 2260 1338 2345 magistris
1368 2261 1932 2329 caeremoniarum
1965 2260 2195 2329 Gathe-

608 2348 884 2420 dralium
927 2349 1038 2434 qui
1088 2367 1170 2413 ex
1224 2348 1642 2435 dispositione
1703 2347 2198 2416 caeremonialis

613 2439 888 2523 (necnon
941 2435 1459 2504 patriarchalium
1516 2436 1703 2504 Urbis
1725 2486 1742 2520 ,
1794 2456 1876 2503 ex
1932 2440 2199 2523 Aposto-

609 2525 731 2592 lico
793 2524 1072 2609 indulto)
1139 2536 1319 2590 veste
1371 2523 1651 2590 violacea
1699 2525 1763 2591 in
1807 2525 2000 2590 sacris
2058 2524 2200 2590 l'un-

612 2613 927 2680 ctionibus
974 2621 1270 2695 utuntur,
1314 2613 1543 2680 eadem
1591 2611 1683 2678 uti
1732 2613 1976 2700 possint
2021 2621 2201 2677 extra

580 2698 945 2772 servitium
1000 2698 1299 2789 Episcopi
1362 2711 1428 2765 et
1473 2702 1836 2800 respective
1883 2696 2203 2789 Capituli?

749 2792 852 2856 13.
903 2788 999 2855 An
1044 2786 1351 2873 collegiis
1409 2790 1877 2858 Canonicorum
1922 2789 2028 2855 vel
2085 2791 2200 2853 Be-

586 2874 1075 2958 ‘neficiatorum‚
1112 2874 1344 2959 quibus
1368 2877 1445 2943 ab
1469 2877 1834 2964 Apostolica
1860 2877 2027 2944 Sede
2054 2894 2201 2940 con-

610 2982 861 3030 cessum
897 2962 1016 3030 fuit
1047 2962 1463 3118 privilegium
1495 2964 1789 3051 gestandi
1822 2968 2061 3033 Cruces
2092 2961 2199 3030 vel

611 3050 998 3119 Numismata
1042 3069 1259 3135 aurea,
1324 3052 1547 3121 icitum
1591 3053 1673 3121 sit
1721 3049 1794 3122 e'a
1841 3054 2050 3142 palam
2096 3051 2205 3119 de—

612 3140 783 3206 ferre
830 3139 897 3206 in
943 3139 1329 3227 paramentis
1357 3141 1549 3208 sacris
1583 3153 1649 3207 et
1694 3142 1761 3209 in
1807 3141 2205 3209 administra-

616 3227 788 3295 tione
835 3226 1438 3299 Sacramentorum‘?
1556 3285 1568 3301 ,

744 3321 824 3383 Et
871 3319 1000 3382 ΕΕ.
1070 3320 1186 3383 ΡΡ.
1246 3317 1449 3384 Sacris
1510 3316 1756 3385 Ritibus
1826 3315 2202 3404 praepositi,

613 3403 927 3489 exquisita
988 3402 1165 3491 prius
1217 3407 1538 3473 sententia
1604 3405 1882 3473 duorum
1946 3424 2026 3471 ex
2083 3407 2203 3471 Ma-

613 3490 823 3576 gistris
866 3489 1378 3577 Apostolicarum
1444 3494 2010 3561 caeremoniarum
2058 3492 2206 3558 scri·

613 3577 742 3664 ptis
790 3580 1153 3664 consignata
1202 3581 1497 3665 typisque
1546 3581 1869 3668 evulgata,
1919 3581 1996 3647 ad
2046 3578 2206 3647 rela-

617 3664 859 3731 tionem
922 3666 1304 3753 infrascripti
1375 3669 1715 3736 secretarii
1737 3718 1754 3751 ,
1804 3670 2205 3756 responden-

616 3752 775 3818 dum
821 3762 1211 3821 censuerunt
1254 3763 1326 3820 ut
1372 3754 1556 3840 infra,
1606 3756 1950 3823 videlicet:

747 3839 847 3906 Ad
899 3845 954 3906 1.
1008 3860 1046 3904 ι
1079 3840 1435 3909 Adeundus
1483 3842 1606 3909 loci
1648 3843 2045 3928 Ordinarius,
2095 3845 2205 3930 qui

617 3927 838 3994 stricte
886 3938 1146 3995 tenetur
1192 3929 1571 4016 opportunis
1623 3931 1929 3998 remediis
1996 3932 2208 4020 provi-

619 4017 803 4101 dere,
852 4026 922 4082 ut
967 4016 1276 4084 Rubricae
1327 4027 1391 4084 et
1438 4020 1505 4085 S.
1534 4024 1610 4088 R.
1646 4022 1717 4086 C.
1768 4022 2039 4085 Decreta
2084 4021 2207 4087 rite

618 4114 990 4184 servantum
1039 4104 1089 4170 si
1181 4103 1245 4171 id
1294 4124 1451 4171 vero
1498 4105 1677 4175 dubii
1724 4118 2057 4190 occurrat,
2106 4128 2207 4174 re-

621 4192 1011 4291 currendum
1056 4123 1177 4261 adu
1181 4195 1476 4262 eamdem
1524 4198 1590 4264 S.
1637 4197 1709 4261 G.
1758 4214 1877 4281 pro
1926 4196 2207 4262 declara-

625 4290 796 4347 tione
832 4303 898 4348 »-

751 4372 848 4437 Ad
898 4373 962 4437 2.
1016 4379 1083 4435 et
1130 4373 1193 4436 3.
1247 4391 1285 4434 ι
1318 4370 1627 4455 Negative
1683 4370 1747 4438 in
1813 4370 2111 4438 omnibus
2144 4392 2203 4437 ιν.

752 4458 851 4525 Ad
900 4461 963 4524 4.
1017 4478 1055 4521 ι
1088 4457 1432 4542 Negative3
1483 4469 1551 4523 et
1580 4458 1962 4525 adamussim
1992 4479 2211 4525 serve-

618 4555 728 4612 tur
793 4543 1125 4633 dispositio
1191 4545 1681 4613 caeremonialis
1741 4546 2209 4634 Episcoporum

620 4632 736 4698 lib.
786 4638 853 4717 2,
905 4652 1044 4720 cap.
1097 4636 1164 4716 3,
1215 4635 1255 4718 g
1305 4636 1345 4698 4
1378 4653 1441 4699 ».

748 4722 847 4789 Ad
896 4726 960 4788 ὅ.
1014 4742 1052 4786 ι
1083 4722 1474 4791 Servandam
1534 4741 1672 4791 esse
1741 4721 2007 4811 praelati
2055 4725 2205 4789 Cae·

620 4809 985 4877 remonialis
1043 4809 1574 4902 dispositionem3
1637 4820 1702 4878 et
1770 4811 2208 4880 adhibendum

618 4897 959 4982 pulvinum
1005 4900 1110 4966 vel
1161 4903 1418 4968 laneum
1464 4900 1573 4967 vel
1619 4919 1701 4967 ex
1748 4900 1919 4967 corio
1953 4922 2013 4967 ν.

751 4986 848 5053 Ad
895 4987 963 5051 6.
1014 5007 1052 5050 ‹
1085 4988 1421 5074 Negative,
1469 4988 1548 5055 ad
1604 4988 1874 5075 primam
1919 4999 2206 5075 partem3

618 5069 1014 5158 affirmative,
1066 5077 1144 5143 ad
1190 5075 1543 5145 secundam
1576 5099 1639 5141 ιι.
1868 5122 1881 5129 -

623 5236 634 5247 ‚
749 5159 844 5226 Ad
897 5164 960 5227 7.
1013 5181 1049 5224 α
1084 5161 1580 5251 Re‘probandum
1627 5163 1934 5241 abusum3
1985 5173 2052 5228 et
2097 5162 2209 5229 ubi

619 5246 909 5332 luvaluit,
963 5251 1328 5319 Ordinarius
1373 5250 1495 5317 loci
1556 5248 1892 5337 provideat
1936 5250 2095 5317 iuris
2142 5261 2208 5316 et

2288 323 2432 391 facti
2482 322 2812 392 remediis.
2862 322 3043 401 Quod
3088 321 3142 390 si
3190 321 3272 390 ob
3316 319 3596 406 'aliquam
3625 336 3890 416 causam

2288 410 2772 480 accidentaliter
2810 408 3198 478 removenda
3236 409 3319 476 sit
3350 412 3522 477 Crux
3555 407 3679 474 sita
3721 415 3892 472 inter

2291 499 2712 582 candelabra,
2793 499 2910 564 alia
2983 509 3277 584 tempore
3352 495 3660 562 Sacrificii
3743 505 3893 580 apte

2288 597 2644 674 apponatur
2713 586 3022 669 inferius,
3072 586 3188 653 sed
3234 583 3498 651 visibilis
3563 594 3700 650 tam
3777 585 3892 649 Ce-

2293 674 2568 742 lebranti
2613 692 2805 760 quam
2858 674 3102 762 populo
3136 695 3198 740 ν.

2425 761 2520 828 Ad
2568 766 2634 830 8.
2692 783 2728 826 ιι
2762 764 2902 829 Νοιι
2946 763 3224 840 decere;
3273 761 3388 828 nisi
3418 759 3664 827 iudicio
3709 757 3894 825 Ordi·
3993 831 3994 836 ,

2292 851 2474 935 narii,
2509 852 2591 918 ob
2622 849 2981 936 peculiares
3020 848 3519 916 circumstantias
3558 847 3890 927 locorum,
3993 861 3994 926 f

2291 940 2479 1008 aliter
2515 940 2804 1024 permitti
2857 956 3044 1026 posse
3098 937 3391 1006 videatur
3419 986 3436 1020 ,
3494 935 3656 1002 citra
3724 934 3895 1023 peri·

2294 1030 2513 1095 culum
2559 1025 3022 1094 irreverentiae
3053 1048 3119 1091 ιν.
3993 1079 3994 1096 2

2422 1116 2518 1182 Ad
2565 1117 2631 1183 9.
2685 1135 2723 1179 ι
2756 1120 2825 1181 Ιιι
2871 1135 3043 1195 casu,
3075 1113 3162 1180 de
3202 1132 3331 1199 quo
3377 1114 3617 1199 agitur,
3651 1109 3712 1178 si
3747 1110 3890 1177 fieri
3993 1111 3994 1130 ³

2293 1202 2524 1269 debeat
2569 1203 2673 1268 vel
2735 1203 2963 1269 deceat
3025 1212 3094 1266 ut
3155 1200 3263 1267 fiat
3324 1199 3697 1270 benedictio
3761 1200 3896 1286 pal·

2295 1308 2569 1375 marum,
2618 1291 2774 1358 haec
2823 1288 3110 1357 facienda
3157 1290 3279 1355 erit
3325 1289 3390 1355 in
3434 1287 3559 1354 alio
3631 1286 3896 1354 Sacello

2295 1380 2566 1464 laterali,
2599 1399 2728 1464 quo
2776 1380 2978 1466 magis
3021 1379 3150 1446 fert
3179 1376 3504 1445 Ecclesiae
3535 1384 3893 1457 stmctura,

2294 1466 2573 1533 distante
2621 1466 2698 1532 ab
2729 1470 2851 1535 Ara
2898 1465 3168 1533 maxima
3200 1465 3266 1532 in
3298 1484 3422 1552 qua
3466 1466 3747 1532 Sanum
3787 1467 3894 1529 Sa·

2297 1565 2696 1621 eramentum
2764 1555 3132 1642 expositum
3180 1563 3300 1638 est,
3369 1551 3636 1620 servatis
3686 1550 3896 1618 omni-

2298 1643 2414 1730 bus
2461 1645 2878 1710 caeremoniis
2925 1644 2988 1709 in
3024 1641 3250 1722 Missali
3301 1639 3742 1728 praescriptis,
3777 1638 3896 1705 sed

2294 1731 2533 1816 absque
2581 1731 2990 1798 Processione
3027 1753 3094 1796 ι.

2428 1818 2524 1884 Ad
2565 1822 2671 1885 10.
2722 1840 2758 1883 ‹
2792 1819 3126 1905 Negative,
3177 1817 3254 1884 ad
3287 1816 3558 1903 primam
3595 1827 3894 1903 partem;

2298 1905 2701 1992 affirmative,
2750 1908 2828 1974 ad
2874 1906 3225 1974 secundam
3259 1928 3324 1970 ιν.

2427 1993 2521 2060 Ad
2578 1998 2685 2062 11.
2733 2015 2771 2059 ι
2806 1997 3116 2062 Servetur
3160 1991 3496 2093 dispositio
3547 1994 3897 2060 caeremo-

2298 2080 2478 2148 nialis
2527 2082 2639 2150 lib.
2695 2087 2758 2166 1,
2807 2102 2946 2170 cap.
3001 2087 3066 2167 7,
3115 2079 3413 2170 pluribus
3458 2079 3648 2147 huius
3693 2083 3767 2147 S.
3823 2083 3894 2147 C.

2298 2169 2585 2236 Decretis
2631 2171 3004 2238 confirmata
3036 2193 3101 2236 ».

2430 2257 2526 2324 Ad
2594 2263 2699 2326 12.
2770 2280 2808 2324 ι
2841 2258 3154 2344 Negative
3213 2258 3293 2326 ad
3364 2269 3758 2343 utrumque;
3836 2265 3899 2321 et

2300 2345 2508 2431 quoad
2555 2348 3120 2414 caeremoniarum
3177 2347 3506 2433 Magistros
3573 2344 3894 2413 Ecclesia·
3993 2371 3994 2388 2

2299 2452 2444 2500 rum
2488 2435 3007 2502 Patriarchalium
3054 2434 3277 2518 Urbis,
3326 2434 3704 2502 servandam
3756 2450 3898 2499 esse

2300 2522 2523 2590 stricte
2570 2523 2842 2590 formam
2887 2522 3313 2610 privilegii».

2434 2610 2530 2677 Ad
2587 2615 2691 2679 13.
2742 2632 2780 2675 ‹
2814 2611 3121 2698 Negative
3154 2634 3218 2676 ».

2435 2701 2647 2784 Atque
2703 2700 2786 2765 ita
2849 2699 3326 2785 responderunt
3387 2711 3453 2766 et
3497 2707 3896 2766 statuerunt.

2303 2786 2416 2853 Die
2467 2790 2543 2854 17
2594 2786 2992 2876 Septembris
3043 2791 3236 2855 1822.

2439 2879 2619 2940 Facta
2668 2884 2882 2942 autem
2928 2874 3016 2940 de
3060 2875 3422 2961 praemissis
3456 2878 3652 2943 SSmo
3695 2877 3774 2941 D.
3818 2874 3896 2938 N.

2303 2961 2412 3029 Pio
2470 2966 2575 3034 Vll
2639 2967 2820 3031 Pont.
2894 2965 3055 3030 Max.
3128 2962 3443 3032 relatione
3511 2982 3633 3051 per
3703 2961 3900 3029 infra·
3993 2998 3994 3003 =

2300 3052 2612 3139 scriptum
2672 3051 3141 3134 Secretarium,
3206 3052 3512 3120 Sanctitas
3564 3055 3690 3119 Sua
3743 3069 3898 3117 cun·

2300 3151 2399 3206 cta
2448 3141 2730 3227 benigne
2775 3139 3191 3227 approbavit3
3259 3144 3738 3225 Decretumque
3783 3138 3896 3205 de·

2302 3241 2502 3315 super
2547 3229 2862 3314 expedire
2910 3239 2975 3295 et
3025 3227 3264 3316 publici
3313 3227 3468 3295 iuris
3538 3227 3680 3294 fieri
3730 3244 3898 3293 man·

2305 3315 2517 3398 davit;
2591 3319 2882 3383 locorum
2948 3316 3293 3384 Ordinariis
3355 3315 3576 3383 stricte
3652 3313 3896 3402 praeci·

2305 3406 2528 3492 piens,
2577 3415 2649 3473 ut
2708 3405 3143 3474 omnimodam
3208 3404 3378 3471 illius
3432 3403 3896 3471 observantiam

2306 3505 2601 3579 urgeant.
2653 3494 2790 3579 Die,
2840 3496 3082 3577 Mense,
3136 3495 3346 3576 Anno,
3395 3490 3627 3577 quibus
3669 3510 3888 3578 supra.

2261 3676 2272 3686 κ
2310 3633 2565 3702 2622.
2818 3633 3386 3700 aAvENNA'rssN.
3663 3630 3893 3721 (4591)

2436 3753 2827 3821 Benedictus
2892 3757 3028 3820 xlu
3096 3775 3152 3820 s.
3226 3773 3314 3821 m.
3383 3758 3893 3821 Ravennatenses

2306 3841 2619 3909 Parochos
2685 3841 3027 3928 privilegio
3097 3842 3424 3928 insignivit
3494 3842 3893 3932 superimpo-

2309 3930 2506 3997 nendi
2554 3940 2934 3997 mozzettam
2966 3931 3070 3997 vel
3105 3932 3348 3999 Stolam
3387 3931 3889 4021 superpelliceo,

2311 4029 2649 4106 praesente
2696 4017 3032 4107 Capitulo;
3085 4038 3163 4087 eo
3210 4030 3426 4086 autem
3473 4018 3762 4103 absente,
3812 4017 3894 4084 al·

2309 4115 2554 4173 terutra
2587 4107 2690 4173 vel
2717 4120 2988 4193 utraque
3021 4106 3412 4174 coniunctim
3444 4106 3710 4174 utendi:
3749 4105 3890 4174 huic

2307 4205 2525 4260 autem
2558 4205 2622 4261 et
2653 4195 2928 4261 alterum
2970 4195 3316 4262 novissime
3355 4194 3703 4262 cumulavit
3745 4197 3890 4262 San-

2269 4283 2623 4350 ‘ctissimus
2668 4287 2742 4349 D.
2792 4286 2873 4350 N.
2922 4284 3065 4351 Pius
3111 4285 3241 4368 Vll,
3292 4283 3451 4350 dum
3500 4292 3709 4349 cottae
3755 4283 3890 4349 loco

2311 4369 2573 4438 indulsit
2621 4371 2987 4438 rochettum
3023 4372 3085 4439 in
3116 4370 3687 4458 supplicationibus
3734 4368 3892 4436 aliis-

2310 4477 2436 4544 que
2483 4458 2756 4546 publicis
2804 4459 3238 4528 functionibus
3294 4459 3725 4542 induendum,
3774 4470 3892 4525 tam

2310 4548 2375 4612 in
2421 4565 2539 4632 pro
2591 4546 2679 4612 ria
2741 4565 2930 4633 quam
2995 4549 3057 4614 in
3104 4546 3326 4614 alienis
3385 4546 3716 4615 Ecclesiis.
3785 4547 3889 4612 Ast

2306 4636 2544 4719 Aposto
2577 4636 2817 4701 icarum
2861 4635 3217 4702 Literarum
3262 4635 3423 4702 fines
3487 4645 3892 4722 praetergre-

2308 4720 2560 4789 dientes
2605 4723 2867 4791 Parochi
2900 4773 2917 4807 ‚
2965 4723 3200 4791 eodem
3245 4724 3492 4790 nedum
3540 4723 3606 4790 in
3651 4721 3889 4810 suppli·

2309 4808 2659 4877 cationibus
2710 4822 2774 4878 et
2841 4810 3115 4900 publicis
3160 4811 3617 4895 functionibus,
3672 4828 3889 4877 verum

2312 4898 2502 4965 etiam
2559 4899 2623 4966 in
2680 4903 3248 4977 ,sacramentorum
3318 4898 3886 4979 administratione,

2311 4987 2869 5056 benedictionibus
2916 4987 3184 5073 aliisque
3239 4986 3675 5055 functionibus
3725 4984 3890 5053 indui

2310 5092 2499 5163 posse
2546 5087 3004 5161 praesumunt:
3069 5076 3242 5161 quod
3293 5093 3440 5142 cum
3489 5074 3771 5143 indultas
3814 5073 3890 5139 fa-

2307 5163 2578 5230 cultates
2626 5165 2900 5230 excedat
2962 5173 3026 5229 et
3071 5162 3486 5231 Rubricatum
3538 5163 3787 5250 legibus
3832 5172 3887 5226 et

2311 5254 2379 5317 S.
2425 5253 2504 5318 R.
2552 5253 2622 5318 C.
2677 5249 2962 5317 Decretis
3008 5250 3410 5336 adversetur,
3460 5249 3883 5341 Metropolita-
