4042 5950
1540 212 2011 293 —439—

121 368 372 436 ralibus
419 368 705 437 eiusdem
752 367 1080 458 Episcopi,
1112 388 1234 437 nec
1279 389 1406 437 non
1451 369 1716 438 Canoni-

125 458 224 522 cis
270 457 656 524 ‘titularibus
700 476 829 524 non
875 457 1083 525 minus
1125 477 1317 544 quam
1357 458 1716 526 Honorariis

129 544 310 611 illius
341 546 661 613 Ecclesiae
707 545 1126 631 Cathedralis,
1162 546 1570 634 privilegium
1604 545 1714 612 de-

123 632 387 701 ferendi
417 636 688 701 Crucem
723 633 1063 700 inauratam
1094 652 1288 721 super
1310 647 1520 701 vestes
1549 633 1712 700 Cho-

121 720 344 808 rales3
411 740 538 789 non
598 741 719 788 una
785 731 881 787 est
941 724 1316 789 eorumdem
1373 721 1714 789 Canonico-

119 827 278 874 rnm
332 808 646 876 sententia
708 809 907 876 relate
956 811 1034 877 ad
1096 809 1534 877 extensionem
1596 810 1712 876 hu·

125 895 232 961 ins
281 896 640 985 privilegii:
706 915 790 964 ex
849 897 939 963 eis
999 896 1171 964 enim
1232 897 1426 986 aliqui
1490 906 1711 964 tenent

119 1002 253 1070 per
296 997 508 1052 vestes
553 985 854 1052 Chorales
900 984 1174 1071 intelligi
1236 995 1478 1053 tantum
1522 1003 1711 1071 posse

119 1072 494 1139 rochettum
526 1084 592 1140 et
630 1081 1036 1155 monettam,
1075 1073 1347 1140 exclusis
1383 1091 1716 1160 paramen-

117 1158 209 1225 tis
240 1161 432 1226 sacris
475 1180 714 1250 nempe
761 1160 1052 1250 pluviali,
1086 1161 1335 1246 Casula,
1372 1161 1708 1229 Dalmatica

117 1257 192 1312 et
243 1248 592 1334 Tunicella,
627 1269 695 1316 ac
724 1249 999 1337 proinde
1029 1251 1300 1316 Crucem
1345 1267 1708 1317 concessam

112 1335 371 1402 deferri
417 1337 677 1404 minime
738 1356 922 1437 posse
967 1357 1000 1403 a
1046 1337 1375 1412 Canonicis
1434 1337 1702 1425 paratis3

109 1424 230 1490 alii
280 1443 319 1490 e
362 1435 578 1491 contra
621 1434 935 1491 sustinent
979 1444 1100 1510 per
1143 1425 1444 1492 Chorales
1499 1435 1708 1491 vestes

111 1512 402 1599 intelligi
457 1532 642 1601 posse
699 1512 1009 1598 quidquid
1073 1513 1137 1580 in
1181 1513 1391 1580 Choro
1438 1534 1472 1579 a
1516 1516 1710 1580 Cano—

107 1600 284 1666 nicis
316 1600 651 1679 defertur3
685 1620 756 1667 ac
787 1600 1059 1689 proinde
1090 1620 1274 1668 usum
1307 1600 1525 1670 Crucis
1555 1619 1704 1666 con-

108 1706 340 1755 cessae
390 1688 746 1755 extendunt
793 1688 983 1754 etiam
1028 1689 1106 1756 ad
1138 1691 1480 1764 Canonicos
1527 1707 1703 1776 para-

108 1786 245 1842 tos.
298 1780 386 1842 De
433 1775 598 1843 facto
646 1786 858 1842 tamen
904 1795 1127 1843 omnes
1159 1777 1284 1845 huc
1315 1796 1519 1863 usqne
1552 1796 1704 1843 una-

106 1863 332 1930 nimes
373 1883 444 1931 se
489 1863 929 1931 abstinuerunt
959 1863 1037 1931 ab
1066 1867 1436 1933 assumenda
1467 1868 1699 1948 Cruce,

108 1953 283 2018 dum
343 1951 529 2019 sacris
589 1951 872 2019 vestibus
931 1953 1108 2021 indui
1162 1953 1567 2032 debuerunt;
1631 1972 1701 2018 ac

107 2040 381 2106 interim
428 2062 461 2107 a
508 2043 690 2107 Sacra
734 2040 992 2106 Ritnum
1038 2041 1543 2129 congregatione
1590 2041 1701 2108 ‹le-

107 2128 347 2195 clarari
394 2127 749 2197 humillime
794 2129 1319 2215 postulaveruntz

254 2223 304 2284 Ι.
351 2219 447 2283 An
492 2234 612 2302 per
655 2227 866 2282 vestes
917 2217 1219 2284 Chorales
1265 2216 1536 2304 intelligi
1592 2217 1702 2283 de·

104 2305 313 2371 beant
362 2305 721 2372 rochettum
771 2315 835 2370 et
881 2314 1189 2372 monetta
1230 2315 1512 2385 tantum;
1563 2305 1696 2389 vel,

103 2397 379 2481 praeter
399 2403 778 2460 mozzettam
803 2403 868 2456 et
891 2393 1285 2476 rochettum,
1308 2394 1485 2460 Sacra
1507 2394 1697 2459 etiam

103 2485 520 2564 Paramenta,
591 2499 754 2567 quae
816 2482 1112 2549 Canonici
1169 2479 1483 2568 Episcopo
1530 2482 1696 2548 cele·

107 2568 346 2635 brante
390 2569 693 2636 deferunt
729 2568 806 2635 ad
839 2587 1125 2635 normam
1164 2566 1701 2637 Caeremonialis?

255 2660 330 2724 ll.
375 2663 499 2739 An,
534 2656 738 2744 posito
784 2657 958 2743 quod
988 2676 1111 2744 per
1140 2666 1352 2724 vestes
1395 2657 1696 2724 Chorales

109 2744 537 2834 intelligenda
603 2745 728 2811 sint
796 2745 986 2811 etiam
1052 2748 1237 2813 Sacra
1304 2749 1694 2828 Paramenta,

105 2835 290 2899 Crux
338 2852 419 2899 ex
460 2832 806 2934 privilegio
853 2852 1147 2900 concessa
1211 2832 1450 2899 deferri
1497 2833 1696 2918 possit

105 2943 146 2985 a
178 2920 509 2989 Canonicis
541 2920 678 2988 sive
705 2919 1084 3007 simpliciter
1125 2919 1356 3009 paratis
1390 2921 1455 2987 in
1484 2920 1694 2989 Choro

105 3008 516 3093 sedentibus,
548 3010 685 3076 sive
729 3008 1163 3076 assistentibus
1202 3008 1307 3075 vel
1341 3008 1697 3075 ministran-

105 3096 286 3165 tibus
330 3097 645 3187 Episcopo
691 3095 1087 3165 celebranti?

244 3188 428 3253 Sacra
474 3204 665 3274 porro
712 3186 972 3252 Ritnum
1002 3184 1451 3273 congregatio,
1488 3184 1551 3250 in
1578 3187 1689 3252 Or-

106 3272 359 3340 dinario
417 3277 623 3341 Coetu
668 3274 747 3341 ad
795 3272 1163 3341 Vaticanum
1231 3272 1539 3342 hodierna
1583 3272 1692 3339 die

107 3360 489 3447 coadunata,
537 3362 829 3430 omnibus
869 3371 1161 3427 accurate
1207 3361 1564 3449 perpensis,
1602 3379 1698 3426 re-

107 3449 524 3517 scribendum
572 3450 856 3517 censuitt

243 3538 338 3604 Ad
373 3544 421 3605 1.
473 3559 511 3601 α
544 3538 957 3623 Affirmative‚
985 3538 1061 3605 ad
1107 3537 1376 3624 primam
1407 3548 1687 3625 partem;

106 3627 444 3712 Negative,
492 3627 570 3694 ad
612 3627 958 3694 secundam
987 3647 1053 3691 ν.

240 3715 338 3782 Ad
385 3718 458 3782 ΙΙ.
510 3735 548 3780 ‹
580 3714 910 3782 Provisum
958 3714 1019 3780 in
1065 3714 1476 3800 praecedenti
1511 3735 1575 3779 ν.

245 3805 453 3888 Atque
496 3803 583 3868 ita
612 3803 939 3892 rescripsit
971 3813 1037 3868 et
1072 3803 1307 3869 servari
1342 3801 1688 3869 mandavit.

243 3890 357 3957 Die
401 3894 486 3957 22
533 3890 729 3957 Martii
784 3894 975 3959 1862.

103 4034 355 4105 3116.
717 4035 1063 4102 nouam.

241 4158 450 4236 Quum
481 4175 601 4223 nec
645 4156 904 4224 Missalis
941 4174 1060 4223 nec
1092 4154 1351 4223 Ritualis
1383 4155 1691 4224 Rubricae

105 4244 547 4312 determinent
575 4263 921 4312 numerum
950 4243 1500 4332 genuflexionum,
1527 4264 1689 4332 quae

102 4354 138 4398 a
188 4332 534 4400 Sacerdote
595 4332 733 4401 fleri
804 4333 1075 4414 debent,
1123 4335 1280 4399 dum
1338 4333 1417 4400 ad
1474 4334 1690 4399 Altare

103 4421 456 4488 revertitur
487 4439 636 4488 cum
681 4420 1079 4488 Sanctissimo
1110 4422 1515 4488 sacramento
1546 4430 1691 4510 post

103 4508 510 4575 distributam
535 4507 832 4576 fidelibus
856 4513 1106 4576 Sacram
1129 4509 1684 4592 Communionem

102 4596 272 4662 alter
317 4616 396 4662 ex
429 4597 935 4684 Apostolicarum
967 4594 1521 4666 caeremoniarum
1568 4600 1690 4663 Ma·

105 4683 322 4772 gistris
357 4685 437 4751 de
469 4685 783 4752 sententia
829 4686 1111 4771 desuper
1139 4684 1508 4771 requisitus,
1544 4693 1688 4773 post

103 4781 469 4840 accuratum
517 4772 805 4839 omnium
852 4791 1148 4856 examen,
1198 4772 1445 4840 censuit
1497 4788 1688 4859 regu·

107 4861 234 4927 lam
278 4859 344 4925 in
390 4880 535 4939 casu
581 4861 1042 4928 desumendam
1074 4883 1108 4928 a
1138 4859 1426 4928 Rubricis
1472 4860 1686 4926 deter-

104 4946 502 5015 minantibus⁸
535 4949 864 5038 duplicem
916 4947 1463 5035 genuflexionem,
1512 4960 1686 5014 ante-

106 5054 297 5123 quam
343 5036 648 5104 Sacerdos
680 5036 1212 5105 Communionem
1243 5036 1443 5122 ipsam
1486 5036 1684 5102 admi-

107 5124 371 5202 nistret;
433 5124 779 5192 nimirum:
838 5125 1150 5212 primam,
1197 5136 1533 5209 antequam
1583 5143 1687 5191 ex·

114 5211 314 5279 trahat
337 5233 371 5280 a
394 5213 822 5280 Tabernaculo
846 5213 1178 5303 Pyxidem3
1212 5214 1476 5279 alteram
1505 5228 1684 5296 vero,

117 5310 260 5386 post
289 5301 758 5389 discoopertam
787 5320 987 5388 super
1013 5301 1225 5368 Altare
1256 5301 1546 5368 eamdem
1579 5302 1688 5387 Py-

1460 4034 1684 4120 (assa)

1819 369 2062 437 xidem.
2113 373 2318 448 Quum
2351 369 2521 437 enim
2557 381 2779 459 agatur
2823 370 2908 438 de
2953 372 3133 438 cultu
3180 370 3402 439 debito

1818 458 2255 525 Sanctissimae
2304 458 2736 526 Eucharistiae
2784 476 3136 546 congruum
3188 459 3404 546 profe-

1817 554 1920 610 cto
1953 556 2079 630 est,
2111 555 2184 612 ut
2229 548 2458 613 eodem
2536 565 2749 612 rorsus
2794 549 2987 614 modo
3033 546 3152 613 iste
3194 548 3402 614 cultus

1814 644 2179 720 praestetur
2216 655 2248 699 a
2281 566 2623 701 Sacertfote
2669 634 2748 701 ad
2792 634 3007 702 Altare
3040 635 3398 720 redeunte;

1814 721 2159 787 nimirum:
2211 723 2703 808 genuflectendo
2751 723 2958 810 primo
2989 771 3006 806 ,
3058 733 3398 808 antequam

1813 809 2118 895 Pyxidem
2181 811 2544 897 cooperiat;
2611 820 2676 875 et
2735 810 3009 893 iterum,
3061 821 3397 898 postquam

1811 895 1987 964 illam
2050 896 2113 963 in
2173 897 2603 965 'tabernaculo
2651 897 3045 983 recondidit,
3111 908 3174 964 et
3221 909 3396 964 ante-

1809 1003 2003 1071 quam
2051 983 2462 1053 'l'abernaculi
2509 985 2810 1052 ostiolum
2856 987 3130 1053 claudat.

1940 1077 2108 1139 Hanc
2156 1092 2350 1161 porro
2395 1074 2813 1157 sententiam,
2863 1093 3061 1161 quum
3122 1073 3394 1142 subscri-

1809 1172 1958 1248 ptus
2004 1163 2336 1228 Sacrorum
2383 1162 2643 1229 Ritnum
2709 1153 3392 1249 Congregationis'Se-

1809 1248 2117 1320 cretariua
2184 1249 2485 1322 retulerit
2534 1249 2595 1322 in
2624 1249 2951 1317 ordinario
3020 1253 3222 1320 Coetu
3290 1252 3393 1317 Sa-

1811 1355 2068 1404 crorum
2111 1338 2369 1404 Rituum
2438 1336 2795 1423 subsignata
2856 1336 2962 1403 die
3025 1338 3102 1405 ad
3151 1337 3389 1406 Vatica-

1812 1443 1964 1491 num
2013 1426 2399 1512 coadunat03
2450 1424 2588 1491 Emi
2636 1436 2702 1491 et
2748 1426 2887 1492 ami
2933 1430 3143 1492 Patres
3188 1425 3393 1495 Sacris

1811 1511 2065 1580 tuendis
2091 1512 2337 1579 Ritibus
2362 1512 2702 1602 praepositi
2738 1513 3215 1580 rescribendum
3243 1531 3391 1578 cen—

1805 1611 2099 1668 suerunt:
2138 1601 2422 1682 Placere,
2458 1622 2569 1667 seu
2603 1603 2801 1668 iuxta
2836 1611 3052 1667 votum
3082 1603 3390 1686 Μασίστα·

1810 1693 2377 1758 caeremoniarum
2390 1713 2418 1770 ,-
2476 1710 2545 1757 ac
2593 1689 2859 1775 proinde
2919 1689 3384 1755 decreverunt-⁴:

1807 1799 1848 1843 ι
1877 1780 1926 1843 Α
1959 1777 2304 1845 Sacerdote
2337 1778 2655 1844 redeunte
2686 1778 2763 1843 ad
2799 1777 3013 1844 Altare
3058 1787 3200 1864 post
3230 1775 3386 1842 fide-

1807 1864 1963 1933 lium
2020 1865 2592 1946 Communionem,
2656 1864 3224 1952 genuflectendum
3283 1882 3386 1929 an-

1808 1965 2064 2039 tequam
2108 1952 2431 2040 cooperiat
2477 1953 2722 2019 Sacram
2770 1951 3123 2038 Pyxidem3
3173 1962 3241 2017 et
3271 1952 3383 2016 ite·

1799 2059 1943 2107 rum
1987 2039 2556 2129 genuflectendum
2603 2049 2977 2125 antequam,
3028 2039 3267 2128 Pyxide
3314 2037 3377 2106 in

1801 2128 2224 2196 'tabernaculo
2299 2129 2623 2216 reposita,
2701 2128 2897 2216 ipsius
2973 2124 3382 2194 ‘tabernaculi

1802 2217 2099 2284 ostiolum
2146 2217 2488 2285 claudat».

1932 2307 2139 2391 Atque
2174 2305 2254 2370 ita
2284 2304 2524 2391 ubique
2555 2303 2938 2371 servandum
2971 2302 3378 2370 mandarunt.

1933 2392 2045 2459 Die
2093 2395 2176 2462 23
2222 2392 2587 2461 Decembris
2638 2395 2825 2459 1862.

1799 2534 2029 2602 3117.
2300 2535 2401 2598 DE
2449 2533 2859 2610 AREQUIPA.
3150 2530 3377 2620 (5325)

1927 2657 2122 2722 Rffius
2164 2655 2467 2723 Dominus
2524 2656 3044 2723 Bartholomaeus
3107 2657 3381 2721 Herrera

1798 2741 2152 2830 Episcopus
2195 2744 2280 2810 de
2326 2744 2646 2834 Arequipa
2692 2763 2728 2809 a
2774 2748 2995 2813 Sancta
3051 2742 3220 2809 Sede
3266 2742 3380 2809 de·

1798 2829 2019 2897 clarari
2081 2831 2307 2916 petiit:
2378 2836 2436 2900 1.
2490 2834 2672 2898 Anne
2718 2831 3109 2918 Capitulares
3153 2830 3379 2896 Cathe-

1796 2919 1992 2986 dralis
2037 2918 2121 2987 de
2169 2920 2512 3011 Arequipa,
2545 2929 2751 2999 stante
2790 2920 2867 2989 ab
2913 2915 3065 3008 ipsis
3109 2918 3378 3006 allegata

1797 3008 2289 3089 consuetudine,
2319 3010 2560 3097 possint
2593 3009 2655 3076 in
2686 3007 3159 3096 praedicatione
3182 3004 3377 3074 Verbi

1795 3094 1909 3162 Dei
1954 3094 2262 3162 adhibere
2322 3096 2557 3164 Stolam
2607 3107 2671 3162 et
2719 3093 3044 3184 pluviale?
3101 3100 3179 3161 Et
3225 3113 3375 3181 qua·

1798 3195 1984 3250 tenus
2031 3183 2429 3270 affirmative,

1928 3275 1994 3339 2.
2043 3274 2140 3339 An
2173 3270 2236 3336 id
2270 3272 2512 3361 possint
2541 3273 2604 3337 vi
2636 3291 2825 3359 supra
2856 3288 3194 3359 expressae
3225 3287 3376 3336 con·

1794 3359 2188 3513 suetucssiniQ
2253 3360 2446 3427 etiam
2506 3369 2845 3447 praesente
2906 3357 3168 3447 proprio
3229 3357 3375 3446 Epi·

1794 3466 1900 3514 sco
1951 3468 1988 3515 o

1904 3467 2109 3605 Psacm
2154 3555 2347 3623 porro
2393 3536 2654 3604 Ritnum
2683 3535 3131 3625 congregatio,
3169 3536 3232 3601 in
3262 3536 3375 3602 Or-

1794 3623 2036 3691 dinario
2096 3626 2299 3691 Coetu
2345 3623 2423 3691 ad
2470 3624 2839 3692 Vaticanum
2902 3624 3211 3693 hodierna
3260 3622 3372 3688 die

1796 3711 2140 3780 coadunata
2162 3761 2180 3795 ,
2244 3712 2569 3780 referente
2624 3712 2983 3799 subscripto
3036 3716 3374 3782 Sacrorum

1793 3801 2054 3867 Ritnum
2086 3798 2607 3889 congregationis
2630 3800 2985 3867 secretario
3017 3798 3372 3866 rescriben-

1792 3887 1949 3955 dum
1982 3889 2263 3956 censuit:
2304 3909 2342 3954 ‹
2375 3888 2732 3955 Dummodo
2763 3886 2924 3954 adsit
2951 3886 3368 3969 consuetudo,

1792 3975 1950 4043 nihil
1997 3978 2246 4044 obstare
2291 3978 2631 4063 quominus
2670 3977 2803 4064 ipsa
2850 3975 3198 4042 retineatur
3229 3995 3296 4039 ν.

1921 4063 2036 4131 Die
2080 4070 2163 4134 23
2209 4064 2576 4132 Decembris
2626 4066 2814 4131 1862.

1790 4241 2032 4314 3118.
2419 4242 2723 4310 ORDlNlS

2211 4347 2942 4416 eAn'rHuslANORUn.

1920 4509 2129 4585 Quum
2174 4506 2237 4574 in
2281 4503 2658 4593 quibusdam
2704 4502 3031 4589 Ecclesiis,
3067 4505 3130 4571 in
3174 4504 3370 4572 Gallia

1791 4596 2168 4685 praesertim
2196 4645 2214 4681 ,
2287 4596 2452 4662 inter
2519 4591 2943 4662 sacerdotalia
3010 4597 3370 4660 Paramenta

1839 4704 1908 4751 ro
1956 4685 2132 4750 Missa
2191 4682 2570 4750 celebranda
2636 4681 2899 4770 Cingula
2967 4680 3145 4748 lanea
3200 4680 3372 4747 adhi-

1876 4782 2086 4854 antur,
2136 4775 2508 4838 Procurator
2551 4769 2876 4836 Generalis
2929 4768 3181 4836 Ordinis
3223 4770 3372 4835 Car-

1791 4860 2232 4927 thusianorum
2277 4878 2310 4924 a
2342 4862 2563 4926 Sancta
2596 4859 2764 4925 Sede
2812 4855 3117 4925 declarari
3156 4856 3368 4944 petiit,

1791 4965 1948 5015 num
2014 4947 2282 5032 Cingula
2341 4964 2420 5011 ex
2483 4945 2618 5011 lana
2684 4943 2972 5011 adhiberi
3034 4944 3207 5010 licite
3268 4962 3371 5009 va-

1790 5037 1959 5102 leant
2007 5035 2072 5188 ἰξ
2119 5034 2549 5101 celebratione
2581 5031 2965 5101 sacrosancti
3013 5031 3229 5098 Missae
3264 5033 3369 5098 Sa·

1792 5122 2010 5190 crificii

1925 5214 2108 5279 Sacra
2142 5230 2332 5299 porro
2377 5208 2638 5276 Ritnum
2683 5207 3131 5295 congregatio,
3167 5207 3232 5274 in
3260 5210 3368 5275 Or-

1790 5299 2036 5366 dinario
2102 5303 2303 5366 Coetu
2349 5297 2426 5365 ad
2473 5297 2839 5364 Vaticanum
2908 5296 3213 5362 hodierna
3263 5296 3367 5373 die

3138 4237 3367 4324 (5326)
