4042 5950
2064 239 2534 314 ..144-

661 395 969 462 celebrari
1019 408 1431 480 consuetum,
1482 394 1829 460 continuari
1889 392 2141 481 possit?
2186 406 2251 461 et

663 494 979 570 quatenus
1024 482 1346 567 negative,
1394 482 1795 582 supplicatur
1836 503 1954 570 pro
2000 483 2247 566 gratia;

665 591 746 638 ne
784 571 890 638 fiat
924 569 1215 636 notabilis
1245 571 1533 636 alteratio
1585 570 1644 635 in
1696 572 2126 637 celebratione
2160 569 2251 636 di-

665 660 961 725 vinorum
1008 659 1402 725 officiorum.

796 752 871 813 Et
919 751 984 815 S.
1022 751 1096 813 R.
1133 749 1236 824 C.,
1284 747 1362 812 ad
1408 747 1784 813 relationem
1832 746 1970 813 Emi
2005 758 2071 812 et
2110 746 2248 815 Rmi

661 835 905 901 Domini
930 834 1278 901 Cardinalis
1297 835 1520 900 Boschi
1555 837 1873 917 Ponentis,
1906 833 2255 902 rescriben-

662 922 815 989 dum
864 922 1154 988 censuit:
1207 945 1243 995 ς
1280 924 1491 1000 Quoad
1547 921 1859 989 Ecclesias
1904 933 2084 989 certo
2123 942 2251 988 non

660 1022 1079 1092 consecratas,
1106 1011 1436 1098 Negative3
1468 1021 1531 1076 et
1555 1011 1633 1078 ad
1659 1021 1941 1077 mentem
1967 1027 2033 1089 »;
2071 1029 2250 1076 mens

661 1110 878 1163 autem
927 1110 1058 1163 est:
1110 1121 1147 1162 ‹
1183 1111 1279 1180 ut,
1312 1110 1626 1183 quatenus
1670 1109 1920 1164 constet
1959 1099 2044 1165 de
2091 1101 2252 1164 Con·

660 1186 1011 1251 secratione
1037 1187 1361 1252 Ecclesiae
1387 1185 1741 1252 monasterii
1774 1186 2056 1271 primarii
2089 1187 2250 1252 Con-

661 1274 1047 1360 gregationis
1094 1274 1613 1355 vallisoletanae,
1644 1273 1931 1340 Officium
1963 1275 2048 1340 de
2082 1274 2253 1341 illius

664 1362 1069 1427 Dedicatione
1120 1362 1369 1428 recitari
1420 1363 1613 1449 possit
1659 1362 1722 1428 in
1765 1362 1901 1428 aliis
1950 1363 2253 1429 Ecclesiis

664 1451 953 1516 eiusdem
1017 1451 1545 1536 Congregationis
1605 1468 1767 1535 quae
1831 1470 1956 1517 non
2017 1451 2252 1518 habent

660 1558 772 1603 seu
822 1537 1057 1603 habere
1116 1548 1447 1623 nequeunt
1496 1537 1667 1604 diem
1715 1537 2088 1623 assignatam
2136 1559 2253 1625 pro

659 1625 875 1691 officio
924 1625 1217 1711 propriae
1269 1625 1727 1712 Dedicationis;
1777 1626 1985 1712 quoad
2029 1629 2252 1693 Eccle-

659 1714 779 1777 sias
821 1731 976 1778 vero
1023 1712 1104 1778 de
1153 1731 1422 1798 quarum
1470 1715 1958 1780 consecratione
2005 1715 2251 1781 dubita-

662 1812 790 1881 tur,
841 1809 1049 1865 stante
1095 1812 1323 1866 asserta
1375 1801 1862 1867 immemorabili
1909 1814 2251 1868 cousuetu-

662 1888 841 1970 dine,
876 1887 1030 1953 nihil
1086 1888 1518 1955 innovandum
1552 1912 1615 1954 ».
1666 1894 1744 1956 Et
1794 1890 1874 1954 ita
1906 1891 2254 1956 declaravit

661 1995 729 2039 ac
776 1976 1014 2041 servari
1072 1977 1414 2043 mandavit.
1473 1977 1587 2044 Die
1633 1982 1716 2043 22
1768 1978 2001 2064 Aprilis
2055 1981 2249 2045 1780.

664 2135 901 2202 2517.
1305 2139 1611 2204 9111111115
2021 2139 2249 2224 (1397)

939 2245 1002 2306 S.
1042 2244 1268 2307 Pauci
1316 2245 1522 2308 Ple
1574 2247 1973 2312 asumma

1124 2349 1792 2414 concasca‘rioms
1959 2425 1969 2434 ,

860 2453 1140 2519 uonris
1185 2453 1429 2517 ossae
1480 2454 1554 2517 {N
1605 2455 2045 2520 cosmum.

787 2590 1109 2676 Proposita
1158 2591 1421 2655 fuerunt
1471 2592 1535 2656 in
1581 2594 1648 2658 S.
1684 2596 1756 2658 R.
1796 2597 1869 2660 C.
1903 2595 1982 2660 ad
2018 2595 2249 2662 instan-

660 2677 807 2742 tiam
857 2681 921 2742 P.
959 2678 1248 2743 Rectoris
1294 2679 1620 2745 Generalis
1654 2680 2059 2767 supradictae
2090 2686 2251 2749 Con-

657 2765 1042 2850 gregationis
1092 2765 1486 2852 infrascripta
1535 2769 1751 2850 dubia,
1801 2769 2095 2836 scilicet:

797 2858 852 2918 1.
908 2856 1001 2917 An
1052 2853 1225 2920 licite
1287 2853 1639 2923 continuari
1705 2856 1901 2942 possit
1963 2859 2252 2925 recitatio

655 2940 853 3007 Officii
902 2955 966 3007 et
1015 2941 1361 3008 celebratio
1409 2943 1624 3010 Missae
1672 2943 2098 3013 Dedicationis
2138 2952 2252 3014 Ec-

656 3029 996 3095 clesiarum
1046 3031 1409 3117 praedictae
1455 3035 1981 3119 congregationis
2029 3036 2252 3102 Montis

653 3124 840 3183 ossae
899 3118 959 3184 in
1025 3122 1227 3206 prima
1282 3120 1390 3184 die
1451 3122 1854 3208 Septembris
1910 3141 2029 3207 per
2074 3124 2252 3209 Capi-

658 3207 865 3306 tulum
913 3210 1227 3273 Generale
1275 3206 1637 3295 assignata?
1684 3220 1749 3273 et
1796 3222 2109 3294 quatenus
2144 3231 2252 3277 ne-

657 3306 897 3380 gattve,

786 3387 850 3448 2.
906 3386 998 3453 An
1052 3386 1225 3450 locus
1274 3384 1354 3449 sit
1402 3404 1602 3450 novae
1651 3385 2044 3451 concessioni
2090 3387 2253 3451 eius-

656 3470 805 3536 dem
851 3471 1046 3536 Officii
1100 3486 1164 3537 et
1212 3474 1432 3553 Missae
1492 3491 1608 3558 pro
1666 3473 1835 3539 dicta
1883 3473 1989 3539 die
2056 3476 2249 3559 prima

660 3562 740 3621 Se
752 3569 924 3644 ptem
935 3559 1062 3624 bris
1080 3558 1113 3625 ἱ)

793 3649 869 3711 Et
919 3650 983 3711 S.
1022 3651 1093 3712 R.
1133 3650 1234 3729 C.,
1271 3648 1596 3714 referente
1633 3653 1789 3715 Ειῑιο
1839 3662 1903 3715 et
1944 3654 2101 3716 ano
2135 3656 2251 3717 Do-

658 3731 826 3798 mino
852 3733 1163 3799 cardinali
1198 3735 1421 3800 Boschi
1458 3739 1766 3819 Ponente,
1795 3758 1862 3801 ac
1901 3758 1968 3801 re
2007 3750 2252 3804 mature

658 3840 1003 3908 perpensa,
1056 3822 1424 3910 respondit:

792 3911 882 3976 Ad
944 3915 999 3974 1.
1057 3934 1091 3972 ‹
1129 3910 1440 3997 Negative
1480 3935 1542 3976 ι.

790 3999 883 4064 Ad
936 4003 1001 4063 2.
1052 4022 1089 4063 ς
1122 4003 1240 4064 Pro
1274 4001 1505 4082 gratia:
1542 4014 1855 4083 quatenus
1888 4013 2137 4066 constet
2171 4004 2256 4069 de

654 4086 1143 4152 Consecratione
1209 4090 1437 4153 saltem
1508 4089 1828 4154 Ecclesiae
1902 4091 2255 4156 Monasterii

659 4176 941 4259 primarii
995 4175 1188 4240 totius
1234 4177 1763 4264 congregationis
1799 4201 1863 4243 ι.

791 4265 900 4328 Die
951 4268 1036 4329 22
1085 4265 1319 4349 Aprilis
1374 4268 1569 4331 1780.

661 4382 910 4477 2518.
1282 4409 1623 4473 affluam
2025 4408 2252 4495 (4399)

790 4534 1108 4599 Porrectis
1169 4530 1229 4598 in
1291 4535 1357 4597 S.
1407 4535 1484 4596 R.
1534 4534 1607 4596 C.
1669 4550 1785 4615 per
1845 4534 2092 4596 Fratres
2144 4534 2250 4596 Dr-

659 4622 826 4687 dinis
860 4620 1287 4687 Eremitarum
1337 4622 1401 4686 S.
1442 4619 1776 4704 Augustini
1809 4618 2093 4702 Civitatis
2126 4620 2257 4685 Fir-

662 4730 879 4775 manae
928 4708 1304 4775 humillimis
1342 4707 1642 4794 precibus
1676 4727 1793 4794 pro
1825 4707 2256 4772 declaratione

660 4797 988 4881 sequentis
1036 4798 1267 4864 dubii:
1330 4844 1337 4851 -

794 4887 885 4949 An
946 4885 1347 4953 consuetudo
1412 4884 1785 4969 exponendi
1847 4882 2019 4951 Feria
2075 4886 2144 4949 Vl
2199 4883 2258 4947 in

660 4977 997 5038 Parasceve
1030 4972 1519 5038 Sacratissimam
1566 4973 1821 5059 Spinam
1859 4973 2103 5038 Domini
2139 4974 2260 5036 Noz

659 5060 769 5123 stri
824 5062 957 5121 lesu
1007 5059 1268 5142 Christi,
1320 5073 1467 5126 ante
1530 5057 2260 5124 Missam-Praesanctili-

660 5158 944 5212 catorum
1010 5159 1073 5211 et
1131 5149 1750 5212 consummationem
1812 5148 1986 5214 88ῶί
2048 5148 2260 5211 Sacra-

807 5337 883 5409 (1)
922 5339 982 5395 a.
1020 5338 1162 5394 ouh.
1201 5337 1250 5391 7.

2349 395 2590 479 menti,
2651 395 2732 461 sit
2797 395 3184 472 retinenda;
3255 396 3358 461 vel
3427 396 3641 482 potius
3701 397 3887 464 eadem

2354 485 2535 548 Sacra
2581 483 2869 569 Reliquia
2929 483 3010 549 sit
3067 485 3480 571 proponenda
3541 486 3892 550 venerationi

2356 570 2671 654 fidelium,
2722 581 2865 659 post
2923 582 3243 657 peractam
3305 570 3538 638 dictam
3587 571 3805 640 Missam
3846 585 3892 637 et

2355 672 2864 725 consummatum
2912 661 3178 726 SSffium
3227 657 3751 730 Sacramentum?

2487 751 2566 813 Et
2614 751 2676 813 S.
2716 751 2791 813 R.
2829 752 2933 830 C.,
2968 745 3176 812 habita
3208 749 3384 834 prius
3429 748 3570 812 Βῶί
3610 746 3894 833 Archiepi·

2355 834 2531 920 scopi
2588 835 3066 917 informatione,
3130 836 3480 920 auditoque
3552 835 3720 922 prius
3777 847 3934 900 νοω·

2358 922 2544 988 unius
2578 943 2660 988 ex
2691 921 3195 1009 Apostolicarum
3228 923 3778 989 caeremoniarum
3805 927 3900 988 lla-

2357 1009 2569 1095 gistris
2600 1011 2836 1098 scripto
2885 1021 3141 1076 exarato
3177 1011 3473 1098 typisque
3510 1011 3812 1097 evulgato,
3839 1011 3900 1075 ad

2357 1098 2734 1166 relationem
2762 1099 2903 1165 Emi
2928 1108 2994 1162 et
3020 1100 3156 1164 Βῶί
3185 1098 3430 1165 Domini
3455 1097 3788 1165 cardinalis
3807 1102 3904 1162 lla-

2356 1186 2636 1253 rel'uschi
2665 1185 2964 1254 Ponentis
2995 1197 3060 1252 et
3092 1186 3424 1270 Praefecti,
3461 1186 3902 1253 rescribendum

2358 1275 2654 1341 censuit:

2491 1386 2528 1427 ‹
2561 1363 2902 1447 Negative,
2955 1364 3031 1428 ad
3091 1362 3356 1449 primam
3406 1373 3698 1450 partem3
3757 1360 3905 1428 Affir-

2359 1452 2615 1532 mative,
2657 1451 2735 1517 ad
2780 1452 3126 1517 secundam
3161 1476 3224 1515 ».
3277 1455 3356 1516 Et
3389 1452 3474 1518 ita
3506 1451 3829 1517 declaravit
3857 1461 3906 1512 91

2307 1531 2310 1536 '
2358 1539 2597 1604 servari
2642 1538 2985 1605 mandavit.
3039 1539 3151 1605 Die
3198 1545 3288 1608 20
3329 1538 3470 1605 lulii
3519 1542 3707 1605 1780.

2360 1720 2609 1788 2519.
2895 1718 3399 1782 MECHLINIEN.
3716 1716 3906 1802 (1111001

2489 1899 2651 1962 Cum
2707 1899 2866 1961 Emo
2916 1903 2981 1958 et
3026 1896 3185 1959 Rmo
3232 1897 3417 1958 Dom.
3467 1890 3778 1958 Cardinali
3823 1892 3912 1952 Ar-

2358 1984 2770 2070 chiepiscopo
2797 1976 3252 2048 'mechliniensi
3301 1979 3615 2046 nonnulla
3655 1995 3912 2046 occurre·

2359 2072 2483 2138 rint
2530 2071 2722 2140 dubia
2776 2070 2942 2136 circa
2997 2088 3208 2135 sacros
3268 2068 3425 2133 ritus
3485 2065 3822 2134 servandos
3865 2064 3916 2127 iu

2356 2156 2949 2226 consecrationibus
2985 2156 3435 2239 Ecclesiarum,
3465 2157 3658 2222 enixe
3690 2154 3912 2249 S.R.({.

2357 2247 2626 2335 rogavit,
2663 2257 2978 2332 quatenus
3020 2265 3088 2310 ea
3123 2243 3402 2329 benigne
3449 2246 3800 2310 decernere
3841 2240 3914 2303 di·

2359 2345 2699 2419 gnaretur;
2750 2333 3094 2400 videlicet:

2500 2426 2558 2488 1.
2609 2428 2702 2488 An
2765 2421 3077 2488 ieiunium
3139 2422 3204 2485 in
3272 2418 3623 2486 Pontificali
3666 2421 3915 2484 Romano

2357 2511 2828 2597 praescriptum
2880 2510 2955 2575 iis
2999 2529 3028 2572 a
3078 2507 3311 2593 quibus
3368 2517 3778 2574 consecratur
3823 2506 3916 2567 Ec·

2356 2597 2574 2681 clesia,
2621 2599 2700 2663 sit
2756 2599 3015 2664 strictae
3073 2595 3512 2681 obligationis;
3574 2595 3678 2660 vel
3741 2591 3918 2679 potius

2361 2697 2606 2751 tantum
2651 2686 2735 2751 de
2785 2681 3104 2751 consilio?

2491 2778 2556 2838 2.
2612 2776 2707 2839 An
2753 2774 2833 2838 sit
2882 2773 3084 2839 locale
3134 2781 3404 2852 tantum,
3446 2791 3523 2836 an
3573 2768 3915 2856 personale;

2357 2862 2460 2926 vel
2514 2862 2726 2946 potius
2775 2861 2978 2926 locale
3028 2872 3092 2924 et
3139 2858 3479 2944 personale
3532 2853 3776 2923 simul'?

2490 2954 2553 3016 3.
2606 2952 2727 3030 An,
2777 2947 2830 3014 si
2880 2945 3159 3014 Ecclesia
3219 2956 3640 3013 consecretur
3694 2942 3794 3009 die
3848 2941 3918 3007 le-

2362 3037 2537 3118 riali,
2601 3041 2862 3103 Festum
2925 3036 3395 3102 observandum
3455 3033 3538 3098 sit
3601 3034 3665 3098 in
3711 3030 3919 3116 populo

2361 3126 2466 3191 tali
2511 3125 2645 3207 die,
2681 3144 2827 3191 cum
2864 3122 3251 3208 obligatione
3303 3123 3366 3188 in
3400 3118 3767 3188 huiusmodi
3810 3120 3921 3181 loco

2358 3212 2716 3279 abstinendi
2788 3213 2866 3277 ab
2932 3210 3236 3297 operibus
3310 3207 3652 3275 servilibus
3720 3216 3779 3272 et
3839 3222 3923 3267 au·

2358 3300 2578 3367 diendi
2629 3297 2947 3367 Sacrum?
3343 3354 3350 3361 .

2493 3391 2553 3453 4.
2593 3392 2690 3454 An
2724 3389 2786 3454 in
2819 3389 2960 3454 loco
3001 3384 3466 3453 consecrandae
3501 3383 3817 3451 Ecclesiae
3842 3376 3923 3443 Ol·

2363 3477 2578 3542 ficium
2629 3477 2711 3542 de
2760 3476 3096 3545 Communi
3145 3472 3572 3539 Dedicationis
3636 3467 3927 3537 Ecclesiae

2358 3564 2440 3630 sit
2487 3564 2947 3630 celebrandum
2979 3585 3009 3628 a
3046 3562 3267 3651 primis
3299 3560 3599 3648 vesperis
3639 3560 3744 3625 die
3776 3573 3924 3653 prae-

2361 3652 2614 3719 cedenti
2684 3650 3024 3719 recitandis
3102 3649 3413 3716 inclusive
3458 3670 3476 3732 ς
3557 3648 3664 3713 vel
3743 3655 3928 3733 potius

2359 3743 2688 3807 dumtaxat
2738 3739 3194 3821 inchoandum,
3230 3735 3403 3802 finita
3436 3733 3924 3805 Consecratione,

2358 3828 2606 3893 scilicet
2654 3827 2715 3892 in
2767 3828 3068 3914 vesperis
3112 3821 3704 3909 subsequentibus?

2493 3920 2560 3980 ὅ.
2610 3921 2704 3981 An
2754 3935 2830 3980 eo
2888 3935 3031 3980 casu
3097 3916 3180 3981 de
3240 3910 3414 3978 Feria
3474 3912 3577 3977 vel
3639 3913 3724 3978 de
3769 3912 3926 3974 Festo

2362 4015 2743 4069 occurrente
2806 4005 3160 4091 vesperae,
3227 4000 3619 4067 matutinum·
3666 4021 3731 4065 ac
3797 3994 3927 4060 aliae

2361 4096 2562 4156 Horae
2611 4091 3074 4177 praecedentes
3117 4089 3683 4157 consecrationem
3745 4082 3930 4150 Eccle-

2359 4179 2487 4244 siae
2538 4178 2902 4243 recitandae
2950 4176 3128 4244 sint‘?
3896 4256 3904 4265 ,

2492 4271 2559 4331 6.
2610 4268 2704 4332 An
2765 4269 2976 4331 Pastor
3042 4276 3151 4331 aut
3203 4265 3363 4330 alius
3424 4264 3736 4329 Sacerdos
3794 4277 3929 4353 ruri,

2361 4353 2811 4420 deficientibus
2858 4354 2996 4419 aliis
3039 4353 3366 4434 Ecclesiis,
3399 4350 3464 4417 in
3509 4351 3641 4437 ipsa
3676 4347 3930 4416 Ecclesia

2362 4442 2784 4508 consecranda
2824 4460 3075 4508 summo
3114 4461 3299 4508 mane
3330 4438 3664 4506 celebrans
3697 4456 3808 4527 pro
3841 4452 3930 4521 po·

2360 4530 2498 4618 puli
2563 4531 3018 4597 commoditate
3079 4530 3185 4596 die
3245 4527 3751 4595 Consecrationis
3807 4538 3930 4618 per·

2361 4618 2671 4704 agendae,
2706 4617 2949 4683 Missam
2996 4617 3080 4684 de
3111 4615 3601 4684 consecratione
3635 4613 3931 4680 Ecclesiae

2362 4707 2691 4772 celebrare
2739 4707 2945 4771 valeat
2993 4716 3057 4771 et
3103 4701 3455 4771 teneatur?
3499 4702 3595 4789 (1)

2497 4799 2572 4860 Et
2618 4797 2685 4860 S.
2723 4797 2799 4858 R.
2834 4796 2939 4877 C.,
2987 4794 3208 4859 audito
3255 4793 3433 4881 prius
3467 4804 3617 4856 voto
3653 4790 3832 4856 unius
3862 4801 3927 4878 ex

2364 4884 2870 4968 Apostolicarum
2896 4883 3454 4948 caeremoniarum
3481 4876 3789 4966 Magistris
3808 4890 3932 4937 scri-

2364 4973 2490 5054 ptis
2513 4982 2770 5036 exarato
2799 4972 3094 5057 typisque
3121 4972 3446 5056 evulgato,
3473 4968 3551 5033 ad
3582 4964 3928 5062 relationem

2367 5059 2500 5123 Enii
2539 5071 2601 5123 et
2642 5059 2778 5123 llsni
2827 5058 3068 5123 Domini
3117 5056 3465 5123 Cardinalis
3511 5054 3794 5119 Archintt
3838 5052 3930 5111 Po-

2365 5149 2602 5228 nentis,
2653 5146 3136 5212 rescribendum
3187 5145 3483 5211 censuit:
