4042 5950
1997 293 2103 311 -
2164 250 2313 331 192
2346 294 2469 355 ,-

608 407 780 479 ribus
822 423 885 478 at
932 431 1014 479 ue
1057 407 1594 499 congregationis.
1622 409 1884 479 Rituum
1916 411 2182 478 consul-

605 499 846 567 toribus
877 430 1212 568 &incentio
1256 497 1532 567 carololi
1564 498 1805 566 Abbate
1838 509 1904 565 et
1933 498 2182 566 vicario

603 586 892 654 Generali
916 587 1373 655 canonicorum
1406 585 1817 673 Regularium
1851 586 2027 654 Ssffii
2052 587 2182 655 Sal-

601 675 857 758 vatoris,
891 675 1126 742 Aleisio
1166 674 1339 742 lonni
1385 676 1683 759 Magistro
1728 674 1978 742 Ordinis
2025 677 2179 740 Ere·

603 762 897 829 mitarum
943 762 1151 830 Sancti
1194 762 1531 849 Augustini
1579 772 1644 827 et
1688 762 1963 829 Antonio
1994 761 2181 829 Maria

601 851 828 918 Grandi
876 850 1271 917 Pro-Vicario
1316 869 1409 916 ac’
1431 853 1839 916 Procuratore
1885 848 2180 916 Generali

599 938 1122 1025 congregationis
1165 937 1561 1005 clericorum
1593 937 2003 1024 Regularium
2035 941 2179 1005 San-

603 1021 687 1092 cti
724 1027 920 1092 Pauli.
970 1025 1125 1092 Hinc
1170 1026 1378 1093 habita
1427 1044 1499 1091 ea
1543 1015 2051 1110 congregatione
2111 1026 2176 1091 in

598 1112 878 1180 Aedibus
898 1113 1320 1182 cancellariae
1335 1113 1735 1200 Apostolicae
1755 1113 1831 1179 ad
1854 1112 2028 1180 diem
2040 1115 2179 1180 XVI

599 1200 736 1268 Kal.
772 1202 1068 1287 Augusti,
1102 1201 1431 1286 allatisque
1476 1200 1554 1267 ad
1586 1200 1712 1267 Nos
1738 1219 1861 1287 per
1888 1203 2176 1267 Secreta-

599 1287 765 1355 rium
795 1289 1105 1376 suffragiis
1135 1288 1431 1355 omnibus
1458 1288 1696 1374 scripto
1731 1288 1994 1373 traditis,
2032 1308 2178 1355 cau·

534 1374 540 1380 ’
598 1396 730 1443 sam
776 1377 1136 1443 universam
1164 1376 1331 1442 serio
1363 1374 1838 1462 diligenterque
1885 1376 2177 1443 conside-

598 1464 858 1532 randam
890 1464 1012 1551 Ipsi
1045 1464 1465 1551 suscepimus,
1497 1473 1688 1548 atque
1734 1463 2045 1550 peculiari
2078 1465 2177 1531 Di·

599 1552 782 1621 vinae
806 1552 1165 1640 Sapientiae
1210 1550 1526 1637 praesidio
1572 1550 1772 1616 multa
1819 1550 2175 1638 humilique

599 1653 792 1728 prece
819 1648 1105 1723 exorato,
1124 1638 1557 1705 decretorium
1582 1639 1841 1705 tandem
1865 1640 2173 1707 iudicium

597 1730 894 1795 Nostrum
940 1727 1112 1794 iuxta
1157 1727 1447 1793 eiusdem
1491 1726 1767 1792 selectae
1812 1731 2175 1828 congrega·-

603 1814 789 1883 tionis
832 1824 1118 1881 mentem
1163 1824 1513 1880 memorato
1545 1817 1880 1881 Sacrorum
1910 1818 2171 1882 Rituum

599 1902 1121 1989 congregationis
1171 1903 1519 1985 Assessori,
1568 1902 1677 1987 qui
1731 1904 1853 1968 Nos
1898 1923 2015 1991 pro
2063 1907 2176 1971 Se·

599 1991 869 2057 cretario
935 1990 1194 2057 absente
1261 1990 1559 2058 Kalendis
1625 1991 1893 2074 Augusti
1953 1991 2171 2076 adivit,

597 2079 987 2165 aperuimus,
1022 2077 1312 2164 illudque
1358 2093 1477 2165 per
1513 2078 1905 2164 Apostolicas
1935 2078 2174 2145 Literas

598 2166 920 2255 explicare
965 2186 1034 2234 ac
1078 2166 1322 2234 sancire
1364 2166 1798 2233 decrevimus.

727 2254 1189 2322 Benedicentes
1234 2254 1449 2338 itaque
1493 2256 1652 2320 Patri
1717 2254 1908 2321 totius
1953 2275 2172 2321 conso-

597 2343 868 2427 lationis,
917 2343 1285 2430 optimaque
1336 2360 1451 2429 spe
1496 2343 1765 2407 recreati
1812 2361 2052 2410 novum
2082 2354 2172 2409 at-

596 2450 722 2519 que
758 2431 1005 2498 illustre
1036 2428 1323 2497 salutaris
1368 2428 1664 2513 praesidii
1696 2449 1729 2493 a
1762 2431 1989 2497 Sancto
2022 2432 2171 2498 Viro

595 2521 659 2588 in
704 2527 872 2586 tanta
918 2528 1281 2605 temporum
1342 2515 1711 2582 difficultate
1756 2515 1948 2584 Nobis
1989 2537 2174 2604 prae-

568 2605 788 2675 ·bendi
832 2605 1265 2674 testimonium
1300 2623 1380 2669 ex
1412 2602 1567 2669 mira
1600 2605 1715 2670 hac
1743 2605 1843 2671 sui
1873 2607 2173 2692 corporis

595 2692 960 2763 inventione
1020 2691 1461 2780 praefulgere,
1511 2691 1595 2758 de
1658 2691 1950 2760 eiusdem
2009 2697 2172 2761 con-

594 2780 978 2869 gregationis
1034 2779 1311 2846 selectae
1368 2778 1628 2846 consilio
1674 2791 1741 2846 et
1785 2792 1956 2864 voto,
2005 2785 2173 2870 Apo-

592 2871 813 2937 stolica
856 2869 1257 2950 auctoritate,
1309 2877 1534 2934 tenore
1568 2869 2003 2955 praesentium
2037 2870 2171 2937 edi-

593 2959 795 3027 cimus
841 2977 911 3024 ac
957 2955 1396 3023 declaramus:
1447 2978 1485 3021 ‹
1517 2958 1818 3024 Constare
1863 2959 1948 3025 de
1995 2958 2174 3026 iden-

594 3048 771 3113 titate
817 3045 1118 3132 Corporis
1163 3063 1374 3131 nuper
1416 3043 1536 3111 suh
1576 3049 1697 3110 Ara
1757 3046 2026 3112 maxima
2073 3047 2170 3114 in-

592 3134 838 3202 ferioris
866 3133 1168 3201 Basilicae
1189 3132 1549 3199 Assisiensis
1579 3130 1849 3217 inventi,
1877 3133 2173 3221 illudque

592 3243 813 3290 revera
860 3220 1125 3309 corpus‘
1150 3240 1290 3287 esse
1356 3225 1425 3289 S.
1469 3222 1871 3289 FRANclScl
1914 3222 2170 3290 Ordinis

592 3313 903 3378 Minorum
952 3310 1326 3377 Fundatoris
1357 3333 1420 3376 ιν.

719 3403 1149 3465 Decernentes
1219 3398 1403 3464 hasce
1470 3407 1838 3485 praesentes
1901 3398 2166 3482 Literas,

593 3487 779 3554 etiam
813 3505 896 3553 ex
929 3503 1005 3551 eo
1038 3484 1211 3570 quod
1259 3486 1650 3571 quicumque
1694 3484 1761 3577 in
1808 3485 2169 3573 praemissis

591 3574 899 3639 interesse
935 3571 1241 3638 habentes
1270 3590 1385 3638 seu
1418 3570 1655 3638 babere
1685 3572 2171 3657 quomodolibet

590 3660 1106 3749 praetendentes,
1152 3659 1356 3725 vocati
1405 3669 1470 3725 et
1515 3658 1712 3727 auditi
1742 3679 1869 3727 non
1902 3660 2165 3743 luerint,

590 3750 675 3813 de
704 3746 1136 3833 subreptionis
1178 3748 1283 3812 vel
1331 3745 1723 3834 obreptionis
1751 3746 1905 3814 vitio
1936 3759 2045 3814 aut
2076 3749 2169 3815 in-

594 3833 891 3903 tentionis
934 3836 1229 3915 Nostrae,
1280 3832 1385 3898 vel
1444 3834 1566 3899 alio
1627 3835 1850 3917 quovis
1904 3834 2168 3902 delectu

588 3922 791 3992 notari
821 3922 926 3989 vel
958 3919 1316 4009 impugnari
1357 3919 1721 3987 nullatenus
1767 3940 1999 4007 posse3
2050 3923 2164 3990 sed

587 4029 843 4098 semper
887 4011 1123 4093 firmas,
1156 4009 1394 4075 validas
1442 4018 1507 4075 et
1554 4006 1838 4074 efficaces
1884 4010 2164 4081 existere

590 4111 655 4166 et
698 4098 863 4181 fore,
911 4116 1186 4183 suosque
1226 4095 1544 4184 plenarios
1591 4105 1654 4161 et
1701 4095 1985 4183 integros
2015 4098 2166 4164 effe-

589 4198 728 4253 ctus
757 4186 967 4253 sortiri
1002 4197 1066 4253 et
1096 4185 1427 4262 obtinere;
1475 4184 1697 4268 sicque
1728 4194 1792 4250 et
1824 4203 1952 4250 non
1981 4185 2167 4251 aliter

588 4294 708 4362 per
751 4291 1191 4360 quoscumque
1241 4271 1485 4338 ludices
1528 4270 1889 4337 ordinarios
1936 4282 2002 4337 et
2047 4275 2166 4339 De-

589 4364 864 4449 legatos‚
914 4363 1104 4430 etiam
1164 4363 1504 4427 Causarum
1565 4358 1773 4426 Palatii
1821 4359 2166 4445 Apostolici

587 4450 928 4517 Auditores
972 4460 1037 4517 et
1081 4448 1368 4515 eiusdem
1415 4450 1482 4514 S.
1526 4449 1601 4514 R.
1649 4451 1724 4513 E.
1774 4445 2164 4533 cardinales,

590 4538 781 4606 etiam
826 4539 910 4606 de
955 4542 1181 4606 Latere
1223 4538 1514 4622 Legatos,
1562 4536 1804 4603 sublata
1838 4534 1927 4600 eis
1960 4546 2027 4600 et
2059 4554 2166 4602 eo-

588 4646 734 4693 rum
781 4626 1044 4693 cuilibet
1090 4625 1306 4712 quavis
1352 4622 1533 4690 aliter
1579 4622 1900 4690 iudicandi
1954 4631 2021 4689 et
2072 4623 2167 4689 in-

593 4714 987 4801 terpretandi
1035 4714 1332 4780 facultate
1370 4721 1432 4776 et
1469 4711 1870 4795 auctoritate,
1902 4710 2165 4778 iudicari

590 4811 655 4867 et
701 4801 957 4870 deliniri
1003 4801 1288 4877 debere;
1336 4819 1407 4865 ac
1454 4798 1705 4866 irritum
1752 4810 1819 4865 et
1865 4800 2078 4882 inane,
2112 4799 2165 4864 si

588 4907 773 4956 secus
818 4909 1016 4977 super
1061 4889 1135 4955 iis
1180 4908 1214 4953 a
1258 4904 1577 4972 quoquam
1623 4887 1842 4973 quavis
1894 4886 2166 4952 auctori-

589 4986 716 5041 tate
758 4976 1036 5042 scienter
1064 4977 1169 5041 vel
1201 4974 1571 5060 ignoranter
1598 4975 1934 5061 contigerit
1964 4983 2167 5039 atten-

591 5062 732 5128 tari.
780 5061 1360 5138 Quibus‘omnibus
1418 5072 1484 5126 et
1539 5062 1830 5147 singuliS,
1880 5059 2069 5126 etiam
2111 5059 2166 5125 si

588 5168 708 5238 pro
755 5146 1090 5216 sufficienti
1133 5148 1395 5212 illorum
1443 5148 1855 5234 derogatione
1902 5145 1987 5212 de
2041 5146 2167 5211 illis

591 5251 946 5321 eorumque
1006 5233 1155 5299 totis
1219 5234 1545 5300 tenoribus
1604 5234 1918 5319 specialis,
1962 5232 2168 5319 speci·

591 5323 731 5410 fica,
780 5339 1081 5407 expressa
1127 5329 1193 5384 et
1238 5318 1592 5400 individua,
1624 5339 1695 5383 ac
1727 5319 1810 5384 de
1854 5320 2052 5382 verbo
2082 5318 2159 5385 ad

2283 410 2577 494 verbum,
2611 429 2740 478 non
2768 421 2984 478 autem
3015 430 3136 499 per
3177 410 3489 478 clausulas
3536 409 3874 498 generales

2285 498 2457 570 idem
2505 498 2947 586 importantes,
2995 498 3235 566 mentio
3279 518 3395 565 seu
3440 499 3705 583 quaevis
3751 496 3876 561 alia

2284 586 2613 673 expressio
2656 585 2967 671 habenda,
3000 598 3108 653 aut
3152 587 3360 673 aliqua
3396 587 3516 652 alia
3551 583 3876 671 exquisita

2283 674 2483 740 l'orma
2527 674 2604 741 ad
2652 674 2772 740 hoc
2817 674 3124 742 servanda
3174 674 3377 757 foret,
3430 683 3691 741 tenores
3753 671 3872 737 hu·

2283 762 2590 844 iusmodi,
2632 780 2704 827 ac
2746 761 2799 827 si
2845 763 2927 830 de
2985 761 3185 828 verbo
3231 762 3310 830 ad
3355 761 3659 845 verbum,
3706 757 3872 827 nihil

2280 850 2539 936 penitus
2605 851 2833 917 omisso
2902 860 2967 916 et
3038 849 3237 918 l'orma
3307 850 3371 916 in
3437 848 3568 914 illis
3638 847 3874 915 tradita

2281 935 2609 1003 observata
2679 937 3199 1025 exprimerentur
3266 947 3332 1004 et
3394 936 3871 1016 insererentur,

2277 1024 2722 1111 praesentibus
2780 1045 2899 1112 pro
2945 1026 3139 1112 plene
3203 1035 3268 1091 et
3311 1023 3709 1091 sufficienter
3755 1041 3874 1089 ex·

2278 1112 2513 1200 pressis
2566 1123 2632 1178 et
2690 1113 2940 1180 insertis
3001 1112 3342 1195 habentes,
3401 1111 3530 1178 illis
3586 1111 3739 1177 alias
3805 1109 3870 1174 in

2275 1219 2388 1266 suo
2439 1199 2668 1267 robore
2714 1201 3167 1288 permansuris,
3224 1200 3300 1266 ad
3359 1199 3871 1286 praemissorum

2279 1287 2580 1354 effectum
2628 1288 2739 1354 hac
2797 1289 2938 1356 vice
2996 1289 3327 1356 dumtaxat
3383 1285 3756 1373 specialiter
3806 1293 3875 1349 et

2276 1393 2583 1475 expresse
2652 1366 3035 1461 derogamus
3101 1376 3468 1461 ceterisque
3530 1373 3873 1441 contrariis

2280 1465 2817 1550 quibuscumque.

2408 1551 2717 1636 Volumus
2763 1562 3001 1634 autem,
3051 1572 3137 1620 ne
3181 1549 3568 1619 Venerabile
3614 1552 3872 1638 corpus

2276 1657 2357 1704 ex
2402 1637 2819 1705 subterraneo
2880 1640 3020 1705 loco
3075 1639 3140 1705 in
3200 1658 3328 1724 quo
3379 1656 3496 1705 sex
3545 1639 3682 1705 iere
3728 1657 3870 1706 sae-

2275 1726 2434 1792 culis
2480 1725 2750 1811 quievit,
2798 1726 2919 1794 alio
2965 1727 3346 1805 deieratun
3404 1728 3562 1792 item
3609 1745 3696 1791 ne
3757 1724 3868 1791 vel

2277 1814 2601 1880 minimam
2647 1814 2908 1900 quidem
2951 1833 3276 1881 sacrorum
3321 1815 3570 1881 ossium
3615 1825 3867 1900 partem

2276 1900 2467 1967 liceat
2514 1902 2664 1968 inde
2711 1902 2957 1969 extrahi
3003 1901 3420 1988 auferrique;
3476 1919 3544 1967 ac
3594 1901 3870 1968 demum

2276 2007 2359 2057 ne
2419 1994 2599 2072 Arca,
2647 1998 2987 2076 postquam
3041 1989 3245 2056 clausa
3314 1989 3508 2056 inerit
3566 1999 3635 2054 et
3697 1987 3870 2055 ohsi-

2275 2088 2484 2164 gnata,
2519 2077 2656 2143 ullo
2701 2094 3002 2164 umquam
3038 2089 3330 2165 tempore
3361 2076 3601 2162 absque
3633 2078 3870 2142 Nostro

2274 2166 2380 2231 vel
2428 2184 2545 2252 pro
2592 2174 2885 2254 tempore
2932 2163 3266 2233 existentis
3325 2163 3590 2231 Romani
3651 2163 3869 2230 Ponti·

2276 2253 2409 2321 ficis
2446 2254 2762 2351 permissu
2798 2263 3149 2320 reseretur.
3187 2253 3463 2320 Sinimus
3496 2263 3738 2334 tamen,
3769 2264 3867 2334 ut,

2271 2341 2324 2408 si
2371 2360 2481 2426 qui
2526 2340 2653 2408 sint
2699 2360 2780 2407 ex
2825 2342 3128 2409 carnium
3172 2341 3601 2426 molliumque
3634 2358 3868 2428 corpo-

2274 2446 2528 2495 rearum
2553 2430 2826 2516 partium
2851 2427 3328 2496 intertrimento
3352 2429 3604 2495 cineres
3629 2447 3701 2492 ac
3725 2426 3872 2514 pnl-

2273 2535 2484 2598 veres,
2529 2516 2913 2603 colligantur
2952 2534 3075 2617 pro
3119 2516 3429 2603 Reliquiis
3458 2513 3866 2582 asservandi:

2273 2603 2566 2689 illudque
2597 2623 2745 2671 cum
2779 2603 3001 2691 primis
3033 2603 3222 2670 etiam
3244 2617 3435 2691 atque
3468 2602 3665 2670 etiam
3689 2620 3870 2668 com-

2267 2693 2639 2761 mendamus
2685 2711 2755 2757 ac
2803 2692 3256 2779 praecipimus,
3290 2702 3364 2760 ut
3398 2690 3870 2758 sacratissimus

2267 2782 2371 2849 hic
2418 2779 2774 2846 Thesaurus
2817 2779 2896 2845 ab
2942 2780 3115 2846 omni
3179 2800 3443 2867 prorsus
3489 2778 3723 2846 iniuria
3775 2787 3870 2842 at·
3991 2835 3992 2838 ,

2264 2887 2394 2956 que
2417 2866 2477 2932 vi
2505 2876 2681 2933 tutus
2703 2866 3178 2953 inviolatusque
3207 2876 3656 2950 conservetur,
3673 2867 3870 2940 ,eius-

2268 2976 2396 3044 que
2441 2954 2814 3022 accuratiori
2861 2955 3220 3041 custodiae,
3271 2954 3562 3038 tuitioni,
3613 2953 3867 3022 incolu-

2270 3044 2471 3111 mitati
2518 3041 2807 3130 apprime
2853 3044 3242 3110 consulatur.
3290 3045 3460 3122 Quae
3507 3052 3581 3109 ut
3627 3042 3756 3108 rite
3796 3060 3868 3105 ac

2269 3152 2386 3220 pro
2446 3130 2541 3196 rei
2598 3131 2930 3197 sanctitate
2989 3131 3342 3217 diligenter
3409 3129 3865 3210 conficiantur,

2272 3219 2578 3287 eumdem
2650 3218 3040 3305 Episcopum
3115 3219 3535 3285 Assisiensem
3605 3228 3676 3283 et
3741 3221 3866 3283 Ge-

2268 3307 2555 3376 neralem
2610 3305 3138 3374 conventualium
3199 3306 3589 3390 Ministrum,
3650 3322 3864 3391 eoque

2268 3395 2567 3479 ahsente,
2617 3394 2964 3461 custodem
3021 3395 3317 3461 Basilicae
3427 3412 3497 3458 ro
3558 3404 3864 3480 tempore

2269 3483 2643 3566 existentes,
2670 3481 2764 3547 uti
2796 3480 2872 3547 ab
2903 3482 3262 3569 Apostolica
3293 3415 3465 3549 Sego
3490 3483 3862 3567 Delegatos,

2268 3572 2334 3637 in
2367 3571 2430 3637 id
2462 3568 2830 3657 specialiter
2868 3570 3168 3656 eligimus
3199 3588 3269 3636 ac
3300 3570 3715 3657 deputamus.
3753 3573 3864 3635 Fa·

2270 3659 2573 3726 cultatem
2632 3675 2825 3746 porro
2886 3656 3180 3741 facimus,
3230 3657 3475 3723 nedum
3539 3656 3862 3745 lapideam

2267 3749 2495 3813 Arcam
2518 3765 2642 3832 qua
2665 3763 2876 3812 sacrae
2899 3744 3182 3812 Exuvias
3206 3744 3625 3828 clauduntur,
3661 3760 3862 3829 opere

2269 3834 2547 3920 eleganti
2609 3832 3038 3920 pretiosisque
3097 3834 3423 3899 ornatibus
3480 3831 3747 3917 contegi
3794 3850 3864 3897 ac

2268 3920 2504 4000 ditari;
2551 3921 2667 3988 sed
2717 3930 2782 3986 et
2833 3919 3162 4006 integrum
3220 3920 3685 4003 conditorium,
3735 3936 3864 4005 quo

2270 4029 2344 4076 ea
2390 4019 2654 4095 prostat,
2705 4007 3012 4095 perpoliri
3070 4008 3378 4093 omnique
3438 4008 3625 4073 cultu
3673 4026 3862 4073 exor-

2269 4096 2403 4164 nari
2453 4104 2518 4161 et
2564 4094 3064 4162 commodiorem
3095 4095 3338 4162 aditum
3371 4095 3436 4163 in
3467 4094 3686 4182 ipsum
3718 4113 3864 4183 ape-

2265 4183 2413 4259 riri;
2463 4184 2644 4249 cuius
2706 4181 2968 4267 quidem
3029 4183 3241 4270 operis
3285 4181 3575 4249 universi
3624 4181 3863 4249 descri-

2269 4269 2558 4361 ptionem
2604 4269 3046 4355 rationemque
3091 4269 3281 4335 Nobis
3328 4268 3733 4359 probandam
3765 4289 3862 4335 re-

2267 4375 2630 4442 servamus,
2677 4376 2748 4423 ac
2800 4357 3049 4424 nonnisi
3111 4375 3190 4422 ex
3250 4359 3476 4423 Nostro
3538 4374 3860 4423 consensu

2270 4445 2634 4514 executioni
2658 4440 3518 4547 demandari‘permittimus.
3545 4445 3865 4511 Nolumus

2269 4551 2425 4600 vero
2472 4545 2694 4621 patere
2742 4532 2806 4598 in
2853 4531 3015 4600 illud
3061 4549 3442 4619 ingressum,
3494 4531 3619 4598 nisi
3669 4532 3861 4599 certis

2270 4623 2595 4689 dumtaxat
2616 4620 3107 4687 solemnioribus
3129 4618 3358 4685 diebus
3381 4620 3694 4706 statisque
3722 4638 3858 4687 con-

2268 4707 2615 4777 ditionibus
2634 4726 2756 4795 per
2769 4709 2894 4773 Nos
2958 4706 3387 4791 raefiniendis,
3408 4718 3518 4774 aut
3541 4707 3860 4792 siquando

2267 4794 2404 4865 Viri
2427 4794 2748 4883 Principes
2771 4795 2876 4861 vel
2981 4805 3166 4861 nctae
3186 4797 3505 4861 Romanae
3530 4796 3859 4861 Ecclesiae

2268 4883 2634 4951 Cardinales
2657 4883 2761 4948 vel
2797 4882 3090 4971 Episcopi
3120 4899 3236 4946 seu
3268 4881 3602 4948 Praesules
3636 4885 3860 4949 Roma·

2269 4989 2385 5038 nae
2410 4970 2637 5037 Curiae
2667 4970 3017 5056 gloriosum
3050 4968 3432 5036 sanctissimi
3458 4969 3858 5036 Patriarchae

2267 5058 2650 5143 Sepulcrum
2682 5057 3048 5123 veneraturi
3080 5056 3234 5123 illuc
3264 5058 3677 5123 accesserint.

2401 5144 2563 5210 illud
2591 5144 2848 5209 tandem
2874 5163 3132 5231 quoque
3157 5144 3549 5228 mandamus,
3577 5156 3652 5212 ut
3679 5164 3856 5234 prae-

2264 5231 2540 5296 sentium
2561 5229 2915 5298 Literarum
2937 5230 3346 5318 transumptis
3366 5249 3484 5297 seu
3511 5252 3705 5300 exem
3756 5233 3852 5335 lis,

2270 5316 2460 5380 etiam
2489 5314 2838 5401 impressis,
2856 5335 3043 5385 manu
3069 5317 3333 5385 alicuius
3349 5320 3588 5386 Notarii
3614 5253 3854 5410 publici
