4042 5950
2104 148 2127 181 Χ

1541 224 2012 307 -247-

123 404 387 453 morem
435 385 894 454 Canonicorum
936 384 1541 470 Ravennatensium,
1590 382 1722 451 bini

119 485 277 563 post
325 478 600 543 Crucem
642 473 1265 564 Archiepiscopalem
1316 484 1463 541 ante
1512 473 1723 559 ipsum

122 563 507 633 Antistitem
537 562 1067 650 progrediuntur.
1098 563 1196 629 Ad
1226 562 1387 629 hanc
1420 561 1723 629 tuendam

122 652 674 719 consuetudinem
717 651 974 718 maximi
1031 650 1277 717 roboris
1324 670 1463 716 esse
1512 648 1722 737 perhi-

122 739 330 806 betur
374 749 675 807 veterum
721 739 1117 827 picturarum
1153 737 1613 821 testimonium,
1663 746 1726 803 et

123 827 446 915 perennis
491 827 744 894 traditio
774 848 807 892 a
838 826 1182 895 maioribus
1219 836 1515 913 accepta;
1563 824 1725 892 adeo

122 927 199 983 ut
249 927 703 1003 praesumatur
746 915 847 982 hic
898 935 1048 983 usus
1094 914 1171 981 ab
1202 933 1281 980 eo
1315 926 1610 1001 tempore
1640 912 1729 980 in-

126 1005 428 1089 choatus,
477 1023 603 1090 quo
662 1004 739 1071 ab
783 1004 1036 1072 Urbano
1082 1007 1242 1090 Papa
1294 1008 1343 1069 11
1395 1003 1549 1069 haec
1599 1002 1728 1067 Ρτί-

125 1091 410 1159 matialis
451 1091 735 1158 Ecclesia
779 1091 1306 1180 metropoliticam
1344 1090 1726 1177 Dignitatem

127 1180 415 1267 recepit.
480 1179 814 1258 Quaeritur
883 1179 1079 1265 igitur
1138 1190 1356 1246 utrum
1415 1178 1726 1245 recensita

127 1267 543 1335 consuetudo
587 1268 896 1335 servanda
941 1267 1075 1334 sit?

270 1360 337 1422 3.
390 1359 621 1423 Utrum
672 1357 1048 1443 Dignitates,
1098 1355 1418 1439 Canonici,
1468 1353 1724 1421 Parochi

131 1455 197 1511 et
261 1443 684 1527 Sacerdotes,
762 1454 900 1511 tum
967 1443 1290 1511 Ecclesiae
1357 1442 1730 1509 Primatialis

130 1544 277 1599 tum
320 1531 594 1599 aliarum
637 1531 1070 1599 Ecclesiarum
1101 1531 1415 1598 Dioecesis
1444 1529 1725 1612 Pisanae,

130 1618 307 1706 adigi
334 1619 612 1687 debeant
641 1621 719 1688 ad
756 1620 1158 1688 induendum
1181 1619 1730 1707 superpelliceum

131 1728 290 1775 cum
348 1708 521 1775 Stola
572 1709 639 1775 in
695 1708 1238 1777 administratione
1292 1711 1726 1776 sacramento-

129 1815 286 1863 rum
317 1797 497 1864 iuxta
524 1795 773 1864 Rituale
802 1800 1180 1881 Romanum,
1206 1796 1494 1883 deposita
1530 1813 1729 1883 cappa

135 1896 202 1950 et
250 1895 569 1951 mozzetta
617 1885 723 1952 vel
771 1883 1076 1972 caputio?

276 1976 344 2040 4.
393 1976 623 2040 Utrum
675 1993 827 2040 usus
880 1974 958 2040 ab
1003 1970 1594 2059 Archipresbyteris
1638 1971 1732 2037 Pi-

134 2060 307 2127 sanis
331 2060 626 2128 invectus
651 2060 716 2126 in
738 2061 928 2128 sacris
959 2060 1388 2127 functionibus
1417 2060 1545 2126 ritu
1577 2078 1732 2144 pon-

135 2148 365 2216 tificali
407 2148 818 2235 peragendis,
866 2149 1077 2236 redigi
1124 2146 1357 2215 debeat
1387 2149 1467 2215 ad
1499 2147 1733 2214 limites

135 2236 383 2305 indulti
430 2234 795 2303 Pontificii‘?

273 2324 583 2392 Sanctitas
628 2327 775 2408 Sua,
826 2325 1036 2393 audita
1081 2324 1394 2391 relatione
1439 2325 1515 2390 ab
1562 2321 1731 2389 Emi-

137 2411 523 2481 nentissimo
572 2421 635 2479 et
677 2413 1239 2480 Reverendissimo
1285 2411 1553 2479 Domino
1584 2414 1734 2477 Car·

136 2501 341 2568 dinali
388 2504 614 2569 carolo
659 2502 846 2568 Maria
890 2500 1171 2568 Pedicini
1201 2501 1518 2589 Episcopo
1551 2504 1732 2566 Prae·

137 2590 398 2656 nestino
444 2600 510 2655 et
553 2593 892 2658 Sacrorum
937 2591 1202 2657 Rituum
1233 2585 1730 2675 congregationi

137 2678 476 2744 Praefecto
543 2680 734 2761 iacta,
796 2678 1137 2765 habitaque
1195 2677 1440 2745 ratione
1508 2680 1732 2744 Caere-

139 2765 438 2832 monialis
512 2765 1015 2854 Episcoporum,
1093 2766 1309 2854 legem
1367 2784 1401 2830 a
1458 2763 1734 2833 Summis

140 2852 556 2921 Pontificibus
619 2854 955 2921 Clemente
1017 2857 1185 2938 vul,
1248 2853 1618 2920 Innocentio
1675 2855 1733 2919 X

143 2951 211 3010 et
280 2942 634 3011 Benedicto
693 2945 833 3012 XIV
887 2944 1076 3010 latam
1135 2953 1202 3010 et
1261 2942 1730 3024 confirmatam,

141 3030 517 3099 huiusmodi
584 3029 819 3098 indolis
887 3051 1060 3115 esse,
1122 3041 1194 3099 ut
1254 3053 1287 3098 a
1346 3029 1525 3097 nulla
1590 3047 1736 3096 con-

142 3120 342 3186 traria
400 3120 866 3188 cousuetudine
925 3118 1211 3207 abrogari
1265 3119 1501 3201 valeat,
1558 3137 1736 3185 acce·

142 3206 455 3275 dentibus
509 3210 916 3298 praesertim,
946 3226 1074 3274 non
1127 3209 1344 3293 paucis
1397 3210 1736 3274 Sacrorum

143 3296 414 3363 Rituum
458 3297 982 3383 congregationis
1018 3297 1351 3363 Decretis:
1401 3315 1440 3358 ι
1471 3294 1568 3361 Ad
1613 3305 1738 3360 tra-

143 3383 379 3450 mitem
409 3383 700 3452 eiusdem
731 3384 893 3473 legis
925 3381 1352 3471 dispositionis
1392 3380 1733 3470 generalis,

145 3469 593 3540 confirmando
638 3472 1083 3562 responsiones
1130 3491 1352 3540 omnes
1399 3470 1737 3538 resolutio·

143 3578 398 3645 nesque
445 3561 775 3627 recensitis
823 3559 1033 3629 dubiis
1077 3559 1154 3626 ab
1200 3560 1334 3647 ipsa
1364 3562 1546 3627 Sacra
1574 3561 1737 3626 Con-

145 3647 531 3736 gregatione
576 3648 792 3737 datas:
841 3649 936 3718 de
966 3648 1227 3734 speciali
1275 3647 1469 3735 gratia
1518 3645 1739 3713 annuit

145 3736 552 3804 solummodo
600 3738 807 3823 quoad
856 3735 1331 3827 ampliationem
1375 3734 1739 3824 privilegio-

149 3840 302 3890 rum
359 3824 917 3926 Archipresbyteri
977 3825 1345 3894 Primatialis
1398 3836 1463 3891 et
1510 3827 1741 3891 Metro·

149 3912 476 4013 politanae
518 3914 841 3982 Ecclesiae
871 3914 1145 3998 Pisanae,
1178 3924 1436 4003 praeter
1467 3912 1532 3979 id
1566 3909 1740 3997 quod

153 4020 280 4068 iam
327 4021 362 4066 a
405 4022 461 4068 s.
510 4021 600 4069 m.
650 4003 991 4071 Clemente
1043 4006 1201 4088 Papa
1246 4006 1356 4071 ΧΠ
1399 4002 1743 4089 Archipre-

152 4089 432 4178 sbyteris
474 4090 798 4159 indultum
847 4101 989 4175 est:
1040 4090 1344 4159 nimirum
1388 4101 1460 4157 ut
1507 4088 1744 4177 ipsein

156 4177 603 4246 ecclesiasticis
649 4179 1081 4248 functionibus
1125 4179 1219 4247 uti
1273 4179 1501 4246 deince
1551 4199 1580 4244 s
1639 4197 1744 4244 va-

155 4267 283 4334 leat
329 4266 682 4334 faldistorio
725 4267 867 4334 sine
912 4267 1115 4353 gradu
1149 4267 1382 4353 aliquo,
1431 4286 1501 4333 se
1596 4284 1760 4333 cum-

156 4356 296 4422 solo
343 4364 559 4442 tapete
605 4375 720 4422 seu
764 4365 963 4424 strato
993 4374 1189 4443 super
1219 4353 1604 4442 Presbyterii
1637 4373 1746 4442 pa-

157 4442 567 4524 vimentum3
617 4443 928 4511 concessit
973 4444 1237 4543 insuper
1281 4443 1377 4509 illi
1416 4461 1603 4510 nsum
1634 4445 1748 4510 Ca-

156 4531 372 4616 nonis,
420 4530 780 4620 Presbyteri
828 4532 1196 4614 assistentis,
1239 4530 1652 4619 palmatoriae
1686 4539 1750 4596 et

161 4622 392 4689 mitrae
422 4622 931 4706 aarofriqiatac‚
961 4630 1148 4706 atque
1182 4630 1253 4687 ut
1285 4621 1350 4689 in
1371 4621 1503 4690 fine
1532 4620 1750 4688 Missae

163 4709 570 4798 impertiatur
632 4709 863 4774 trinam
911 4708 1478 4777 benedictionem:
1543 4709 1751 4777 vetuit

161 4803 377 4865 tamen
424 4796 789 4864 huiusmodi
822 4795 1228 4885 palmatoriae
1279 4809 1343 4864 et
1373 4798 1598 4864 mitrae
1630 4818 1750 4865 aa·

163 4888 335 4972 rosri
379 4890 555 4952 tatae
597 4902 818 4969 usum,
868 4895 1059 4972 atque
1106 4883 1610 4973 impertitionem
1642 4885 1753 4952 tri-

162 4994 282 5042 nae
387 4972 849 5059 enedictionis,
920 4973 1364 5062 praesentibus
1424 4973 1753 5063 Archiepi-

163 5081 356 5151 scopo
428 5062 537 5129 vel
603 5061 851 5129 Nuncio
912 5061 1274 5149 Apostolico
1326 5065 1432 5130 vel
1495 5065 1756 5132 Sanctae

164 5155 484 5219 Romanae
536 5150 863 5218 Ecclesiae
911 5149 1226 5219 cardinali
1279 5152 1387 5218 vel
1439 5154 1677 5241 Legato
1726 5173 1759 5220 a

163 5243 418 5307 Latere.
482 5242 645 5306 Haec
715 5239 908 5307 vetita
971 5237 1097 5305 sint
1155 5239 1754 5329 Archipresbytero,

167 5328 282 5398 nisi
351 5328 635 5398 adhibita
705 5347 930 5397 eorum
998 5326 1222 5419 venia:
1293 5328 1459 5395 sicut
1528 5339 1594 5396 et
1661 5351 1758 5398 sa·

1822 382 2048 451 lutatio
2108 385 2332 474 populi
2393 389 2538 453 Pam
2598 387 2801 469 vobi-³,
2865 405 3147 474 ususque
3207 387 3416 458 baculi

1823 474 2175 559 pastoralis.
2227 478 2295 540 ln
2338 474 2511 542 hisce
2570 473 2866 541 omnibus
2920 474 3416 565 privilegiorum

1824 560 2340 647 ampliationibus
2387 561 2614 629 eadem
2659 563 2964 630 Sanctitas
3012 567 3137 632 Sua
3198 566 3416 653 legem

1824 647 2078 733 adiecit,
2114 660 2186 716 ut
2215 660 2556 737 antequam
2604 650 2834 718 iisdem
2881 650 3417 741 Archipresbyter

1825 736 2082 803 Pisanus
2103 738 2409 825 potiatur,
2436 739 2734 827 expediri
2759 739 2940 806 faciat
2963 740 3231 807 Litteras
3255 746 3307 807 A
3356 763 3418 809 o-

1827 823 2081 891 stolicas
2113 827 2175 893 in
2208 826 2410 893 forma
2436 826 2654 895 Brevis
2684 826 2750 893 in
2779 826 3091 895 similibus
3121 847 3290 917 expe
3341 830 3418 897 iri

1826 911 2040 978 solitas
2071 936 2135 979 ».
2186 914 2528 981 Contrariis
2563 933 2691 981 non
2723 914 3113 983 obstantibus
3156 916 3415 1003 quibus-

1828 1019 2135 1090 cumque.
2182 1001 2296 1068 Die
2351 1007 2429 1070 12
2475 1003 2846 1071 Decembris
2897 1008 3090 1073 1832.

1832 1142 2097 1211 2698.
2398 1114 2838 1210 mruNTmA.

3185 1145 3413 1234 (4697)

1958 1265 2243 1332 Vicarius
2288 1264 2661 1352 Capitularis
2707 1265 3068 1335 Bituntinae
3098 1267 3417 1336 Dioecesis

1830 1352 2158 1421 humiliter
2204 1372 2404 1441 penes
2442 1356 2509 1421 S.
2543 1356 2618 1420 R.
2655 1357 2730 1421 C.
2765 1355 3031 1443 exponit
3076 1356 3151 1424 ab
3194 1357 3417 1425 imme·

1829 1441 2122 1509 morabili
2165 1441 2231 1508 in
2276 1440 2635 1529 supradicta
2674 1443 2964 1510 Dioecesi
3010 1445 3417 1513 consuetudi-

1829 1548 1979 1597 nem
2028 1529 2395 1614 inolevisse,
2439 1530 2635 1616 quod,
2687 1530 2750 1597 in
2798 1540 2940 1597 actu
2986 1530 3414 1601 benedicendi

1829 1618 2147 1705 populum
2195 1636 2340 1684 cum
2386 1617 2791 1685 Sanctissimo
2836 1620 3271 1686 Eucharistiae
3318 1625 3420 1689 Sa-

1831 1714 2183 1790 cramento,
2204 1724 2590 1793 organorum
2609 1707 2847 1792 sonitu,
2865 1716 3159 1774 cantetur
3175 1722 3244 1775 r.
3261 1710 3420 1777 Psal-

1830 1794 1918 1860 mi
1948 1799 2168 1863 LXVI:
2221 1796 2570 1862 Benedicat
2599 1815 2712 1860 noa
2747 1798 2937 1877 Deua,
2977 1798 3145 1862 Deua
3176 1809 3412 1881 nostor,

1826 1883 2153 1950 benedicat
2199 1902 2310 1948 noa
2358 1885 2552 1965 Deus,
2601 1893 2662 1949 et
2708 1894 3005 1951 metuant
3033 1904 3178 1951 eum
3212 1905 3419 1953 omncs

1827 1973 1982 2058 finos
2014 1983 2246 2039 terrac.
2297 1971 2589 2050 Quamvis
2637 1971 2791 2038 haec
2839 1966 3053 2059 pra'xis
3099 1974 3176 2041 ad
3224 1975 3422 2041 maxi·

1832 2077 2000 2126 mam
2060 2058 2287 2147 populi
2345 2058 2761 2126 devotionem
2822 2060 3161 2128 fovendam
3222 2061 3422 2130 inser-

1834 2146 1997 2233 viat,
2077 2148 2371 2234 Magister
2447 2157 2661 2214 tamen
2727 2149 3285 2217 Caeremoniarum
3356 2151 3421 2218 id

1835 2254 1972 2302 esse
2027 2246 2243 2303 contra
2297 2253 2535 2302 sacram
2594 2235 2919 2321 liturgiam
2975 2237 3284 2319 sustinet;
3332 2250 3419 2305 at-

1836 2343 1961 2409 que
2009 2324 2158 2399 ideo
2204 2333 2418 2390 orator
2463 2327 2711 2392 Sacram
2749 2323 3013 2392 Rituum
3058 2327 3421 2413 congrega-

1835 2411 2075 2479 tionem
2123 2423 2330 2500 rogat,
2377 2423 2449 2479 ut
2492 2413 2812 2499 antiquam
2861 2412 3109 2501 praxim
3154 2414 3420 2498 permit-

1837 2511 1978 2567 tere
2026 2502 2353 2587 dignetur.

1964 2593 2046 2655 Et
2093 2593 2278 2658 Sacra
2326 2589 2551 2656 eadem
2586 2589 3040 2677 Congregatio,
3072 2590 3149 2658 ad
3181 2589 3422 2658 Vatica-

1836 2695 1991 2744 num
2036 2678 2157 2745 sub
2204 2677 2597 2765 infrascripta
2629 2676 2736 2743 die
2770 2677 2833 2743 in
2861 2676 3189 2745 ordinario
3219 2681 3421 2746 coetu

1836 2765 2182 2832 coadunata
2206 2814 2223 2848 ,
2292 2765 2619 2832 referente
2685 2769 2759 2832 R.
2808 2769 2880 2832 P.
2930 2770 3005 2832 D.
3068 2765 3422 2835 Secretario

1834 2874 1904 2920 ac
1959 2872 2032 2919 re
2094 2864 2339 2921 mature
2403 2853 2835 2937 considerata,
2900 2854 3423 2942 respondendum

1838 2942 2132 3010 censuit:
2194 2962 2234 3007 ‹
2266 2944 2575 3010 Servetur
2633 2945 2977 3010 Decretum
3030 2942 3096 3010 in
3158 2946 3423 3033 Caputa-

1835 3049 2038 3117 quen.
2079 3030 2208 3099 diei
2239 3035 2280 3098 9
2311 3028 2635 3098 Februarii
2687 3034 2892 3098 1762:
2938 3033 3231 3118 permitti
3263 3052 3424 3100 vero

1836 3129 2049 3206 potest
2077 3130 2150 3185 ut
2181 3129 2473 3186 cantetur
2502 3132 2571 3186 v.
2596 3119 2941 3186 Benedicat
2972 3139 3083 3185 noa
3108 3123 3275 3187 Deua
3296 3130 3418 3187 etc.

1839 3207 2207 3276 immediate
2238 3217 2381 3296 post
2412 3206 2957 3291 benedictionem,
2985 3207 3159 3274 iuxta
3190 3213 3424 3275 lnstru-

1841 3296 2119 3367 ctionem
2151 3295 2502 3365 Innocentii
2532 3298 2641 3361 XII
2684 3314 2720 3359 a
2764 3294 3104 3364 Clemente
3132 3300 3241 3364 xn
3273 3314 3421 3363 con·

1840 3384 2153 3453 firmatam
2201 3384 2267 3451 in
2313 3383 2636 3450 delatione
2685 3382 2907 3450 Viatici
2941 3379 3029 3449 »Σ
3071 3385 3279 3471 Atque
3342 3383 3426 3450 ita

1839 3472 2190 3560 rescripsit.
2242 3471 2355 3538 Die
2408 3475 2486 3544 16
2532 3470 2732 3540 Martii
2785 3475 2979 3538 1833.

1843 3647 2110 3717 2699.
2276 3648 2653 3717 ClVlTATIS
2698 3649 2993 3715 PLEBIS.
3193 3648 3421 3738 (4690)

1972 3824 2161 3912 Apud
2185 3824 2547 3912 Capitulum
2572 3824 2952 3892 cathedrale
2981 3823 3265 3892 Civitatis
3295 3824 3430 3893 Ple·

1845 3914 1940 3981 bis
2020 3911 2266 3980 luribus
2295 3912 2524 3980 abhinc
2553 3914 2729 3980 annis
2762 3932 2913 3980 usus
2943 3913 3210 3982 invaluit
3242 3914 3429 3980 omit-

1844 4013 1952 4069 ten
2003 4003 2025 4069 i
2093 4001 2534 4069 recitationem
2596 4005 2906 4068 Horarum
2968 4001 3426 4070 Canonicarum

1846 4095 2077 4160 Sextae
2148 4100 2213 4155 et
2278 4092 2491 4157 Nonae
2550 4108 2710 4157 voce
2778 4088 3016 4156 chorali
3080 4099 3223 4176 post
3288 4090 3431 4157 Mis-

1845 4197 1976 4246 sam
2030 4179 2569 4262 conventualem,
2598 4196 2868 4262 reasque
2920 4176 3228 4244 recitandi
3281 4177 3430 4246 sub-

1847 4267 2036 4336 missa
2080 4285 2237 4333 voce
2284 4275 2578 4353 tempore
2627 4265 2917 4333 eiusdem
2954 4263 3198 4349 Elissae,
3231 4266 3431 4333 varias

1849 4355 1931 4423 ob
1978 4374 2216 4438 causas,
2263 4354 2613 4422 nimirum:
2669 4359 2726 4421 1.
2762 4353 3017 4440 quando
3078 4353 3430 4441 Episcopus

1895 4442 2299 4510 ontificaliter
2345 4441 2630 4510 celebrat
2674 4444 2781 4510 vel
2828 4441 2894 4509 in
2955 4441 3124 4509 Sede
3179 4441 3432 4529 pontili-

1896 4531 2012 4597 cali
2074 4531 2293 4598 Missae
2352 4530 2635 4599 Solemni
2702 4529 2996 4598 adsistit:
3061 4533 3128 4597 Ξ.
3176 4530 3432 4615 quando

1847 4619 2240 4708 protrahitur
2284 4619 2616 4692 servitium
2649 4616 2841 4687 chori
2888 4617 2969 4684 ob
3013 4617 3436 4708 prolixiorem

1851 4707 2130 4791 Missam,
2193 4707 2325 4774 sive
2392 4705 2475 4773 ob
2539 4704 3098 4774 extraordinariam
3161 4705 3437 4792 aliquam

1853 4796 2297 4865 functionem:
2371 4799 2435 4863 3.
2501 4792 2898 4881 temporibus
2961 4796 3295 4864 Adventus
3373 4804 3441 4862 et

1850 4883 2400 4970 Quadragesimae,
2435 4881 2676 4950 ratione
2713 4881 3058 4951 concionis.
3103 4881 3443 4962 Quaeritur

1858 4993 1930 5041 er
1978 4992 2053 5039 o:

1933 4989 1972 5060 8
1995 5066 2060 5129 1.
2090 5062 2193 5128 An
2218 5058 2583 5129 huiusmodi
2614 5078 2769 5127 usus
2798 5058 3004 5126 valeat
3032 5056 3386 5128 continuari
3409 5053 3445 5124 ¹?

1862 5160 1928 5217 et
1971 5159 2285 5236 quatenus
2329 5148 2657 5236 negative,

1991 5242 2061 5306 2.
2106 5241 2204 5305 An
2250 5238 2454 5305 valeat
2503 5237 2857 5306 continuari
2903 5237 2987 5304 de
3033 5237 3293 5305 licentia
3337 5238 3447 5305 Ar-

1865 5327 2215 5397 chidiaconi
2260 5329 2392 5413 vel,
2440 5326 2554 5396 illo
2600 5328 2889 5413 absente,
2920 5327 3005 5396 de
3051 5326 3310 5397 licentia
3337 5345 3444 5395 au-
