4042 5950
1457 351 1470 360 ,
1548 296 1652 311 -
1704 251 1851 330 411
1917 294 2019 346 r-

139 411 214 477 sit
261 410 529 476 materia
574 410 722 477 satis
767 419 908 497 apta
955 409 1414 495 benedictioni,
1448 409 1582 475 sive
1614 407 1726 474 ali·

138 498 289 585 qnid
349 499 558 565 obstet
617 499 960 584 quominus
1025 503 1376 598 Campanae
1437 516 1518 563 ex
1577 497 1724 564 cba-

140 586 281 675 lybe
331 588 509 654 fusae
556 586 846 655 benedici
895 587 1136 676 possint
1183 593 1355 653 iuxta
1418 586 1612 653 ritum
1659 585 1722 651 in

137 675 481 743 Pontificali
529 679 812 760 Romano
859 675 1346 762 praescriptum,
1382 677 1458 742 ab
1498 674 1724 740 eadem

137 767 355 830 Sancta
393 766 559 831 Sede
591 773 1018 853 opportunam
1049 761 1546 831 declarationem
1576 782 1726 849 sup-

137 850 410 939 plicibus
454 852 619 918 votis
666 851 750 920 im
804 851 1054 918 loravit.
1687 855 1700 863 ’

261 943 449 1008 Sacra
496 960 688 1030 porro
791 941 993 1007 itunm
1026 938 1476 1028 congregatio,
1511 939 1576 1006 in
1613 943 1722 1007 Or-

134 1027 393 1095 dinariis
434 1029 720 1095 Comitiis
750 1029 826 1096 ad
862 1029 1228 1095 Vaticanum
1278 1028 1585 1095 hodierna
1619 1026 1722 1094 die

133 1115 503 1203 coadunata,
554 1117 878 1184 referente
925 1115 1284 1203 subscripto
1339 1116 1717 1199 secretario,

134 1203 431 1271 omnibus
477 1216 726 1272 mature
775 1214 840 1271 et
885 1215 1174 1271 accurate
1237 1204 1601 1292 perpensis,
1651 1224 1721 1269 ac

136 1293 453 1377 exquisito
501 1292 689 1359 etiam
737 1303 887 1360 voto
944 1293 1207 1358 alterius
1270 1312 1346 1358 ex
1406 1292 1721 1380 Apostoli-

135 1400 347 1446 carum
417 1381 982 1449 coeremoniarum
1051 1380 1397 1468 Magistris,
1456 1399 1718 1467 respon-

134 1469 419 1536 dendum
471 1469 763 1536 censuit:
814 1491 852 1533 ι
884 1468 1050 1536 Nihil
1100 1468 1347 1535 obstare
1381 1489 1447 1535 ».

261 1557 375 1624 Die
423 1562 462 1624 6
510 1555 829 1625 Februarii
883 1561 1077 1626 1858.

129 1735 399 1804 3068.
495 1738 834 1803 ptumum
879 1738 1378 1805 moscssmm.
1489 1737 1715 1823 (5261)

256 1908 482 1976 Plures
558 1927 764 1998 nuper
841 1907 1237 1977 diversarum
1313 1909 1713 1979 Dioecesinm

131 1997 262 2063 limi
312 1996 670 2081 Antistites,
718 1997 1014 2066 nimirum
1066 2000 1616 2087 compostellanus
1651 2012 1715 2068 et

130 2085 588 2152 Salamantinns
634 2086 696 2153 in
744 2085 1059 2173 Hispania,
1109 2087 1469 2158 Aleniensis
1517 2090 1581 2155 in
1610 2087 1717 2156 Al-

133 2173 307 2240 bania
355 2183 423 2239 et
469 2174 809 2243 meldensis
857 2177 920 2241 in
966 2175 1158 2242 Gallia
1190 2176 1599 2243 attendentes
1631 2177 1714 2242 ri·

130 2279 420 2347 gorosam
468 2262 914 2331 executionem
961 2263 1212 2330 Decreti
1260 2265 1339 2332 ab
1385 2266 1500 2332 hac
1530 2268 1711 2332 Sacra

129 2349 387 2417 Hituum
434 2351 938 2439 congregatione
984 2349 1133 2418 alias
1163 2352 1272 2420 lati
1304 2356 1388 2422 de
1421 2372 1549 2419 nno
1583 2365 1715 2420 tan·

129 2450 261 2504 tum
293 2437 507 2506 Calice
553 2439 913 2508 adhibendo
944 2460 976 2504 a
1010 2440 1458 2509 Sacerdotibus
1497 2442 1717 2529 plures

129 2525 333 2592 Missas
382 2528 462 2594 ob
507 2528 951 2596 necessitatem
988 2528 1210 2617 populi
1246 2529 1452 2598 fidelis
1481 2529 1708 2596 eadem

127 2615 227 2682 die
273 2614 737 2702 celebraturis,
788 2614 1086 2704 gravibus
1146 2617 1492 2685 admodum
1550 2616 1715 2685 diffi-

129 2703 470 2769 cultatibus
514 2704 777 2793 subiici;
827 2723 1029 2793 quum
1077 2706 1388 2773 Sacerdos
1445 2705 1711 2773 alteram

131 2793 373 2858 Missam
419 2811 547 2860 non
594 2795 660 2860 in
717 2793 844 2883 ipsa
907 2793 1226 2878 Ecclesia,
1276 2795 1383 2862 ubi
1443 2794 1710 2881 primam

128 2878 498 2967 celebravit,
546 2882 658 2950 sed
706 2883 771 2949 in
813 2882 934 2948 alia
983 2882 1172 2969 longe
1204 2883 1417 2949 dissita
1460 2882 1715 2971 cogitur

129 2968 388 3036 offerre.
458 2976 722 3061 Insuper
782 2992 938 3039 vero
1000 2971 1406 3038 advertentes
1463 2989 1712 3037 morem

129 3057 284 3124 duos
329 3059 397 3124 in
458 3059 770 3127 eiusmodi
831 3080 977 3127 casu
1042 3058 1384 3128 adhibendi
1441 3059 1708 3143 Calices,

127 3164 249 3212 non
295 3146 492 3213 modo
540 3148 965 3215 universalem
1013 3168 1152 3215 esse
1201 3150 1264 3220 in
1311 3148 1600 3239 Hispania
1646 3159 1712 3216 et

128 3233 341 3318 Gallia,
389 3235 503 3301 sed
554 3235 742 3303 etiam
792 3238 951 3305 adeo
999 3246 1291 3304 veterem
1338 3250 1408 3304 nt
1449 3254 1706 3305 omnem

130 3321 455 3389 hominum
480 3325 855 3391 memoriam
887 3326 1068 3393 facile
1102 3326 1406 3393 excedat:
1441 3327 1515 3393 ad
1552 3326 1714 3394 hanc

129 3412 413 3476 Sanctam
457 3413 508 3479 A
598 3413 885 3481 stolicam
934 3416 1170 3482 Sedem
1217 3433 1335 3502 pro
1386 3414 1709 3482 modifica-

130 3496 310 3564 tione·
344 3432 605 3586 praatgfi
655 3503 906 3569 Decreti
955 3514 1257 3589 certaque
1314 3502 1709 3590 impetranda

128 3588 375 3671 regula,
423 3607 610 3674 quam
661 3600 796 3657 tuto
843 3592 1026 3677 sequi
1076 3591 1352 3680 possint,
1402 3589 1712 3677 confuge·

132 3685 298 3742 runt.
1355 3688 1360 3695 ’

250 3766 334 3832 Ut
401 3765 753 3834 oblatarum
822 3768 935 3834 hac
995 3769 1077 3836 de
1137 3789 1212 3834 re
1272 3791 1302 3834 a
1365 3767 1710 3857 praedictis

127 3851 468 3919 Antistibus
514 3873 784 3941 precum
845 3855 1056 3924 debita
1120 3855 1277 3923 ratio
1333 3857 1706 3940 haberetur,

126 3937 249 4005 dno
297 3941 457 4007 haec
504 3944 868 4011 concinnata
927 3955 1075 4011 sunt
1135 3946 1365 4030 dubia,
1414 3944 1706 4011 scilicet:

167 4113 179 4125 ²
251 4034 297 4095 Ι.
350 4032 446 4096 An
495 4030 873 4111 retinendus
927 4032 1007 4099 sit
1067 4053 1255 4118 usus,
1305 4034 1413 4121 qui
1474 4032 1711 4100 dicitur

127 4134 341 4203 vigere
389 4117 452 4184 in
497 4119 902 4188 Dioecesibus
949 4123 1453 4209 compostellana
1504 4132 1569 4187 et
1602 4125 1705 4187 Sa·

128 4201 483 4299 lamantina,
534 4226 652 4273 nec
699 4226 823 4275 non
873 4208 937 4276 in
984 4210 1268 4277 Dioecesi
1305 4210 1609 4277 meldensi
1646 4221 1709 4276 et

127 4311 185 4357 in
214 4292 351 4359 aliis
381 4295 632 4363 Gallicis
661 4296 1093 4382 Dioecesibus,
1132 4312 1194 4364 et
1230 4299 1417 4366 etiam
1449 4298 1532 4363 sit
1563 4316 1707 4383 per·

129 4380 470 4449 mittendus
502 4384 688 4463 alibi3
724 4385 1062 4454 adhibendi
1106 4387 1353 4453 scilicet
1386 4386 1466 4452 ob
1511 4405 1706 4473 pecu·

130 4465 303 4536 liares
352 4474 626 4540 rationes
672 4474 834 4540 duos
882 4474 1121 4543 Calices
1166 4494 1368 4561 quum
1400 4471 1708 4544 Sacerdos

126 4554 271 4622 duas
319 4560 604 4628 celebrat
650 4563 862 4628 Missas
909 4564 1129 4631 eadem
1171 4564 1278 4629 die
1313 4564 1376 4629 in
1409 4561 1708 4630 Ecclesiis

129 4642 310 4733 longe
357 4646 645 4716 dissitis?

249 4739 322 4801 ΙΙ.
374 4741 454 4803 Et
499 4748 812 4824 quatenus
871 4741 952 4806 ob
1019 4740 1376 4827 peculiares
1431 4740 1704 4806 circum·

124 4825 370 4889 stantias
419 4824 779 4893 huiusmodi
831 4848 981 4894 usus
1029 4828 1405 4894 retinendus
1452 4828 1534 4893 sit
1599 4830 1702 4893 vel

131 4913 622 5007 permittendus3
651 4914 954 5002 quidnam
987 4916 1368 4983 servandum
1398 4918 1562 4984 circa
1589 4936 1708 5019 pu-

128 4995 534 5068 rificationem
633 5005 770 5068 rimi
812 5004 1061 5090 Calicis,
1101 5014 1169 5071 ut
1201 5016 1266 5070 et
1298 5015 1702 5072 reverentiae

126 5085 518 5184 Sacramento
614 5092 822 5159 ebitae
871 5093 1260 5176 consulatur,
1300 5105 1364 5160 et
1393 5092 1705 5162 Sacerdos

129 5190 366 5273 ieiunus
414 5189 664 5245 maneat
709 5198 827 5266 pro
887 5182 1168 5249 secunda
1231 5181 1446 5250 Missa:
1497 5180 1704 5250 habita

128 5273 361 5353 ratione
408 5267 830 5355 peculiarium
862 5268 1507 5356 circumstantiarum,
1540 5290 1706 5357 quae

130 5365 185 5411 m
223 5355 494 5442 supplici
545 5354 765 5422 libello
814 5355 1280 5445 exponuntur?

1959 414 2242 476 lamvero
2302 427 2502 495 quum
2562 406 2753 477 dubia
2799 406 3038 474 isthaec
3106 410 3300 473 Emus
3351 417 3414 473 et

1827 495 2020 566 R‘mns
2043 497 2341 565 Dominus
2354 495 2701 565 Cardinalis
2720 494 2968 564 Gabriel
2997 495 3171 562 Delia
3196 497 3331 562 Gen
3379 516 3412 560 a

1828 587 2160 654 Sermattei
2212 585 2638 675 expendenda
2681 583 3092 672 proposuerit
3138 582 3202 650 in
3234 587 3317 651 Or
3366 583 3414 648 i·

1827 674 2014 741 nariis
2060 677 2285 743 Sacrae
2330 673 2587 742 Hitunm
2636 671 3161 762 Congregationis
3208 670 3417 739 Comi-

1831 762 1929 829 tiis
1975 781 2138 829 anno
2184 761 2500 849 superiori
2551 764 2717 829 1857
2761 761 2871 827 die
2907 764 2985 828 12
3018 759 3415 847 Septembris

1825 851 1901 918 ad
1950 851 2321 919 Vaticanum
2368 849 2636 927 babitis;
2686 847 2822 916 Emi
2874 859 2950 917 et·
2997 848 3137 917 Rmi
3200 852 3415 915 Patres

1825 939 2015 1007 sacris
2064 937 2319 1007 tuendis
2376 937 2623 1006 Ritibus
2681 937 3068 1027 praepositi,
3118 935 3416 1004 omnibns

1825 1038 2075 1095 mature
2230 1024 2515 1115 rpensis‚
2588 1024 2924 1127 habitaque
2997 1043 3147 1112 prae
3215 1024 3416 1092 oculis

1822 1115 2009 1184 docta
2044 1125 2108 1182 et
2161 1114 2445 1182 aboriosa
2478 1115 2991 1194 elucubratione,
3018 1130 3207 1201 quam
3240 1116 3314 1179 H.
3334 1117 3409 1179 D.

1825 1210 2088 1272 loannes
2111 1207 2380 1271 Corazza
2410 1203 2574 1270 alter
2604 1221 2683 1268 ex
2719 1201 3223 1289 Apostolicarnm
3258 1203 3411 1269 Cae-

1825 1293 2254 1360 remoniarum
2302 1290 2612 1380 Magistris
2645 1291 2727 1358 de
2757 1311 2871 1357 suo
2904 1300 3052 1358 voto
3098 1300 3278 1357 antea
3310 1308 3410 1354 re-

1824 1380 2095 1467 quisitus
2143 1380 2425 1467 desuper
2458 1378 2845 1462 confecerat,
2880 1376 3407 1466 respondendum

1825 1478 2266 1535 censueruntz

1956 1556 2054 1623 Ad
2101 1561 2148 1622 1.
2199 1577 2237 1620 ‹
2270 1560 2466 1626 Usum
2507 1556 2788 1625 duorum
2835 1537 3121 1624 Calicum
3167 1554 3233 1622 in
3264 1573 3412 1620 casu

1825 1663 2009 1734 posse
2058 1643 2442 1731 permitti».

1955 1732 2052 1799 Ad
2103 1736 2175 1800 11.
2228 1754 2267 1798 α
2300 1736 2398 1804 Ad
2446 1740 2767 1802 Mentem:
2819 1736 2993 1800 Mens
3032 1741 3230 1799 estut
3262 1751 3410 1798 con-

1824 1820 2072 1889 ficiatur
2121 1822 2456 1890 instructio
2490 1843 2556 1888 ».

1950 1908 2280 1977 Eiusmodi
2348 1922 2564 1978 autem
2631 1909 3008 1995 Instructio,
3072 1928 3263 1996 qnam
3334 1907 3412 1976 ad

1824 2010 2109 2065 mentem
2173 2008 2239 2064 et
2298 2018 2380 2065 ex
2436 1999 2730 2067 mandato
2775 2001 3001 2066 Sacrae
3049 2001 3412 2086 Congrega-

1823 2085 2009 2152 tionis
2058 2086 2231 2153 idem
2280 2091 2475 2155 Emus
2523 2097 2588 2154 et
2625 2091 2821 2154 Rmus
2852 2085 3201 2155 Cardinalis
3231 2086 3412 2153 Della

1818 2178 2033 2260 Genga
2081 2175 2420 2242 Sermattei
2467 2195 2589 2243 una
2637 2193 2782 2241 cum
2831 2178 2903 2241 tt.
2942 2179 3010 2243 P.
3045 2178 3120 2241 D.
3156 2173 3414 2242 Andrea

1817 2262 2007 2352 Maria
2050 2263 2311 2331 li'rattini
2359 2266 2622 2331 Sanctae
2670 2262 2848 2330 Fidei
2896 2266 3272 2330 Promotore
3318 2261 3413 2330 di·

1818 2351 2042 2438 gessit,
2094 2362 2190 2418 est
2234 2362 2429 2439 prout
2472 2351 2812 2439 sequitur:

1948 2460 1987 2504 α
2019 2440 2280 2518 Quando
2327 2441 2636 2509 Sacerdos
2684 2440 2909 2507 eadem
2940 2439 3050 2508 die
3081 2439 3239 2506 duas
3269 2437 3412 2507 His·

1817 2539 1912 2594 sas
1945 2527 2183 2595 dissitis
2213 2525 2278 2595 in
2311 2528 2468 2596 locis
2501 2528 2828 2596 celebrare
2851 2528 3076 2613 debet,
3111 2526 3176 2593 in
3206 2526 3411 2614 prima

1820 2617 1975 2684 dum
2022 2615 2319 2683 Divinum
2369 2616 2754 2704 Sanguinem
2802 2616 3022 2700 sumit,
3073 2634 3223 2682 eum
3268 2613 3413 2682 dili-

1817 2704 2190 2797 gentissime
2235 2704 2509 2772 sorbeat.
2562 2704 2813 2773 Exinde
2855 2726 3055 2794 super
3083 2703 3410 2792 Corporali

1817 2805 2011 2881 ponat
2059 2792 2336 2861 Calicem
2383 2805 2448 2859 et
2480 2794 2645 2879 palla
2680 2804 2878 2882 tegat,
2914 2814 2984 2859 ac
3018 2793 3250 2859 iunctis
3282 2810 3411 2860 ma·

1817 2880 2002 2948 nibus
2049 2881 2112 2947 in
2160 2882 2374 2948 medio
2408 2882 2600 2948 Altari
2635 2882 2842 2950 dicat:
2898 2883 3072 2960 Quod
3104 2900 3208 2948 ore
3235 2899 3412 2947 sum-

1811 2975 2100 3057 mimus,-
2147 2982 2213 3036 et
2257 2969 2529 3039 subinde
2590 2970 2848 3038 admoto
2908 2991 3107 3058 aquae
3152 2969 3411 3038 vasculo

1816 3060 2053 3148 digitos
2100 3059 2270 3125 lavet
2315 3060 2580 3127 dicens:
2634 3062 2878 3145 corpus
2926 3070 3117 3127 tuum
3166 3068 3230 3125 et
3275 3058 3413 3125 abs-

1816 3154 2047 3234 tergat.
2100 3147 2284 3214 Hisce
2331 3148 2607 3234 peractis
2652 3146 2930 3215 Calicem
2992 3166 3191 3236 super
3254 3151 3411 3215 Cor-

1818 3236 2014 3325 porali
2067 3245 2430 3303 manentem
2477 3235 2708 3314 adhuc,
2758 3236 3031 3304 deducta
3076 3235 3272 3323 palla,
3304 3254 3409 3303 co-

1815 3327 2064 3414 operiet
2109 3344 2231 3392 ceu
2284 3324 2476 3390 moris
2524 3333 2645 3406 est,
2678 3324 2924 3390 scilicet
2971 3324 3250 3412 primum
3293 3342 3410 3410 pu·

1816 3412 2154 3482 riflcatorio
2204 3413 2430 3496 linteo,
2480 3411 2724 3479 deinde
2766 3422 2997 3513 patena
3042 3432 3112 3478 ac
3142 3412 3308 3498 palla
3345 3422 3410 3479 et

1814 3503 2079 3570 demum
2121 3502 2292 3567 velo.
2343 3504 2486 3567 Post
2519 3502 2673 3568 haec
2705 3503 2950 3568 Missam
2983 3510 3411 3590 prosequatur

1815 3601 1906 3675 et;
1957 3590 2283 3679 completo
2330 3588 2559 3673 ultimo
2606 3589 2983 3677 Evangelio,
3020 3608 3236 3657 rursus
3282 3596 3411 3655 stet

1816 3681 1878 3744 in
1924 3680 2138 3746 medio
2185 3677 2439 3762 Altaris,
2476 3690 2539 3745 et
2571 3679 2830 3747 detecto
2862 3678 3076 3747 Calice
3119 3677 3410 3764 inspiciat

1811 3787 1889 3833 an
1934 3766 2173 3854 aliquid
2223 3765 2427 3834 Divini
2477 3766 2814 3855 Sanguinis
2845 3784 3053 3835 necne
3086 3766 3158 3832 ad
3204 3766 3405 3834 imum

1812 3877 1886 3923 se
1941 3856 2307 3943 receperit,
2365 3857 2538 3942 quod
2610 3856 2997 3945 plerumque
3067 3854 3407 3943 contingit.

1810 3944 2106 4023 Quamvis
2171 3946 2342 4012 enim
2402 3964 2613 4012 sacrae
2671 3944 2920 4030 species
2983 3942 3263 4031 primum
3308 3963 3410 4011 se-

1815 4033 1970 4100 dulo
2015 4044 2272 4120 sorptae
2329 4032 2495 4118 sint,
2549 4045 2757 4100 tamen
2821 4033 2978 4101 dum
3035 4042 3404 4119 sumuntur,

1813 4139 2013 4206 quum
2063 4120 2415 4208 particulae
2463 4141 2625 4208 quae
2673 4121 2915 4189 circum
2960 4130 3151 4203 sunt,
3200 4120 3409 4188 unde·

1812 4212 2067 4297 quaque
2112 4228 2363 4277 sursum
2426 4210 2842 4294 deferantur,
2894 4208 3142 4276 nonnisi
3204 4208 3411 4297 depo·

1813 4299 1933 4365 sito
1980 4299 2216 4383 Calice,
2251 4298 2327 4365 ad
2362 4298 2561 4365 imum
2610 4299 2919 4366 redeunt.
2959 4298 3021 4364 Si
3054 4296 3272 4383 itaque
3302 4296 3400 4364 Di·

1811 4388 1938 4453 vini
1989 4385 2324 4473 Sanguinis
2371 4398 2550 4476 gutta
2599 4387 2915 4472 quaedam.
2956 4386 3236 4474 supersit
3296 4386 3406 4454 ad·

1808 4477 1961 4559 buc,
2013 4494 2087 4541 ea
2133 4494 2354 4542 rursus
2414 4496 2483 4541 ac
2548 4474 2894 4562 diligenter
2957 4474 3296 4541 sorbeatur
3341 4486 3408 4541 et

1812 4563 2076 4650 quidem
2112 4582 2193 4629 ex
2226 4563 2451 4631 eadem
2483 4561 2706 4632 Calicis
2754 4573 2933 4651 parte
2982 4581 3104 4649 qua
3140 4562 3250 4628 ille
3286 4564 3407 4652 pri·

1814 4670 1989 4719 mum
2039 4662 2136 4718 est
2179 4664 2497 4737 sumptus.
2558 4651 2734 4730 Quod
2798 4650 3157 4718 nullimode
3218 4651 3403 4718 omit·

1810 4741 2086 4808 tendum
2118 4750 2239 4822 est,
2266 4740 2410 4826 quia
2436 4738 2829 4808 Sacrificium
2863 4738 3189 4807 moraliter
3216 4741 3405 4808 durat

1813 4841 1877 4894 et
1906 4827 2470 4916 superextantibus
2516 4828 2725 4895 adhuc
2760 4828 2889 4895 vini
2920 4825 3289 4915 speciebus,
3323 4848 3405 4895 ex

1810 4914 2028 4983 divino
2076 4926 2422 5002 praecepto
2471 4915 2781 5003 compleri
2832 4915 3030 4983 debet
3064 4936 3124 4981 ».

1942 5026 1979 5068 α
2016 5004 2427 5070 Postmodum
2462 5005 2768 5072 Sacerdos
2802 5005 2865 5070 in
2892 5005 3096 5090 ipsum
3122 5004 3401 5071 Calicem

1811 5103 2053 5158 tantum
2101 5091 2327 5158 saltem
2373 5111 2571 5178 aquae
2618 5091 2838 5159 fundat
2885 5103 3191 5179 qnantum
3230 5092 3405 5181 prius

1807 5180 1936 5246 vini
1985 5192 2308 5270 posuerat,
2360 5199 2629 5268 eamque
2679 5179 3149 5266 circumactam,
3185 5200 3267 5247 ex
3302 5201 3404 5247 ea-

1807 5269 1959 5337 dem
2005 5277 2188 5356 parte
2235 5287 2357 5356 qua
2405 5271 2668 5337 Sacrum
2717 5269 3105 5356 Sanguinem
3155 5268 3400 5338 biberat

1809 5357 1873 5424 in
1916 5368 2206 5445 paratum
2254 5375 2361 5424 vas
2405 5355 2726 5424 demittat.
2799 5358 3076 5427 Calicem
3121 5357 3393 5428 subinde
