4042 5950
66 5263 69 5384 ψ

1588 276 1849 354 ...2p5
1899 316 2004 334 ...

217 432 391 518 giatae
433 435 495 499 S.
543 432 1007 499 Bartholomaei
1053 433 1207 500 dicti
1252 433 1509 521 Oppidi,
1558 452 1754 520 expo-

218 520 426 602 nendo,
472 521 641 605 quod
675 520 845 587 idem
881 521 1271 606 Magistratus
1308 533 1600 606 tempore
1629 521 1759 586 Ad·

217 617 418 681 ventus
474 619 538 674 et
597 608 1117 694 Quadragesimae
1141 657 1177 693 ,a
1220 608 1548 674 occasione
1607 627 1759 674 con·

215 694 465 778 cionum,
497 696 812 761 decenter
853 696 1086 763 sedens
1133 696 1198 762 in
1229 695 1499 761 scamnis
1530 696 1595 761 in
1625 714 1759 761 me-

215 782 303 849 dio
342 782 653 869 praefatae
700 782 1048 867 Ecclesiae,
1081 794 1227 850 ante
1257 782 1602 849 canonicos
1648 783 1758 869 qui

216 870 269 933 in
307 868 611 937 subselliis
652 871 841 937 chori
873 881 1019 957 post
1048 871 1259 936 Altare
1306 870 1505 937 maius
1560 870 1758 936 inter·

215 966 367 1022 erant
391 1005 408 1038 ,
465 958 908 1024 salutationem
968 959 1409 1026 concionatore
1469 957 1757 1045 recipere

214 1045 536 1126 consuevit,
584 1047 700 1113 sed
746 1048 1180 1145 postmodum,
1235 1047 1456 1131 vigore
1503 1045 1755 1111 Decreti

213 1132 266 1196 iu
291 1131 558 1198 concilio
590 1134 961 1200 Provinciali
1007 1153 1168 1200 anno
1213 1138 1379 1200 1726
1411 1131 1754 1215 celebrato,

213 1219 561 1286 constructis
622 1242 655 1288 a
716 1221 888 1287 dicto
933 1221 1224 1310 capitulo
1268 1220 1536 1289 scamnis
1584 1231 1649 1286 et
1694 1221 1757 1285 in

211 1306 398 1372 medio
429 1307 754 1375 Ecclesiae
800 1309 1126 1395 appositis,
1176 1308 1600 1395 praepositus,
1647 1311 1759 1375 Ca-

212 1395 391 1460 nonici
435 1395 769 1481 ceterique
813 1396 1200 1483 capitulares
1240 1396 1303 1462 in
1350 1396 1475 1462 illis
1503 1398 1755 1478 sedent,

214 1491 341 1547 tunc
382 1483 671 1549 salutatio
732 1484 837 1550 illa
894 1484 1174 1572 praefato
1233 1487 1313 1550 Ca
1365 1484 1561 1566 itulo,
1624 1484 1761 1570 ipso

211 1569 543 1655 llagistratu
579 1582 1122 1657 controvertente,
1172 1572 1322 1636 exhi
1409 1572 1465 1636 ri
1512 1572 1755 1658 caepit:

212 1657 585 1743 deductaque
632 1658 709 1725 ad
758 1664 825 1727 S.
859 1663 933 1725 R.
969 1662 1040 1726 c.
1091 1659 1454 1726 huiusmodi
1505 1672 1757 1725 contro-

213 1745 409 1828 versia,
455 1738 654 1812 Emtis
702 1757 767 1812 et
808 1751 1004 1814 Rmus
1048 1752 1232 1814 Dom.
1281 1748 1466 1813 Gard.
1516 1750 1579 1813 S.
1616 1748 1757 1813 Cle-

213 1832 415 1898 mentis
469 1832 944 1920 infrascriptum
1003 1833 1270 1901 dubium
1329 1834 1509 1900 inter·
1550 1845 1757 1921 partes

214 1921 634 1988 concordatum
680 1922 952 2008 proponi
999 1922 1353 1989 mandavit:

215 2092 226 2105 .
316 2011 405 2074 An
446 2020 513 2161 ξι
565 2008 664 2076 cui
692 2007 1005 2075 debeatur
1034 2011 1243 2097 primo
1275 2011 1416 2076 loco
1458 2009 1751 2076 salutatio

214 2114 264 2161 tn
303 2114 435 2162 casu

321 2187 392 2248 Et
435 2186 499 2250 S.
539 2188 615 2251 R.
651 2188 754 2267 c.,
802 2185 881 2252 ad
930 2185 1305 2254 relationem
1352 2204 1470 2272 per
1512 2204 1616 2253 me
1648 2189 1759 2252 Se-

213 2270 549 2355 cretarium,
585 2273 726 2338 vice
760 2281 825 2337 et
869 2274 1128 2339 nomine
1160 2274 1313 2340 dicti
1352 2275 1488 2338 Emi
1524 2283 1587 2339 et
1618 2272 1755 2340 Rmi

214 2359 272 2421 D.
315 2359 487 2425 card.
526 2363 629 2427 ·S.
700 2360 1049 2427 clementis
1116 2360 1411 2427 Ponentis
1438 2408 1455 2443 ,
1504 2361 1755 2444 factam,

212 2444 391 2511 audita
446 2447 897 2514 informatione
964 2449 1106 2516 mni
1166 2448 1639 2536 Archiepiscopi
1692 2460 1760 2514 et

214 2542 319 2597 tam
357 2535 604 2622 scriptis
650 2553 842 2622 quam
887 2555 1045 2602 voce
1090 2537 1373 2623 partibus
1416 2536 1757 2619 informan-

215 2620 355 2687 tibus
395 2622 627 2688 auditis
675 2622 950 2706 visisque
997 2623 1242 2691 iuribus
1289 2624 1615 2691 hincinde
1645 2625 1758 2692 de·

212 2706 429 2793 ductis,
479 2711 965 2778 rescribendum
1011 2713 1304 2778 censuit:
1353 2733 1390 2775 ‹
1425 2713 1758 2778 Salutatio-

213 2813 336 2861 nem
378 2797 584 2884 primo
647 2799 791 2865 loco
844 2800 1069 2866 deberi
1127 2801 1459 2886 capitulo;
1511 2810 1579 2865 et
1629 2817 1755 2864 am-

214 2882 358 2968 plius
386 2907 448 2951 ».
496 2890 580 2951 Et
625 2886 712 2951 ita
756 2886 1045 2952 decrevit
1089 2907 1161 2953 ac
1204 2888 1441 2953 servari
1501 2887 1757 2953 manda-

214 2969 308 3036 rit.
354 2973 461 3039 Die
504 2977 593 3042 2⁰
640 2976 910 3062 Augusti
962 2979 1157 3043 1729.

212 3111 436 3182 2289.
774 3117 1163 3183 manners.
1498 3095 1750 3205 '(3es7)

322 3240 470 3303 cum
497 3257 579 3303 ex
609 3248 793 3324 parte
817 3237 1114 3326 Episcopi
1140 3237 1444 3304 Terulen.
1471 3238 1547 3304 ad
1581 3241 1757 3305 evel-

212 3322 407 3390 lendos
453 3328 694 3394 multos
738 3325 969 3392 abusus
1014 3326 1124 3410 qui
1170 3325 1237 3391 in
1292 3326 1757 3411 praeiudicium

212 3412 477 3564 propriae
547 3413 923 3498 Dignitatis,
986 3412 1312 3480 occasione
1378 3413 1755 3480 solemnium

210 3516 301 3564 ecc
331 3501 747 3568 estasticamm
792 3500 1215 3584 functionum,
1252 3513 1314 3568 et
1342 3502 1564 3588 vigore
1610 3521 1757 3568 con-

208 3587 594 3654 suetudinisa
627 3586 918 3673 capitulo
966 3598 1030 3653 et
1075 3590 1402 3656 canonicis
1445 3589 1618 3655 illius
1648 3592 1758 3655 ca-

211 3671 491 3741 thedralis
535 3686 935 3763 praetensae,
985 3676 1406 3763 irrepserunt,
1440 3678 1751 3743 aS.R.c.

210 3758 542 3914 gumillime
571 3762 1005 3850 supplicatum
1054 3764 1174 3831 fuit
1202 3763 1532 3851 sequentia
1564 3764 1757 3831 dubia

249 3865 315 3915 ec
340 3870 534 3917 arari:

327 3941 385 4002 1.
432 3940 529 4004 An
575 3938 767 4004 liceat
808 3939 1043 4025 apponi
1092 3951 1308 4026 tapete
1360 3959 1506 4006 cum
1554 3939 1760 4029 pulvi-

209 4023 325 4087 nari
390 4036 537 4091 ante
594 4021 800 4113 pedes
866 4028 1283 4093 Praebendati
1350 4028 1758 4109 celebrantis,

210 4110 380 4176 etiam
421 4115 675 4198 quando
722 4113 1080 4198 descendit,
1113 4117 1427 4183 vertendo
1465 4127 1642 4201 terga
1681 4115 1781 4181 ad-

211 4197 401 4264 Altare
446 4218 567 4285 pro
624 4200 1029 4286 impositione
1096 4200 1386 4269 cinerum
1428 4224 1498 4270 ac
1552 4203 1764 4270 distri-

211 4284 451 4353 butione
506 4290 913 4357 candelarum
967 4298 1035 4353 et
1090 4290 1478 4375 palmarum,
1527 4301 1592 4356 et
1642 4307 1763 4375 pro

212 4389 588 4461 quacumque
631 4377 753 4443 alia
797 4375 1122 4443 iunctione
1177 4376 1648 4444 ecclesiastica?

324 4465 384 4528 2.
441 4465 539 4529 An
593 4464 818 4546 liceat,
881 4464 1125 4530 etiamsi
1192 4477 1496 4551 sequatur
1555 4485 1757 4548 casus,

211 4551 364 4630 quod
405 4551 803 4635 Magistratus
863 4549 1145 4619 Civitatis
1188 4554 1384 4639 vulgo
1431 4555 1763 4637 fleqidores

214 4643 449 4704 utantur
478 4640 709 4706 eodem
743 4649 958 4726 tapete
990 4649 1054 4705 et
1084 4640 1401 4727 pulvinari
1433 4642 1496 4707 in
1537 4641 1762 4708 iisdem

214 4721 672 4793 functionibus?

328 4814 390 4878 3.
439 4815 536 4878 An
602 4814 815 4898 liceat,
862 4824 1201 4900 praesente
1249 4817 1587 4905 Episcopo,
1651 4816 1765 4883 eis-

214 4895 347 4963 dem
366 4900 783 4985 Dignitatibus
806 4911 872 4966 et
903 4902 1229 4969 canonicis
1262 4903 1422 4969 intra
1447 4905 1549 4970 vel
1586 4915 1762 4972 extra

213 4986 543 5082 Ecclesiam
586 4988 1035 5056 cathedralem
1080 4989 1389 5057 adhibere
1449 4992 1514 5057 in
1559 4994 1763 5080 priva-

218 5080 285 5135 tis
304 5073 721 5144 functionibus
753 5078 1194 5145 ecclesiasticis
1219 5079 1419 5147 Sedes
1448 5099 1596 5147 cum
1626 5081 1764 5146 bra-

218 5159 357 5226 chiis
400 5172 467 5228 et
510 5162 859 5245 subselliis3
921 5178 1031 5232 aut
1086 5168 1293 5233 solum
1344 5167 1439 5233 uti
1492 5169 1767 5235 debeant

347 5353 422 5426 (l)
456 5356 516 5411 Ε.
556 5357 689 5414 Dub.
724 5360 773 5415 6.

1858 430 2148 498 scabellis
2190 431 2296 496 vel
2342 431 2633 514 scamnis,
2666 432 3207 517 quemadmodum
3235 442 3426 500 utun·

1858 529 1986 595 tur,
2037 520 2350 606 Episcopo
2397 518 2777 586 Pontificalia
2823 518 3216 587 exercente?

1989 611 2053 673 4.
2104 608 2199 671 An
2248 606 2435 672 liceat
2480 606 2724 673 eisdem
2772 607 3191 694 Dignitatibus
3222 619 3287 674 et
3318 611 3430 674 ca-

1856 694 2099 760 nonicis
2142 712 2452 781 occupare
2522 695 2775 762 easdem
2835 695 3038 761 Sedes
3099 715 3244 762 cum
3291 697 3430 762 bra-

1857 781 2037 865 chiis,
2087 782 2348 848 absente
2395 782 2623 868 Episco
2674 803 2735 867 o,
2772 782 2836 849 in
2868 782 3297 849 functionibus
3327 802 3427 848 ec-

1857 869 2216 936 clesiasticis
2282 871 2444 936 intra
2501 875 2625 936 Ecc
2655 870 2848 936 esiam
2877 919 2894 954 ,
2954 889 3084 936 non
3143 870 3430 935 obstante

1855 976 1985 1024 non
2029 976 2148 1022 usu
2181 956 2244 1022 in
2276 956 2661 1023 contrarium
2709 959 2771 1025 in
2817 957 3296 1024 cathedralibus
3326 956 3429 1022 Hi-

1857 1042 2256 1130 spaniarum?

1984 1137 2053 1199 5.
2122 1137 2215 1199 An
2271 1132 2499 1220 Episco
2550 1152 2588 1198 o
2652 1132 3030 1199 Pontificalia
3100 1133 3423 1199 exercenti

1857 1230 2178 1305 competat
2209 1221 2485 1286 retentio
2560 1220 2867 1287 aldachini
2898 1238 3016 1287 seu
3045 1219 3426 1302 umbraculi,

1859 1306 2047 1372 etiam
2092 1309 2353 1393 pretiosi
2405 1318 2470 1374 et
2516 1307 2748 1390 aurati,
2797 1327 2985 1407 supra
3045 1308 3275 1374 Sedem
3324 1325 3430 1392 po-

1856 1394 2043 1460 sitam
2090 1416 2120 1459 a
2172 1397 2371 1462 latere
2414 1396 2646 1462 Altaris
2690 1392 2990 1462 maioris?
3034 1396 3128 1481 (1)
3421 1394 3438 1411 “

1987 1485 2056 1549 S.
2104 1486 2182 1549 R.
2232 1487 2348 1566 c.‚
2404 1484 2480 1550 ad
2543 1483 2914 1549 relationem
2978 1483 3114 1548 Emi
3173 1492 3237 1548 et
3290 1483 3426 1548 Rmi

1858 1575 1929 1636 D.
1980 1571 2168 1637 card.
2218 1573 2482 1657 Belluga
2551 1572 2887 1653 Ponentis,
2937 1582 3201 1655 utraque
3247 1580 3429 1657 parte

1857 1678 2014 1724 voce
2062 1669 2128 1724 et
2173 1659 2423 1747 scriptis
2479 1659 2862 1725 informante
2906 1658 3117 1724 audita
3140 1705 3158 1740 ,
3206 1657 3430 1723 rescri-

1859 1746 2160 1827 bendum,
2187 1747 2471 1814 censuit:

1989 1833 2083 1900 Ad
2138 1840 2200 1900 1.
2248 1856 2286 1899 ι
2318 1837 2458 1900 Non
2507 1834 2700 1900 licere
2735 1855 2797 1899 ».

1989 1921 2084 1987 Ad
2134 1927 2200 1988 2.
2248 1943 2286 1986 ‹
2317 1925 2435 1988 Pro
2494 1922 2945 1991 reformatione
2997 1921 3209 2004 dubii,
3257 1923 3426 2007 quod

1856 2028 1982 2075 non
2017 2008 2182 2076 bene
2217 2009 2608 2096 concipitur;
2659 2020 2726 2075 et
2748 2009 3094 2096 Episcopus
3123 2008 3427 2094 declaret,

1857 2096 2012 2183 quid
2061 2098 2125 2164 in
2171 2116 2249 2164 eo
2296 2098 2672 2183 exquiratur
2705 2120 2768 2162 ν.

1990 2186 2085 2251 Λᾶ
2137 2190 2204 2252 3.
2251 2209 2290 2248 ‹
2322 2185 2654 2273 negative,
2704 2185 2779 2251 ad
2828 2185 3100 2271 primam
3144 2196 3428 2272 partem3

1860 2271 2276 2357 Affirmative,
2325 2274 2399 2339 ad
2448 2274 2793 2340 secundam
2827 2295 2891 2337 ».

1989 2362 2083 2427 Ad
2136 2365 2197 2427 4.
2255 2381 2293 2425 α
2327 2360 2632 2447 Negative
2666 2382 2733 2426 ιν.

1986 2450 2085 2516 Ad
2131 2455 2197 2515 5.
2247 2470 2285 2513 α
2317 2453 2727 2536 Competere,
2776 2448 3304 2537 dummodo·non
3349 2448 3430 2513 sit

1860 2537 2240 2625 pretiosum,
2287 2556 2410 2603 nec
2456 2544 2836 2602 auratum».
2940 2618 2943 2625 ὁ

1991 2630 2069 2691 Εῑ
2124 2625 2204 2689 ita
2269 2625 2613 2691 declaravit
2673 2637 2738 2690 et
2783 2624 3018 2692 servari
3084 2624 3429 2693 mandavit.

1861 2712 1973 2777 Die
2023 2713 2106 2777 20
2156 2711 2423 2797 Augusti
2478 2714 2667 2801 1729.

1860 2850 2122 2920 2290.
2465 2850 2835 2918 Naaman.
3206 2852 3429 2939 (sess)

1988 2973 2208 3040 Habito
2277 2975 2354 3040 ab
2422 2973 2734 3062 Episcopo
2801 2974 3097 3041 Narnien.
3169 2994 3431 3041 recursu

1859 3074 2076 3130 contra
2141 3061 2567 3147 magistratum
2639 3061 3174 3145 illius·Civitatis,
3232 3079 3436 3149 expo-

1860 3152 2073 3217 nendo
2118 3152 2288 3235 quod
2335 3149 2546 3232 idem,
2597 3149 2881 3233 quamvis
2946 3161 3126 3217 antea
3173 3150 3250 3217 ab
3293 3151 3430 3234 ipso

1860 3238 2173 3325 Episcopo
2233 3237 2476 3325 pluries
2549 3237 2877 3320 hortatus,
2943 3238 3302 3303 admonitus
3363 3256 3432 3301 ac

1860 3326 2186 3393 occasione

1859 3416 1977 3481 sub
2006 3431 2209 3500 poena
2239 3410 2599 3498 pecuniaria
2629 3411 2963 3477 adstrictus
2993 3412 3210 3490 fuerit,
3247 3412 3434 3495 eique

1861 3500 2250 3584 conveniens
2297 3501 2474 3564 locus
2518 3510 2698 3570 extra
2739 3500 3207 3586 Presbyterium
3239 3498 3435 3565 fuerit

1859 3590 2230 3676 assignatus,
2265 3588 2434 3674 dicto
2463 3586 2778 3675 Episcopo
2807 3586 3191 3654 Pontificalia
3224 3588 3287 3652 in
3315 3590 3435 3653 Ec·

1860 3677 2050 3744 clesia
2095 3675 2453 3743 cathedrali
2493 3675 2826 3760 peragenti
2855 3676 3149 3742 assistere
3177 3694 3436 3762 semper

1859 3764 2200 3847 recusavit,
2226 3763 2343 3828 sub
2367 3773 2705 3847 praetextu
2738 3764 2907 3848 quod
2940 3763 3116 3830 idem
3146 3764 3209 3830 in
3238 3763 3435 3829 stallis

1861 3851 2222 3917 choralibus
2266 3852 2558 3916 assistere
2586 3850 2856 3935 solebat,
2891 3862 3081 3951 prout
3112 3863 3256 3917 ante
3286 3868 3435 3937 pro-

1860 3938 2320 4024 mulgationem
2350 3936 2611 4005 concilii
2645 3942 2906 4004 Romam
2935 3948 3256 4005 servatum
3287 3940 3431 4025 fuit3

1860 4027 2150 4111 factaque
2193 4044 2315 4112 per
2357 4043 2461 4091 me
2507 4025 2935 4094 Secretarium
2966 4028 3050 4092 de
3097 4026 3436 4114 praedictis

1862 4118 2054 4181 SSmo
2112 4112 2378 4180 Domino
2437 4115 2663 4179 Nostro
2721 4114 3069 4196 relatione,
3134 4115 3436 4181 Sanctitas

1860 4205 2026 4270 Suae
2076 4223 2114 4266 ‹
2147 4202 2397 4268 Dictum
2431 4199 2858 4288 Magistratum
2889 4219 3010 4288 per
3031 4202 3338 4268 mulctam
3371 4212 3436 4266 et

1861 4308 2156 4356 censuras
2219 4290 2581 4374 cogendum
2640 4307 2784 4356 esse
2813 4311 2850 4353 »
2910 4289 3255 4366 mandavit.
3326 4289 3435 4354 Die

1872 4380 1953 4443 tt
1998 4375 2394 4464 Septembris
2447 4380 2637 4446 1729.

1865 4517 2116 4587 2291.
2405 4520 2884 4586 AVENlONEN.

3208 4518 3433 4606 (3990)

1995 4640 2281 4707 Excitata
2313 4661 2345 4705 a
2377 4641 2754 4707 Rectoribus
2796 4639 3130 4725 Hospitalis
3176 4644 3242 4708 S.
3288 4644 3439 4705 Mar-

1865 4729 2009 4795 thae
2056 4730 2339 4795 civitatis
2384 4728 2780 4793 Avenionen.
2851 4728 3278 4794 controversia
3331 4729 3436 4795 ad-

1864 4835 2085 4881 versus
2131 4816 2490 4916 capitulum
2542 4815 2713 4881 illius
2759 4814 3078 4881 Ecclesiae
3124 4820 3439 4903 Metropo-

1865 4903 2119 4986 litanae,
2154 4922 2255 4968 cun
2308 4920 2617 4969 summam
2667 4913 3057 4969 scutatorum
3116 4905 3436 4989 sexaginta

1863 5008 1980 5077 pro
2035 4990 2323 5075 quolibet
2380 5009 2574 5073 anno,
2622 4989 2844 5077 vigore
2907 4991 3094 5079 legati
3155 4992 3437 5079 praelato

1863 5078 2155 5165 capitulo
2204 5078 2457 5161 relicti,
2506 5077 2701 5144 iidem
2748 5082 3050 5146 Rectores
3103 5079 3318 5166 paucis
3362 5078 3440 5144 ab

1864 5166 2012 5233 hinc
2059 5166 2233 5235 annis
2262 5167 2637 5255 persolvere
2666 5167 3063 5250 recusabant,
3095 5167 3214 5234 sub
3256 5184 3438 5253 prae·

2256 3323 2508 3391 Decreti
2557 3324 2622 3389 in
2665 3335 2807 3391 actu
2863 3324 3232 3391 visitationis
3289 3324 3430 3389 tacti
3539 3389 3543 3394 ,
