4042 5950
2069 233 2540 311 -134-

665 396 954 460 Octavam
1001 390 1345 458 Nativitatis
1392 391 1663 474 Domini,
1700 390 1803 458 vel
1854 389 2002 476 quia
2040 400 2240 455 trans-

669 480 871 547 fertur
913 499 945 543 a
991 478 1246 567 propria
1289 478 1397 546 die
1456 479 1520 545 in
1585 477 1759 545 diem
1817 477 2232 560 Dominicam,

668 565 772 632 vel
819 565 964 652 quia
1007 567 1089 632 sit
1134 586 1334 634 unum
1382 585 1456 632 ex
1497 567 1699 633 Festis
1730 565 1957 631 Natalis
1989 564 2236 630 Domini

666 653 1225 740 subsequentibus,
1274 654 1376 720 vel
1425 654 1570 741 quia
1616 652 1811 720 fuerit
1858 653 2238 742 assignatum

671 740 829 807 infra
899 742 1189 809 eamdem
1255 751 1575 809 octavam:
1648 759 1960 827 quaenam
2020 739 2246 825 regula

672 828 959 895 habenda
1005 825 1175 895 erit?
1220 828 1313 915 (1)

801 920 881 983 Et
912 918 1093 982 Sacra
1136 916 1559 1005 congregatio
1600 914 1996 1004 particularis
2027 918 2102 984 ad
2138 913 2251 980 bu-

674 1002 942 1070 iusmodi
1006 1004 1305 1077 effectum
1356 1024 1386 1069 a
1442 1006 1637 1071 SSmo
1694 1003 1960 1069 Domino
2022 1006 2248 1070 Nostro

673 1091 1035 1244 specialis-er
1078 1092 1377 1178 deputata
1437 1081 1615 1158 cum‘
1642 1089 2045 1158 facultatibus
2091 1100 2246 1174 etc„

674 1196 908 1265 respon
958 1189 1041 1244 it:

804 1265 899 1332 Ad
952 1270 1013 1331 1.
1061 1290 1099 1333 α
1132 1265 1621 1353 Dispositionem
1678 1265 1897 1333 Brevis
1960 1284 2250 1353 compre·

677 1353 965 1420 bendere
1018 1356 1225 1422 omnia
1271 1357 1449 1420 Festa
1496 1358 1906 1421 Patronorum
1938 1353 2250 1442 principa-

676 1440 860 1524 lium,
901 1451 1027 1510 tam
1070 1442 1277 1527 quoad
1327 1453 1576 1529 tempus
1619 1442 2013 1529 praecedens
2059 1461 2249 1526 quam

676 1529 882 1614 quoad
926 1532 1363 1615 subsequens3
1413 1548 1540 1616 quo
1599 1547 1757 1595 vero
1817 1530 1894 1596 ad
1960 1532 2246 1616 regulam

676 1615 1044 1701 tenendam,
1093 1617 1424 1702 provisum
1472 1617 1537 1683 in
1579 1616 1999 1702 sequentibus
2032 1639 2096 1683 »ι

807 1701 903 1768 Ad
952 1710 1016 1771 2.
1053 1726 1092 1769 ‹
1116 1703 1455 1805 Negativ03
1490 1721 1638 1771 cum
1662 1705 2025 1771 huiusmodi
2068 1709 2249 1771 Festa

677 1790 866 1856 certis
924 1792 1262 1858 Dominicis
1317 1790 1478 1858 inira
1535 1793 1914 1859 eorumdem
1967 1801 2250 1858 octavam

675 1877 800 1943 sint
845 1889 1162 1967 perpetuo
1209 1879 1548 1969 assignata;
1621 1891 1713 1964 et,
1762 1879 1883 1946 nisi
1925 1899 2046 1968 per
2090 1879 2249 1946 acci-

676 1966 857 2050 dens,
906 1968 1342 2035 transferenda
1388 1969 1608 2035 sint».

806 2054 902 2124 Ad
950 2059 1013 2122 3.
1063 2076 1102 2119 ‹
1133 2054 1549 2142 Affirmative,
1599 2057 1803 2142 quoad
1842 2055 2154 2122 ieiunium
2183 2064 2250 2121 et

676 2140 1115 2210 abstinentiam
1163 2163 1231 2209 ac
1281 2143 1471 2210 etiam
1515 2145 1723 2231 quoad
1750 2143 2038 2211 Officium
2079 2141 2248 2230 Vigi-

676 2229 823 2314 liae,
872 2241 1186 2315 quatenus
1232 2234 1409 2298 Festa
1453 2232 1577 2298 sint
1624 2250 1706 2298 ex
1750 2230 1876 2298 illis
1907 2250 2069 2317 quae
2098 2247 2250 2317 gau-

676 2316 833 2383 dent
877 2317 1357 2404 vigilia-quoad
1403 2319 1684 2386 Cborum
1715 2341 1776 2385 ιι.

806 2405 903 2471 Ad
936 2407 1001 2471 4.
1051 2427 1089 2470 α
1122 2406 1217 2472 Ad
1250 2406 1519 2493 primam
1546 2417 1834 2496 partem:
1885 2405 1949 2473 Si
1992 2409 2249 2473 Festum

677 2490 784 2558 flat
830 2491 894 2557 in
939 2493 1260 2559 Dominica
1306 2494 1433 2559 fixe
1478 2494 1825 2579 assignata,
1872 2494 2108 2561 retinet
2166 2491 2253 2559 in-

679 2588 924 2666 tegram
972 2589 1282 2665 octavam,
1317 2580 1462 2668 quia
1491 2580 1648 2648 haec
1695 2580 1965 2648 habetur
1993 2590 2067 2649 ut
2113 2581 2249 2648 dies

677 2667 973 2755 proprias
1024 2686 1094 2732 ea
1139 2686 1294 2735 vero
1326 2667 1798 2736 accidentaliter
1837 2668 2165 2755 impedita,
2198 2670 2248 2733 si

677 2754 950 2821 ulterius
1011 2754 1089 2819 sit
1152 2756 1702 2839 transferendum,
1767 2765 1982 2822 octava
2051 2757 2245 2844 perit.

676 2842 890 2919 Quoad
920 2844 1264 2910 secundam
1310 2852 1584 2942 partem,
1620 2844 1944 2932 provisum
1977 2863 2096 2933 per
2131 2847 2253 2910 Ru-

677 2930 916 2997 bricam
946 2930 1239 2997 Breviarii
1272 2934 1392 2998 Tit.
1422 2932 1528 2999 vn
1560 2932 1645 3001 de
1677 2931 1935 3017 octavis,
1970 2950 2150 2999 num.
2181 2935 2245 3016 4,

679 3028 743 3085 et
788 3036 906 3103 per
950 3019 1239 3104 regulam
1284 3020 1573 3087 traditam
1603 3042 1638 3086 a
1669 3022 1941 3087 Gavanto
1972 3020 2038 3086 in
2076 3022 2252 3085 Prae-

677 3106 911 3174 fatione
956 3107 1034 3174 ad
1078 3109 1471 3176 octavarium
1524 3112 1909 3187 Romanum.
1974 3108 2152 3186 Quod
2195 3108 2248 3174 si

677 3194 884 3261 adhuc
926 3215 1123 3282 super
1166 3196 1287 3264 boc
1333 3197 1522 3265 dubia
1576 3208 1948 3282 occurrant,
2001 3196 2254 3265 hahebi-

606 3280 611 3287 ’
680 3294 785 3349 tur
828 3283 985 3348 ratio
1032 3284 1097 3351 in
1142 3283 1385 3352 casibus
1431 3284 1912 3373 particularibus
1945 3307 2044 3351 ι.-

808 3370 903 3436 Ad
949 3374 1032 3437 5.-
1065 3391 1104 3434 ‹
1136 3370 1554 3453 Affirmative3
1603 3374 1748 3460 quia
1793 3372 2140 3455 Dominica,
2187 3371 2251 3437 in

676 3476 798 3542 qua
844 3460 1102 3525 Festum
1149 3459 1271 3525 erit
1314 3472 1632 3549 perpetuo
1693 3460 1931 3545 fixum,
1982 3460 2253 3548 perinde

677 3543 1106 3612 habenda-est
1150 3566 1220 3612 ac
1263 3549 1314 3613 si
1364 3558 1531 3613 esset
1575 3549 1713 3615 dies
1756 3549 2011 3636 propria
2045 3571 2108 3613 ι.

654 3670 661 3677 »
810 3632 904 3698 Ad
953 3638 1021 3699 6.
1069 3630 1677 3724 «impedimentum
1733 3647 1984 3723 ponunt
2043 3636 2250 3702 Domi-

679 3719 856 3787 nicae
915 3738 1136 3787 omnes
1185 3726 1216 3786 1
1266 3732 1332 3787 et
1377 3726 1417 3788 2
1464 3723 1709 3807 classis,
1759 3725 1863 3790 vel
1914 3724 1977 3789 in
2022 3722 2254 3810 quibus

679 3820 1023 3874 occurrunt
1068 3811 1247 3875 Festa
1285 3812 1315 3874 1
1367 3809 1576 3876 classis
1620 3810 1870 3877 maioris
1901 3811 2246 3897 dignitatis.

677 3895 893 3974 Quoad
939 3898 1248 3982 reliquam
1297 3897 1473 3964 dubii
1518 3909 1794 3984 partem,
1828 3900 1879 3965 si
1925 3899 2118 3967 dubia
2149 3919 2250 3964 oc·

679 3993 958 4137 ἵιιιζὶειιιι,
1008 3983 1342 4051 habebitur
1387 3985 1543 4051 ratio
1586 3986 1656 4051 in
1698 3987 1940 4053 casibus
1987 3988 2255 4073 particu-

705 4089 794 4135 ari
841 4092 914 4137 us
945 4092 1012 4138 ιι.

812 4158 906 4225 Ad
956 4163 1019 4225 7.
1069 4181 1108 4227 c
1142 4160 1524 4241 Faciendum
1581 4159 1867 4228 Officium
1914 4163 1997 4229 de
2047 4161 2249 4245 Feria,

678 4247 794 4315 nisi
840 4246 1096 4334 aliquod
1142 4251 1396 4315 Festum
1443 4249 1620 4338 prius
1669 4251 2039 4317 translatum
2071 4269 2253 4334 repo-

679 4336 965 4402 nendum
1009 4335 1091 4402 sit
1121 4356 1191 4403 ιι.

809 4424 904 4490 Ad
953 4427 1018 4490 8.
1068 4445 1106 4488 α
1138 4422 1560 4506 Affirmativ03
1608 4425 1837 4493 nisiex
1868 4425 1989 4492 boc
2034 4445 2255 4513 sequa-

681 4520 784 4577 tur
831 4530 958 4577 non
1005 4512 1162 4577 levis
1254 4512 1602 4581 erturbatio
1648 4524 1712 4580 et
1740 4512 2026 4579 confusio
2060 4514 2122 4579 in
2155 4530 2254 4579 or-

677 4598 952 4667 dinando
997 4602 1190 4667 Galen
1241 4602 1372 4667 ario
1405 4622 1469 4666 ιι.

808 4687 902 4753 Ad
951 4690 1015 4755 9.
1066 4708 1105 4751 ‹
1138 4688 1563 4775 Affirmative‚
1612 4692 1676 4757 in
1736 4687 2000 4757 Sabbato
2068 4707 2248 4778 prae-

678 4773 930 4841 cedenti
975 4777 1183 4861 quoad
1243 4781 1539 4844 Festum:
1604 4778 1995 4846 Affirmative
2058 4778 2253 4845 etiam

676 4863 883 4948 quoad
939 4866 1010 4931 Vi
1062 4865 1230 4932 iliam
1289 4867 1354 4933 in
1402 4868 1579 4933 Feria
1626 4871 1729 4952 vt,
1776 4864 1829 4931 si
1882 4865 2253 4935 adiunctum

677 4950 903 5016 habeat
947 4954 996 5017 Ο
1064 4955 1261 5032 cium;
1309 4974 1492 5021 secus
1538 4956 1846 5043 Negative
1880 4975 1943 5020 ιι.

810 5039 904 5104 Ad
943 5042 1046 5107 10.
1076 5062 1114 5105 α
1147 5040 1311 5107 Addi
1341 5043 1581 5126 poterit
1621 5042 2066 5130 Martyrologio
2113 5051 2257 5131 post

675 5126 1117 5194 annuntiatum
1161 5131 1421 5194 Festum
1487 5132 1861 5197 Sanctorum
1922 5131 2258 5216 Apostolo-

812 5320 896 5394 (1)
932 5322 998 5379 n.
1038 5294 1184 5381 nuh.
1231 5322 1319 5379 it.

2346 407 2488 455 rum
2534 387 2700 455 Petri
2761 399 2827 454 et
2884 387 3133 467 Pauli:⁸
3165 387 3319 453 item
3377 382 3916 453 commemoratio

2347 476 2632 544 omnium
2693 479 3069 542 Sanctorum
3126 476 3577 563 Apostolorum
3651 481 3719 537 et
3780 473 3922 537 San-

2349 576 2599 631 ctorum
2646 571 2991 652 Martyrum
3025 586 3088 629 ι.

2485 651 2576 718 Ad
2630 660 2736 723 11.
2786 672 2825 715 ‹
2858 651 3250 718 Affirmative
3281 673 3344 715 ι.

2482 739 2578 805 Ad
2632 747 2733 809 12.
2787 759 2826 802 ‹
2859 739 3188 806 Provisum
3237 739 3303 806 in
3345 738 3556 826 primo
3601 735 3824 817 Brevi,
3873 732 3932 799 in

2350 846 2476 914 quo
2525 827 2792 896 babetur
2838 826 3022 913 qnod-
3057 846 3175 915 pro
3222 825 3391 893 Urbe
3445 824 3754 926 Neapolis
3803 831 3958 920 tan-1

2351 928 2491 982 tum
2536 917 2892 984 retineatur
2934 919 3191 981 Festum
3236 917 3303 981 S.
3353 916 3658 992 ianuarum
3693 930 3766 977 m
3793 909 3932 975 reli·

2352 1023 2473 1089 qua
2518 1015 2703 1091 parte
2747 1000 2947 1088 Regni
2993 1002 3165 1069 idem
3214 1006 3471 1068 Festum
3502 1000 3801 1066 retinere
3828 995 3930 1063 de·

2351 1091 2461 1158 bet
2493 1092 2813 1179 propriam
2844 1090 3067 1156 sedem
3100 1100 3166 1155 et
3195 1090 3414 1171 ritum,
3441 1087 3556 1153 sed
3589 1088 3739 1154 sine
3760 1102 3932 1174 prae-

2352 1191 2542 1264 cepto
2588 1177 2891 1246 audiendi
2937 1179 3222 1246 Sacrum.
3291 1174 3508 1254 Quoad
3570 1178 3742 1241 Loca
3789 1190 3929 1238 vero

2352 1285 2512 1353 quae
2579 1286 2706 1333 non
2765 1263 3003 1333 babent
3072 1269 3411 1331 Patronum
3469 1260 3925 1360 principalem,

2349 1355 2499 1421 satis
2560 1355 2889 1442 provisum
2955 1352 3018 1419 in
3081 1352 3365 1419 secundo
3432 1350 3620 1417 Brevi
3685 1350 3798 1416 die
3859 1351 3929 1445 {5

2352 1443 2639 1510 Octobris
2700 1439 2968 1508 labentis
3013 1441 3197 1519 anni3
3247 1439 3419 1526 quod
3482 1437 3665 1504 iubet
3709 1446 3786 1502 ut
3837 1437 3924 1500 Cl-

2353 1528 2576 1596 vitates
2625 1542 2690 1597 et
2735 1534 2928 1612 Loca,
2961 1547 3125 1613 quae
3159 1525 3551 1616 peculiarem
3593 1529 3928 1591 Pan-onum

2355 1636 2481 1683 non
2508 1616 2763 1702 babent,
2789 1622 3051 1683 Festum
3081 1614 3330 1683 Patroni
3362 1612 3737 1703 principalis
3760 1610 3927 1698 Dioc-

2354 1705 2514 1771 cesis
2586 1706 2674 1770 ari
2705 1703 3109 1772 solemnitate
3142 1703 3470 1769 celebrare
3505 1711 3926 1768 teneantur».

2485 1794 2536 1857 A
2637 1797 2739 1860 13.
2790 1801 2829 1857 ‹'
2862 1796 2930 1858 In
2977 1790 3219 1857 casibus
3263 1787 3755 1877 particularibus
3792 1802 3926 1873 pro·

2351 1878 2714 1949 videbitur:
2767 1891 2832 1947 et
2876 1881 2941 1946 S.
2993 1884 3069 1946 Β.
3120 1881 3192 1946 C.
3243 1897 3359 1967 pro
3408 1893 3675 1944 casuum
3707 1873 3929 1941 'diver-

2351 1967 2538 2034 sitate
2582 1968 2764 2035 aliam
2811 1967 3199 2034 Dominicam
3246 1965 3583 2052 assignabit
3615 1973 3924 2048 tamquam

2354 2056 2530 2123 diem
2579 2056 2900 2144 propriam
2935 2077 2997 2120 ι.

2489 2148 2568 2210 Et
2614 2145 2696 2209 ita
2741 2142 3113 2211 declaravit.
3157 2142 3271 2209 Die
3304 2145 3386 2208 18
3414 2138 3704 2208 Octobris
3741 2140 3919 2205 1818.

3707 2312 3923 2400 (4554)

2357 2261 2614 2388 2592.
2932 2315 3349 2394 AQmLANA.

2485 2489 2835 2562 canonicus
2892 2489 3249 2558 Paschasius
3328 2488 3698 2556 Melchiorri
3768 2487 3924 2555 vices

2351 2599 2544 2669 agens
2604 2578 3157 2666 Archipresbyteri
3221 2578 3342 2645 loci
3409 2575 3730 2643 Petrellae
3789 2580 3921 2641 Pro·

2354 2670 2600 2737 vinciae
2658 2669 3035 2752 Aquilanae,
3095 2665 3421 2732 occasione
3489 2664 3708 2730 Brevis
3763 2663 3926 2732 SSmi

2355 2763 2538 2826 Dom.
2573 2755 2781 2823 Nostri
2814 2754 2899 2822 Pii
2935 2757 3039 2822 Vll
3071 2756 3253 2820 Pont.
3287 2755 3450 2819 Max.
3486 2751 3616 2819 dati
3652 2755 3733 2819 10
3757 2751 3924 2837 Apri-

2354 2847 2429 2913 lis
2465 2845 2731 2918 labentis
2761 2843 3012 2909 annisu
3063 2861 3137 2907 er
3180 2840 3557 2908 reductione
3604 2844 3925 2906 Festorum

2403 2952 2475 3001 ro
2507 2932 2841 3018 utriusque
2880 2928 3003 2997 Sici
3035 2931 3129 2996 iae
3175 2933 3423 3017 Regno,
3457 2927 3790 3014 sequentia
3819 2927 3921 2994 du-

2355 2954 2454 3089 Bia
2486 3025 2708 3090 Sacrae
2741 3020 3002 3087 Ritnum
3033 3016 3526 3104 congregationi
3559 3016 3922 3084 declaranda

2355 3107 2712 3199 proposuit,
2733 3106 3064 3174 ,videlicet
3083 3128 3102 3171 ι
3975 3156 3976 3161 ,

2493 3202 2551 3263 1.
2603 3199 2699 3261 An
2723 3200 2985 3262 Festum
3010 3197 3076 3261 S.
3105 3192 3360 3260 Antonii
3387 3192 3474 3259 de
3497 3191 3727 3276 Padua,
3762 3190 3918 3278 qnod

2351 3306 2514 3353 anno
2568 3287 2734 3353 1801
2784 3286 3105 3349 elevatum
3153 3280 3274 3347 fuit
3318 3279 3397 3347 ad
3431 3280 3628 3347 ritum
3673 3280 3853 3366 dupl.
3893 3282 3916 3343 1

2355 3375 2534 3441 class.
2585 3390 2732 3437 cum
2779 3381 3019 3455 octava,
3071 3388 3217 3435 cnm
3249 3387 3482 3455 praece
3532 3378 3597 3433 to
3634 3365 3916 3436 audiendi

2357 3464 2617 3529 Sacrum
2672 3469 2737 3525 et
2789 3455 3144 3525 abstinendi
3198 3477 3230 3522 a
3281 3457 3499 3523 servili
3545 3472 3620 3523 us
3672 3468 3739 3523 et
3791 3471 3920 3521 cnm

2352 3547 2755 3635 indulgentia
2813 3545 3119 3635 plenaria,
3157 3543 3404 3611 sublato
3462 3563 3634 3611 nunc
3697 3540 3919 3630 duplici

2355 3645 2728 3726 praecepto,
2780 3633 3210 3721 redigendum
3253 3632 3336 3698 sit
3382 3633 3457 3698 ad
3507 3631 3704 3698 ritum
3748 3628 3913 3719 dupl.

2357 3722 2563 3791 min.⁴?
2608 3732 2674 3789 et
2719 3743 2797 3790 an
2858 3732 3067 3790 cesset
3123 3720 3446 3808 praedicta
3489 3712 3921 3805 Indulgentiai‘

2488 3816 2551 3878 2.
2604 3815 2765 3878 Cum
2812 3815 3070 3877 Festum
3118 3808 3366 3875 Patroni
3415 3807 3785 3895 principalis
3822 3805 3918 3871 aii·

2354 3899 2533 3967 cuius
2582 3898 2705 3964 loci
2754 3897 3273 3964 transferendum
3319 3895 3402 3961 sit
3448 3896 3512 3961 in
3543 3897 3915 3963 Dominicam

2355 3987 2649 4077 proxime
2688 3996 3071 4073 sequentem
3119 3983 3241 4051 sub
3271 3984 3397 4050 ritu
3428 3983 3675 4071 duplici
3715 3988 3748 4050 1
3781 3984 3915 4048 clas·

2351 4075 2460 4159 sis,
2510 4076 2881 4160 quaeritur:
2932 4078 3029 4140 An
3075 4073 3266 4140 etiam
3298 4080 3512 4137 octava
3549 4073 3916 4138 transferen-

2354 4164 2436 4230 da
2464 4161 2581 4243 sit;
2617 4163 2722 4229 vel
2757 4163 2971 4251 potius
3018 4156 3410 4228 omittenda?
3900 4242 3910 4253 .

2486 4255 2550 4318 3.
2602 4254 2698 4318 An
2743 4250 3065 4318 Dominica
3114 4269 3230 4336 pro
3295 4247 3703 4314 translatione
3770 4251 3915 4314 Festi

2355 4340 2602 4405 Patroni
2654 4337 3021 4428 principalis
3052 4336 3299 4404 censeri
3331 4335 3562 4403 debeat
3605 4333 3912 4422 impedita,

2354 4427 2759 4495 solummodo
2803 4427 2856 4492 si
2900 4426 3096 4492 fuerit
3144 4429 3174 4490 1
3212 4423 3450 4507 classis,
3499 4435 3571 4490 ut
3619 4422 3914 4489 Dominica

2364 4520 2397 4582 1
2432 4515 2763 4581 Adventus
2813 4525 2878 4579 et
2930 4511 3543 4599 lonadragesimae3
3595 4511 3701 4576 vel
3750 4510 3915 4577 etiam

2355 4602 2460 4668 illa
2507 4620 2670 4756 quae
2717 4601 2996 4668 occurrit
3041 4619 3188 4667 cum
3235 4604 3422 4666 Festo
3467 4600 3586 4666 sub
3646 4599 3773 4665 ritu
3816 4597 3913 4665 du·

2403 4690 2508 4757 lici

2355 4709 2399 4777 P
2492 4782 2553 4843 t.
2618 4783 2713 4844 An
2772 4777 3031 4845 Parocbi
3081 4784 3418 4843 teneantur
3478 4774 3542 4842 in
3601 4784 3912 4861 posterum

2353 4866 2674 4956 applicare
2723 4866 2966 4934 Missam
3013 4885 3130 4955 pro
3179 4884 3261 4953 po
3310 4864 3420 4931 ulo
3480 4873 3544 4930 et
3607 4863 3912 4957 celebrare

2356 4975 2503 5022 cum
2549 4964 2738 5022 cantu
2785 4954 3027 5021 Missam
3075 4974 3267 5042 paroc
3319 4952 3505 5018 ialem
3537 4950 3768 5018 diebus
3797 4965 3910 5034 qui·

2359 5044 2474 5110 bus
2519 5044 2836 5197 stssbiatum
2884 5053 2980 5111 est
3025 5053 3440 5132 praeceptum
3488 5038 3784 5106 audiendi
3833 5054 3908 5100 sa·

2365 5148 2547 5198 crum
