4042 5950
1574 280 2048 361 -363-

139 446 364 513 rinale
411 448 714 517 hodierna
761 448 865 516 die
910 448 1258 515 coadunata
1304 446 1370 512 in
1411 441 1750 512 ordinariis

137 535 489 621 Comitiis,
540 535 855 624 exquisito
911 536 1087 625 prius
1138 544 1287 601 voto
1346 530 1607 599 alterius
1668 550 1749 597 ex

137 624 672 712 Apostolicarum
704 623 1261 694 caeremoniarum
1298 617 1634 709 magistris,
1683 638 1752 684 o-

138 710 420 778 mnibus
473 722 720 781 maturo
780 711 1068 778 examine
1124 710 1455 800 perpensis
1515 727 1585 773 ac
1651 725 1753 773 re-

139 800 414 867 ferente
436 800 792 887 subscripto
817 798 1200 883 Secretario,
1227 795 1749 886 respondendum

138 890 449 957 censuit:

292 977 389 1044 Ad
446 983 505 1046 1.
556 998 594 1041 «
624 977 928 1065 Negative
963 998 1027 1044 ι.

295 1065 392 1132 Ad
442 1070 509 1132 2.
559 1086 597 1129 «ι
629 1064 969 1155 Negative,
1018 1065 1094 1132 ad
1144 1061 1411 1151 primam
1460 1071 1746 1150 partem3

141 1152 583 1237 Affirmative,
630 1154 707 1220 ad
753 1153 1099 1222 secundam
1134 1174 1198 1219 ι.

291 1240 391 1309 Ad
439 1246 503 1309 3.
556 1262 594 1305 «
627 1240 1015 1309 ,affirmative
1049 1262 1113 1306 ι.

295 1329 393 1396 Λᾶ
441 1333 504 1395 4.
560 1350 598 1393 «
628 1326 1018 1397 Affirmative
1049 1348 1113 1395 ν.

292 1416 393 1485 Ad
441 1423 505 1484 5.
559 1438 597 1481 α
631 1415 1018 1484 Affirmative
1050 1438 1113 1481 ι.

295 1506 391 1573 Ad
438 1508 504 1572 6.
559 1525 597 1568 ι
629 1504 1015 1572 Affirmative
1050 1526 1117 1572 ι.

292 1592 389 1660 Ad
442 1597 507 1660 7.
556 1615 598 1660 ι
626 1593 840 1671 Quoad
894 1594 1165 1682 primam
1211 1604 1500 1683 partem,
1548 1595 1755 1679 Nega-

144 1680 334 1761 tive3
387 1681 595 1767 quoad
642 1681 1014 1767 secundam,
1062 1681 1491 1759 Affirmative3
1540 1679 1747 1767 quoad

145 1771 446 1854 tertiam,
494 1768 809 1859 Negative
840 1790 903 1835 ι.

293 1857 389 1925 Ad
441 1861 507 1925 8.
557 1879 595 1922 «
628 1857 972 1946 Negative3
1037 1877 1181 1925 nam
1224 1857 1289 1926 id
1344 1855 1533 1925 unice
1581 1873 1755 1923 com-

141 1945 328 2032 petit
379 1943 706 2035 Episcopis
751 1944 1134 2026 ordinariis;
1184 1956 1251 2013 et
1297 1962 1494 2032 quum
1532 1947 1752 2012 Orator

140 2031 595 2102 Praebendam
639 2032 949 2119 retineat,
999 2053 1258 2102 necesse
1303 2042 1402 2099 est
1450 2043 1519 2099 ut
1572 2030 1754 2122 praxi

146 2121 486 2188 communi
519 2141 588 2188 se
619 2121 1019 2189 conformet:
1067 2121 1397 2205 nimirum,
1432 2130 1504 2188 ut
1550 2138 1751 2187 enun-

145 2208 363 2364 giatae
429 2210 917 2278 benedictiones
994 2210 1403 2299 perficiantur
1469 2228 1503 2275 a
1569 2206 1752 2278 Cele-

196 2307 390 2364 rante
423 2316 487 2364 s.

295 2385 394 2453 Ad
443 2388 512 2454 9.
561 2407 599 2450 «
630 2387 969 2473 Negative,
1020 2387 1098 2456 ad
1142 2386 1413 2475 primam
1460 2397 1749 2473 partem;

148 2484 223 2541 et
259 2474 474 2561 quoad
502 2475 870 2562 secundam,
899 2486 1184 2543 recurrat
1214 2474 1290 2541 ad
1325 2476 1575 2541 Sacram
1599 2476 1754 2540 Cae-

145 2560 529 2629 remonialis
573 2563 1153 2651 congregationem
1184 2585 1250 2629 ι.

297 2648 392 2716 Ad
449 2652 552 2718 10.
603 2672 641 2715 «
672 2648 1062 2718 Affirmative
1109 2650 1177 2719 in
1222 2671 1366 2718 casu
1400 2671 1466 2717 s.

295 2738 508 2824 Atque
564 2738 648 2806 ita
704 2737 1191 2807 rescribendum
1237 2752 1368 2807 rata
1412 2748 1529 2835 est·
1553 2758 1621 2806 ac
1672 2757 1752 2805 ex

149 2826 315 2892 alias
362 2824 552 2893 etiam
597 2827 874 2895 decretis
918 2826 1270 2895 declarare.

296 2914 411 2983 Die
456 2919 539 2984 23
586 2913 983 3005 Septembris
1034 2918 1225 2984 1848.

154 3073 412 3143 2977.
692 3076 1218 3143 MEDtOLANEN.

428 3215 791 3284 Beatissimo
839 3220 1044 3284 Pater.

1524 3076 1751 3165 (aits)

298 3355 835 3446 Arcbiepiscopus
916 3356 1337 3424 Mediolanen.
1429 3356 1753 3426 Sanctitati

155 3449 434 3513 Vestrae
479 3444 754 3513 demisse
799 3445 1128 3540 sequentia
1175 3445 1485 3531 exponit:

297 3531 666 3600 Ambrosius
711 3534 1002 3618 Custodi,
1036 3536 1384 3601 Canonicus
1429 3533 1759 3601 Confessa-

156 3621 299 3688 rius
345 3632 413 3688 et
455 3620 751 3707 Magister
803 3627 1035 3689 Domus
1086 3620 1402 3688 Ecclesiae
1441 3621 1753 3709 collegia·

158 3719 266 3775 tae
317 3708 440 3776 loci
468 3711 665 3797 vulgo
699 3712 1207 3777 Busta-Arsino
1253 3709 1757 3779 Archidioecesis

158 3796 622 3884 mediolanen„
671 3796 735 3863 in
772 3808 978 3864 aetate
1024 3800 1109 3863 58
1155 3814 1467 3864 annornm
1528 3796 1759 3864 consti-

156 3896 386 3969 tutus,
433 3885 791 3974 apopletico
852 3885 1072 3953 morbo
1126 3901 1291 3953 anuo
1336 3885 1551 3975 elapso
1612 3904 1759 3973 per-

160 3974 412 4059 culsus,
462 3973 733 4075 paralysi
764 3972 1113 4060 impeditus
1148 3973 1373 4041 mansit
1403 3974 1610 4061 quoad
1643 3973 1756 4040 de·

162 4071 391 4129 xtrnm
449 4062 775 4129 brachium
824 4081 944 4129 una
991 4079 1138 4128 cum
1185 4082 1399 4130 manu.
1450 4061 1756 4128 Retinens

74 4169 81 4176 ·
162 4160 386 4216 tamen
445 4150 777 4236 expeditas
822 4149 1152 4217 facultates
1198 4151 1506 4217 mentales
1553 4166 1618 4217 et
1665 4150 1757 4218 lo·

161 4236 465 4325 quelam,
512 4256 703 4305 manu
746 4237 993 4305 sinistra
1043 4238 1190 4326 (qua
1238 4240 1428 4306 etiam
1475 4238 1758 4306 scribere

163 4325 371 4393 nitide
416 4325 615 4411 valet)
660 4325 886 4396 didicit
931 4327 1149 4393 Missae
1197 4327 1625 4394 caeremonias
1673 4326 1756 4392 ita

164 4431 483 4502 peragere
516 4424 587 4481 ut
617 4414 928 4483 Parocbus
958 4414 1359 4505 Praepositus
1391 4416 1536 4500 loci,
1578 4434 1757 4502 prae-

164 4501 273 4569 vio
317 4512 579 4589 peracto
626 4502 955 4589 examine,
1009 4503 1221 4571 testari
1264 4503 1576 4589 potuisset
1621 4522 1760 4571 cae-

165 4590 486 4657 remonias
530 4590 841 4679 praecise,
891 4594 1036 4678 rite,
1077 4592 1545 4660 convenienter
1567 4603 1759 4678 atque

167 4679 411 4745 decore
453 4698 488 4744 a
534 4679 857 4767 praedicto
903 4680 1214 4748 canonico
1259 4681 1442 4760 fleri;
1500 4698 1757 4768 quamo-

170 4767 357 4834 brem
425 4766 788 4834 facultatem
855 4769 1098 4835 nissam
1174 4769 1537 4837 celebrandi
1613 4786 1763 4836 con-

168 4853 315 4921 cedi
370 4854 507 4921 iure
568 4867 810 4943 posset.
863 4860 994 4924 Una
1056 4866 1300 4924 tantum
1360 4857 1751 4923 caeremonia

165 4942 243 5008 ad
296 4960 582 5009 normam
634 4944 1031 5011 rubricarum
1063 4944 1139 5012 ab
1172 4945 1403 5011 eodem
1434 4944 1751 5013 canonico

168 5029 306 5097 fieri
370 5031 699 5116 nequibat,
750 5032 969 5100 fractio
1027 5033 1273 5099 scilicet
1312 5032 1561 5101 Hostiae
1608 5045 1753 5100 ante

169 5121 369 5185 Pater
397 5131 654 5202 nostem·
701 5140 826 5187 non
873 5121 1046 5189 enim
1091 5139 1230 5188 eam
1276 5122 1604 5211 frangebat
1650 5141 1751 5186 su·

166 5224 289 5292 per
336 5226 415 5274 cu
466 5226 544 5296 pa
594 5208 838 5295 Calicis,
878 5211 990 5277 sed
1023 5229 1219 5310 super
1248 5212 1497 5295 Patena,
1534 5219 1752 5296 postea

167 5294 414 5383 particu
441 5295 631 5363 amin
656 5296 929 5364 Calicem
962 5296 1342 5367 immittebat
1376 5297 1547 5366 iuxta
1569 5316 1753 5385 prae·

165 5380 397 5471 scripta
444 5384 603 5451 ritus
648 5383 1063 5453 Ambrosiani.

1976 439 2281 508 Omnibus
2311 439 2591 524 attentis,
2641 458 2788 507 cum
2837 440 3046 508 totalis
3089 458 3218 506 non
3252 456 3442 526 appa·

1856 538 2031 596 reret
2091 528 2360 596 dextrae
2418 545 2640 594 manus
2695 540 2763 594 et
2821 528 3055 597 brachii
3119 526 3451 615 paralysis,

1852 616 2285 705 irregularitas
2330 637 2409 684 cm
2437 617 2689 701 defectu
2722 614 2910 683 dubia
2952 614 3451 704 Archiepiscopo

1858 705 2307 773 Mediolanensi
2369 703 2500 771 visa
2563 713 2702 789 est,
2767 722 2963 789 quare
3023 703 3306 792 piissimo
3354 703 3450 771 illi

1853 792 2167 860 Canonico
2194 792 2561 860 facultatem
2594 789 2745 859 fecit
2778 792 3018 860 Missam
3049 791 3447 876 celebrandi,

1858 900 2047 1038 qulam
2092 879 2232 967 ipse
2275 899 2500 967 reapse
2547 881 2689 948 fere
2735 898 2856 968 per
2897 890 3029 947 tres
3062 899 3313 948 menses
3343 899 3452 947 ce·

1864 971 1925 1036 le
1978 968 2166 1036 ravit.

1987 1056 2518 1143 Archiepiscopus
2579 1055 3000 1126 mediolanen.
3064 1056 3307 1139 serius,
3371 1075 3451 1123 ex

1856 1144 2267 1214 ulterioribus
2293 1138 2864 1230 informationibus,
2891 1153 3131 1213 certior
3160 1144 3453 1213 redditus

1856 1234 1939 1301 de
1988 1233 2162 1300 totali
2198 1252 2420 1301 manus
2470 1243 2534 1299 et
2581 1232 2817 1301 brachii
2865 1233 3137 1323 paralysi
3181 1253 3303 1321 qna
3336 1233 3451 1300 de-

1856 1319 2281 1388 stituebantur
2341 1320 2637 1409 quolibet
2694 1332 2916 1405 motu,
2978 1340 3013 1386 a
3057 1320 3233 1388 Missa
3280 1321 3451 1388 cele·

1858 1410 2094 1477 branda
2138 1408 2588 1479 abstinendum
2635 1408 2948 1478 canonico
2986 1410 3202 1495 suasit,
3237 1411 3447 1479 donec

1857 1496 2219 1586 Apostolica
2267 1496 2612 1565 haberetur
2655 1495 3071 1583 dispensatio.

1987 1585 2344 1652 Attendens
2392 1585 2588 1671 igitur
2636 1586 2996 1675 periculum
3037 1585 3314 1654 scandali
3347 1604 3450 1651 re-

1855 1684 2105 1742 motum
2136 1672 2466 1741 dumtaxat
2500 1672 2745 1758 haberi,
2781 1692 2928 1741 cum
2958 1673 3001 1740 ii
3032 1673 3143 1760 qui
3173 1672 3395 1742 nissae
3415 1694 3451 1740 a

1857 1761 2172 1833 canonico
2219 1763 2577 1830 celebratae
2608 1761 2976 1847 adfuerunt,
3011 1763 3223 1851 potins
3256 1780 3446 1850 quam

1855 1849 2152 1919 scandalo
2198 1848 2639 1918 aedificatione
2683 1850 2894 1919 affecti
2938 1851 3065 1917 sint
3109 1852 3192 1919 ob
3237 1868 3453 1918 caere-

1855 1938 2097 2007 monias
2126 1937 2250 2003 rite
2283 1947 2534 2005 exactas
2574 1949 2638 2004 et
2685 1937 3095 2008 devotionem
3127 1939 3453 2009 celebran-

1855 2029 1961 2111 tis,
2010 2025 2171 2112 quin
2213 2026 2452 2113 aliquid
2498 2045 2779 2113 unquam
2827 2026 3036 2094 minus
3067 2026 3455 2095 conveniens

1852 2117 1988 2183 sive
2035 2114 2201 2182 circa
2243 2114 2728 2183 sacramentales
2772 2112 3058 2203 specieS,
3104 2116 3241 2183 sive
3289 2114 3454 2182 circa

1854 2204 2018 2293 ipsas
2048 2201 2472 2270 caeremonias
2502 2201 2839 2271 acciderit:
2889 2203 3223 2272 attendens
3269 2221 3452 2292 prae-

1854 2304 2032 2360 terea
2093 2292 2317 2359 merita
2375 2290 2642 2391 praefati
2703 2290 2997 2359 canonici
3020 2340 3038 2377 ,
3108 2290 3219 2378 qui
3241 2339 3260 2375 ,
3314 2289 3452 2378 pie·

1858 2392 1986 2448 tate
2032 2401 2102 2448 ac
2149 2381 2288 2447 aliis
2337 2378 2676 2447 virtutibus
2724 2378 3124 2468 praecellens
3169 2399 3240 2447 ac
3276 2377 3453 2445 omni

1856 2470 2092 2557 dignus
2145 2467 2745 2553 commendatione,
2810 2484 3034 2556 magna
3095 2467 3265 2556 apud
3330 2464 3455 2535 loci

1843 2560 2093 2626 'incolas
2163 2555 2630 2625 existimatione
2691 2555 2969 2646 gaudet;
3040 2556 3453 2626 sanctitatem

1858 2649 2145 2714 Vestram
2204 2634 2734 2733 Archiepiscopus
2783 2644 3208 2715 Mediolanen.
3259 2644 3458 2711 enixe
3538 2667 3544 2671 ·

1860 2746 2079 2801 exorat
2129 2744 2197 2802 nt
2246 2732 2587 2822 benignam
2634 2732 3173 2822 dispensationem
3219 2732 3454 2802 adicta

1855 2822 2323 2909 irregularitate
2376 2841 2456 2888 σω
2499 2822 2751 2907 defectu
2812 2820 3114 2910 praefate
3142 2820 3456 2889 Canonico

1858 2909 2216 2978 concedere
2276 2911 2457 2995 velit,
2524 2921 2594 2978 ut
2655 2910 2731 2979 ad
2780 2908 3115 2998 spirituale
3159 2908 3454 2980 solatium

1860 2998 2104 3067 Missam
2149 2999 2478 3067 celebrare
2526 2999 2757 3066 valeat.

1989 3086 2431 3155 Sanctissimns
2491 3088 2743 3174 itaque,
2799 3087 3129 3155 referente
3177 3084 3455 3155 subscri·-

1858 3187 1972 3270 pto
2007 3180 2233 3244 Sacrae
2280 3175 2540 3245 Rittium
2591 3174 3116 3261 congregationis
3161 3179 3456 3243 Secreta-

1857 3266 1977 3349 rio,
2004 3264 2261 3330 attentis
2294 3263 2597 3354 expositis
2630 3282 2697 3329 ac
2733 3261 3259 3331 testimonialibus
3285 3262 3455 3328 litte-

1859 3353 1943 3419 ris
1966 3352 2505 3422 Reverendissimi
2525 3350 3000 3453 Arcbiepiscopi
3028 3350 3450 3419 Mediolanen.

1859 3441 2197 3527 habitaque
2261 3442 2327 3509 in
2381 3440 2633 3528 scriptis
2689 3450 3005 3507 sententia
3056 3438 3319 3506 alterius
3372 3455 3455 3503 ex

1859 3529 2341 3599 consultoribus
2387 3528 2765 3617 Theologis,
2816 3527 2900 3594 de
2945 3527 3201 3615 speciali
3251 3523 3449 3626 gratia

1861 3618 2076 3686 eidem
2121 3618 2399 3686 Antistiti
2447 3618 2777 3687 facultates
2809 3635 3032 3685 omnes
3072 3631 3455 3684 necessarias

1860 3717 1925 3774 et
1973 3717 2360 3795 opportunas
2408 3706 2666 3791 tribuit,
2714 3715 2786 3773 ut
2832 3718 3149 3773 oratorem
3196 3704 3455 3794 dispen-

1857 3813 1995 3863 sare
2046 3796 2248 3861 valeat
2293 3813 2510 3881 super,
2535 3793 2822 3882 exposita
2863 3793 3332 3881 irregularitate
3378 3807 3456 3856 σω

1859 3885 2157 3969 defectu:
2217 3881 2378 3950 adeo
2443 3893 2513 3951 ιιι
2572 3902 2719 3950 cum
2779 3881 3126 3950 assistentia
3193 3881 3456 3948 alterius

1860 3971 2215 4040 Sacerdotis
2247 3982 2417 4038 cotta
2447 3972 2681 4055 induti,
2709 3972 2946 4038 iterum
2979 3972 3457 4038 sacrosanctum

1863 4060 2079 4127 Missae
2122 4058 2512 4129 Sacrificium
2564 4060 2737 4127 licite
2770 4079 2839 4126 ac
2873 4057 3078 4126 libere
3125 4057 3455 4125 celebrare

1861 4162 2080 4236 queat,
2130 4148 2195 4215 in
2241 4148 2541 4215 Ecclesiis
2590 4159 2804 4215 tamen
2853 4147 2974 4214 loci
3022 4155 3269 4213 tantum
3315 4143 3450 4231 ubi,

1862 4237 2117 4324 cognito
2178 4236 2551 4319 infortunio,
2614 4235 2979 4302 scandalum
3040 4245 3451 4321 removetur3

1861 4323 2211 4394 dnmmodo
2269 4337 2414 4412 post
2468 4324 2733 4393 formale
2782 4322 3301 4410 experimentum
3353 4339 3456 4386 co-

1861 4432 1993 4482 ram
2041 4413 2620 4481 caeremoniarium
2644 4411 3089 4500 Episcopalem
3121 4408 3225 4475 vel
3258 4407 3457 4475 alium

1862 4506 2278 4573 Sacerdotem
2321 4501 2383 4568 in
2417 4499 2858 4568 ecclesiasticis
2887 4496 3316 4566 caeremoniis
3348 4514 3453 4584 ap-

1860 4592 2071 4677 prime
2117 4599 2441 4657 versatum
2500 4588 2578 4654 ab
2639 4589 2773 4677 ipso
2830 4586 3175 4656 Sacerdote
3221 4585 3456 4652 iteran-

1865 4682 2060 4764 dum,
2109 4679 2193 4747 nil
2241 4677 2411 4744 aliud
2464 4677 2764 4765 impediat
2824 4673 3166 4762 quominus
3211 4674 3455 4740 Missam

1864 4768 2178 4835 celebret.
2651 4815 2656 4820 .

1990 4854 2333 4922 Contrariis
2402 4852 2910 4940 quibuscumque
2969 4847 3456 4939 disponentibus

1861 4943 2125 5011 minime
2174 4941 2588 5009 obstantibus.
2839 4970 2848 4980 ·

1991 5032 2101 5098 Die
2149 5034 2231 5098 27
2279 5029 2677 5117 Septembris
2730 5031 2924 5097 1848.

1862 5174 2115 5243 29⁷8.
2329 5177 2556 5242 URBIS
2601 5173 2702 5238 ET
2746 5171 2991 5240 olims.
3227 5163 3453 5255 (5143)

1990 5299 2331 5389 Redempti
2378 5316 2596 5366 sumus
2652 5298 2713 5366 in
2760 5294 3011 5365 Domini
3056 5293 3267 5362 Nostri
3314 5298 3454 5362 lesu

1858 5387 2093 5464 christi
2138 5388 2486 5477 Sanguine,
2536 5387 2646 5475 qui
2681 5385 2986 5455 emundat
3021 5403 3137 5452 nos
3168 5381 3244 5450 ab
3274 5382 3452 5451 omni
