4042 5950
2053 169 2525 250 -440-

648 333 757 403 die
801 337 1175 419 coadunata,
1226 335 1554 402 referente
1597 332 1957 420 subscripto
2009 335 2234 399 Secre-

650 423 835 507 tario,
859 443 952 524 ‘re
999 433 1246 492 attente
1292 422 1713 506 considerata,
1747 419 2233 488 rescribendum

657 520 1023 668 eoaiuffihu
1085 598 1331 666 obstare
1363 647 1382 684 ,
1430 597 1773 684 quominus
1840 595 2107 682 Cingula
2170 597 2235 661 in

654 686 953 774 precibus
1001 686 1331 756 enunciata
1374 684 1662 753 adbiberi
1718 684 1957 773 possint
1991 705 2057 749 ν.

786 775 896 843 Die
944 780 1027 844 23
1075 774 1443 842 Decembris
1495 777 1689 841 1862.

661 948 901 1019 3119.

1109 951 1337 1016 unsis
1383 952 1482 1015 ur
1527 951 1773 1016 onais.
2007 946 2234 1035 (iisse)

1224 1108 1392 1172 PIUS
1436 1107 1548 1170 PP.
1599 1107 1681 1173 IX

915 1247 1003 1293 an
1049 1246 1427 1293 rannerus!
1474 1246 1577 1293 nui
1625 1245 1987 1294 usnemu.

794 1386 972 1463 Quod
1018 1384 1393 1473 iampridem
1426 1386 1502 1453 ab
1532 1387 1649 1453 hac
1683 1385 2044 1473 Apostolica
2076 1387 2244 1453 Sede

665 1473 1025 1540 communia
1070 1473 1364 1540 fidelium
1408 1483 1552 1540 vota
1609 1492 1968 1561 precesque
2029 1485 2248 1562 postu-

668 1561 986 1645 laverant,
1034 1561 1334 1647 quodque
1395 1561 1472 1627 ad
1520 1563 1878 1648 augendam
1947 1561 2011 1629 in
2058 1561 2247 1628 terris

669 1648 1068 1716 Beatissimae
1114 1647 1449 1716 Genitricis
1495 1650 1606 1714 Dei
1655 1648 1924 1735 gloriam
1971 1650 2245 1717 maxime

757 1736 1059 1819 rtinebat,
1110 1736 1170 1803 id
1229 1737 1354 1803 Nos
1415 1736 1672 1803 tandem
1717 1736 1932 1804 divino
2000 1736 2248 1805 afflante

716 1823 914 1911 piritu
961 1823 1415 1910 praestitimus,
1463 1843 1663 1909 quum
1708 1837 1891 1893 sexto
1946 1826 2096 1892 ldus
2139 1829 2252 1892 De-

670 1910 941 1985 cembris
972 1911 1135 1978 Anni
1166 1911 1487 1979 millesimi
1519 1911 2033 2000 octingentesimi
2064 1914 2251 1999 quin·

669 1998 1014 2085 quagesimi
1049 1998 1257 2085 quarti
1303 1999 1367 2067 in
1412 1999 1812 2071 Patriarchali
1846 2000 2093 2067 Basilica
2129 2003 2251 2068 No-

669 2096 795 2152 stra
817 2084 1134 2172 Vaticana,
1152 2086 1661 2173 frequentissima
1685 2087 1971 2154 adstante
1997 2090 2063 2156 S.
2079 2092 2155 2156 11.
2172 2092 2250 2155 E.

672 2172 1102 2240 Cardinalium
1150 2184 1215 2240 et
1262 2176 1597 2241 Sacrorum
1662 2175 2030 2242 Antistitum
2077 2195 2258 2243 coro-

676 2280 779 2343 na,
829 2261 1414 2350 pronunciavimus,
1462 2262 1922 2330 declaravimus
1979 2284 2052 2331 ac
2099 2263 2257 2330 defi-

674 2347 981 2415 nivimus:
1046 2350 1457 2430 Docti-inani,
1511 2369 1674 2434 quae
1721 2360 1887 2418 tenet
1947 2353 2256 2417 Beatissi-

674 2454 846 2501 mam
899 2438 1219 2522 Virginem
1264 2440 1548 2505 Mariam
1593 2439 1664 2502 in
1705 2441 1917 2523 primo
1970 2442 2257 2507 instanti

674 2543 831 2591 suas
859 2525 1299 2610 Conceptionis
1321 2526 1526 2609 fuisse
1547 2525 1880 2610 singulari
1906 2529 2020 2594 Dei
2046 2523 2258 2594 Omni·

672 2614 954 2696 potestis
999 2615 1222 2698 qratia
1266 2623 1326 2678 ot
1374 2611 1756 2698 privilegio,
1821 2617 2085 2681 intuitu
2136 2634 2260 2680 mc·

675 2701 960 2765 ritorum
1005 2703 1146 2765 Iesu
1203 2699 1450 2767 Christi
1511 2702 1936 2786 Redemptum
1983 2702 2259 2770 humani

682 2790 955 2871 qnaeris,
984 2787 1059 2854 ab
1090 2791 1264 2853 omni
1301 2787 1646 2873 originalis
1677 2790 1899 2875 culpae
1918 2790 2050 2858 labe
2074 2809 2259 2876 prae-

679 2884 1030 2958 servatam,
1075 2895 1202 2942 esse
1247 2896 1287 2942 α
1335 2877 1457 2942 Deo
1502 2878 1874 2962 revelatam,
1924 2888 2118 2962 atque
2162 2880 2260 2945 ia-

680 2964 855 3029 circo
901 2962 975 3030 ab
1005 2963 1296 3031 omnibus
1324 2964 1608 3052 fidelibus
1646 2966 1923 3053 firmiter
1963 2977 2262 3034 constan·

682 3061 899 3137 terque
943 3052 1336 3119 credendam.
1395 3051 1659 3121 Difficile
1707 3074 1898 3141 porro
1945 3055 2121 3123 dictu
2169 3065 2262 3123 est

683 3150 920 3226 quanto
972 3140 1205 3206 exinde
1252 3140 1485 3227 gaudio
1543 3141 1782 3229 perfusi
1840 3143 2082 3211 luerint
2124 3143 2264 3211 uni-

684 3227 849 3295 versi
897 3227 1204 3296 Catholici
1260 3228 1439 3296 Orbis
1482 3229 1810 3299 Antistites
1873 3250 2020 3298 cum
2074 3232 2263 3298 clero

682 3334 824 3400 suo,
871 3335 993 3382 nec
1038 3332 1168 3383 non
1210 3316 1532 3403 Principes
1576 3318 1697 3384 viri
1765 3319 2097 3405 ceterique
2156 3338 2265 3385 cu·

688 3402 1063 3489 iuscumque
1109 3402 1346 3472 ordinis
1392 3404 1620 3471 fideles
1651 3454 1668 3489 ,
1715 3406 1870 3493 quip
1920 3426 1956 3472 e
2016 3406 2127 3492 qui
2173 3406 2266 3473 in-

686 3488 1002 3556 flammato
1047 3491 1260 3558 studio
1306 3491 1507 3577 ducti,
1555 3492 1799 3560 honore
1901 3492 2073 3561 ebito
2117 3512 2267 3580 pro·

684 3577 995 3663 sequendi
1028 3577 1486 3645 immaculatam
1517 3580 1848 3668 Virginem
1878 3580 2268 3649 Genitricem

687 3665 798 3764 Dei
844 3664 1098 3731 Mariam
1125 3667 1437 3733 maiorum
1484 3669 1778 3770 exempla
1808 3669 2138 3751 aemulati,
2171 3669 2266 3737 id·

686 3771 708 3816 i
788 3769 900 3818 um
930 3753 1263 3821 novissima
1294 3754 1406 3820 hac
1451 3764 1656 3823 aetate
1689 3757 1927 3824 iteratis
1971 3755 2269 3845 precibus

690 3858 724 3905 a
812 3840 928 3907 hac
957 3842 1181 3907 Sancta
1211 3841 1382 3909 Sede
1412 3842 1930 3929 imploraverant.
1979 3847 2109 3914 Nos
2128 3846 2270 3930 qui·

692 3928 842 3995 dem
887 3929 998 3995 vix
1041 3927 1198 3996 dum
1241 3929 1320 3996 ad
1369 3929 1702 3998 universae
1727 3932 2056 4000 Ecclesiae
2102 3936 2270 4021 regi-

691 4033 866 4101 men,
902 4016 1148 4083 meritis
1177 4016 1328 4083 licet
1359 4017 1730 4105 imparibus,
1766 4021 1975 4087 evecti
2005 4020 2268 4107 fuimus,

691 4103 758 4172 id
804 4104 1149 4191 praecipue
1218 4105 1573 4172 curavimus
1617 4119 1689 4172 ιιι
1754 4108 2109 4175 secundum
2155 4115 2274 4177 Ec-

693 4191 922 4259 clesiae
967 4202 1110 4259 vota
1176 4211 1251 4260 ea
1295 4211 1749 4282 perageremus
1808 4214 1970 4281 quae
2025 4197 2102 4264 ad
2166 4217 2274 4265 au-

693 4280 982 4366 gendum
1024 4281 1328 4370 Deiparae
1359 4281 1636 4369 Virginis
1683 4282 1928 4352 cultum
1988 4286 2273 4370 pertine·

697 4377 867 4453 rent,
914 4379 1116 4455 utque
1158 4368 1731 4438 excellentissimae
1780 4370 1948 4438 illius
1993 4372 2178 4441 dotes
2212 4383 2273 4439 et

696 4455 922 4523 collata
965 4456 1267 4524 divinitus
1293 4457 1625 4545 privilegia
1669 4471 1862 4546 atque
1907 4472 2276 4528 ornamenta

693 4541 989 4611 fidelium
1034 4545 1233 4612 oculis
1279 4545 1507 4612 clarius
1551 4545 1976 4627 nitescerent;
2026 4567 2147 4634 qua
2192 4549 2274 4617 de

696 4650 879 4698 causa
942 4650 1179 4699 novum
1254 4633 1752 4701 ecclesiasticum
1807 4635 2092 4703 Officium
2161 4655 2274 4705 no-

695 4736 968 4806 vamque
999 4720 1241 4787 nissam
1272 4721 1781 4809 approbavimus,
1819 4733 1889 4790 ut
1932 4724 2279 4792 solemnius

696 4806 1133 4875 celebraretur
1169 4812 1426 4875 Festum
1462 4810 1862 4879 Beatissimae
1893 4811 2170 4899 Virginis
2197 4813 2279 4879 si·

694 4913 778 4961 ne
811 4895 954 4963 labe
985 4895 1274 4982 originali
1305 4908 1690 4985 conceptae;
1726 4908 1915 4985 atque
1939 4901 2031 4966 ita>
2054 4918 2277 4967 arcano

693 4982 807 5048 Dei
858 4983 1147 5067 consilio,
1180 5002 1308 5051 non
1353 4983 1727 5055 intermissis
1759 4987 2124 5054 huiusmodi
2172 5008 2278 5054 cu-

698 5071 809 5152 ris,
859 5070 957 5136 via
1004 5072 1480 5157 quodammodo
1526 5073 1724 5140 sterni
1753 5075 1882 5141 visa
1915 5084 2013 5140 est
2061 5076 2136 5142 ad
2182 5093 2278 5139 so-

659 5155 915 5226 .lemne
985 5160 1308 5228 edendum
1353 5163 1697 5229 Decretum
1729 5209 1747 5245 ,
1795 5162 1968 5248 quod
2031 5163 2117 5230 de
2162 5162 2278 5228 iin-

699 5243 1012 5337 maculato
1055 5247 1352 5334 Deiparae
1422 5258 1731 5335 conceptu
1780 5259 2127 5315 memorata
2170 5248 2277 5317 die

2334 340 2527 431 atque
2582 347 2747 396 anno
2805 323 3387 417 pronunciavimus.
3448 329 3920 402 Veruntamen,
4000 397 4001 408 ἶ

2335 435 2635 503 quoniam
2664 414 3092 484 necessarium
3137 432 3279 479 esse
3310 415 3609 481 novimus
3656 419 3730 477 ut
3777 427 3921 476 cua

2335 508 2486 595 lege
2553 503 2857 572 credendi
2928 503 3038 570 lex
3091 501 3423 568 conveniat
3486 496 3925 589 supplicandi,

2336 594 2577 661 idcirco
2645 612 2725 659 eo
2779 611 2962 658 curas
3026 593 3281 658 Nostras
3348 590 3795 657 convertimus
3858 595 3927 651 ut

2338 700 2579 751 novum
2609 679 3003 747 conderetur
3021 676 3311 745 Officium
3341 696 3489 744 cum
3523 695 3693 744 nova
3722 673 3925 754 lissa,

2340 783 2470 837 tam
2516 770 2580 836 in
2626 768 2855 854 Vigilia
2901 785 3090 853 quam
3135 765 3201 834 in
3245 768 3430 832 Festo
3480 761 3931 832 immaculatae

2340 855 2834 944 Conceptionis,
2882 853 3114 941 quibus
3173 853 3419 941 singula
3486 852 3649 920 haec
3709 869 3791 917 ex
3840 868 3933 914 or·

2342 947 2493 1014 dine
2525 944 2890 1012 recolantur
2918 952 2984 1009 et
3015 940 3372 1010 faustissimi
3418 950 3695 1006 eventus
3732 937 3934 1004 series
4000 977 4001 1014 3

2343 1032 2573 1101 futuris
2642 1031 2709 1099 in
2774 1039 3103 1118 posterum
3174 1028 3481 1096 aetatibus
3552 1028 3927 1094 innotescat.

2344 1126 2658 1205 lamvero,
2690 1136 2890 1206 quum
2934 1116 3297 1185 huiusmodi
3328 1135 3489 1205 opus
3519 1116 3600 1182 ad
3639 1124 3928 1213 optatum

2346 1209 2594 1276 exitum
2623 1207 3010 1296 perductum
3046 1206 3153 1290 sit,
3177 1212 3607 1273 memoratum
3642 1200 3931 1270 Officium

2347 1298 2721 1383 Hissamque
2752 1294 3281 1382 respondentem,
3308 1292 3397 1359 de
3424 1289 3695 1358 consilio
3741 1307 3933 1377 pecu·

2349 1385 2517 1452 liaris
2569 1382 3088 1471 congregationis
3142 1386 3478 1450 Sacrorum
3536 1378 3809 1446 Rituum
3859 1376 3932 1442 ad

2346 1473 2409 1541 id
2456 1473 2744 1562 apposite
2796 1490 2916 1560 per
2958 1473 3086 1538 Nos
3129 1469 3498 1557 deputatae,
3541 1465 3936 1533 Auctor-itate

2349 1565 2573 1629 Nostra
2617 1558 2976 1648 Apostolica
3019 1556 3494 1646 approbandam
3548 1552 3938 1651 existimavi-

2352 1669 2517 1717 mus.
2601 1653 2819 1735 ltaque
2887 1646 2967 1713 de
3044 1646 3337 1713 eiusdem
3408 1640 3937 1731 congregationis

2352 1737 2642 1819 consilio,
2691 1745 2865 1803 certa
2909 1732 3167 1800 scientia
3213 1753 3283 1799 ac
3327 1742 3573 1798 matura
3618 1730 3935 1796 delibera·

2355 1826 2524 1894 tione
2570 1827 2792 1892 Nostra
2839 1821 3009 1888 idem
3070 1819 3359 1889 Officium
3406 1821 3793 1903 nissamque
3852 1815 3937 1883 01-

2352 1915 2496 1982 ficio
2541 1912 3043 2001 respondentem
3075 1957 3094 1993 ,
3143 1928 3261 1977 nec
3326 1928 3455 1975 non
3524 1907 3783 1973 nissam
3829 1921 3938 1990 pro

2354 2001 2580 2088 Vigilia
2638 1999 3083 2067 Immaculatae
3140 1994 3590 2083 conceptionis
3650 1994 3938 2060 Auctori·
4000 2039 4001 2056 ,

2355 2100 2479 2156 tate
2525 2091 2749 2156 Nostra
2797 2087 3153 2174 Apostolica
3214 2104 3332 2174 per
3395 2095 3775 2172 praesentes
3824 2079 3942 2147 Lit—
4000 2135 4001 2152 ,

2354 2189 2517 2244 teras
2550 2176 2915 2263 probamus,
2949 2174 3305 2260 eademque
3335 2170 3732 2238 Auctoritate
3764 2188 3941 2269 prae-
4000 2185 4001 2254 ι

2356 2264 2655 2353 cipimus,
2702 2271 2777 2329 ut
2820 2262 2941 2328 hoc
2986 2260 3176 2329 unice
3218 2259 3506 2359 Officium
3580 2272 3650 2324 et
3696 2261 3943 2354 Missam

2354 2352 2745 2440 quicumque
2791 2349 2875 2417 de
2921 2350 3109 2417 Clero
3172 2349 3454 2417 seculari
3500 2359 3569 2412 et
3611 2344 3939 2431 Regulam,
4000 2385 4001 2396 η

2357 2460 2485 2509 non
2530 2438 2807 2506 exclusis
2852 2436 3249 2519 monialibus,
3296 2436 3375 2503 ad
3421 2439 3617 2501 Horas
3680 2431 3943 2500 Canoni-

2359 2550 2459 2596 cas
2506 2528 2961 2615 persolvendas
3006 2541 3414 2611 quocumque
3450 2523 3637 2589 titulo
3685 2531 3943 2588 tenean-

2344 2629 2466 2684 tur
2493 2666 2510 2701 ,
2570 2634 2893 2683 assumere
2960 2614 3279 2693 debeant;
3350 2616 3583 2680 Romae
3646 2608 3943 2698 quidem,

2360 2714 2550 2791 atque
2596 2705 2704 2771 ubi
2768 2700 2907 2770 fieri
2970 2702 3306 2770 commode
3355 2700 3589 2789 possit,
3640 2700 3770 2766 hoc
3826 2697 3947 2784 ipso
4000 2755 4001 2762 ,

2362 2811 2522 2859 anno
2547 2802 2870 2873 vertente,
2891 2789 3037 2856 alibi
3062 2809 3215 2855 vero
3239 2787 3729 2876 sequentianno
3758 2789 3947 2864 186⁸,
4000 2775 4001 2830 ¹

2362 2879 2484 2947 sub
2525 2897 2728 2966 poena
2757 2877 2964 2947 Divini
3009 2875 3209 2945 Officii
3236 2895 3402 2943 onus
3444 2874 3714 2942 minime
3752 2872 3950 2940 adini-

2363 2967 2611 3057 plendi.
2661 2968 2753 3034 Ne
2799 2965 2943 3053 quis
2974 2985 3130 3033 vero
3160 2975 3421 3051 reputet
3449 2960 3775 3050 peculiari
3806 2979 3951 3046 quo·
4000 3016 4001 3027 ,

2364 3074 2638 3158 cumque
2687 3055 2874 3156 titulo
2923 3054 3115 3155 etiam
3158 3052 3487 3155 speciatim
3553 3048 3951 3149 designando

2364 3143 2731 3213 huiusmodi
2777 3143 3062 3230 generali
3118 3152 3620 3230 praescriptione
3686 3153 3951 3205 manime
4000 3176 4001 3221 ι

2369 3231 2853 3321 comprehendi,
2905 3231 3294 3298 Auctoritate
3340 3231 3563 3296 Nostra
3590 3225 3951 3322 Apostolica

2368 3320 2692 3387 abolemus
2717 3328 2783 3386 et
2811 3319 3266 3407 proscribimus
3294 3316 3753 3403 quodcumque
3788 3311 3951 3377 aliud

2367 3408 2655 3478 Officium
2702 3404 3280 3493 et'quamcumque
3342 3406 3527 3472 aliam
3574 3400 3952 3500 Missamde

2370 3497 2770 3565 Immaculata
2800 3495 3263 3583 Conceptione,
3297 3494 3485 3561 etiam
3532 3492 3584 3558 si
3622 3491 3757 3558 sint
3804 3500 3952 3587 ritus

2370 3606 2405 3652 a
2448 3589 2726 3653 Romano
2772 3582 3036 3666 diversi,
3084 3602 3155 3649 ac
3203 3583 3356 3649 licet
3399 3577 3705 3668 singulari
3766 3594 3950 3663 privi-

2375 3673 2543 3762 legio
2612 3690 2912 3738 concessa
2976 3671 3215 3738 fuerint
3241 3721 3259 3756 ‚
3311 3669 3500 3736 etiam
3568 3667 3949 3761 cuicumque

2370 3760 2591 3830 Ordini
2619 3758 2956 3847 Regulam
2989 3779 3060 3825 ac
3085 3759 3380 3826 iubemus
3409 3768 3484 3824 ut
3514 3756 3579 3822 in
3607 3754 3801 3821 novis
3831 3751 3949 3818 edi·

2374 3848 2651 3916 tionibus
2697 3846 2995 3913 Breviarii
3049 3857 3113 3912 et
3158 3845 3416 3915 lissalis
3448 3845 3567 3912 boc
3610 3842 3814 3909 unice
3859 3858 3949 3926 ap—

2375 3949 2642 4024 ponatur
2702 3933 2990 4002 Dfficium
3055 3934 3120 4002 in
3165 3953 3435 4023 corpore
3489 3929 3850 4012 Breviarii,
3894 3936 3950 4028 et

2374 4026 2550 4091 Missa
2611 4022 3011 4109 imprimatur
3076 4023 3142 4090 in
3191 4040 3459 4109 corpore
3525 4017 3793 4085 Missalis
3859 4016 3950 4081 die

2373 4117 2417 4180 8
2462 4110 2853 4179 Decembris.
2905 4115 2982 4178 Et
3029 4111 3329 4198 quonism
3373 4107 3722 4176 nonnullae
3756 4109 3949 4202 Regi}-

2378 4200 2603 4267 larium
2636 4199 2932 4267 Familiae
2968 4199 3159 4267 ritum
3202 4206 3457 4265 servant
3488 4217 3523 4263 a
3549 4199 3841 4263 Romano
3870 4195 3949 4287 di·

2375 4307 2656 4373 versum,
2691 4288 2989 4355 volumus
3032 4298 3105 4354 ut
3150 4286 3321 4372 ipsae
3369 4283 3748 4372 quantocius
3782 4283 3949 4347 exhi·

2379 4374 2530 4442 bere
2561 4386 2899 4444 teneantur
2944 4373 3433 4463 congregationi
3474 4375 3838 4472 Sacrorum·
3867 4368 3952 4436 Ri-

2379 4477 2560 4530 tuum
2607 4483 2726 4551 pro
2772 4472 3135 4551 opportuno
3181 4462 3472 4529 examine
3520 4470 3587 4531 et
3641 4474 3951 4526 revisions

2376 4551 2730 4619 additiones
2774 4563 2882 4617 aut
2930 4550 3305 4618 variationes
3351 4569 3468 4638 pro
3518 4549 3609 4615 rio
3658 4548 3819 4614 ritui
3868 4566 3951 4612 re-

2376 4638 2789 4727 spondentes.
2839 4642 3003 4706 Haec
3048 4639 3370 4722 volumus,
3417 4638 3484 4705 iu
3568 4655 3737 4721 mus,
3790 4654 3951 4702 man·

2380 4727 2625 4812 damus,
2677 4725 3028 4810 contrariis,
3062 4725 3323 4813 speciali
3369 4726 3519 4793 licet
3562 4736 3761 4809 atque
3809 4722 3949 4790 indi·

2381 4815 2573 4883 vidua
2601 4816 2928 4883 mentione
2960 4814 3193 4899 dignis,
3228 4833 3357 4881 non
3391 4813 3788 4881 obstantibus
3834 4811 3951 4898 qui·

2382 4901 2805 4990 buscumque.

2513 4996 2738 5058 Datum
2766 4995 3003 5060 Romae
3034 4991 3203 5080 apud
3235 4993 3533 5061 Sanctum
3557 4992 3821 5059 Petrum
3848 4985 3947 5054 suh

2383 5079 2636 5145 Annulo
2682 5080 3009 5147 Piscatoris
3052 5079 3160 5147 die
3208 5083 3294 5145 25
3340 5077 3737 5167 Septembris
3774 5079 3943 5155 ¹863.
4000 5118 4001 5121 =

2382 5166 2785 5235 Pontificatus
2832 5167 3039 5235 Nostri
3085 5172 3267 5237 Anno
3320 5170 3790 5235 Decimoctavo.

2775 5258 2851 5323 N.
2903 5257 3090 5324 Card.
3139 5261 3535 5323 Panaciam
3579 5258 3908 5325 Cuma.
4000 5214 4001 5279 l
