4042 5950
2043 277 2511 371 -180'-

644 451 709 522 in
756 451 1045 542 Hispania
1093 452 1217 519 ritu
1267 448 1510 540 duplici
1557 449 1808 536 minori,
1841 448 2226 516 Lectiones}

643 543 952 609 Nocturni
998 541 1278 608 debeant
1324 540 1574 606 recitari
1620 541 1706 605 de
1740 538 2088 625 Scriptura,
2120 538 2226 604 vel

644 631 857 715 potius
901 629 990 696 de
1035 628 1409 708 Communi;
1460 648 1604 695 cum
1642 627 1759 694 hoc
1805 619 2064 693 F'estum
2119 625 2226 691 ba·

642 717 786 784 beat
830 718 1033 804 prima
1079 716 1496 806 Respousoria
1541 714 1799 802 propria
1847 722 1912 779 et
1958 712 2078 777 boc
2133 712 2225 778 vi‘-

642 806 870 873 deatur
915 806 1113 958 {pagis
1161 803 1488 870 conforme
1546 820 1691 870 cum
1752 821 1869 868 usu
1925 800 2225 867 Breviarii

643 893 905 959 Romani

775 986 837 1046 ὅ.
889 984 1048 1048 Cum
1096 980 1160 1046 in
1206 978 1521 1065 aliquibus
1565 976 1899 1047 Breviariis
1933 975 1997 1041 in
2026 974 2226 1041 Festis

644 1071 757 1135 SS.
793 1068 1042 1153 Canuti,
1078 1067 1585 1154 hermenegildi,
1616 1063 1971 1132 wenceslai
2007 1074 2073 1127 et
2103 1066 2226 1129 Ve-

644 1155 841 1222 nantii
884 1160 1226 1242 Martyrum
1274 1157 1527 1241 legatur
1570 1153 1831 1219 Humilia
1891 1154 1955 1217 S.
2006 1151 2223 1216 Hiero·

502 1276 507 1282 ·
643 1244 820 1331 nymi
865 1242 1224 1329 Presbyteri
1269 1261 1468 1330 super
1498 1239 1844 1327 Evangelio
1876 1240 2086 1306 Nolite
2117 1258 2224 1304 or·

643 1331 914 1413 hierarc,
950 1330 1315 1419 quaeritur:
1365 1331 1647 1397 An‘baec
1679 1326 1942 1394 Humilia
1972 1325 2222 1392 recitari

644 1418 878 1485 debeat
925 1419 992 1485 in
1019 1417 1206 1484 dictis
1253 1417 1755 1495 Festivitatibus;
1795 1414 1899 1480 vel
1932 1433 2095 1501 quae
2125 1433 2227 1479 re-
2277 1495 2286 1501 .

643 1506 893 1593 peritur
938 1506 1003 1571 in
1048 1506 1183 1571 aliis
1228 1505 1562 1574 Breviariis
1620 1523 1817 1656 super
1874 1502 2225 1588 Evangelio

645 1595 720 1661 Si
764 1598 915 1677 quis
959 1597 1160 1674 venit,
1216 1595 1290 1661 Si
1331 1596 1482 1677 quis
1526 1591 1668 1658 vult

778 1685 841 1747 6.
893 1687 989 1747 An
1036 1681 1099 1746 in
1144 1685 1329 1747 Festo
1375 1679 1702 1747 Patrocinii
1744 1683 1811 1745 B.
1847 1682 1930 1743 Μ.
1965 1682 2040 1744 V.
2077 1694 2224 1743 cum

650 1770 1028 1834 transfertur
1072 1767 1149 1832 ad
1182 1768 1575 1853 Adventum,
1606 1767 1893 1833 Officium
1924 1765 2086 1831 sumi
2120 1765 2227 1830 de·

647 1856 793 1922 beat
839 1875 921 1921 ex
965 1855 1139 1922 dicto
1185 1867 1503 1943 tempore,
1537 1856 1639 1921 vel
1672 1854 1886 1941 potius
1919 1853 1998 1920 de
2039 1857 2224 1919 Festo

648 1947 715 2009 B:
766 1946 848 2009 Μ.
893 1948 969 2012 V.
1034 1944 1111 2010 ad
1167 1941 1405 2011 Nives?
1446 1948 1527 2010 Et
1587 1961 1736 2009 cum
1792 1941 1858 2012 iu
1913 1938 2225 2026 aliquibus

648 2030 982 2097 Breviariis
1018 2031 1081 2097 in
1111 2031 1450 2121 antiphona
1483 2032 1558 2098 ad
1593 2033 1971 2117 magnificat
2017 2040 2081 2094 et
2112 2032 2231 2094 Re-

647 2119 1045 2205 sponsorium
1079 2122 1182 2185 Vll
1228 2121 1479 2205 legatur
1518 2122 1724 2188 Tuum
1766 2120 2078 2185 Sanctum
2101 2120 2227 2182 Pa-

650 2211 1031 2290 trocinium,
1068 2207 1145 2273 in·
1161 2208 1295 2273 aliis
1344 2226 1495 2272 vero
1537 2210 1741 2272 Tuam
1775 2207 2086 2272 Sanctam
2119 2207 2228 2269 Fe-

646 2298 1003 2361 stivitatem
1018 2319 1046 2376 ‚-
1078 2294 1442 2380 quaeritur:
1477 2296 1793 2370 Quaenam
1826 2314 1905 2360 ex
1938 2294 2036 2359 bis
2072 2293 2226 2359 dua-

651 2383 765 2448 bus
814 2383 1194 2449 lectionibus
1238 2381 1537 2469 amplecti
1585 2380 1859 2448 debeat?
1902 2380 1996 2467 (t)

780 2474 845 2536 7.
892 2473 1007 2536 An
1075 2490 1224 2536 cum
1293 2469 1600 2536 recitatur
1666 2469 2040 2535 matutinum
2110 2487 2227 2554 pro

646 2558 825 2624 Feria
871 2561 917 2623 ll
965 2558 1029 2624 in
1076 2557 1398 2624 Dominica
1444 2556 1855 2644 praecedenti
1901 2567 2050 2622 ante
2077 2556 2228 2621 solis

649 2664 964 2728 occasum,
1014 2645 1355 2732 genuflecti
1403 2644 1634 2711 debeat
1679 2643 1756 2710 ad
1814 2643 2227 2730 antiphonam

649 2731 911 2798 finalem
958 2737 1027 2799 Β.
1064 2735 1147 2797 Μ.
1180 2735 1260 2799 V.
2008 2758 2021 2774 ·

780 2824 845 2886 8.
895 2823 990 2886 An
1035 2819 1326 2887 Officium
1373 2824 1642 2886 Parvum
1690 2824 1759 2886 B.
1803 2823 1882 2886 Μ.
1939 2823 2014 2885 V.
2064 2819 2228 2885 reci-

650 2907 765 2974 tari
811 2907 1046 2976 debeat
1078 2908 1142 2974 iu
1170 2908 1378 2976 Chore
1428 2908 1716 2996 (extante
1747 2907 2048 2975 laudabili
2083 2926 2229 2974 con·

649 2995 1020 3096 suetudine)
1064 2998 1127 3064 iu
1160 2997 1357 3063 Festis
1403 2997 1769 3084 duplicibus
1801 3008 1866 3062 et
1900 2996 1963 3061 in
1995 2996 2231 3083 octavis

651 3085 1152 3151 Resurrectionis
1195 3095 1261 3152 et
1304 3090 1751 3170 Pentecosten,
1782 3103 1911 3151 non
1942 3084 2229 3151 obstante

650 3172 917 3240 Rubrica
961 3174 1259 3240 Breviarii
1282 3170 1315 3238 ⁸?

779 3265 848 3330 9.
919 3263 1014 3328 An
1092 3262 1399 3329 Sacerdos
1480 3262 1921 3348 genuflectere
1996 3261 2230 3327 debeat

650 3360 926 3437 utroque
984 3368 1157 3438 genu
1202 3351 1267 3415 in
1314 3350 1509 3417 Missis
1567 3351 1826 3438 privatis
1868 3350 1945 3415 ad
1992 3348 2224 3415 verba:

652 3441 734 3504 Et
782 3443 1174 3505 incarnatus
1219 3439 1363 3504 est?

780 3530 862 3591 Et
893 3529 959 3594 S.
987 3530 1063 3592 R.
1093 3530 1194 3611 G„
1222 3525 1549 3592 referente
1582 3531 1738 3592 Emo
1768 3536 1834 3592 et
1857 3529 2014 3592 Rfi'to
2042 3530 2223 3591 Dom.

651 3613 966 3680 Cardinali
1025 3615 1231 3679 Mattei
1281 3613 1448 3679 Sacri
1495 3613 1761 3699 collegii
1818 3618 2089 3698 Decano,
2123 3634 2227 3679 au·

654 3701 789 3766 dito
818 3701 1021 3788 -prius
1072 3712 1221 3766 voto
1272 3700 1532 3765 alterius
1588 3721 1668 3767 ex
1728 3701 2229 3788 Apostolicarum

653 3788 1206 3855 caeremoniarum
1239 3788 1540 3875 magistris
1570 3788 1808 3874 scripto
1856 3800 2109 3854 exarato
2141 3798 2232 3876 ty-

655 3875 881 3963 pisque
929 3877 1250 3963 evulgato,
1286 3875 1808 3964 respondendum
1855 3878 2139 3943 censuit:

786 3964 883 4030 Ad
936 3967 994 4030 1.
1048 3985 1087 4028 ‹
1121 3962 1550 4050 Affirmative,
1601 3964 1774 4030 iuxta
1838 3963 2229 4054 peculiarem

654 4050 991 4118 Rubricam
1036 4052 1332 4119 Breviarii
1380 4053 1572 4118 trium
1618 4053 1925 4120 ordinum
1958 4075 2023 4117 ».

786 4142 881 4207 Ad
929 4145 993 4206 2.
1043 4135 1087 4204 α’
1114 4141 1524 4225 Affirmative,
1573 4141 1744 4207 iuxta
1793 4140 2053 4229 praefati
2084 4145 2230 4206 Bre-

654 4228 828 4294 viarii
873 4228 1172 4297 Rubricas
1204 4249 1264 4297 ι».

787 4318 880 4384 Ad
916 4321 980 4383 3.
1016 4339 1055 4382 ‹
1078 4319 1357 4395 Quatuor
1386 4316 1852 4400 Anniversaria,
1887 4318 1967 4385 de
2000 4318 2232 4403 quibus

657 4404 720 4471 in
766 4405 995 4490 dubio,
1044 4405 1423 4474 celebranda
1468 4426 1625 4495 non⁸
1660 4426 1796 4472 esse
1841 4407 1901 4472 in
1964 4426 2232 4472 occursu

657 4494 1113 4583 cuiuscumque
1137 4496 1433 4583 duplicia,
1453 4494 1640 4560 etlam
1666 4494 1820 4559 ritus
1835 4494 2023 4580 dupl.
2042 4494 2229 4561 min.=

658 4584 855 4670 illud,
905 4584 1078 4671 quod
1142 4583 1687 4672 generalissimum
1742 4581 2011 4665 dicitur,
2063 4583 2233 4650 cele-

658 4672 821 4740 brari
845 4690 1059 4758 posse,
1087 4672 1370 4760 quamvis
1396 4670 1503 4738 flat
1524 4671 1809 4738 Officium
1834 4671 2016 4758 dupl.
2043 4670 2230 4755 min.,

659 4760 829 4826 iuxta
879 4762 1233 4846 peculiares
1278 4759 1577 4826 Rubricas
1621 4758 1854 4825 laudati
1902 4758 2226 4827 Breviarii.

656 4848 988 4914 Praeterea
1018 4848 1081 4913 in
1114 4849 1404 4915 eiusdem
1435 4846 1891 4935 generalissimi
1926 4847 2232 4913 Anniver-

655 4935 798 5001 sarii
845 4936 1059 5002 Officio
1104 4934 1474 5003 servandam
1523 4954 1658 5002 esse
1704 4935 1886 5001 aliam
1947 4935 2231 5024 peculia-

659 5040 794 5088 rem
824 5024 1160 5089 Rubricam
1191 5026 1272 5090 de
1306 5023 1677 5090 omittendis
1706 5023 1958 5089 Psalmis
2002 5024 2228 5089 Lauda

657 5115 882 5177 anima
954 5130 1090 5175 mea
1158 5114 1504 5177 Dominum
1570 5130 1639 5178 ac
1708 5115 1793 5176 De
1854 5113 2229 5196 profundis.

656 5198 933 5266 Tandem
981 5200 1188 5283 quoad
1235 5199 1605 5281 versiculos,
1640 5200 1796 5264 dum
1838 5196 2122 5265 Officium
2153 5199 2225 5263 fit

797 5390 876 5465 (l)
912 5394 973 5451 E.
1012 5392 1151 5449 Dub.
1187 5395 1238 5449 7.

2328 470 2444 537 pro
2493 469 2620 516 uno
2666 449 2970 517 defuncto
2993 497 3011 534 ,
3059 447 3427 515 servandam
3475 467 3617 515 esse
3678 445 3902 514 Rubri-

2323 556 2483 622 cam,
2531 557 2694 623 quae
2741 538 3013 604 babetur
3056 536 3132 603 ad
3181 538 3420 603 calcem
3446 536 3648 605 Officii
3679 535 3906 602 defun-

2325 625 2670 692 ctorum-in
2701 625 2874 692 dicto
2905 626 3222 691 Breviario
3254 625 3447 692 trium
3489 624 3807 691 ordinum
3840 644 3897 688 a.

2456 715 2550 780 Ad
2599 718 2664 780 4.
2714 737 2750 776 a
2784 714 3169 780 servandam
3204 732 3340 779 esse
3371 712 3714 779 {lubricam
3761 715 3902 776 Bre-

2325 800 2501 867 viarii
2556 802 2813 867 Romani
2877 801 3000 866 Tit.
3058 805 3255 869 XXVI
3313 801 3400 867 de
3467 796 3899 879 Lectionibus,

2232 908 2391 955 ·n.
2447 892 2587 955 2».

2455 977 2552 1044 Ad
2600 982 2661 1043 5.
2709 997 2748 1040 ‹
2780 976 3108 1063 Negative,
3158 976 3234 1042 ad
3282 974 3551 1063 primam
3612 983 3900 1062 partem;
3979 995 3980 1006 ¹

2330 1063 2741 1148 Affirmative,
2791 1064 2868 1130 ad
2916 1062 3258 1131 secundam
3291 1085 3353 1127 ι.

2458 1154 2553 1219 Ad
2584 1157 2648 1218 6.
2685 1174 2724 1215 ι
2746 1141 2910 1218 Nihil
2934 1151 3400 1217 immutandum
3424 1161 3685 1237 praeter
3703 1154 3789 1217 IX
3810 1167 3904 1213 an-

2329 1239 2675 1327 tiphonam
2706 1253 2770 1305 et
2792 1240 3180 1326 subrogetur
3198 1238 3468 1324 Anystus
3489 1241 3761 1303 Domini
3783 1246 3896 1302 etc.

2330 1338 2395 1394 et
2441 1334 2509 1398 ir.
2558 1327 2883 1394 Gradualis
2929 1327 2993 1394 in
3053 1329 3255 1393 Missa.
3314 1331 3383 1393 ln
3443 1327 3790 1411 antiphona
3844 1335 3902 1388 et

2328 1416 2729 1503 responsorio
2762 1415 3143 1500 legendum:
3198 1417 3404 1482 Tuum
3432 1414 3754 1480 Sanctum
3785 1415 3903 1478 Ρα-

2329 1509 2684 1571 trocinium
2714 1526 2779 1569 ».

2459 1594 2554 1660 Ad
2591 1598 2652 1660 7.
2701 1614 2743 1656 ‹
2773 1587 3120 1679 Nega'tive3
3156 1601 3222 1658 et
3249 1592 3546 1658 standum
3580 1608 3724 1655 esse
3756 1588 3901 1655 dum

2330 1682 2703 1748 matutinum
2750 1681 3055 1748 recitetur
3098 1691 3242 1745 ante
3299 1678 3449 1744 solis
3507 1695 3806 1744 occasum
3838 1699 3896 1741 ιν.

2459 1770 2554 1836 Ad
2585 1774 2652 1835 8.
2686 1789 2725 1832 ‹
2751 1768 3139 1835 servandam
3168 1785 3307 1834 esse
3343 1765 3730 1833 laudabilem
3760 1783 3904 1830 con-

2328 1858 2732 1924 suetudinem
2778 1858 2966 1923 etiam
3014 1857 3078 1922 in
3123 1854 3320 1921 Festis
3367 1853 3736 1941 duplicibus
3789 1872 3902 1940 per

2329 1963 2585 2028 annum,
2619 1963 2743 2010 non
2788 1953 2999 2010 autem
3039 1943 3107 2013 in
3137 1942 3372 2009 octavis
3402 1938 3903 2007 Resurrectionis

2335 2046 2398 2098 et
2442 2035 2856 2099 Pentecosten
2887 2054 2952 2097 ».

2462 2121 2554 2187 ad
2622 2124 2687 2189 9.
2763 2142 2802 2184 ‹
2848 2118 3425 2187 Gennflectendum
3504 2137 3646 2184 esse
3719 2116 3898 2183 unico

2378 2228 2505 2276 enu
2539 2229 2600 2275 ι».

2332 2228 2372 2296 g
2463 2299 2546 2366 Et
2594 2298 2674 2362 ita
2723 2295 3037 2363 decrevit.
3083 2296 3196 2362 Die
3245 2298 3331 2361 22
3366 2294 3636 2381 Augusti
3671 2295 3860 2360 1818.
3979 2323 3980 2342 κ

2464 2389 2645 2450 Facta
2689 2393 2900 2450 autem
2948 2402 3069 2469 per
3110 2402 3214 2449 me
3276 2381 3746 2468 infrascriptum
3799 2380 3898 2445 Se·

2333 2472 2669 2540 cretarium
2716 2472 2800 2538 de
2846 2471 3206 2558 praemissis
3252 2474 3443 2538 SSmo
3489 2470 3759 2536 Domino
3788 2469 3900 2532 No·

2330 2574 2462 2627 stro
2507 2561 2612 2626 Pio
2655 2564 2769 2626 PP.
2805 2563 2909 2629 Vll
2955 2557 3236 2625 Pontifici
3281 2559 3548 2625 Maximo
3596 2555 3899 2623 relatione

2332 2648 2438 2716 die
2485 2653 2569 2715 25
2615 2649 2902 2715 eiusdem
2961 2646 3196 2713 mensis
3253 2656 3317 2712 et
3367 2646 3550 2728 anni,
3602 2642 3898 2711 Sanctitas

2329 2741 2451 2806 Sua
2499 2740 2719 2802 Sacrae
2763 2734 3287 2821 congregationis
3331 2751 3636 2820 responsa
3681 2748 3899 2819 appro-
3979 2727 3980 2818 J

2334 2826 2526 2907 bavit,
2576 2823 2970 2890 confirmavit
3024 2832 3215 2909 atque
3260 2821 3343 2887 ita
3389 2822 3452 2886 in
3497 2831 3830 2922 posterum
3868 2835 3897 2913 ².
3979 2855 3980 2908 l

2330 2912 2485 2981 dicti
2529 2911 2777 2980 Ordinis
2807 2921 2873 2978 et
2900 2911 3263 2979 Provinciae
3307 2908 3643 2996 Religiosis
3669 2922 3896 2975 servan
3979 2992 3980 2995 Ἴ

2329 3001 2672 3068 mandavit.

2334 3143 2594 3212 2588.
2731 3125 2742 3137 '
2888 3138 3354 3206 woeserma,
3677 3135 3894 3226 (4550)

2458 3263 2777 3351 Proposita
2811 3264 2875 3329 in
2904 3266 3086 3330 Sacra
3119 3262 3374 3330 Rituum
3401 3261 3894 3347 congregatione
3979 3270 3980 3321 3

2333 3373 2449 3442 per
2492 3358 2721 3419 Emum
2769 3360 2835 3417 et
2867 3355 3110 3417 ›Rfflum
3140 3351 3477 3417 Dominum
3509 3350 3892 3417 cardinalem

2332 3442 2559 3509 Vidoni
2617 3444 2964 3506 Ponentem
3022 3442 3215 3505 Causa
3273 3458 3471 3527 super
3527 3439 3668 3505 iure
3731 3434 3894 3504 dele-
3979 3512 3980 3531 χ

2333 3531 2513 3597 rendi
2561 3529 2800 3595 Stolam
2848 3528 2910 3593 in
2970 3526 3240 3615 publicis
3300 3523 3731 3592 functionibus
3789 3537 3895 3610 pro
3979 3562 3980 3565 =

2334 3616 2619 3684 Parochis
2677 3615 2962 3683 Civitatis
3024 3614 3332 3682 Tuderti:
3394 3617 3576 3679 Sacra
3643 3613 3892 3679 Rituum

2333 3704 2752 3792 congregatio
2788 3702 3146 3791 respondit:
3196 3723 3235 3766 ‹
3266 3702 3486 3784 Dilata,
3521 3712 3587 3766 et
3617 3698 3895 3767 audiatur
3979 3718 3980 3779 j

2333 3794 2685 3879 Episcopus
2740 3800 2805 3856 et
2857 3792 3216 3878 Capitulum
3250 3812 3311 3853 ι».

2466 3878 2701 3957 Quibus
2766 3879 2996 3957 auditis
3023 3929 3040 3963 ,
3109 3878 3340 3944 iterum
3408 3876 3726 3964 proposita
3789 3888 3896 3959 per

2333 3972 2639 4036 eumdem
2702 3971 2933 4034 Exitum
2994 3969 3382 4050 Ponentem,
3443 3963 3891 4052 perpensisque

2337 4058 2482 4123 binc
2528 4057 2676 4125 inde
2725 4053 3069 4121 rationibus
3113 4054 3445 4131 deductis;

2465 4148 2644 4214 Sacra
2668 4141 3090 4230 congregatio
3114 4140 3600 4208 rescribendum
3624 4135 3888 4205 censuit:

2335 4253 2373 4296 c
2405 4236 2524 4298 Pro
2570 4232 2806 4318 gratia,
2849 4230 3017 4297 iuxta
3066 4230 3264 4318 petita
3311 4229 3372 4294 in
3419 4248 3602 4311 casu,
3647 4227 3735 4293 de
3781 4237 3891 4307 quo

2333 4318 2571 4406 agitur,
2629 4319 2975 4386 dummodo
3035 4318 3331 4384 incedant
3389 4314 3890 4407 collegialitera-

2339 4413 2412 4473 Et
2473 4409 2555 4474 ita
2615 4407 2904 4475 decrevit
2962 4424 3032 4473 ac
3093 4405 3327 4473 servari
3386 4402 3728 4470 mandavit.
3795 4402 3890 4464 Dte

2337 4498 2420 4562 22
2467 4496 2734 4582 Augusti
2789 4498 2983 4562 1818.

2337 4654 2598 4722 2589.
2688 4655 3026 4720 LITERAE
3072 4651 3588 4717 APOSTOLICAE
3684 4638 3888 4732 (455¹)

2336 4758 2411 4826 m
2436 4750 2717 4827 ”ronna
2762 4761 3040 4826 BREVIS
3086 4759 3336 4823 SUPER
3365 4746 3886 4822 OBSERVANrtA

2569 4868 2673 4932 ET
2721 4864 3210 4932 REDUCTIONE
3245 4859 3665 4937 ,FESTORUM

2465 4974 2605 5039 PRO
2656 4971 3087 5048 UTRIUSQUE
3132 4969 3456 5035 SlGILlAE
3504 4962 3784 5031 REGNO.

2341 5112 2807 5180 venerabilibus
2874 5110 3214 5177 Fratribus
3281 5106 3781 5191 Archiepiscopis
3838 5107 3886 5163 et

2465 5204 2807 5286 Episcopi-3,
2859 5220 2936 5265 ac
2983 5199 3247 5264 Dilectis
3291 5197 3491 5264 Fatis
3536 5190 3884 5260 ordinariis
