4042 5950
2046 269 2517 346 ...138-

770 422 865 489 Ad
913 426 980 488 3.
1027 445 1066 486 αι
1101 422 1407 507 Negative
1467 426 1545 492 ad
1609 425 1874 511 primam
1933 437 2222 511 partem;

640 510 1057 592 Aflirmative,
1090 513 1297 596 quoad
1331 512 1718 597 secundam;
1755 525 1820 579 et
1851 514 2061 600 quoad
2098 526 2227 580 ter-

640 597 817 680 tiam,
864 612 1207 664 serventur
1253 599 1562 665 Rubricae
1600 624 1665 665 ».

776 686 869 752 Ad
921 688 982 751 4.
1037 707 1074 748 ι
1109 686 1418 772 Negative
1452 710 1515 751 iv.

672 859 682 872 ·
768 773 864 839 Ad
912 778 975 839 ὅ.
1028 794 1065 835 ι
1099 774 1238 839 Non
1285 774 1508 860 licere,
1545 786 1608 842 et
1640 778 1952 843 Sacerdos
1984 796 2053 845 se
2085 776 2220 842 abs-

639 872 838 926 tineat
872 885 936 926 ».

769 952 844 1013 Et
894 950 974 1015 ita
1021 949 1308 1016 decrevit
1341 964 1405 1015 et
1437 953 1679 1017 servari
1728 953 2078 1021 mandavit.
2113 953 2224 1019 Die

635 1039 722 1104 28
773 1037 967 1102 Martii
1022 1041 1210 1105 1775.

638 1231 901 1299 2504.
1277 1237 1581 1301 ORDlNlS

927 1341 1283 1406 mnenon
1328 1341 1930 1407 OBSERVANTIUM

1164 1448 1228 1511 S.
1290 1448 1693 1515 FRANCISCI

790 1552 1259 1617 PROVINClAFJ
1300 1552 1611 1618 Minonis
1659 1553 2068 1618 PoLoNiAE.

1992 1233 2220 1319 (4379)

767 1748 1064 1809 Porrecto
1098 1760 1299 1829 penes
1326 1746 1392 1813 S.
1424 1746 1497 1808 R.
1525 1747 1628 1826 C.,
1663 1744 1924 1811 nomine
1958 1749 2061 1811 Fr.
2096 1749 2224 1812 Au-

632 1830 869 1917 gustini
919 1832 1192 1897 Motuski
1232 1831 1480 1897 Ordinis
1512 1832 1829 1899 Minoruni
1873 1834 2225 1900 observan-

637 1920 792 1984 tium
843 1924 906 1986 S.
947 1919 1256 1985 Francisci
1308 1919 1674 1986 Provinciae
1733 1920 1990 1986 Minoris
2045 1922 2223 1987 Polo-

634 2008 773 2072 niae
834 2006 1097 2073 Ministri
1160 2007 1596 2088 Provincialis,
1657 2007 1934 2095 supplici
1998 2008 2223 2076 libello

634 2114 750 2181 pro
799 2096 1190 2160 resolutione
1234 2096 1561 2181 sequentis
1603 2096 1806 2178 dubii,
1855 2115 2130 2181 nempe:

765 2185 859 2247 An
906 2183 1235 2266 Diaconos,
1288 2182 1352 2249 in
1407 2182 1641 2249 Ordine
1705 2193 1952 2249 tantum
2008 2183 2224 2250 Diaco-

635 2281 818 2336 natus
863 2272 1267 2354 constitutus,
1318 2284 1496 2336 extra
1556 2289 1764 2337 casum
1825 2271 2223 2338 necessitatis

633 2358 831 2443 possit
876 2357 1266 2424 distribuere
1314 2358 1611 2425 fidelibus
1644 2358 2224 2426 communionem?

764 2448 828 2512 S.
880 2451 953 2513 R.
1006 2449 1108 2528 C.,
1173 2446 1387 2513 audito
1448 2444 1626 2531 prius
1686 2458 1836 2512 voto
1898 2448 2088 2514 unius
2136 2467 2216 2512 ex

633 2534 1139 2620 Apostolicarum
1182 2533 1738 2600 Caeremoniarum
1779 2534 2088 2621 Magistris
2120 2555 2221 2601 su·

678 2641 749 2686 ei·
795 2622 966 2687 dicto
1014 2620 1334 2687 ‹lubioab
1381 2622 1612 2688 eodem
1661 2634 1941 2707 exarato,
1991 2623 2067 2688 ad
2122 2641 2219 2687 re-

657 2705 936 2774 ationem
984 2709 1122 2774 Emi
1174 2720 1237 2774 et
1285 2710 1421 2775 itini
1473 2714 1544 2775 D.
1600 2711 1788 2777 Card.
1840 2709 2218 2776 Haresuschi

633 2794 961 2893 Ponentis,
1028 2795 1510 2863 rescribendum
1581 2800 1876 2865 censuit:
1942 2820 1979 2861 ‹
2013 2801 2216 2884 Nega·

634 2897 763 2948 tive
798 2905 857 2950 ι».

768 2977 842 3039 Et
895 2974 975 3038 ita
1031 2971 1376 3040 declaravit
1436 2995 1505 3040 ac
1566 2976 1801 3041 servari
1865 2973 2211 3041 mandavit.

629 3061 744 3128 Die
791 3066 875 3127 25
922 3061 1245 3130 Februarii
1300 3066 1492 3129 1777.

633 3239 896 3308 2505.
1215 3243 1633 3343 BlTEGTEsN.
1987 3238 2216 3327 (4381)

760 3419 954 3481 nnius
1014 3414 1367 3482 hodiernus
1429 3414 1781 3502 Episcopus
1843 3413 2220 3489 Bitectensis

630 3521 828 3601 penes
888 3506 955 3568 S.
1004 3506 1079 3570 R.
1128 3503 1202 3570 C.
1255 3502 1982 3590 humiliterexposuit,
2047 3503 2218 3587 quod

628 3600 801 3654 iuxta
861 3589 1353 3657 caeremonialia
1416 3590 1882 3677 Episcoporum
1948 3589 2219 3676 disposi-

630 3675 869 3775 tionem
917 3690 984 3743 et
1030 3681 1375 3744 Decretum
1424 3678 1715 3745 eiusdem
1764 3680 1830 3745 S.
1875 3682 1978 3761 G..
2019 3681 2215 3746 Cano·

627 3764 747 3829 nici
823 3764 1252 3832 Ecclesiarum
1321 3767 1800 3833 cathedralium
1862 3766 1970 3832 die
2033 3769 2218 3832 Festo

627 3855 738 3920 SS.
789 3853 1086 3939 Corporis
1147 3854 1406 3937 Christi,
1456 3857 1823 3922 celebrante
1872 3854 2216 3939 Episcopo,

629 3939 1230 4026 processionemque
1281 3950 1629 4029 peragente
1664 3942 1767 4007 vel
1804 3961 1956 4027 non,
1994 3954 2216 4008 tenen·

629 4043 730 4093 tui·
777 4028 966 4094 sacris
1013 4028 1295 4095 vestibus
1347 4031 1551 4098 indui.
1603 4035 1681 4096 At
1730 4047 1877 4096 cum
1920 4029 2212 4095 nonnulli

624 4116 949 4200 Canonici,
984 4117 1238 4202 quibus,
1275 4119 1537 4184 absente
1570 4118 1676 4184 vel
1730 4117 2042 4205 impedito
2081 4117 2220 4204 Epi-

625 4226 845 4292 scopo,
881 4207 1140 4272 easdem
1189 4206 1550 4273 functiones
1587 4207 1935 4293 peragendi
1986 4224 2218 4271 munus

628 4292 972 4375 incumbit,
1023 4294 1382 4360 choralibus
1444 4305 1688 4360 tantuin
1752 4294 2037 4359 vestibus
2099 4312 2220 4379 per

627 4383 1162 4448 consuetudinem
1217 4382 1540 4448 inductam
1574 4383 1667 4447 uti
1704 4402 1888 4469 posse
1926 4391 2223 4468 praeten-

628 4472 789 4537 dunt
818 4485 835 4547 ;
887 4469 1061 4535 idem
1092 4473 1289 4536 Rmus
1322 4474 1679 4558 Episcopus
1711 4470 1786 4535 ad
1829 4468 2221 4535 dirimendas

627 4558 990 4625 huiusmodi
1064 4560 1530 4625 controversias
1592 4557 1807 4623 eidem
1870 4560 1935 4624 S.
1985 4560 2055 4622 C.
2104 4576 2219 4642 pro

627 4645 950 4713 decisione
1003 4664 1335 4712 recursum
1387 4646 1626 4712 babuit.

759 4738 850 4799 Et‘
883 4738 951 4801 S.
1000 4738 1074 4800 R.
1127 4738 1230 4816 (1.,
1283 4735 1611 4800 referente
1660 4733 2064 4820 infrascripto
2113 4737 2223 4801 Se·

624 4822 920 4905 cretario,
960 4823 1450 4889 rescribendum
1497 4821 1784 4887 censuit:
1836 4844 1873 4885 ‹
1909 4826 2224 4889 Servetur

625 4913 965 4975 Decretum
1019 4911 1139 4975 iam
1186 4910 1295 4975 die
1342 4913 1423 4976 27
1477 4911 1676 4975 Martii
1733 4914 1927 4994 1628,
1978 4912 2041 4976 in
2096 4929 2218 4974 una

622 4997 911 5062 Caietana
963 4997 1211 5064 editum
1246 5021 1307 5061 ι.

757 5088 832 5148 Et
882 5085 962 5148 ita
1013 5086 1308 5150 decrevit
1341 5107 1409 5151 ac
1441 5087 1681 5151 servari
1718 5086 2060 5152 mandavit.
2107 5086 2219 5153 Die

631 5176 708 5238 12
760 5172 898 5236 lulii
958 5174 1148 5237 1777.
1402 5202 1406 5206 >

794 5365 1248 5453 (i)iaious.s.

2333 425 2600 495 2506.
2918 429 3334 495 VASIONEN.

2704 534 3536 601 PRAEEfflNENTiAmm.

3675 431 3877 516 (issa)

2460 689 2712 755 Exortis
2767 690 2936 756 inter
2980 688 3540 772 Archidiaconum,
3589 692 3881 778 Praeposi-

2330 791 2500 859 tum,
2551 777 2889 845 Sacristam
2936 789 3003 842 et
3049 781 3537 844 praecentorem
3590 779 3881 845 Ecclesiae

2324 865 2719 933 Cathedralis
2749 865 3153 932 vasionensis
3201 877 3391 950 atque
3437 869 3770 932 Canonicos
3803 867 3884 933 di-

2327 967 2465 1020 ctae
2512 951 2833 1021 Ecclesiae
2880 953 3272 1020 cathedralis
3302 954 3767 1038 controversiis,
3794 974 3883 1020 su-

2329 1060 2448 1128 per
2536 1041 3009 1107 raeeminentiis
3042 1051 3108 1106 et
3141 1040 3409 1123 iuribus,
3458 1061 3625 1126 quae
3665 1042 3886 1107 suntin
3982 1059 3983 1104 ὲ

2328 1062 2649 1216 pranicta
2680 1128 2961 1195 Ecclesia
2996 1147 3113 1213 pro
3142 1128 3348 1196 Sacris
3381 1128 3739 1215 Divinisque
3767 1148 3887 1214 per·

2326 1217 2626 1302 agendis,
2677 1236 2795 1282 nec
2857 1234 2983 1283 non
3042 1216 3486 1283 ecclesiasticis
3541 1216 3885 1283 muneribus

2327 1305 2690 1382 obeundis;
2741 1305 2996 1388 illisque
3043 1305 3121 1370 ad
3169 1307 3232 1371 S.
3277 1308 3352 1374 R.
3390 1308 3460 1371 C.
3504 1303 3755 1386 delatiS,
3810 1307 3887 1369 in·
3982 1303 3983 1314 ³

2325 1391 2901 1481 trascriptadubia,
2934 1410 3149 1457 coram
3183 1395 3340 1457 Esne
3375 1405 3438 1457 et
3468 1396 3632 1458 Rmo
3664 1396 3734 1459 D.
3766 1395 3887 1457 Car·
3982 1393 3983 1468 ξ

2325 1479 2520 1547 dinali
2569 1480 2919 1547 naretusco
2972 1483 3259 1546 Ponente
3313 1481 3714 1561 concordata,
3760 1498 3887 1566 pro·
3982 1533 3983 1562 ,

2329 1569 2528 1657 posita
2579 1567 2867 1648 luerunt,
2917 1586 3194 1653 nempe:
3982 1585 3983 1634 ;

2466 1661 2523 1723 1.
2576 1658 2709 1739 An,
2774 1667 2845 1720 et
2904 1655 2965 1720 in
3026 1656 3259 1740 quibus
3321 1655 3785 1722 Festivitat‘ibas
3830 1677 3889 1720 ac

2326 1743 2770 1811 ecclesiasticis
2840 1743 3272 1810 functionibus
3338 1745 3571 1810 assumi
3641 1741 3893 1811 debeant
3982 1759 3983 1796 1

2326 1832 2635 1899 nobiliora
2682 1851 2853 1897 sacra
2900 1831 3379 1898 celebrantium
3430 1832 3794 1899 indumenta
3836 1841 3891 1894 et
3982 1845 3983 1882 1

2326 1921 2556 1986 Altaris
2625 1919 2987 2003 respective
3059 1921 3429 2006 pretiosiora
3495 1918 3897 1986 ornamenta?
3982 1931 3983 1976 l

2457 2014 2522 2075 2.
2574 2011 2694 2090 An,
2746 2019 2811 2072 et
2857 2025 2985 2091 quo
3044 2023 3317 2072 numero
3373 2008 3677 2074 candelae
3720 2024 3893 2092 appo·
3982 2013 3983 2100 ᾖ

2326 2098 2575 2163 nendae
2636 2095 2761 2160 sint
2812 2094 2872 2159 in
2917 2094 3152 2178 Altari,
3218 2106 3282 2159 et
3338 2114 3501 2180 quae
3555 2094 3894 2182 respective
3982 2119 3983 2154 l

2325 2185 2632 2251 candelae
2679 2181 2939 2248 accendi
2991 2181 3301 2266 debeant,
3352 2184 3506 2249 dum
3556 2182 3764 2249 divina
3808 2180 3895 2246 ol·
3982 2179 3983 2262 l

2322 2272 2465 2338 ficia
2523 2282 2587 2338 et
2645 2270 2862 2337 Missae
2932 2272 3256 2337 solemnes
3316 2269 3731 2337 celebrantur
3789 2282 3897 2334 tam
3982 2317 3983 2320 ,

2324 2360 2386 2424 in
2420 2359 2905 2427 Festivitatibus.
2926 2359 3171 2445 primae
3216 2370 3281 2424 et
3320 2351 3649 2425 sec'undae
3678 2357 3894 2438 classis,
3982 2377 3983 2440 3

2322 2466 2515 2533 quam
2562 2448 2626 2512 in
2674 2445 2902 2512 diebus
2934 2446 3276 2513 Dominicis
3308 2457 3375 2512 et
3406 2445 3544 2511 aliis
3575 2444 3826 2512 Festis‘?

2456 2541 2518 2603 3.
2574 2536 2670 2612 Ab
2732 2533 2797 2600 in
2856 2532 3330 2600 Festivitatibus
3401 2535 3647 2633 primae
3706 2532 3898 2599 classis

2320 2641 2646 2690 assumere
2695 2623 2880 2687 liceat
2926 2634 3199 2708 quatuor
3242 2621 3567 2707 pluvialia,
3603 2634 3672 2688 et
3703 2638 3901 2706 respe-
3982 2597 3983 2682 ἶ

2323 2712 2493 2778 ctive
2528 2713 2591 2775 in
2622 2709 3097 2776 Festivitatibus
3128 2710 3450 2776 secundae
3496 2710 3714 2775 classis
3759 2708 3899 2786 duo,
3982 2743 3983 2762 κ

2321 2801 2478 2865 dum
2524 2797 2734 2866 Officia
2784 2797 2998 2864 divina
3042 2797 3424 2863 solemniter
3468 2792 3905 2865 celebrantur?
3982 2797 3983 2886 J

2459 2891 2526 2954 4.
2574 2890 2668 2952 An
2733 2885 2921 2952 liceat
2979 2884 3471 2968 Archidiacono,
3524 2883 3904 2970 Praeposito,

2323 2975 2633 3041 Sacristae
2702 2985 2768 3039 et
2827 2973 3231 3041 Praecentori
3300 2973 3685 3039 solemniter
3752 2971 3905 3037 cele-

2326 3063 2653 3130 brantibus
2698 3062 2962 3128 meliora
3010 3080 3332 3127 assumere
3366 3061 3699 3148 pluvialia,
3734 3078 3906 3145 quam

2326 3151 2389 3217 in
2444 3149 2957 3217 solemnitatibus
3017 3149 3329 3215 celebrari
3391 3149 3596 3215 solitis
3647 3168 3680 3213 a
3726 3151 3908 3213 Cano-

2327 3239 2484 3307 nicis
2515 3236 2548 3302 ⁶?
2591 3238 2687 3325 (1)

2456 3330 2520 3392 ὅ.
2573 3329 2667 3393 An
2730 3325 2918 3392 liceat
2976 3326 3306 3392 Canonicis
3352 3323 3703 3391 celebrare
3758 3323 3909 3387 sole-

2322 3416 2565 3483 mniter
2622 3414 2836 3482 divina
2890 3413 3099 3481 officia
3164 3413 3229 3479 in
3287 3412 3764 3480 Festivitatibus
3821 3429 3911 3474 se-

2326 3503 2575 3570 cundae
2623 3500 2890 3568 classis?

2457 3595 2537 3656 Et
2594 3595 2657 3658 S.
2717 3593 2792 3655 R.
2841 3593 2945 3670 G..
2992 3602 3264 3676 utraque
3324 3599 3509 3675 parte
3556 3590 3797 3675 scripto
3854 3592 3913 3648 et

2324 3699 2485 3745 voce
2556 3680 2940 3745 informante
3009 3679 3261 3761 audita,
3323 3678 3609 3763 visisque
3685 3674 3910 3742 iuribus

2328 3767 2473 3845 hinc
2519 3768 2673 3833 inde
2721 3767 3043 3850 deductis,
3080 3767 3155 3832 ad
3189 3766 3583 3835 ,relationem
3635 3763 3911 3831 eiusdem

2328 3854 2465 3921 Emi
2515 3854 2840 3940 Ponentis,
2890 3854 3379 3922 rescribendum
3427 3853 3735 3920 censuit:

2456 3943 2548 4008 Ad
2605 3947 2667 4007 1.
2717 3943 3170 4009 «indumenta
3224 3962 3394 4008 sacra
3444 3941 3758 4007 nobiliora
3805 3944 3909 4006 Ce-

2326 4030 2709 4097 lebrantium
2752 4043 2817 4098 et
2852 4028 3080 4096 Altaris
3127 4030 3505 4116 pretiosiora
3555 4040 3911 4096 ornamenta

2325 4138 2463 4184 esse
2491 4118 2873 4185 assumenda
2900 4119 2962 4184 in
2984 4117 3458 4184 Festivitatibus
3493 4116 3744 4204 primae
3776 4115 3913 4180 clas·

2321 4206 2406 4271 sis
2440 4218 2504 4271 et
2536 4205 2970 4273 functionibus
3002 4205 3493 4274 solemnioribus
3519 4206 3595 4271 ad
3632 4218 3916 4270 normam

2324 4294 2848 4377 Caeremonialis,
2886 4294 3164 4360 exclusis
3214 4307 3424 4359 tamen
3456 4315 3487 4358 a
3522 4289 3916 4359 solemniori·

2327 4385 2440 4449 bus
2475 4382 2701 4449 diebus
2733 4382 3136 4468 expositione
3170 4379 3561 4450 sanctissimi
3594 4379 3917 4446 occasione

2323 4470 2636 4537 Orationis
2704 4471 3130 4557 Quadraginta
3197 4474 3506 4536 Horarum
3573 4480 3637 4533 et
3711 4480 3918 4533 octava

2326 4557 2710 4626 sanctissimi
2761 4559 3063 4644 Corporis
3108 4557 3443 4625 Christi».

2459 4647 2553 4712 Ad
2603 4650 2667 4711 2.
2734 4646 3394 4734 ‹Respondendum,
3457 4644 3632 4711 iuxta
3708 4655 3917 4707 votum

2328 4733 2626 4821 Episcopi
2659 4754 2722 4799 ›.
3650 4765 3661 4770 ·

2454 4825 2549 4890 Ad
2600 4826 2665 4888 3.
2716 4845 2753 4886 ‹
2790 4823 3042 4905 Licere,
3092 4833 3344 4888 servata
3390 4818 3817 4907 proportione
3866 4816 3922 4881 iu

2325 4912 2521 4976 Festi-z
2568 4912 2889 4977 secundae
2935 4910 3171 4993 classis,
3223 4909 3299 4975 ad
3363 4926 3649 4976 normam
3699 4910 3923 4973 Caere-

2327 4999 2655 5076 monialis;
2721 5010 2787 5064 et
2847 5000 3056 5084 quoad
3121 4995 3604 5078 executionem,
3662 4991 3922 5058 arbitrio

2322 5100 2388 5186 et
2420 5086 2802 5174 prudentiae
2835 5087 3158 5173 Episcopi,
3199 5086 3458 5151 attentis
3490 5081 3925 5171 peculiaribus

2327 5175 2821 5241 circumstantiis
2854 5195 2914 5237 ».
