4042 5950
2005 225 2476 303 ..390-

600 392 794 458 ctoria
841 390 907 457 in
944 389 1114 457 Urbe
1145 391 1364 456 Sacrae
1394 386 1653 455 Rituum
1684 382 2181 472 congregationi

598 499 718 567 pro
794 487 1151 565 opportuna
1223 475 1541 541 solutione
1607 476 2018 563 proposuerit
2085 490 2183 539 se-

602 568 859 653 quentia
905 564 1133 648 dubia3
1183 562 1527 630 nimirum:

735 658 794 721 1.
844 656 1074 721 Utrum
1118 668 1321 738 quum
1368 669 1449 717 ex
1495 660 1874 718 testamento
1931 651 2185 738 legatur

600 740 1118 810 Anniversarium
1163 738 1269 806 vel
1316 737 1831 805 Anniversarium
1865 739 2181 819 solemne,

599 850 716 918 per
762 831 881 899 hoc
926 846 1125 895 unum
1172 825 1461 914 praecise
1490 845 1723 893 nomen
1751 825 2182 893 Anniversarii

598 919 699 985 vel
735 915 1157 984 Anniversarii
1197 914 1526 998 solemnis,
1563 912 2057 1001 intelligendum
2103 912 2186 979 sit

600 1025 759 1073 onus
792 1005 1007 1072 Missae
1036 1003 1351 1073 Solemnis
1381 1001 1751 1087 dumtaxat3
1787 1021 1864 1068 an
1895 1000 2183 1069 Officium

599 1094 790 1160 etiam
820 1092 1279 1159 Defunctorum
1325 1108 1472 1156 cum
1518 1089 1722 1156 tribus
1750 1090 2185 1163 Nocturniset

597 1180 939 1263 Laudibus,
968 1180 1120 1246 licet
1144 1198 1262 1267 per
1293 1188 1743 1245 testamentum
1780 1175 1843 1243 id
1879 1195 2184 1263 expresse

602 1288 730 1337 non
777 1266 1123 1336 iubeatur?

730 1361 796 1423 2.
846 1359 1075 1423 Utrum
1118 1355 1369 1442 quando
1400 1374 1434 1418 a
1464 1363 1765 1421 testatore
1800 1351 2183 1439 simpliciter

602 1447 662 1511 le
710 1454 852 1511 atur
893 1442 1221 1527 Officium,
1270 1442 1768 1530 intelligendum
1827 1440 1909 1507 sit
1975 1450 2178 1506 totum

596 1463 886 1602 Officium
932 1533 1425 1614 Defunctorum,
1478 1530 1540 1598 id
1604 1541 1698 1597 est
1744 1534 2057 1614 Vesperas
2116 1539 2184 1595 et

602 1621 715 1686 tria
783 1622 1098 1687 Nocturna
1168 1638 1312 1686 cum
1381 1617 1735 1703 Laudibus3
1799 1618 1903 1683 vel
1973 1615 2186 1706 potius

598 1726 799 1775 unum
823 1707 1151 1775 dumtaxat
1174 1709 1569 1774 Nocturnum
1602 1704 1992 1773 conveniens
2026 1703 2180 1786 diei,

600 1796 663 1862 in
708 1813 903 1882 quem
949 1794 1169 1864 incidit
1211 1794 1733 1862 Anniversarium
1780 1811 1898 1860 una
1947 1792 2186 1879 pariter

599 1901 748 1951 cum
794 1880 1166 1951 Laudibus?

729 1973 910 2038 Sacra
975 1970 1238 2039 Rituum
1307 1970 1760 2057 congregatio,
1810 1969 1873 2036 in
1925 1967 2185 2037 Ordina-

598 2057 706 2123 riis
752 2058 1037 2125 comitiis
1080 2059 1389 2127 hodierna
1422 2058 1527 2127 die
1565 2059 1644 2126 ad
1675 2057 2046 2126 Vaticanum
2078 2055 2187 2123 ha·-

597 2144 766 2230 bitis,
799 2145 1015 2213 audita
1045 2145 1425 2235 infrascripti
1456 2146 1794 2214 Secretarii
1846 2145 2182 2227 relatione,

598 2234 1125 2321 respondendum
1175 2236 1470 2303 censuit:

726 2323 821 2389 Ad
862 2326 921 2389 1.
971 2344 1009 2388 ι
1041 2320 1460 2406 Affirmative,
1493 2322 1570 2390 ad
1602 2322 1876 2409 primam
1908 2331 2184 2410 partem;

595 2410 932 2497 Negative,
981 2409 1058 2477 ad
1104 2411 1448 2478 secundam
1485 2433 1548 2477 ν.

727 2497 820 2563 Ad
872 2503 936 2566 2.
985 2518 1023 2562 ι
1055 2498 1389 2584 Negative,
1436 2499 1512 2566 ad
1570 2496 1841 2583 primam
1890 2508 2176 2584 partem,

596 2585 1010 2668 Affirmative,
1060 2585 1138 2653 ad
1182 2585 1529 2652 secundam
1563 2607 1628 2652 ν.

729 2673 939 2758 Atque
986 2673 1071 2739 ita
1116 2672 1462 2759 rescripsit.
1510 2674 1624 2741 Die
1673 2677 1753 2740 21
1789 2672 1930 2741 Iulii
1982 2676 2174 2740 1855.

599 2816 865 2885 3033.
1196 2814 1588 2889 capuam.
1950 2814 2176 2903 (5214)

724 2938 932 3018 Quum
976 2937 1290 3005 Parochus
1334 2935 1528 3004 sancti
1577 2935 1806 3024 Angeli
1837 2933 2182 3005 Audoaldis

594 3027 659 3094 in
704 3026 1303 3112 civitatecapuana
1361 3043 1560 3113 penes
1617 3028 1867 3093 Sacram
1920 3025 2179 3092 Rituum

593 3114 1168 3202 congregationem
1216 3114 1547 3201 sequentia
1577 3112 1764 3182 dubia
1807 3111 2182 3198 exposuerit

594 3223 713 3292 pro
757 3214 1113 3289 opportuna
1158 3200 1513 3277 solutione;
1563 3200 1912 3276 nimirum:

729 3294 788 3356 1.
840 3293 937 3358 An
991 3290 1196 3359 diruta
1257 3300 1320 3355 et
1384 3288 1521 3354 solo
1576 3298 1836 3376 aequata
1895 3287 2181 3356 Ecclesia

592 3378 961 3469 parochiali,
1014 3387 1078 3445 et
1127 3378 1425 3445 translato
1471 3376 1791 3445 Beneficio
1836 3380 2070 3444 curato
2098 3376 2176 3443 ad

591 3467 771 3534 aliam
836 3465 1185 3534 Ecclesiam
1244 3485 1371 3532 non
1431 3467 1725 3532 curatam
1774 3465 1837 3531 in
1882 3462 2178 3531 districtu

589 3553 932 3642 parochiali
993 3554 1415 3636 existentem,
1481 3552 1589 3619 ubi
1657 3552 2177 3620 administrantur

591 3645 993 3710 Sacramenta
1042 3640 1471 3728 parochianis,
1521 3640 1828 3708 Plebanus
1883 3638 2176 3707 Titularis

589 3729 885 3804 Beneficii
918 3729 1129 3797 curati
1164 3747 1309 3795 cum
1341 3728 1582 3816 populo
1630 3737 1924 3796 teneatur
1965 3728 2176 3795 adhuc

588 3817 666 3884 ad
735 3816 1195 3884 celebrandum
1262 3820 1381 3885 sub
1444 3815 1568 3882 ritu
1629 3816 1872 3904 duplici
1928 3816 2172 3916 primae

588 3905 800 3971 classis
845 3923 994 3972 cum
1039 3915 1254 3970 octava
1300 3908 1561 3972 Festum
1622 3905 1832 3972 Sancti
1879 3903 2173 3972 Titularis

586 3993 911 4060 Ecclesiae
981 3993 1232 4060 dirutae
1295 4002 1360 4058 et
1416 3992 1804 4075 destructae,
1857 4003 2175 4076 tamquam

591 4081 912 4149 Ecclesiae
958 4078 1305 4168 propriae?
1348 4090 1413 4147 et
1455 4089 1768 4166 quatenus
1799 4081 2125 4165 negative,

719 4172 784 4235 2.
833 4169 1115 4248 Quonam
1149 4167 1270 4234 alio
1315 4168 1432 4234 sub
1478 4166 1604 4234 ritu
1637 4166 1881 4235 dictum
1914 4172 2169 4235 Festum

586 4256 878 4325 Titularis
925 4255 1258 4324 celebrare
1304 4253 1619 4323 tenetur?
2067 4279 2076 4286 ·

717 4350 797 4412 Et
843 4348 1025 4413 Sacra
1079 4344 1338 4413 Rituum
1384 4344 1834 4432 Congregatio,
1886 4344 1946 4410 in
1992 4343 2173 4412 Ordi-

584 4434 773 4502 nariis
818 4432 1105 4501 comitiis
1152 4433 1230 4500 ad
1279 4432 1645 4501 Vaticanum
1710 4432 2015 4499 hodierna
2063 4431 2168 4500 die

584 4521 956 4605 coadunata,
1003 4523 1080 4590 ad
1129 4521 1505 4588 relationem
1549 4519 1887 4608 subscripti
1947 4522 2170 4588 Secre-

585 4609 720 4676 tarii
750 4621 816 4677 et
841 4620 987 4696 post
1017 4618 1383 4678 accuratum
1415 4608 1702 4676 omnium
1737 4625 2034 4692 examen,
2070 4627 2171 4675 re-

579 4698 1032 4785 spondendum
1077 4697 1373 4764 censuit:

711 4785 806 4853 Ad
845 4789 902 4852 1.
941 4806 979 4850 ι
1013 4785 1321 4873 Negative
1354 4807 1417 4850 ν.

710 4874 803 4942 Ad
852 4877 915 4941 2.
967 4895 1005 4939 ι
1040 4874 1285 4940 Eodem
1332 4874 1500 4957 ritu,
1551 4893 1678 4961 quo
1727 4874 1845 4941 hoc
1906 4876 2166 4940 Festum
2262 4887 2270 4891 ·

577 4961 815 5048 gaudet
862 4965 925 5029 in
970 4960 1346 5030 calendario
1392 4962 1776 5030 Dioecesano
1809 4983 1874 5030 ν.

707 5053 915 5147 Atque
948 5050 1030 5117 ita
1063 5048 1392 5151 rescripsit
1422 5069 1492 5116 ac
1529 5049 1771 5116 servari
1809 5049 2159 5119 mandavit.

708 5140 821 5203 Dte
867 5141 951 5205 21
998 5139 1138 5204 lulu
1196 5140 1388 5204 4855.

711 5326 796 5402 (ι)
828 5330 892 5388 13.
930 5329 1071 5387 nub.
1104 5329 1156 5388 a,

2286 383 2549 454 3034.
2885 386 3279 453 VERONEN.

3642 385 3872 472 (ΜΠ)

2418 562 2727 650 Exposuit
2781 565 3004 630 Sacrae
3060 562 3322 630 Rituum
3377 563 3875 650 congregationi

2284 649 2709 718 Cancellarius
2768 650 3141 739 episcopalis
3198 650 3430 718 curiae
3493 651 3878 718 Veronensis

2288 757 2530 805 morem
2580 737 2804 825 vigere
2851 743 3137 808 Veronae
3184 738 3640 808 defunctorum
3693 739 3876 805 cada-

2287 846 2432 892 vera
2481 828 2567 895 de
2609 846 2753 893 sero
2798 828 2873 894 ad
2921 827 3270 894 Ecclesiam
3318 826 3710 909 deducendi,
3775 846 3879 893 ea·

2286 934 2413 1002 que
2436 915 2845 1001 postmodum
2871 915 3111 1001 absque
3140 916 3268 981 ulla
3301 933 3560 1002 pompa,
3593 916 3708 982 sed
3745 935 3878 983 uno

2290 1013 2531 1068 tantum
2595 1003 2938 1071 Sacerdote
2997 1002 3344 1070 associante
3369 1052 3389 1087 ,
3438 1013 3634 1070 noctu
3691 1003 3874 1071 deie-

2283 1089 2470 1157 rendi
2517 1090 2595 1156 ad
2640 1089 3112 1158 Caemeterium
3159 1100 3336 1157 extra
3397 1091 3648 1159 moenia
3707 1090 3877 1159 civi-

2290 1178 2471 1256 tatis;
2519 1190 2710 1264 atque
2769 1177 3049 1262 insimul,
3111 1178 3503 1246 assentiente
3546 1183 3705 1248 Rmo
3755 1182 3878 1247 Ve-

2290 1284 2514 1333 ronen.
2565 1265 2906 1353 Episcopo,
2951 1264 3031 1332 ab
3074 1266 3298 1334 eadem
3366 1266 3882 1355 congregatione

2288 1353 2653 1441 postulavit,
2704 1363 2775 1454 ut
2819 1353 3153 1442 sequentia
3195 1353 3384 1421 dubia
3419 1353 3752 1443 declarare
3782 1354 3878 1421 di-

2289 1453 2629 1529 gnaretur3
2679 1442 3030 1509 nimirum:

2424 1533 2487 1596 1.
2536 1534 2631 1596 An
2678 1532 3004 1598 canticum
3057 1530 3434 1597 Benedictus
3477 1529 3732 1597 recitari
3766 1530 3882 1597 de-

2290 1618 2434 1684 beat
2477 1617 2562 1684 de
2607 1636 2752 1685 sero
2795 1636 2945 1685 cum
2976 1617 3338 1707 Antiphona
3371 1620 3446 1685 In
3477 1618 3884 1685 Paradisum

2287 1725 2356 1771 ac
2405 1704 2669 1790 reliquis
2718 1705 3137 1793 exequiarum
3182 1703 3530 1793 precibus?

2419 1796 2488 1860 2.
2535 1794 2633 1858 An
2693 1792 2904 1880 potius
2958 1794 3291 1864 canticum
3347 1796 3735 1863 Benedictus
3799 1795 3886 1860 sit

2287 1879 2717 1948 omittendum
2763 1881 2848 1949 de
2891 1901 3063 1967 sero,
3100 1894 3166 1948 et
3212 1882 3609 1951 recitandum
3641 1883 3757 1950 die
3787 1882 3885 1949 in·

2286 1968 2579 2055 sequenti
2648 1988 2774 2056 quo
2839 1968 3193 2058 explentur
3255 1970 3603 2056 exequiae,
3671 1970 3884 2038 veluti

2289 2074 2558 2142 corpore
2605 2068 2945 2142 praesente
2988 2068 3133 2145 post
3177 2058 3540 2126 absolutum
3581 2058 3886 2127 Officium

2285 2144 2747 2212 Defunctorum
2795 2146 3151 2212 et·uissam
3198 2144 3619 2214 solemnem?
3661 2146 3768 2233 (1)

2416 2232 2585 2312 Quae
2630 2231 2895 2319 quidem
2943 2232 3134 2300 dubia
3181 2254 3213 2299 a
3258 2233 3618 2334 subscripto
3645 2237 3890 2302 Secre-

2286 2320 2446 2386 tario
2494 2321 2690 2387 relata
2737 2338 2937 2407 quum
2984 2321 3227 2403 fuerint⁴
3271 2320 3335 2389 in
3378 2320 3722 2390 ordinariis
3777 2325 3888 2390 Sa·

2286 2426 2544 2475 crorum
2590 2409 2852 2477 Rituum
2897 2408 3183 2479 comitiis
3226 2408 3305 2476 ad
3348 2409 3720 2477 Vaticanum
3768 2409 3890 2477 ho·

2287 2496 2506 2565 dierna
2550 2495 2655 2563 die
2712 2496 2978 2582 habitis,
3027 2500 3212 2565 Sacra
3270 2495 3529 2565 Rituum
3587 2500 3888 2585 congre-

2285 2583 2481 2673 gatio,
2516 2584 2812 2654 omnibus
2839 2596 3135 2654 accurato
3181 2586 3476 2653 examine
3506 2586 3886 2672 perpensis,

2287 2672 2810 2759 respondendum
2858 2674 3154 2742 censuit:

2417 2761 2513 2827 Ad
2565 2764 2625 2828 1.
2678 2772 2743 2829 et
2789 2765 2853 2828 2.
2905 2782 2942 2826 4
2977 2767 3046 2829 ln
3093 2781 3239 2829 casu
3284 2762 3666 2830 servandum
3705 2762 3890 2831 ordi·

2285 2868 2438 2915 nem
2483 2848 2547 2914 in
2592 2849 2823 2916 Rituali
2872 2850 3335 2939 praescriptum
3362 2871 3427 2915 ι.

2417 2937 2626 3022 Atque
2675 2937 2755 3004 ita
2803 2938 3152 3025 rescripsit.
3205 2938 3317 3007 Die
3363 2941 3443 3006 21
3495 2937 3630 3005 Iulii
3671 2941 3884 3007 1855.

2285 3076 2547 3145 3035.
3637 3078 3885 3161 (5221)

2413 3206 2753 3268 Annuente
2820 3206 2977 3268 Rffio
3053 3201 3370 3290 Episcopo
3440 3201 3741 3270 Briocen.
3814 3213 3890 3270 et

2282 3294 2657 3374 Trecoren.,
2703 3289 2998 3375 Magister
3042 3290 3597 3358 caeremoniarum
3645 3291 3890 3358 Gathe-

2281 3375 2471 3446 dralis
2534 3378 2854 3444 Ecclesiae
2919 3375 3267 3444 Briocensis
3327 3380 3554 3445 Sacrae
3607 3378 3887 3448 Rituum

2280 3464 2770 3553 congregationi
2829 3466 3160 3553 sequentia
3222 3464 3410 3533 dubia
3455 3485 3575 3554 pro
3639 3485 3888 3555 oppor-

2278 3565 2428 3621 tuna
2474 3552 2794 3621 solutione
2821 3553 3215 3642 ,proposuit3
3264 3553 3618 3622 nimirum:

2414 3646 2473 3708 1.
2525 3647 2592 3709 ln
2639 3641 2952 3709 Parochiis
2997 3641 3363 3724 Ruralibus,
3395 3660 3600 3728 quum
3642 3642 3883 3711 defun·

2283 3741 2420 3797 ctus
2481 3730 2759 3797 decessit
2816 3730 2883 3797 in
2935 3730 3166 3813 domo,
3219 3729 3490 3815 longiori
3547 3730 3878 3819 distantia,

2278 3827 2350 3884 ut
2394 3836 2584 3907 saepe
2631 3817 2729 3901 lit,
2780 3836 2903 3884 una
2950 3828 3017 3884 et
3061 3816 3399 3904 aliquando
3430 3818 3633 3885 altera
3664 3819 3878 3902 leuca,

2277 3917 2559 3992 separata
2607 3905 2682 3973 ab
2731 3904 3036 3989 Ecclesia,
3074 3905 3137 3971 in
3168 3924 3288 3991 qua
3321 3906 3654 3992 Exequiae
3690 3927 3878 3994 pera·

2277 3994 2527 4081 gendae
2572 4003 2746 4076 sunt,
2794 3993 3062 4060 cadaver
3109 3992 3430 4060 curriculo
3477 3993 3555 4061 ad
3618 4007 3875 4080 portam

2277 4081 2696 4170 principalem
2747 4080 2934 4148 huius
2981 4079 3301 4149 Ecclesiae
3335 4081 3726 4162 adducitur;
3763 4081 3876 4149 ibi-

2278 4187 2404 4255 que
2469 4169 2782 4236 Parochus
2841 4170 3114 4236 recitare
3159 4169 3325 4236 solet
3384 4172 3615 4235 Preces
3641 4216 3659 4253 ,
3711 4189 3876 4259 quae

2277 4258 2449 4324 iuxta
2494 4254 2745 4325 Rituale
2791 4261 3143 4324 Romanum
3195 4268 3346 4323 sunt
3390 4256 3768 4325 recitandae
3816 4257 3876 4324 in

2276 4345 2466 4413 domo
2513 4344 2828 4428 defuncti,
2861 4345 2914 4412 si
2964 4343 3471 4431 proximiorsit,
3527 4355 3874 4432 antequam

2276 4432 2545 4500 cadaver
2588 4432 2667 4500 ad
2701 4433 3051 4517 Ecclesiam
3089 4432 3446 4500 deferatur.
3494 4432 3872 4512 Quaeritur:

2407 4521 2475 4605 a)
2523 4523 2689 4587 Num
2751 4519 2873 4587 hoc
2922 4522 2984 4586 in
3039 4540 3186 4588 casu
3231 4521 3548 4588 Parochus
3596 4519 3874 4592 induere

2273 4608 2473 4696 possit
2519 4607 2741 4676 Albam
2777 4609 2917 4675 loco
2949 4608 3437 4696 superpellicei,
3471 4619 3542 4676 ut
3575 4625 3718 4677 mos
3752 4621 3872 4691 est,

2273 4696 2323 4762 si
2356 4695 2723 4763 immediate
2749 4708 2895 4782 post
2916 4693 3206 4764 Officium
3233 4699 3661 4781 Mortuorum,
3694 4697 3870 4784 quod

2271 4785 2408 4872 ipse
2440 4784 2754 4852 Parochus
2786 4783 2963 4868 lacit,
2998 4785 3240 4852 Missam
3273 4785 3354 4850 sit
3385 4783 3877 4854 celebraturus?

2401 4871 2462 4957 b)
2530 4874 2693 4939 Num
2759 4890 2955 4958 super
3019 4871 3241 4939 Albam
3310 4883 3418 4941 aut
3481 4874 3872 4961 superpelli-

2270 4979 2502 5043 ceum,
2550 4960 2600 5026 si
2649 4960 2805 5027 Alba
2850 4979 2978 5026 non
3039 4960 3279 5044 utitur,
3333 4961 3608 5028 induere
3667 4963 3872 5048 possit

2270 5048 2508 5116 Stolam
2559 5047 2725 5136 nigri
2773 5047 3006 5118 coloris
3051 5067 3174 5114 una
3221 5066 3369 5115 cum
3401 5047 3669 5136 pluviali
3705 5049 3870 5116 eins·

2269 5138 2418 5203 dem
2468 5133 2757 5204 coloris?
2799 5138 2977 5204 Ratio
3025 5136 3359 5204 dubitandi
3401 5149 3526 5221 est,
3561 5136 3710 5222 qaia
3746 5137 3868 5204 l'ert

2871 3177 2880 3184 ι
2911 3079 3269 3147 BRiOCEN.
