4042 5950
1514 262 1985 345 -377-

623 426 909 493 monus
955 425 1154 491 ALTI.

112 426 373 496 3008.
1453 423 1682 510 (sisa)

226 600 434 678 Quum
494 598 1019 667 Anniversarium
1086 596 1508 667 Dedicationis
1576 600 1688 664 Ec-

110 688 326 755 clesiae
373 685 764 774 collegiatae
809 686 1185 774 parochialis
1227 685 1460 772 Oppidi
1490 685 1688 771 vulgo

110 775 334 843 Rotelle
365 776 433 842 in
462 775 748 844 Dioecesi
783 774 1011 842 Montis
1041 774 1173 842 Alti
1203 774 1463 843 affixum
1494 772 1689 841 fuerit

108 863 467 932 Dominicae
525 863 896 931 immediate
957 873 1102 950 post
1158 866 1418 930 Festum
1477 861 1686 930 Sancti

109 956 301 1019 Lucae
347 950 821 1040 Evangelistae,
871 950 1161 1020 excludit
1205 969 1396 1038 saepe
1434 950 1690 1037 saepius

107 1039 383 1108 Officium
433 1058 584 1108 cum
627 1040 807 1107 Missa
851 1038 1148 1108 Puritatis
1190 1044 1418 1107 Beatae
1462 1037 1688 1106 Mariae

110 1127 405 1215 Virginis,
436 1148 509 1196 ac
538 1147 799 1216 semper
843 1127 1015 1196 aliud
1062 1127 1366 1215 Deiparae
1396 1127 1480 1195 de
1506 1130 1687 1209 Pace,

109 1235 260 1302 quae
303 1217 532 1285 clerus
576 1216 816 1286 Rotcllc
861 1216 1216 1306 praeterire
1274 1215 1435 1283 adeo
1494 1232 1690 1316 grave

110 1304 459 1392 experitur.
527 1309 768 1375 Verum
830 1323 1032 1392 quum
1093 1306 1281 1373 Glero
1318 1302 1459 1390 ¹ipsi
1510 1321 1690 1371 inno·

109 1393 293 1461 tuerit
359 1394 514 1460 alias
581 1396 833 1463 Sacram
900 1393 1165 1462 [lituum
1236 1388 1690 1479 congregatio·

110 1498 248 1547 nem
301 1481 620 1567 edixisse,
676 1493 748 1550 ut
799 1481 1013 1552 Officia
1060 1480 1316 1570 propria
1370 1480 1437 1548 in
1482 1478 1691 1566 aliqua

108 1568 379 1636 Ecclesia
425 1581 748 1672 perpetuo
793 1569 1101 1658 impedita
1164 1566 1485 1637 transferri
1546 1586 1692 1654 pos-

108 1657 224 1725 sint
252 1656 329 1725 ad
364 1659 519 1726 altas
546 1660 785 1739 sedes;
831 1660 982 1728 binc
1025 1660 1252 1727 Sacrae
1283 1656 1498 1725 eidem
1530 1658 1691 1723 Gon·

109 1747 461 1848 gregationi
518 1746 855 1847 sequentia
911 1744 1101 1814 dubia
1162 1744 1498 1814 enodanda
1543 1763 1693 1833 pro-

110 1844 307 1989 pos?
329 1854 704 1992 Ἀῒῖιοᾞῗ
725 1884 952 2025 Deatae
997 1923 1238 2024 Mariae·
1271 1921 1548 2023 Virginis
1607 1922 1693 1989 de

112 2013 253 2110 Pace
276 2022 604 2100 perpetuo
635 2012 947 2100 impedita
969 2011 1034 2080 in
1058 2015 1384 2079 Domtntca
1408 2014 1488 2078 Ν
1511 2013 1695 2078 Octo·

112 2098 258 2183 bris,
316 2098 400 2166 ob
462 2120 803 2168 occursum
867 2100 1035 2170 Festi
1092 2098 1522 2167 Anniversarii
1583 2099 1691 2166 vel

102 2185 227 2253 diei
286 2199 551 2256 octavae
608 2188 1033 2267 Dedicationis
1099 2187 1447 2272 Ecclesiae,
1495 2186 1695 2289 possit

108 2274 467 2344 ordinarius
508 2277 829 2363 assignare
862 2277 1048 2346 aliam
1094 2277 1271 2346 diem
1316 2294 1446 2344 non
1491 2293 1695 2363 unpe-

109 2361 345 2432 ditam‘?
386 2375 456 2432 et
501 2374 817 2452 quatenus
862 2365 1265 2450 affirmative,

226 2456 291 2520 2.
328 2456 430 2521 An
461 2454 661 2542 possit
690 2454 1009 2542 assignare
1040 2452 1437 2523 Dominicatn
1468 2456 1549 2520 IV
1580 2454 1694 2520 Se·

112 2539 416 2627 ptembris
476 2542 582 2610 vel
640 2545 716 2610 111
762 2540 1196 2611 Novembris?
1254 2554 1321 2610 et
1378 2551 1694 2629 qnatenus

111 2628 499 2717 affirmative,

231 2721 294 2785 3.
343 2720 606 2799 Quando
652 2719 1019 2789 Dominicae
1064 2724 1146 2788 Ν
1193 2718 1592 2809 Septembris
1629 2729 1698 2787 et

114 2808 180 2871 111
208 2806 586 2876 Novembris
616 2809 742 2877 sint
781 2808 1157 2898 impeditae,
1193 2807 1301 2875 illa
1326 2827 1360 2874 a
1393 2810 1693 2875 translato

111 2891 314 2962 Officio
359 2899 627 2985 Septem
673 2898 1005 2982 Dolorum,
1057 2896 1172 2964 ista
1204 2896 1283 2963 ab
1325 2895 1543 2967 Officio
1589 2899 1694 2962 Pa-

116 2983 350 3052 trocinii
398 2986 732 3075 Deiparae;
767 2986 1074 3074 quidnam
1108 2986 1434 3073 agendum
1464 2985 1546 3053 de
1579 2988 1694 3053 Fe-

111 3081 200 3137 sto
239 3077 469 3141 Beatae
513 3075 740 3142 Mariae
788 3074 1068 3163 Virginis
1113 3075 1196 3142 de
1245 3070 1457 3142 Pace?

233 3165 297 3229 4.
347 3163 448 3229 An
493 3163 667 3250 quod
715 3163 1017 3231 statuitur
1047 3163 1132 3231 de
1162 3166 1348 3231 Festo
1390 3161 1693 3249 Deiparae

114 3248 189 3348 de
230 3252 386 3318 Pace
434 3251 738 3341 applicari
794 3252 1039 3341 pariter
1093 3251 1294 3338 possit
1348 3253 1534 3318 Festo
1581 3253 1700 3321 Pu-

113 3338 299 3405 ntatis
357 3340 701 3429 Deiparae,
763 3339 1053 3429 quamvis
1112 3340 1235 3408 boc
1290 3338 1510 3407 stricte
1571 3336 1698 3406 dici

113 3439 381 3512 nequeat
435 3439 759 3516 perpetuo
821 3427 1210 3516 impeditum
1263 3426 1343 3495 ab
1384 3425 1700 3494 Anniver-

111 3514 261 3579 sario
306 3526 700 3584 memoratae
746 3514 1228 3586 Dedicationis'?

232 3606 311 3669 Et
358 3606 548 3672 Sacra
588 3604 854 3674 Rituum
901 3605 1356 3694 congregatio,
1400 3605 1479 3673 ad
1529 3603 1699 3672 Vati·

116 3708 330 3759 canum
379 3691 689 3761 hodierna
735 3695 844 3763 die
890 3693 1241 3762 coadunata
1270 3693 1335 3762 in
1367 3691 1699 3761 Ordinatio

116 3780 329 3865 coetu,
380 3780 459 3848 ad
504 3782 886 3852 relationem
938 3781 1276 3871 subscripti
1323 3785 1699 3850 Pro-Secre-

116 3866 244 3932 tarii
288 3879 437 3955 post
483 3869 763 3957 diligens
808 3869 1098 3938 omnium
1159 3887 1427 3938 examen
1472 3869 1701 3937 rescri-

118 3953 392 4024 bendum
438 3957 735 4026 censuit:

196 4045 329 4142 ‘Ad
383 4051 446 4114 1.
496 4068 536 4111 ι
568 4047 902 4133 Negative,
934 4048 1175 4135 absque
1220 4047 1513 4128 indulto;
1548 4047 1703 4115 baec

117 4147 278 4231 euim
322 4134 536 4203 Officia
584 4135 677 4203 uti
725 4135 1010 4222 mobilia,
1058 4138 1367 4225 assignata
1402 4146 1553 4204 sunt
1583 4139 1702 4202 Do·

117 4220 351 4289 minicia
399 4223 655 4309 diebus,
705 4243 869 4312 quae
917 4236 1133 4293 tamen
1191 4244 1319 4292 non
1365 4235 1515 4291 sunt
1561 4224 1699 4291 dies

116 4310 428 4468 prope-ilat}
464 4313 640 4469 iux?
671 4316 1017 4415 Decretum
1060 4313 1211 4416 alias
1260 4311 1507 4433 editum
1541 4334 1608 4379 ι.

117 4423 596 4645 313101ϋῖρέὲίιῖιο
612 4419 1266 4578 Ἒῖἑωέηωῖἓηξῧέιξο
1286 4412 1420 4559 ’adet
1428 4421 1703 4579 11ξίἑέἶὲ

357 4598 375 4642 ι
466 4598 598 4646 ram
631 4601 696 4646 ι».

239 4665 336 4734 Ad
381 4668 448 4733 3.
498 4687 537 4733 ‹
572 4674 749 4735 luxta
774 4671 1041 4736 Decreta
1075 4665 1546 4754 omittendum3
1582 4666 1699 4734 nisi

122 4747 268 4903 {tcta
310 4751 509 4822 fuerit
554 4754 819 4824 facultas
869 4754 1294 4824 transferendi
1357 4755 1530 4823 iuxta
1577 4759 1698 4823 Ru-

162 4856 313 4907 ncas
341 4864 405 4909 ιι.

240 4928 337 5029 Ad
384 4935 447 4998 4.
498 4953 538 4996 ι
572 4932 1009 5014 Affirmative3
1067 4952 1186 5002 seu
1245 4931 1573 5021 provisum
1635 4931 1700 4999 in

123 5018 551 5103 superioribus
584 5043 652 5089 ›.

244 5107 453 5206 Atque
499 5109 584 5176 ita
630 5110 958 5200 rescripsit
1005 5121 1071 5179 et
1117 5111 1494 5181 declaravit.

246 5195 357 5263 Die
401 5201 488 5265 25
533 5197 930 5289 Septembris
980 5202 1174 5270 1862.

2430 422 2738 491 numnis

2076 528 2432 598 ttmottmt
2474 527 3080 595 OBSERVANTttm

2303 635 2370 701 S.
2419 634 2856 702 mAthscl.
3071 634 3078 641 ‘

1920 781 2004 845 Ut
2049 777 2114 844 in
2157 775 2392 844 divinis
2434 774 2885 864 persolvendis
2922 771 3245 842 Laudibus
3277 793 3381 841 ce·

1794 865 2075 952 terisque
2109 861 2554 932 ecclesiasticis
2582 862 3016 931 functionibus
3047 862 3381 930 instituen-

1791 952 1892 1021 dis
1936 953 2146 1021 omnia
2196 971 2277 1020 ex
2321 951 2546 1020 ordine
2590 951 2946 1039 procedant
2987 949 3163 1018 iuxta
3207 969 3384 1037 prae-

1794 1040 2002 1109 finitas
2046 1064 2079 1108 a
2125 1041 2417 1111 [lubricis
2449 1050 2515 1108 et
2545 1039 2833 1111 Decretis
2876 1039 3159 1128 regulas,
3207 1038 3383 1106 Dire-

1795 1141 1932 1197 ctor
1963 1128 2324 1199 calendarii
2353 1127 2601 1197 Ordinis
2632 1127 2945 1195 Minorum
2977 1130 3042 1195 S.
3069 1126 3386 1195 Francisci

1794 1219 1879 1287 de
1922 1217 2327 1286 Observantia
2376 1217 2440 1285 in
2484 1215 2806 1283 Provincia
2852 1214 3231 1284 Bononiensi
3278 1217 3383 1283 Sa·

1793 1324 1969 1373 cram
2034 1306 2293 1375 Rituum
2360 1304 2943 1392 Congregationem
3009 1302 3389 1372 humillimis

1794 1394 1954 1463 datis
1986 1394 2285 1483 precibus
2329 1392 2605 1482 rogavit,
2639 1403 2711 1460 ut
2738 1412 2937 1481 super
2965 1390 3386 1477 sequentibus

1797 1482 2011 1551 dubiis
2040 1482 2426 1551 sententiam
2450 1501 2628 1549 suam
2655 1481 2894 1548 elicere
2921 1480 3260 1566 dignetur:
3288 1479 3384 1567 (1)

1926 1570 2204 1639 Dubium
2253 1576 2314 1639 t.
2365 1570 2429 1640 Si
2474 1570 2541 1639 in
2585 1568 2767 1636 Feria
2812 1573 2888 1636 111
2936 1570 3040 1636 vel
3075 1571 3156 1636 Ν
3185 1573 3385 1655 Roga-

1800 1659 2046 1727 tionum
2091 1658 2331 1727 incidat
2375 1661 2634 1726 Festum
2665 1656 2915 1760 duplex
2952 1656 3196 1744 primae
3228 1657 3385 1724 clas·

1794 1746 2046 1903 3:21-223
2080 1745 2532 1924 {203⁵‘3222132
2558 1743 3231 1921 {Ypsslsstrfissi'fflsst'
3240 1743 3383 1900 213¹

2248 1883 2270 1919 2
3361 1868 3387 1881 -

1797 1923 2151 1992 cessionem
2212 1922 2388 1991 Missa
2456 1923 2926 2008 Rogationem3
2995 1931 3062 1989 et
3121 1920 3188 1987 in
3252 1920 3390 1988 aliis

1796 2011 1991 2079 Missis
2037 2012 2185 2081 addi
2228 2010 2765 2080 commemoratio
2813 2008 3191 2079 earumdem
3210 2006 3246 2077 ⁸?

1926 2099 2025 2168 Ad
2078 2105 2141 2167 t.
2189 2121 2228 2167 α
2264 2097 2687 2184 Affirmative,
2728 2098 2938 2185 quoad
2987 2098 3231 2166 Missam
3266 2099 3387 2165 llo-

1797 2190 2129 2278 gationum
2179 2208 2325 2257 cum
2372 2199 2612 2268 cantu;
2673 2187 2882 2275 quoad
2929 2204 3390 2254 commemora·

1797 2279 2040 2435 thionem
2086 2278 2152 2346 in
2196 2276 2396 2345 uissis
2427 2276 2637 2363 lectis,
2670 2275 3023 2364 negative,
3057 2274 3233 2343 iuxta
3265 2277 3391 2342 Ru-

1849 2386 2005 2435 rtcas
2037 2388 2101 2433 ιν.

1790 422 2064 493 3000.
3151 419 3378 509 (sies)

1926 2454 2206 2523 Dubium
2249 2458 2317 2522 2.
2349 2457 2421 2522 ln
2452 2452 2707 2539 diebus,
2756 2452 2989 2540 quibus
3039 2451 3215 2520 iuxta
3261 2454 3385 2519 Ru·

1800 2540 2002 2611 bricas
2045 2542 2306 2611 Hissalis
2336 2542 2458 2610 Tit.
2496 2544 2572 2611 Vl
2621 2541 2758 2610 cani
2804 2560 2934 2609 non
2965 2550 3181 2630 potest
3210 2539 3392 2607 lissa

1795 2632 1881 2700 de
1912 2633 2141 2700 Sancto
2184 2632 2367 2700 cuius
2392 2631 2684 2699 Officium
2715 2628 3230 2699 transferendum
3259 2636 3388 2711 est,

1799 2731 2013 2808 potest
2082 2739 2166 2788 ne
2233 2720 2461 2788 saltem
2523 2719 2673 2788 addi
2744 2718 2884 2788 eius
2944 2718 3229 2788 collecta
3282 2717 3385 2784 vel

1799 2809 2335 2879 commemoratio
2382 2807 2601 2875 Missae
2648 2805 2933 2878 Solemni
2980 2805 3158 2885 diei;
3210 2825 3397 2874 exce·
3477 2858 3484 2865 .

1803 2896 1926 2987 ptis
1970 2896 2151 2964 Feria
2183 2900 2236 2965 V
2282 2896 2347 2964 in
2392 2899 2605 2965 coena
2635 2895 2911 2982 Domini,
2945 2893 3216 2965 Sabbato
3246 2895 3394 2962 San-

1799 2998 1903 3054 cto
1953 2997 2019 3054 et
2080 2986 2308 3055 diebus
2366 2984 2635 3055 Paschae
2687 2997 2754 3054 et
2815 2980 3268 3053 Pentecostes?
3314 2988 3393 3052 Et

1798 3087 2114 3162 quatenus
2171 3073 2581 3157 affirmative,
2640 3085 2738 3141 est
2797 3092 2878 3141 ne
2938 3071 3213 3142 dicenda
3270 3070 3392 3140 sub

1802 3164 1984 3232 unica
2031 3162 2442 3231 conclusione
2489 3180 2638 3230 cum
2682 3162 2978 3230 Oratione
3024 3157 3286 3228 Missae?

1927 3251 2026 3319 Ad
2076 3256 2142 3320 2.
2192 3272 2232 3319 α
2264 3250 2572 3338 Negative
2620 3251 2686 3318 in
2732 3249 3025 3318 omnibus
3057 3269 3125 3314 ι.

1932 3339 2209 3410 Dubium
2248 3344 2315 3409 3.
2364 3340 2646 3407 Collecta
2691 3358 2810 3428 pro
2857 3357 2928 3405 re
2974 3336 3150 3425 gravi
3184 3334 3390 3425 impe·

1802 3439 1930 3496 rata
1993 3439 2214 3517 potest
2266 3447 2349 3496 ne
2409 3427 2536 3496 dici
2599 3427 2664 3495 in
2717 3425 3086 3528 duplicibus
3145 3424 3390 3513 primae

1800 3517 2038 3603 classis,
2089 3527 2154 3584 et
2201 3517 2266 3585 in
2311 3516 2510 3584 Missis
2539 3535 2705 3604 quae
2735 3533 2985 3583 unicam
3029 3513 3391 3583 Orationem

1798 3602 2190 3675 admittunt?
2219 3615 2286 3672 et
2315 3615 2632 3692 quatenus
2654 3602 3024 3673 affirmative
3045 3604 3126 3671 ad
3151 3613 3394 3670 utrum·

1800 3715 1956 3782 que,
1991 3705 2202 3762 estne
2233 3692 2506 3762 dicenda
2550 3692 2670 3760 sub
2709 3691 2893 3760 unica
2933 3690 3339 3760 conclusione
3361 3688 3396 3759 ἲ

1930 3784 2028 3851 Ad
2076 3788 2141 3851 3.
2193 3804 2233 3847 ‹
2265 3780 2576 3870 Negative
2622 3783 2688 3849 in
2734 3779 3029 3850 omnibus
3060 3801 3124 3847 ιν.

1932 3872 2208 3940 Dubium
2257 3875 2320 3937 4.
2386 3874 2653 3938 Possunt
2718 3888 2800 3938 ne
2870 3870 2935 3937 in
3003 3867 3180 3936 Missa
3371 3878 3395 3935 t

1799 3958 3393 4118 22?3‡1³⁰¹s¹55r¹20¹l³¹33⁰‘³assiss'fflsffimv‘lss?tasi?

1798 4149 2051 4205 scentes
2096 4066 2546 4223 admittuntydlr,
2580 4135 2682 4202 vel
2717 4067 2836 4201 flia
2868 4151 3275 4222 quacumque
3311 4151 3391 4199 ex

1798 4245 2008 4312 causa,
2042 4223 2448 4312 quiquidem
2480 4241 2814 4291 sermones
2845 4223 3190 4290 Fervet-itti
3234 4239 3396 4288 nun·

1805 4313 2168 4470 oupzndmg?
2191 4423 2231 4466 ι
2266 4400 2664 4469 Affirmative
2694 4422 2761 4468 »-

1930 4490 2208 4560 Dubium
2254 4494 2319 4557 5.
2374 4494 2438 4559 ln
2484 4494 2756 4558 Decreto
2789 4489 2977 4556 Urbis
3008 4489 3137 4555 lato
3168 4487 3274 4555 die
3315 4492 3394 4557 19

1800 4579 2068 4667 Augusti
2124 4582 2286 4647 1651
2336 4580 2416 4649 ad
2461 4577 2729 4648 dubium
2777 4578 3068 4660 tertium,
3117 4576 3395 4644 vetitum

1800 4667 1921 4737 init
1955 4668 2020 4735 in
2047 4669 2230 4735 Missa
2275 4685 2439 4753 quae
2486 4677 2776 4735 cantatur
2805 4667 2942 4734 sine
2975 4663 3270 4732 Ministris
3303 4665 3396 4733 in-

1800 4775 2062 4825 censare
2111 4756 2326 4824 Altare
2390 4765 2456 4823 et
2507 4754 2827 4839 chorum,
2877 4754 2971 4822 uti
3019 4754 3092 4822 fit
3138 4752 3394 4842 quando

1799 4845 1980 4912 Missa
2011 4844 2387 4912 decantatur
2418 4862 2566 4912 cum
2599 4842 2920 4911 ministris,
2958 4842 3115 4910 Hinc
3145 4839 3396 4930 quaeri-

1805 4945 1942 5001 tur:
2002 4933 2101 4999 An
2162 4931 2339 4999 idem
2397 4931 2795 5022 prohibitum
2854 4932 2937 4998 sit
2983 4931 3047 4999 in
3092 4927 3394 5018 vesperis

1800 5021 2147 5089 decantatis
2176 5038 2324 5087 cum
2360 5022 2496 5088 solo
2543 5018 3051 5087 Hebdomadario
3080 5029 3298 5108 parato
3330 5028 3397 5085 et

1802 5128 1931 5177 uno
1978 5103 2284 5177 clerico?

1935 5197 2036 5265 Ad
2086 5202 2149 5264 Β.
2200 5220 2240 5263 ‹
2273 5199 2581 5287 Negative
2619 5220 2687 5266 ».

248 5385 326 5461 (t)
359 5389 421 5447 Ε.
458 5391 600 5450 nub.
630 5392 688 5472 ,¹¹
722 5393 774 5464 ἰ,
810 5392 862 5463 5,
897 5393 949 5463 δ,
983 5395 1035 5464 ὅ,
1070 5396 1122 5464 6,
1160 5397 1209 5464 7,
1247 5395 1298 5463 8,
1332 5394 1384 5464 9,
1423 5394 1505 5464 10,
1547 5396 1630 5464 11,
1667 5395 1750 5465 st,
1791 5396 1874 5465 16,
1913 5396 1995 5465 17,
2037 5395 2121 5464 18,
2160 5396 2243 5465 19,
2279 5394 2367 5465 20,
2403 5395 2491 5465 at,
2527 5394 2615 5465 2²,
2651 5394 2739 5466 2⁸.
2775 5395 2845 5456 27
2881 5406 2939 5456 et
2972 5395 3058 5462 ¹⁹.
