4042 5950
1566 309 1979 384 ..81-

153 467 376 546 duales,
427 465 508 531 ad
554 464 841 532 Officium
889 463 1342 531 defunctorum
1389 475 1454 530 et
1499 465 1576 532 ad
1607 464 1709 532 Of·

156 554 348 618 licium
395 571 664 640 parvum
709 556 778 617 B.
816 557 898 618 Μ.
935 555 1042 634 V:,
1091 572 1252 636 quae
1300 552 1562 637 quidem
1611 552 1713 619 Oi·

153 642 270 707 ficia
314 650 467 708 sunt
515 658 705 706 onera
755 640 1192 706 tantummodo
1240 658 1318 705 ex
1369 650 1712 726 praecepto

153 729 461 815 implenda
487 728 555 794 in
578 729 817 795 Choro.
835 762 881 777 -
897 730 1076 792 Festa
1099 739 1415 813 perpetuo
1440 727 1506 794 in
1527 715 1709 793 aliam

151 816 308 882 diem
356 815 656 882 translata
700 814 1207 901 praenuncianda
1253 825 1400 882 sunt
1449 816 1509 882 iu
1555 819 1710 881 Mar-

153 903 449 991 tyrologio
495 904 634 988 ipso
683 902 792 969 die
836 921 962 988 quo
1009 911 1307 969 notantur
1352 915 1417 968 et
1447 922 1575 988 quo
1607 921 1711 968 ce-

151 993 485 1059 lebrantur.
526 1028 573 1039 -
616 994 853 1076 Organa
901 1009 1026 1056 nou
1073 991 1263 1057 silent
1310 993 1558 1076 quando
1606 990 1710 1058 ui-

150 1081 333 1147 uistri.
353 1081 618 1160 Altaris,
650 1080 958 1144 Diaconus
1001 1078 1244 1149 scilicet
1275 1092 1342 1144 et
1372 1078 1711 1148 Suhdiaco-

153 1187 274 1252 uus,
301 1180 574 1235 utuntur
606 1169 668 1234 in
698 1170 874 1234 Missa
900 1166 1232 1231 Dalmatica
1267 1177 1329 1232 et
1361 1166 1707 1253 Tunicella,

154 1257 282 1322 licet
326 1257 510 1323 color
555 1257 634 1322 sit
680 1255 1001 1322 violaceus
1032 1275 1095 1321 ι.
1583 1287 1592 1306 ·

262 1345 353 1410 Ad
404 1350 474 1411 ὅ.
528 1368 568 1410 ‹
601 1349 668 1411 In
714 1361 1025 1410 concursu
1071 1341 1268 1410 Officii
1300 1347 1563 1428 Septem
1595 1348 1707 1411 Do-

153 1431 337 1497 lorum
371 1437 440 1498 B.
472 1437 558 1499 111.
588 1436 664 1498 V.
702 1450 846 1499 cum
891 1428 1027 1496 eius
1060 1427 1563 1497 annuntiationis
1598 1436 1708 1499 Fe·

149 1528 254 1602 sto,
283 1521 454 1586 nulla
493 1523 560 1589 in
592 1518 890 1604 vesperis
936 1517 1004 1583 fit
1051 1520 1565 1585 commemoratio
1599 1522 1710 1587 Se-

150 1617 308 1691 ptem
359 1611 696 1676 Dolorum.
745 1641 789 1658 -
834 1604 953 1672 Ubi
1000 1609 1256 1686 Festum
1302 1609 1370 1672 S.
1418 1609 1582 1674 Petri
1633 1609 1710 1676 ad

152 1697 387 1762 Vincula
437 1699 548 1764 vel
596 1694 942 1766 Conversio
989 1698 1053 1760 S.
1101 1693 1276 1760 Pauli
1323 1705 1417 1760 est
1463 1695 1708 1762 Titulus

151 1782 474 1867 Ecclesiae,
508 1803 774 1871 semper
807 1801 923 1867 per
970 1793 1251 1848 octavam
1301 1780 1582 1850 facienda
1614 1793 1709 1849 est

150 1875 650 1940 commemoratio
709 1869 1000 1938 distincta
1056 1868 1349 1951 alterius,
1398 1881 1588 1957 prout
1645 1872 1706 1938 in

149 1958 240 2025 die
279 1962 467 2027 Festo
503 1984 572 2027 ».

125 2085 138 2090 -
255 2048 343 2113 Ad
379 2054 449 2115 6.
484 2072 524 2114 ι
556 2053 641 2115 De
669 2049 982 2136 Episcopo
1012 2042 1306 2111 translato
1332 2045 1706 2113 celebranda

152 2147 230 2200 est
269 2136 442 2202 Missa
489 2137 560 2203 in
606 2136 888 2203 Ecclesia
942 2133 1044 2201 cui
1097 2132 1218 2198 fuit
1280 2131 1504 2198 ultimo
1566 2135 1705 2200 loco

151 2224 553 2311 praepositus,
602 2235 981 2291 recurrente
1028 2220 1133 2288 die
1179 2239 1305 2305 quo
1353 2223 1511 2372 Paga
1555 2240 1704 2287 eum

151 2311 238 2376 tali
267 2312 590 2378 Ecclesiae
625 2311 956 2398 praefecit.
1005 2308 1392 2393 Exemplum
1483 2307 1708 2375 abetur

150 2398 201 2463 in
241 2399 560 2466 electione
606 2399 850 2468 Summi
910 2395 1271 2470 Pontificis;
1323 2405 1389 2459 et
1447 2398 1703 2462 Festum

151 2485 491 2554 huiusmodi
543 2488 667 2553 erit
711 2484 1212 2553 annuntiandum
1254 2501 1397 2548 cum
1433 2484 1704 2550 termino

159 2573 616 2642 Translatt‘enis
649 2597 712 2641 xv.

257 2663 345 2727 Ad
397 2667 463 2729 7.
515 2685 558 2726 ‹
591 2667 658 2730 Iu
689 2667 872 2728 Festo
906 2665 970 2728 S.
1007 2657 1342 2728 Therasiae
1372 2659 1703 2725 Lectiones

151 2746 311 2834 primi
367 2750 679 2817 Nocturni
740 2760 886 2816 sunt
942 2750 1027 2815 de
1093 2743 1417 2843 Scriptura
1482 2766 1702 2813 occur-

151 2847 338 2911 rente;
388 2839 452 2903 in
501 2839 614 2905 die
663 2856 814 2903 vero
860 2847 1071 2903 octava
1106 2833 1526 2899 Dedicationis
1554 2844 1702 2900 sunt

149 2925 414 3008 propriae
462 2945 586 2992 seu
632 2925 714 2993 de
759 2923 1187 2993 Communi».

257 3014 344 3078 Ad
395 3017 461 3081 8.
519 3035 559 3075 ι
593 3013 924 3098 Negative,
975 3010 1180 3096 quoad
1232 3008 1499 3094 primam
1561 3031 1700 3099 par·

151 3110 295 3175 tem;
341 3101 608 3167 Parochi
655 3101 827 3168 enim
874 3098 1224 3165 iurisdictio
1256 3115 1442 3184 supra
1474 3097 1701 3181 defun-

149 3196 295 3251 ctum
338 3189 532 3254 durat
592 3206 924 3273 quousque
987 3194 1253 3254 transeat
1313 3184 1376 3248 iu
1432 3184 1697 3251 aliorum

149 3271 675 3351 iurisdictionem
725 3294 853 3341 non
901 3274 1118 3340 transit
1161 3280 1374 3337 autem
1424 3270 1486 3339 iu
1519 3272 1699 3338 iuris·

53 3358 54 3407 ἒ
150 3358 462 3430 dictionem
499 3361 944 3448 Regularium,
969 3363 1087 3431 nisi
1120 3358 1371 3448 quando
1403 3360 1698 3445 pervenit

151 3446 210 3511 ad
262 3450 424 3515 fores
473 3469 704 3517 eorum
736 3449 1084 3515 Ecclesiae.
1117 3453 1202 3514 lta
1236 3449 1298 3512 S.
1331 3451 1401 3514 C.
1433 3447 1698 3513 Concilii

53 3578 54 3583 κ
151 3538 220 3601 28
259 3535 576 3605 Februarii
632 3540 802 3605 1708
846 3536 910 3603 iu
958 3538 1208 3604 Sutriua
1238 3583 1254 3616 ,
1304 3546 1370 3601 et
1416 3539 1500 3602 26
1545 3537 1700 3600 Mar-

53 3668 54 3685 ,
154 3621 205 3685 tii
247 3627 402 3691 1711
455 3627 526 3692 in
569 3626 796 3692 Montis
839 3624 1155 3691 Politiani.
1216 3628 1295 3690 Et
1350 3624 1514 3689 sicut
1569 3641 1696 3688 non

153 3707 273 3774 licet
314 3712 622 3795 Parocho,
672 3712 970 3798 deposito
1015 3711 1253 3779 feretro
1300 3723 1443 3777 ante
1479 3710 1694 3776 limina

53 3842 54 3849 κ
151 3798 442 3866 Ecclesiae
512 3799 967 3887 Regularum,
1033 3808 1360 3866 consuetas
1428 3797 1696 3864 recitare

53 3880 54 3895 ¹
153 3902 344 3967 preces
386 3908 584 3975 supra
630 3887 935 3964 cadaver3
971 3888 1054 3953 ita
1082 3905 1208 3953 non
1330 3898 1543 3953 terunt
1573 3889 1692 3951 Re·

151 3973 396 4058 gulares,
444 3987 791 4059 antequam
836 3993 987 4039 vere
1037 3985 1102 4041 et
1147 3994 1249 4040 rea
1277 3974 1402 4039 iter
1459 3973 1541 4038 sit
1598 3993 1696 4038 ca-

151 4060 313 4125 daver
355 4062 523 4128 intra
571 4062 808 4129 limites
867 4062 1159 4150 propriae
1214 4061 1691 4143 iurisdictionis,

153 4145 282 4213 illud
327 4150 702 4232 absolvere,
766 4150 1057 4237 deposito
1114 4149 1350 4215 feretro
1398 4148 1460 4215 iu
1505 4147 1692 4227 vieo;

150 4236 238 4315 qui
276 4249 445 4303 actus
506 4238 584 4303 ad
630 4240 949 4304 summum
1014 4239 1200 4303 unice
1257 4246 1574 4323 spectaret
1616 4236 1692 4301 ad

153 4322 494 4392 Parecbum.
557 4326 770 4403 Quoad
822 4326 1165 4393 secundam
1212 4335 1496 4410 partem,
1546 4342 1692 4389 con-

152 4409 345 4475 sultius
387 4432 597 4500 poena
643 4411 1027 4500 pecuniaria,
1061 4415 1204 4497 quia
1252 4411 1460 4497 agitur
1504 4411 1587 4476 de
1620 4430 1692 4477 re

155 4513 301 4562 mere
327 4499 834 4584 iurisdictionali,
862 4512 926 4566 et
960 4518 1041 4564 ex
1073 4499 1248 4584 praxi
1281 4499 1469 4565 huius
1495 4502 1560 4565 S.
1588 4502 1688 4581 C.,

155 4586 376 4666 quaein
402 4587 716 4654 similibus
751 4605 1019 4675 poenam
1050 4598 1306 4653 centum
1353 4605 1692 4653 aureorum

155 4669 346 4739 inflixit
365 4676 788 4761 Regularibus
819 4676 1071 4760 pulsare
1104 4671 1488 4743 audentibus
1513 4677 1690 4740 Cam·

155 4777 342 4907 fuam
386 4774 531 4829 ante
580 4763 924 4831 Ecclesiam
956 4762 1286 4829 matricem
1317 4761 1380 4828 in
1410 4761 1517 4828 die
1550 4761 1692 4829 Sab-

188 4849 257 4911 ati
300 4850 501 4916 Sancti
534 4872 598 4914 ι.

259 4940 330 5003 Et
359 4939 440 5003 ita
464 4937 835 5005 declaravit.
873 4937 981 5005 Die
1007 4942 1046 5005 2
1071 4935 1470 5023 Septembris
1496 4939 1685 5002 1741.

158 5070 379 5145 2360.
677 5080 1136 5179 τΗιξιιΕεῐΝΑ.
1459 5074 1685 5166 (4124)

263 5203 746 5271 archidiaconus
768 5202 1154 5271 cathedralis
1175 5204 1492 5270 Ecclesiae
1525 5201 1683 5269 The·

163 5284 359 5356 lesinae
402 5292 732 5359 humiliter
778 5290 938 5379 petit
982 5313 1011 5356 a
1061 5294 1130 5357 S.
1176 5295 1251 5357 R.
1293 5294 1362 5359 (1.
1414 5309 1689 5374 sequeus

53 5398 54 5485 ᾗ
161 5369 388 5443 dubium
435 5380 762 5462 declarari,
812 5395 1081 5464 nempe:
1129 5381 1226 5445 An
1271 5378 1350 5445 sit
1391 5377 1686 5444 omitten-

333 5518 540 5565 Decreta
563 5519 876 5565 authentica.
903 5522 950 5564 Β.
981 5522 1038 5563 R.
1069 5522 1118 5563 ο.
1149 5542 1203 5552 -
1228 5518 1336 5562 vol.
1367 5520 1426 5561 11.

1812 465 1932 532 dus
1978 465 2043 531 in
2088 464 2216 532 fine
2260 469 2465 532 florae
2494 467 2739 534 Tertiae
2786 474 2850 542 ir.
2888 469 3211 537 Fidelium
3240 475 3387 538 ani·-

1813 573 1952 618 mae
1995 564 2146 633 etc„
2196 556 2450 637 quando
2496 549 2825 643 post'eam
2858 557 3221 625 immediate
3254 557 3388 626 cani

1813 639 2044 706 debeat
2089 639 2267 706 Missa
2312 643 2811 710 conventualis?
3016 709 3019 712 .

1943 732 2021 793 Et
2068 730 2134 795 S.
2182 733 2261 795 R.
2308 732 2409 811 C.,
2464 730 2677 796 audito
2747 733 2920 819 prius
2988 744 3136 798 voto
3201 735 3387 801 unius

1812 835 1892 880 ex
1926 815 2429 903 Apostolicarum
2469 819 3021 886 caeremoniarum
3051 822 3384 908 Magistris,

1811 903 2059 969 censuit
2094 904 2608 971 rescribendum:
2641 909 2834 972 «Non
2867 921 2960 973 est
2992 907 3389 975 omittendus

1811 991 1874 1055 in
1935 990 2064 1057 fine
2130 991 2409 1058 cuiusvis
2474 996 2673 1058 Horae
2741 1009 2806 1060 v.
2857 995 3175 1062 Fidenam
3248 1001 3389 1064 ani·-

1810 1097 1950 1143 mae
1978 1089 2130 1152 ete..
2167 1080 2353 1146 etiam
2385 1081 2637 1163 quando
2669 1093 2810 1169 post
2842 1103 2979 1150 eam
3020 1084 3387 1151 immediate

1811 1165 2047 1232 dicitur
2078 1166 2281 1249 Missa,
2316 1169 2427 1235 sed
2474 1172 2820 1236 servandus
2865 1172 3240 1239 adamussim
3270 1177 3385 1240 Te·
3434 1217 3441 1226 ·

1816 1265 1960 1320 xtus
2028 1254 2338 1320 Rubricae
2393 1259 2599 1338 XXX,
2657 1277 2724 1322 u.
2778 1262 2842 1342 3,
2904 1259 3204 1325 Breviarii
3265 1265 3387 1327 Ro-

1814 1341 1978 1407 mani
2001 1363 2067 1408 ι.
2101 1345 2180 1406 Et
2214 1342 2295 1407 ita
2330 1344 2641 1410 decrevit.
2676 1345 2787 1410 Die
2819 1350 2903 1411 24
2924 1347 3160 1434 Aprilis
3192 1353 3384 1416 1742.

1814 1481 2063 1582 2367.
2324 1473 2873 1574 commentum.
3152 1492 3380 1581 (4125)

1941 1613 2035 1674 Ex
2060 1618 2240 1693 parte
2264 1608 2535 1695 Capituli
2563 1620 2628 1674 et
2658 1612 3077 1680 Pmesideutis
3102 1615 3166 1681 in
3198 1619 3384 1704 spiri-

1810 1695 2084 1762 tualibus
2106 1695 2508 1762 *Cathedralis
2548 1696 2865 1764 Ecclesiae
2910 1703 3378 1773 conimbricen.

1810 1785 1976 1870 apud
2028 1786 2090 1850 S.
2128 1786 2306 1849 R.G.
2354 1782 2718 1850 humillime
2765 1790 3190 1875 supplicatum
3238 1792 3381 1877 fuit,

1807 1881 2123 1956 qnatenus
2168 1889 2442 1956 sequens
2487 1869 2753 1938 dubium
2803 1875 3127 1943 declarare
3167 1879 3384 1967 digna·

1811 1970 2014 2041 retur,
2066 1977 2345 2045 nempe:

1940 2050 2165 2114 Utrum
2193 2046 2542 2132 Episcopus
2573 2047 2665 2112 uti
2690 2049 2887 2133 possit
2910 2052 3104 2135 Sede,
3132 2073 3251 2139 qua
3277 2057 3386 2126 de.-

1805 2152 2005 2221 super
2043 2134 2402 2221 dependeat
2448 2134 2919 2220 baldachinum,
2953 2149 3157 2206 stante
3188 2144 3380 2210 SSmo

1809 2224 2212 2288 Sacramento
2240 2239 2436 2306 super
2456 2221 2531 2285 Al
2541 2232 2669 2286 tare
2694 2225 2898 2309 palam
2921 2230 3244 2314 exposit03
3276 2232 3377 2296 vel

1808 2308 2157 2376 faldistorio
2190 2310 2281 2374 uti
2315 2306 2580 2375 debeat?

1935 2400 2015 2462 Et
2044 2399 2115 2463 S.
2149 2401 2228 2463 R.
2253 2399 2353 2479 C.,
2402 2395 2619 2462 audito
2665 2399 2843 2484 prius
2891 2413 3039 2467 voto
3084 2402 3269 2469 unius
3298 2424 3379 2470 ex

1807 2484 2309 2571 Apostolicarum
2341 2486 2891 2552 Caeremouiarum
2926 2489 3251 2577 magistris,
3282 2510 3381 2558 re·-

1804 2571 2107 2656 spondit:
2157 2593 2194 2636 ‹
2244 2576 2337 2635 Ex
2394 2570 2454 2638 vi
2515 2582 2621 2637 aut
2677 2574 2821 2660 lege
2890 2579 3382 2645 caeremonialis

1806 2657 2267 2746 Episcoporum
2322 2677 2448 2723 non
2510 2659 2891 2744 prohibetur
2950 2664 3265 2752 Episcopo
3309 2680 3381 2734 nt

1806 2766 1921 2833 pro
2003 2747 2061 2811 ia
2095 2756 2304 2813 utatur
2337 2746 2529 2830 Sede,
2554 2766 2676 2832 qua
2710 2750 2988 2837 desuper
3017 2752 3380 2838 dependeat

1805 2854 1846 2899 u
1964 2835 2248 2899 raculum
2294 2853 2408 2898 seu
2450 2834 2918 2921 baldachinum,
2948 2839 3111 2905 dum.
3144 2840 3380 2908 Divinis

1805 2921 2055 3007 assistit,
2105 2922 2209 2988 vel
2259 2942 2328 2989 ea
2374 2939 2493 3006 pei·
2529 2941 2599 2988 se
2630 2923 2847 3009 ipsum
2875 2926 3147 3013 peragit,
3183 2931 3380 2997 SSmo

1806 3013 2208 3076 Sacramento
2273 3029 2471 3095 super
2524 3010 2719 3076 Altari
2778 3015 2980 3098 palam
3040 3018 3374 3102 exposito;

1804 3097 2153 3165 dummodo
2212 3096 2696 3183 genuflexiones
2757 3112 2904 3167 tunc
2964 3104 3380 3190 praescriptas

1802 3183 2172 3269 debitasque
2206 3185 2594 3252 reverentias
2626 3186 3009 3254 adamussim
3053 3189 3375 3272 observet,

1803 3282 1993 3356 atque
2034 3272 2263 3338 saltem
2307 3284 2529 3359 aperto
2577 3275 2817 3361 capite,
2867 3274 2932 3340 in
2976 3275 3226 3361 signum
3276 3297 3374 3342 re-

1805 3358 2157 3442 verentiae,
2208 3360 2447 3427 assistat
2481 3380 2545 3425 ».
2590 3364 2669 3426 Ει
2715 3361 2798 3427 ita
2855 3362 3216 3430 declaravit.
3266 3364 3378 3430 Die

1803 3450 1844 3512 9
1891 3445 2051 3513 lunii
2103 3450 2295 3514 1712.
2684 3472 2688 3476 Α

1803 3605 2064 3685 2368.
2462 3610 2763 3676 cnemis
3146 3609 3373 3696 (4130)

1946 3712 2456 3777 sentimum(
2524 3715 2620 3778 cA
2632 3715 3235 3782 muuwusmu

2239 3819 2515 3884 neu-ris
2550 3820 2935 3885 cesoma.

1929 3974 2269 4061 Propositis
2317 3977 2377 4041 in
2426 3978 2490 4042 S.
2542 3980 2616 4042 R.
2669 3980 2737 4042 C.
2777 3996 2859 4042 ex
2906 3989 3085 4064 parte
3134 3985 3205 4045 D.
3254 3985 3374 4046 Ma-

1802 4062 1968 4127 thiae
2016 4063 2335 4128 Eremitae
2381 4063 2877 4130 camaldulensis
2923 4067 3147 4132 Montis
3183 4071 3373 4134 Coro-

1798 4168 1940 4233 nae,
1989 4149 2215 4215 Prioris
2262 4152 2475 4215 Eremi
2524 4155 2589 4217 S.
2640 4152 2918 4218 Marthae
2978 4156 3370 4238 Angelorum

1796 4236 2077 4304 Civitatis
2122 4238 2343 4320 Nolae,
2392 4238 2719 4304 nonnullis
2762 4238 2970 4305 dubiis
3015 4242 3183 4307 circa
3227 4247 3373 4309 Pro·

1796 4324 2146 4391 cessionem
2183 4337 2315 4390 tum
2344 4324 2404 4390 in
2444 4325 2848 4392 solemnitate
2874 4328 3169 4414 Corporis
3192 4332 3372 4396 Chri·

1793 4411 1873 4479 sti
1922 4426 2056 4478 tum
2099 4412 2278 4481 Feria
2309 4414 2361 4479 V
2395 4422 2459 4478 et
2493 4416 2568 4479 vt
2600 4413 2854 4480 maioris
2884 4416 3369 4495 Hebdomadae3

1924 4501 1994 4567 S.
2044 4500 2271 4567 eadem
2291 4505 2368 4568 R.
2403 4503 2507 4583 C.,
2542 4501 2757 4567 audito
2787 4502 2963 4588 prius
3010 4514 3159 4569 voto
3187 4505 3374 4570 unius

1796 4607 1875 4653 ex
1919 4587 2425 4687 Apostolicarum
2454 4589 3007 4655 Caeremouiarum
3034 4590 3366 4675 magistris,

1793 4672 2278 4742 rescribendum
2325 4676 2609 4742 censuit:

1928 4784 1965 4827 ‹
2013 4764 2354 4831 Praecedat
2424 4768 2595 4832 Crux
2659 4764 2893 4831 hastata
2951 4785 2984 4829 a
3049 4764 3370 4850 Religioso

1795 4862 1960 4916 cotta
2006 4850 2230 4916 induto
2277 4851 2481 4917 delata
2530 4852 2699 4916 inter
2745 4851 3157 4917 ceroferarios
3204 4864 3369 4919 cotta

1792 4937 2350 5025 pariterindutos;
2384 4950 2738 5020 sequentur
2768 4938 2887 5003 viri
2911 4939 3213 5024 Religiosi
3240 4941 3367 5006 bini
3490 4973 3495 4979 ·

1796 5026 2205 5107 incedentes,
2277 5028 2383 5110 qui
2460 5026 2531 5092 iu
2594 5026 2997 5092 solemnitate
3074 5029 3372 5113 Corporis

1795 5110 2050 5197 Christi,
2120 5114 2481 5179 monasticis
2534 5115 2769 5202 cappis.
2808 5114 3113 5200 depositis
3139 5160 3159 5198 ,
3228 5130 3369 5202 post

1795 5199 2304 5269 communionem
2372 5203 2769 5269 celebrantis
2811 5216 3094 5286 sument,
3143 5223 3271 5269 non
3306 5203 3369 5269 iu

1794 5290 2000 5356 Cboro
2046 5291 2158 5355 sed
2209 5291 2273 5356 in
2318 5289 2437 5355 alio
2487 5289 2888 5357 convenienti
2943 5293 3109 5373 loco,
3143 5310 3367 5376 super·

1799 5377 2146 5465 pelliceum
2192 5397 2544 5464 cereosque
2574 5398 2869 5445 accensos
2903 5377 3265 5466 gestabunt.
3300 5382 3368 5444 ln

3017 5518 3045 5559 6
