4042 5950
2063 289 2485 370 -68-

667 507 688 524 .
760 456 855 522 Ad
889 459 950 521 3.
1004 476 1042 516 ‹
1078 453 1411 540 Negative,
1471 453 1548 518 ad
1597 452 1866 539 primam
1914 461 2205 539 partem;

632 542 1050 625 Affirmative,
1100 543 1175 609 ad
1223 540 1570 607 secundam
1603 563 1667 605 ».

758 629 852 695 Ad
891 634 956 695 4.
990 651 1028 694 α
1062 628 1271 696 Missas
1319 647 1458 695 esse
1506 628 1914 696 celebrandas
1962 636 2087 691 tam
2133 626 2209 690 ab

627 718 723 785 bis
767 717 876 803 qui
927 728 1227 783 tenentur
1273 736 1355 782 ex
1416 716 1836 801 obligatione,
1885 717 2073 800 quam
2135 715 2211 778 ab

627 804 764 872 aliis
812 806 1002 871 etiam
1052 806 1134 872 de
1181 805 1502 891 capitulo,
1551 804 1599 869 si
1661 804 1970 890 recipiant
2037 802 2209 867 elee-

628 909 953 980 mosynam
987 913 1052 957 ».

759 981 853 1047 Ad
902 986 964 1046 5.
1015 1002 1053 1045 α
1089 982 1216 1047 Nec
1260 980 1560 1067 pulvinar
1605 999 1724 1045 nec
1770 988 2038 1045 stratum
2097 978 2212 1044 de-

630 1068 766 1133 beri
814 1068 1088 1152 vicario,
1138 1070 1253 1137 sed
1299 1070 1519 1135 sedeat
1576 1068 1823 1154 primus
1892 1067 2062 1132 inter
2116 1064 2212 1131 Di-

624 1167 924 1341 gnxgteg·
950 1167 1016 1307 et
1048 1160 1568 1326 fgissilliiiiissetad
1619 1243 1887 1329 primam
1922 1253 2205 1329 partem3

629 1335 962 1417 Negattve,
1012 1331 1088 1398 ad
1137 1333 1481 1398 secundam
1510 1353 1575 1398 ».

762 1421 856 1487 Ad
903 1423 967 1485 7.
1025 1440 1063 1483 ‹
1096 1421 1449 1505 Negative;
1510 1431 1575 1485 et
1636 1429 1933 1485 servetur
1989 1422 2216 1484 caere-

626 1508 906 1573 moniale
950 1507 1066 1574 lib.
1108 1513 1167 1591 1,
1219 1527 1358 1595 cap.
1401 1512 1507 1590 13,
1544 1514 1583 1588 5
1632 1511 1669 1574 3
1705 1529 1765 1572 ».
1883 1523 1888 1531 ·

758 1596 854 1662 Ad
903 1599 970 1662 8.
1021 1618 1059 1660 α
1095 1599 1406 1662 Servetur
1450 1595 1927 1662 caeremoniale
1979 1593 2090 1660 lib.
2149 1598 2208 1680 1,

630 1704 769 1769 cap.
814 1687 920 1766 15,
958 1685 995 1766 ξ
1045 1687 1084 1749 2
1119 1707 1180 1748 ›.

760 1771 855 1836 Ad
904 1774 969 1838 9.
1023 1793 1061 1835 α
1095 1775 1407 1839 Servetur
1451 1771 1932 1837 Caeremoniale
1979 1770 2089 1836 lib.
2149 1775 2211 1854 1,

628 1876 768 1943 cap.
807 1863 920 1941 22,
955 1860 993 1942 ἓ
1028 1863 1067 1925 2
1094 1882 1160 1924 ».
1625 1889 1629 1894 ·

759 1947 854 2014 Ad
908 1950 1011 2013 10.
1063 1971 1101 2013 α
1135 1948 1441 2034 Negative
1475 1970 1541 2013 ».

757 2035 852 2099 Ad
905 2039 1009 2102 11.
1061 2059 1099 2101 α
1133 2037 1440 2120 Negative
1475 2059 1542 2103 ».

756 2122 852 2188 Ad
908 2127 1010 2188 12.
1061 2146 1099 2188 ‹
1135 2125 1444 2208 Negative
1477 2145 1538 2188 ›.

757 2210 851 2275 Ad
910 2214 1012 2278 13.
1063 2234 1100 2274 «
1135 2213 1470 2298 Negative,
1506 2212 1580 2278 ad
1619 2213 1883 2299 primam
1921 2223 2209 2299 partem;

633 2298 1045 2385 Affirmative,
1096 2300 1170 2366 ad
1220 2301 1573 2366 secundam
1608 2324 1670 2364 ».

760 2388 854 2452 Ad
908 2391 987 2452 14
1025 2397 1089 2453 et
1130 2392 1231 2453 15.
1286 2411 1323 2450 <z
1356 2387 1698 2473 Negative;
1751 2398 1813 2454 et
1846 2388 2117 2472 amplius
2150 2390 2213 2456 in

626 2474 919 2540 omnibus
951 2494 1014 2540 ›.

759 2566 837 2627 Et
899 2561 983 2625 ita
1052 2562 1341 2628 decrevit
1408 2583 1477 2630 ac
1544 2564 1782 2630 servari
1862 2565 2209 2631 mandavit.

627 2649 738 2715 Die
787 2653 825 2716 3
871 2649 1142 2736 Augusti
1193 2652 1384 2716 1737.

626 2790 884 2890 2332.
1210 2793 1653 2858 ΒιΤυΝΤιΝΑ.
1981 2792 2210 2879 (4064)

755 2917 929 2981 Inter
996 2912 1345 3001 Dignitates
1423 2915 1746 2983 Ecclesiae
1816 2918 2211 2986 cathedralis

622 3003 981 3070 Bituntinae
1028 3021 1111 3069 ex
1158 3021 1319 3087 una,
1371 3015 1434 3070 et
1503 3005 1847 3071 Canonicos
1917 3006 2207 3073 eiusdem

622 3090 1015 3158 cathedralis
1059 3091 1346 3176 partibus
1391 3112 1473 3158 ex
1527 3094 1769 3177 altera,
1834 3094 1988 3159 ortis
2058 3115 2210 3161 con·

622 3177 948 3245 troversiis
994 3179 1250 3265 illisque
1295 3181 1372 3247 ad
1422 3183 1486 3246 S.
1516 3185 1592 3248 R.
1620 3184 1695 3247 c.
1725 3182 1976 3266 delatis,
2012 3187 2209 3248 Euius

624 3279 689 3332 et
734 3271 929 3334 Rffius
975 3272 1155 3333 Dom.
1206 3268 1554 3336 cardinalis
1597 3269 1766 3336 Gotti
1815 3270 2209 3358 infrascripta

622 3355 812 3423 dubia
882 3356 1050 3422 inter
1111 3368 1325 3443 partes
1383 3358 1760 3425 concordata
1825 3359 2239 3425 declaranda·

626 3444 1000 3531 proposuit:

759 3534 818 3596 1.
872 3532 966 3597 An
1014 3531 1242 3598 diebus
1291 3533 1529 3616 FestiS,
1577 3534 1810 3619 quibus
1879 3534 2207 3602 celebrant

622 3617 964 3701 canonici,
1014 3639 1340 3685 scamnum
1405 3623 1612 3686 ornari
1672 3622 1900 3688 debeat
1970 3625 2205 3691 eodem

621 3721 830 3791 panno
876 3706 1082 3771 serico
1129 3726 1257 3792 quo
1303 3718 1573 3774 utuntur
1618 3709 2008 3797 Dignitates?

755 3796 818 3858 2“.
870 3794 967 3858 An
1011 3793 1429 3879 Dignitatibus
1473 3797 1854 3863 solemniter
1882 3799 2204 3867 celebran-

622 3880 791 3947 tibus
839 3880 1025 3946 liceat
1073 3882 1353 3949 retinere
1401 3882 1720 3963 Abacum3
1772 3898 1835 3950 et
1892 3899 2204 3971 quatenus

622 3968 1033 4052 affirmative,
1083 3988 1160 4035 an
1207 3970 1487 4059 idipsum
1534 3973 1640 4037 vel
1680 3992 1826 4039 cum
1868 3975 2076 4060 aliqua
2109 3976 2200 4042 di·

622 4056 964 4123 stinctione
1010 4056 1273 4124 retineri
1322 4061 1529 4125 valeat
1573 4079 1691 4147 pro
1739 4060 2119 4129 canonicis?

754 4147 816 4209 3.
866 4148 962 4211 An
1008 4145 1181 4211 idem
1225 4147 1522 4214 fanalium
1567 4168 1683 4214 seu
1741 4150 2198 4218 intortitiorum

619 4250 930 4300 numerus
977 4233 1042 4299 in
1089 4233 1445 4301 elevatione
1496 4236 1911 4321 Venerabilis,
1962 4238 2028 4304 in
2080 4243 2200 4325 Hy-

620 4338 771 4387 mno
829 4323 905 4387 To
951 4323 1152 4386 Deum
1186 4333 1250 4387 et
1283 4323 1347 4388 in
1373 4325 1636 4390 cantico
1684 4326 2063 4392 Benedictus
2093 4328 2201 4392 ad·

563 4472 568 4479 .
619 4410 857 4477 hibitus
904 4428 1021 4497 pro
1069 4409 1513 4496 Dignitatibus,
1561 4412 1963 4479 adhibendus
1992 4414 2072 4479 sit
2106 4424 2200 4480 et-

618 4500 741 4566 iam
787 4517 903 4586 pro
950 4498 1277 4564 canonicis
1322 4498 1696 4565 solemniter
1752 4499 2204 4569 celebraturis?

753 4591 821 4653 4.
868 4588 965 4654 An
1010 4585 1354 4654 deficiente
1414 4587 1634 4654 ultima
1683 4606 1765 4653 ex
1811 4608 1926 4654 sex
1987 4591 2199 4675 Digni-

617 4676 873 4759 tatibus,
925 4674 1272 4741 celebratio
1318 4676 1642 4743 Missamm
1712 4696 1780 4742 ac
1829 4676 2197 4745 divinorum

613 4763 1002 4846 officiorum,
1053 4781 1218 4849 quae
1262 4764 1320 4829 ei
1368 4764 1724 4851 obtigisset,
1773 4766 2061 4853 suppleri
2095 4786 2198 4831 va-

617 4853 748 4927 leat⁴
787 4862 853 4915 et
898 4850 1130 4916 debeat
1161 4871 1280 4939 per
1312 4855 1696 4920 canonicum
1742 4856 2194 4941 Presbyterum

613 4937 1084 5021 antiquiorem
1134 4941 1236 5005 vel
1283 4942 1498 5026 potius
1528 4961 1650 5028 per
1681 4943 1946 5009 alteram
1993 4943 2200 5008 exiis-

615 5025 764 5091 dem
809 5023 1227 5108 Dignitatibus
1255 5025 1288 5092 ⁴?
1760 5030 1764 5035 ’

749 5116 811 5178 5.
865 5116 960 5177 An
1007 5114 1071 5178 in
1107 5115 1414 5202 capitulo
1461 5118 1745 5202 generali
1791 5119 1925 5187 diei
1980 5124 2021 5183 6
2069 5122 2194 5184 Au-

613 5201 782 5287 gusti
831 5201 892 5266 in
938 5201 1079 5265 aula
1119 5204 1416 5288 Episcopi
1464 5205 1773 5271 celebrari
1817 5208 2034 5289 solito,
2081 5210 2194 5273 ca-

614 5288 858 5356 nonicis
907 5284 1265 5355 debeantur
1310 5290 1530 5354 sedilia
1579 5294 1859 5377 aequalia
1894 5295 2069 5359 etad
2102 5294 2195 5359 in-

613 5388 739 5444 star
783 5376 1175 5467 Dignitatum
1204 5375 1237 5441 ⁸?
1469 5386 1484 5399 “

2448 454 2517 515 6.
2567 451 2660 515 An
2709 447 3064 532 candelae,
3114 467 3276 534 qnae
3336 448 3402 514 in
3443 453 3628 515 Festo
3674 448 3903 515 Purifi-
4014 493 4016 496 -

2319 537 2580 603 cationis
2611 541 2680 604 B.
2720 540 2799 602 M.
2832 541 2907 604 V.
2945 536 3418 604 distribuuntur
3450 536 3902 621 Dignitatibus,

2312 626 2614 778 335ἓῇἳὲξὲ
2639 645 2779 691 esse
2826 625 3119 691 eiusdem
3168 624 3473 712 ponderis
3519 643 3588 689 ac
3626 644 3747 712 pro
3795 628 3906 690 ca-

2446 806 2510 867 7.
2559 806 2656 868 An
2703 802 3005 869 funerum
3054 800 3518 884 emolumenta,
3567 820 3739 886 quae
3789 819 3907 887 per
4014 863 4016 872 ,

2314 889 2622 956 haeredes
2667 890 3120 958 defunctorum
3142 890 3438 977 capitulo
3468 887 3629 953 solvi
3661 889 3902 972 solent,

2316 977 2485 1043 inter
2530 979 2881 1044 canonicos
2926 990 2991 1043 et
3038 978 3388 1064 Dignitates
3418 976 3781 1062 aequaliter
3812 978 3907 1042 di·
4014 1059 4016 1062 Ι

2314 1065 2446 1130 vidi
2494 1066 2824 1132 debeant?
4014 1137 4016 1148 ,

2446 1157 2511 1219 8.
2563 1155 2658 1220 An
2725 1157 3034 1242 campana
3108 1171 3334 1240 magna
3404 1152 3637 1219 eodem
3708 1154 3907 1219 modo

2317 1241 2552 1329 pulsari
2624 1241 2895 1324 debeat,
2967 1242 3502 1308 sive-celebrent
3548 1242 3908 1328 Dignitates
4014 1283 4016 1342 3

2314 1329 2449 1394 sive
2494 1330 2791 1396 Canonici
2814 1329 2848 1394 ‘t’

2446 1420 2512 1484 9.
2565 1418 2659 1483 An
2706 1420 3001 1485 canonici
3057 1422 3316 1486 Sacrum
3380 1417 3711 1499 facientes,
3780 1428 3905 1482 tam
4002 1413 4016 1500 ς

2316 1505 2543 1572 diebus
2593 1507 2788 1572 Festis
2833 1523 3020 1593 quam
3080 1505 3445 1588 ferialibuS,
3492 1505 3586 1571 uti
3649 1505 3907 1571 valeant

2314 1594 2543 1661 iisdem
2589 1595 2872 1661 vestibus
2905 1605 2970 1661 et
3001 1594 3388 1661 ornamentis
3433 1593 3623 1658 sacris
3668 1592 3909 1678 quibus
4014 1633 4016 1646 ·

2315 1681 2662 1769 Dignitates
2708 1693 3018 1762 utuntur;
3068 1683 3201 1748 sive
3233 1680 3447 1768 potius
3478 1680 3908 1766 Dignitatibus
4014 1757 4016 1764 Ι

2313 1770 2674 1836 debeantur
2716 1771 3089 1857 pretiosiora
3115 1768 3148 1834 Ῥ

2454 1861 2556 1923 10.
2608 1863 2728 1942 An,
2777 1857 3104 1925 Canonicis
3170 1856 3641 1924 celebrantibus
3688 1857 3909 1923 divina

2273 1918 2554 2029 'officim
2605 1946 3041 2012 Invitatorium
3089 1946 3468 2013 cantandum
3526 1945 3607 2010 sit
3653 1966 3683 2009 a
3736 1949 3907 2010 Man·

2316 2033 2601 2100 sionariis
2648 2035 2750 2100 vel
2802 2035 3016 2122 potius
3060 2056 3092 2099 a
3138 2033 3438 2110 clericis;
3490 2043 3554 2099 et
3584 2045 3910 2118 quatenns

2315 2121 2712 2205 affirmative,
2761 2141 2837 2187 an
2886 2122 3056 2188 idem
3105 2140 3413 2188 numerus
3462 2121 3910 2187 Mansionario-

2317 2228 2486 2292 rum,
2537 2220 2663 2274 tam
2708 2209 3130 2295 Dignitatibus
3193 2208 3660 2275 celebrantibus
3708 2227 3904 2294 quam

2315 2296 2668 2380 Canonicis,
2717 2297 3008 2364 adbiberi
3056 2296 3336 2364 debeat?

2451 2391 2527 2450 Et
2574 2389 2637 2452 S.
2693 2389 2767 2452 R.
2816 2389 2919 2470 C.,
2980 2398 3248 2471 utraque
3296 2396 3475 2472 parte
3529 2383 3786 2471 scriptis
3842 2394 3906 2448 et

2312 2491 2468 2538 voce
2530 2473 2908 2540 informante
2974 2471 3210 2556 audita,
3258 2471 3377 2539 sub
3422 2473 3529 2538 die
3578 2477 3618 2538 6
3664 2470 3909 2557 Aprilis

2312 2560 2589 2647 proximi
2638 2562 2962 2645 praeteriti
3005 2562 3487 2629 rescribendum
3523 2561 3817 2634 censuit:

2447 2648 2543 2713 Ad
2600 2652 2657 2713 1.
2709 2671 2746 2712 ι
2781 2649 3175 2716 Affirmative
3213 2672 3278 2715 ».

2447 2738 2542 2804 Ad
2590 2742 2653 2804 2.
2705 2759 2743 2801 ‹
2777 2738 3205 2823 Affirmative;
3257 2737 3332 2803 ad
3396 2747 3739 2822 utramque
3786 2736 3909 2801 du·

2316 2824 2399 2891 bii
2448 2836 2721 2914 partem,
2770 2827 2907 2892 sine
2955 2825 3460 2911 distinctione».

2447 2914 2543 2981 Ad
2590 2919 2653 2981 3.
2705 2935 2743 2978 α
2778 2914 3170 2982 Affirmative
3205 2936 3266 2980 ι.

2446 3003 2540 3070 Ad
2591 3007 2655 3070 4.
2708 3025 2746 3068 α
2779 3003 2974 3070 Dilata
3008 3024 3074 3068 ιν.

2444 3091 2539 3158 Ad
2587 3096 2653 3173 ὅ,
2705 3096 2770 3175 6,
2821 3096 2858 3158 7
2908 3102 2974 3157 et
3021 3096 3085 3159 8.
3139 3112 3177 3154 ‹
3211 3088 3600 3157 Affirmative
3631 3113 3695 3156 ιν.
4014 3136 4016 3177 ;

2443 3179 2538 3245 Ad
2587 3185 2655 3248 9.
2706 3201 2744 3244 α
2771 3180 3184 3264 Affirmative,
3213 3178 3289 3246 ad
3317 3180 3586 3266 primam
3619 3189 3908 3265 partem;

2311 3269 2644 3357 Negative,
2694 3269 2771 3333 ad
2818 3269 3167 3335 secundam
3203 3291 3263 3332 ».

2444 3356 2545 3423 Ad·
2592 3360 2695 3423 10.
2747 3377 2785 3419 ‹
2818 3356 3031 3432 Quoad
3098 3356 3368 3443 primam
3426 3362 3673 3443 partem
3704 3402 3722 3437 ,
3772 3376 3912 3422 ser-

2308 3456 2498 3512 vetur
2544 3445 2848 3523 solitum3
2897 3444 3106 3528 quoad
3169 3445 3557 3525 secundam,
3608 3444 3909 3511 Affirma-

2302 3537 2433 3602 tive
2467 3554 2529 3598 ».

2438 3622 2761 3687 Adversus
2823 3621 3184 3689 huiusmodi
3258 3620 3684 3687 resolutiones
3746 3642 3777 3686 a
3833 3626 3902 3689 S.

2306 3716 2381 3778 R.
2412 3714 2483 3777 c.
2525 3720 2861 3792 emanatas,
2896 3709 3097 3795 petita
3143 3731 3175 3774 a
3225 3709 3643 3798 Dignitatibus
3676 3728 3911 3796 supra·

2306 3799 2512 3866 dictae
2572 3797 2964 3864 cathedralis
3026 3817 3187 3862 nova
3246 3796 3606 3881 audientia,
3661 3797 3908 3883 illaque

2307 3887 2384 3972 ab
2415 3885 2626 3951 Emin.
2666 3895 2729 3950 et
2762 3890 2918 3953 ReV.
2956 3890 3135 3951 Dom.
3172 3887 3360 3953 card.
3396 3887 3563 3950 Gotti
3609 3890 3907 3952 Ponente

2306 3992 2628 4056 concessa,
2681 3973 2853 4039 idem
2902 3974 3108 4040 Emin.
3168 3979 3414 4040 Ponens
3467 3974 3529 4038 in
3577 3976 3643 4039 S.
3691 3979 3767 4041 R.
3818 3978 3902 4040 c.

2306 4058 2544 4128 iterum
2589 4062 2951 4148 supradicta
2998 4061 3188 4148 dubia
3236 4080 3381 4129 cum
3433 4060 3568 4126 aliis
3622 4080 3907 4148 sequen·

2307 4149 2477 4216 tibus
2521 4149 2881 4236 proposuit,
2932 4150 3281 4217 videlicet:

2442 4241 2549 4302 11.
2598 4240 2692 4304 An
2740 4239 3063 4323 canonici,
3113 4239 3222 4324 qni
3273 4238 3333 4305 in
3365 4237 3584 4305 Officio
3617 4238 3905 4305 solemni

2305 4335 2553 4392 cantant
2601 4326 2971 4408 Lectiones,
3023 4327 3299 4393 debeant
3347 4345 3487 4391 esse
3535 4327 3597 4392 in
3660 4328 3905 4392 eodem

2303 4433 2599 4497 numero,
2650 4414 2783 4493 sive
2845 4414 3006 4481 illud
3067 4415 3439 4481 celebretur
3484 4434 3516 4479 a
3563 4414 3905 4501 Dignitati-

2304 4502 2419 4567 bus
2466 4503 2603 4569 sive
2651 4524 2682 4566 a
2729 4500 3122 4567 canonicis?

2437 4595 2543 4656 12.
2591 4595 2687 4658 An
2735 4590 3138 4656 Primicerius
3188 4602 3254 4656 et
3298 4594 3534 4657 cantor
3585 4592 3648 4658 in
3694 4591 3902 4657 Missis

2306 4690 2368 4745 et
2414 4679 2647 4745 Officiis
2693 4676 3088 4745 solemnibus
3136 4689 3479 4746 teneantur
3525 4697 3729 4767 prope
3778 4683 3903 4744 Le·

2303 4769 2530 4834 ctorile
2603 4784 2829 4833 canere
2892 4786 3008 4853 per
3066 4786 3138 4832 se
3199 4767 3411 4855 ipsos;
3482 4769 3588 4834 vel
3649 4767 3901 4855 possint

2300 4856 2378 4923 ad
2426 4854 2784 4922 canendum
2830 4853 3276 4921 substituere?

2440 4948 2543 5009 13.
2594 4948 2692 5010 An
2738 4944 2908 5010 idem
2956 4943 3363 5009 primicerius
3411 4954 3474 5009 et
3522 4947 3757 5010 Cantor
3806 4955 3901 5009 te-
4012 5000 4016 5007 .

2299 5043 2571 5099 neantur
2617 5050 2735 5121 per
2781 5051 2849 5096 se
2897 5031 3295 5117 Antiphonas
3338 5032 3673 5096 Canonicis
3721 5033 3891 5097 into-

2296 5123 2531 5187 nandas
2577 5120 2913 5202 exhibere,
2966 5139 3207 5205 eosque
3254 5119 3524 5186 invitare
3559 5119 3633 5185 ad
3663 5138 3898 5187 canen-

2298 5208 2454 5273 dum
2500 5208 2944 5297 Responsoria,
2997 5221 3061 5272 et
3108 5208 3365 5274 insimul
3413 5208 3716 5292 prosequi
3750 5205 3785 5271 l?

2438 5298 2541 5361 ss.
2591 5302 2726 5379 An,
2783 5295 3093 5382 Episcopo
3147 5296 3478 5363 accedenti
3526 5295 3605 5361 ad
3669 5295 3893 5362 Eccle-

2299 5382 2453 5446 siam
2501 5382 2973 5469 cathedralem,
3002 5384 3425 5471 aspersorium
3459 5383 3620 5449 tradi
3658 5383 3894 5451 debeat
