<?xml version="1.0" encoding="UTF-8"?>
<!DOCTYPE html PUBLIC "-//W3C//DTD XHTML 1.0 Transitional//EN"
    "http://www.w3.org/TR/xhtml1/DTD/xhtml1-transitional.dtd">
<html xmlns="http://www.w3.org/1999/xhtml" xml:lang="en" lang="en">
 <head>
  <title>
</title>
<meta http-equiv="Content-Type" content="text/html;charset=utf-8" />
  <meta name='ocr-system' content='tesseract 3.04.00' />
  <meta name='ocr-capabilities' content='ocr_page ocr_carea ocr_par ocr_line ocrx_word'/>
</head>
<body>
  <div class='ocr_page' id='page_1' title='image "./decretaauthenti00ritugoog_0332.png"; bbox 0 0 4042 5950; ppageno 0'>
   <div class='ocr_carea' id='block_1_1' title="bbox 2005 234 2496 332">
    <p class='ocr_par' dir='ltr' id='par_1_1' title="bbox 2005 234 2496 332">
     <span class='ocr_line' id='line_1_1' title="bbox 2005 234 2496 332; baseline 0.002 -80"><span class='ocrx_word' id='word_1_1' title='bbox 2005 234 2496 332; x_wconf 67' lang='lat'>.—284—</span> 
     </span>
    </p>
   </div>
   <div class='ocr_carea' id='block_1_2' title="bbox 621 410 2220 5441">
    <p class='ocr_par' dir='ltr' id='par_1_2' title="bbox 627 410 2200 923">
     <span class='ocr_line' id='line_1_2' title="bbox 629 410 2198 498; baseline 0.001 -18"><span class='ocrx_word' id='word_1_2' title='bbox 629 422 816 481; x_wconf 91' lang='lat' dir='ltr'><strong>rente</strong></span> <span class='ocrx_word' id='word_1_3' title='bbox 868 410 1267 483; x_wconf 73' lang='lat' dir='ltr'><strong>solemnitate</strong></span> <span class='ocrx_word' id='word_1_4' title='bbox 1324 413 1696 480; x_wconf 89' lang='lat' dir='ltr'><strong>Sanctorum</strong></span> <span class='ocrx_word' id='word_1_5' title='bbox 1749 411 2198 498; x_wconf 76' lang='lat' dir='ltr'><strong>Apostolorum</strong></span> 
     </span>
     <span class='ocr_line' id='line_1_3' title="bbox 629 498 2197 584; baseline -0.001 -15"><span class='ocrx_word' id='word_1_6' title='bbox 629 521 776 569; x_wconf 89' lang='lat' dir='ltr'><strong>cnm</strong></span> <span class='ocrx_word' id='word_1_7' title='bbox 821 500 1220 569; x_wconf 74' lang='lat' dir='ltr'><strong>solemnitate</strong></span> <span class='ocrx_word' id='word_1_8' title='bbox 1263 499 1474 568; x_wconf 87' lang='lat' dir='ltr'><strong>Sancti</strong></span> <span class='ocrx_word' id='word_1_9' title='bbox 1520 500 1851 584; x_wconf 84' lang='lat' dir='ltr'><strong>Rumoldi,</strong></span> <span class='ocrx_word' id='word_1_10' title='bbox 1899 498 1965 565; x_wconf 90' lang='lat' dir='ltr'><strong>in</strong></span> <span class='ocrx_word' id='word_1_11' title='bbox 2009 498 2197 567; x_wconf 90' lang='lat' dir='ltr'><strong>dictis</strong></span> 
     </span>
     <span class='ocr_line' id='line_1_4' title="bbox 629 574 2199 657; baseline 0.001 -2"><span class='ocrx_word' id='word_1_12' title='bbox 629 589 924 657; x_wconf 85' lang='lat' dir='ltr'><strong>Ecclesiis</strong></span> <span class='ocrx_word' id='word_1_13' title='bbox 971 598 1252 655; x_wconf 84' lang='lat' dir='ltr'><strong>cantatur</strong></span> <span class='ocrx_word' id='word_1_14' title='bbox 1312 587 1486 657; x_wconf 76' lang='lat' dir='ltr'><strong>Missa</strong></span> <span class='ocrx_word' id='word_1_15' title='bbox 1540 574 1846 655; x_wconf 81' lang='lat' dir='ltr'><strong>solemnis</strong></span> <span class='ocrx_word' id='word_1_16' title='bbox 1907 588 1988 655; x_wconf 91' lang='lat' dir='ltr'><strong>de</strong></span> <span class='ocrx_word' id='word_1_17' title='bbox 2034 590 2199 656; x_wconf 90' lang='lat' dir='ltr'><strong>sole-</strong></span> 
     </span>
     <span class='ocr_line' id='line_1_5' title="bbox 631 675 2200 763; baseline 0 -19"><span class='ocrx_word' id='word_1_18' title='bbox 631 676 892 745; x_wconf 89' lang='lat' dir='ltr'><strong>mnitate</strong></span> <span class='ocrx_word' id='word_1_19' title='bbox 916 680 1285 745; x_wconf 90' lang='lat' dir='ltr'><strong>sanctorum</strong></span> <span class='ocrx_word' id='word_1_20' title='bbox 1301 676 1775 763; x_wconf 82' lang='lat' dir='ltr'><strong>Apostolorum,</strong></span> <span class='ocrx_word' id='word_1_21' title='bbox 1792 675 2001 746; x_wconf 87' lang='lat' dir='ltr'><strong>addita</strong></span> <span class='ocrx_word' id='word_1_22' title='bbox 2030 696 2200 744; x_wconf 91' lang='lat' dir='ltr'><strong>com-</strong></span> 
     </span>
     <span class='ocr_line' id='line_1_6' title="bbox 630 762 2199 920; baseline 0.001 -88"><span class='ocrx_word' id='word_1_23' title='bbox 630 764 1082 920; x_wconf 55' lang='lat' dir='ltr'><strong>memoratione</strong></span> <span class='ocrx_word' id='word_1_24' title='bbox 1113 764 1321 834; x_wconf 80' lang='lat' dir='ltr'><strong>Sancti</strong></span> <span class='ocrx_word' id='word_1_25' title='bbox 1351 762 1645 832; x_wconf 83' lang='lat' dir='ltr'><strong>Rumoldi</strong></span> <span class='ocrx_word' id='word_1_26' title='bbox 1676 767 1795 834; x_wconf 90' lang='lat' dir='ltr'><strong>sub</strong></span> <span class='ocrx_word' id='word_1_27' title='bbox 1842 765 2023 832; x_wconf 89' lang='lat' dir='ltr'><strong>unica</strong></span> <span class='ocrx_word' id='word_1_28' title='bbox 2059 785 2199 833; x_wconf 89' lang='lat' dir='ltr'><strong>con·</strong></span> 
     </span>
     <span class='ocr_line' id='line_1_7' title="bbox 627 872 934 923; baseline -0.007 0"><span class='ocrx_word' id='word_1_29' title='bbox 627 873 662 923; x_wconf 90' lang='lat' dir='ltr'><strong>c</strong></span> <span class='ocrx_word' id='word_1_30' title='bbox 689 872 934 921; x_wconf 82' lang='lat' dir='ltr'><strong>usione.</strong></span> 
     </span>
    </p>

    <p class='ocr_par' dir='ltr' id='par_1_3' title="bbox 626 940 2204 1997">
     <span class='ocr_line' id='line_1_8' title="bbox 759 940 2199 1028; baseline 0 -19"><span class='ocrx_word' id='word_1_31' title='bbox 759 947 823 1009; x_wconf 81' lang='grc'><strong>3.</strong></span> <span class='ocrx_word' id='word_1_32' title='bbox 873 941 938 1010; x_wconf 92' lang='lat' dir='ltr'><strong>si</strong></span> <span class='ocrx_word' id='word_1_33' title='bbox 983 942 1306 1028; x_wconf 87' lang='lat' dir='ltr'><strong>contingat</strong></span> <span class='ocrx_word' id='word_1_34' title='bbox 1336 940 1510 1008; x_wconf 92' lang='lat' dir='ltr'><strong>idem</strong></span> <span class='ocrx_word' id='word_1_35' title='bbox 1542 944 1801 1009; x_wconf 74' lang='lat' dir='ltr'><strong>Festum</strong></span> <span class='ocrx_word' id='word_1_36' title='bbox 1833 942 2045 1009; x_wconf 87' lang='lat' dir='ltr'><strong>sancti</strong></span> <span class='ocrx_word' id='word_1_37' title='bbox 2074 945 2199 1009; x_wconf 84' lang='lat' dir='ltr'><strong>Ru-</strong></span> 
     </span>
     <span class='ocr_line' id='line_1_9' title="bbox 628 1028 2201 1117; baseline -0.002 -19"><span class='ocrx_word' id='word_1_38' title='bbox 628 1028 854 1115; x_wconf 89' lang='lat' dir='ltr'><strong>moldi,</strong></span> <span class='ocrx_word' id='word_1_39' title='bbox 903 1031 1075 1117; x_wconf 86' lang='lat' dir='ltr'><strong>qnod</strong></span> <span class='ocrx_word' id='word_1_40' title='bbox 1121 1030 1481 1099; x_wconf 88' lang='lat' dir='ltr'><strong>celebratur</strong></span> <span class='ocrx_word' id='word_1_41' title='bbox 1526 1028 1632 1097; x_wconf 89' lang='lat' dir='ltr'><strong>die</strong></span> <span class='ocrx_word' id='word_1_42' title='bbox 1687 1034 1717 1097; x_wconf 82' lang='lat'><strong>1</strong></span> <span class='ocrx_word' id='word_1_43' title='bbox 1767 1028 1930 1113; x_wconf 84' lang='lat' dir='ltr'><strong>Iulii,</strong></span> <span class='ocrx_word' id='word_1_44' title='bbox 1966 1029 2201 1096; x_wconf 90' lang='lat' dir='ltr'><strong>coinci-</strong></span> 
     </span>
     <span class='ocr_line' id='line_1_10' title="bbox 628 1116 2201 1204; baseline -0.002 -18"><span class='ocrx_word' id='word_1_45' title='bbox 628 1119 783 1186; x_wconf 90' lang='lat' dir='ltr'><strong>dere</strong></span> <span class='ocrx_word' id='word_1_46' title='bbox 831 1136 977 1186; x_wconf 89' lang='lat' dir='ltr'><strong>cnm</strong></span> <span class='ocrx_word' id='word_1_47' title='bbox 1021 1118 1422 1186; x_wconf 79' lang='lat' dir='ltr'><strong>solemnitate</strong></span> <span class='ocrx_word' id='word_1_48' title='bbox 1466 1119 1833 1185; x_wconf 90' lang='lat' dir='ltr'><strong>Sanctorum</strong></span> <span class='ocrx_word' id='word_1_49' title='bbox 1867 1116 2201 1204; x_wconf 86' lang='lat' dir='ltr'><strong>Apostolo-</strong></span> 
     </span>
     <span class='ocr_line' id='line_1_11' title="bbox 627 1204 2198 1289; baseline -0.001 -16"><span class='ocrx_word' id='word_1_50' title='bbox 627 1224 771 1273; x_wconf 90' lang='lat' dir='ltr'><strong>rum</strong></span> <span class='ocrx_word' id='word_1_51' title='bbox 815 1204 984 1274; x_wconf 87' lang='lat' dir='ltr'><strong>Petri</strong></span> <span class='ocrx_word' id='word_1_52' title='bbox 1033 1217 1098 1273; x_wconf 91' lang='lat' dir='ltr'><strong>et</strong></span> <span class='ocrx_word' id='word_1_53' title='bbox 1141 1206 1339 1289; x_wconf 89' lang='lat' dir='ltr'><strong>Pauli,</strong></span> <span class='ocrx_word' id='word_1_54' title='bbox 1388 1204 1481 1272; x_wconf 92' lang='lat' dir='ltr'><strong>nti</strong></span> <span class='ocrx_word' id='word_1_55' title='bbox 1528 1205 1600 1272; x_wconf 88' lang='lat' dir='ltr'><strong>fit</strong></span> <span class='ocrx_word' id='word_1_56' title='bbox 1630 1206 1753 1273; x_wconf 91' lang='lat' dir='ltr'><strong>hoc</strong></span> <span class='ocrx_word' id='word_1_57' title='bbox 1793 1225 1954 1272; x_wconf 88' lang='lat' dir='ltr'><strong>anno</strong></span> <span class='ocrx_word' id='word_1_58' title='bbox 1993 1208 2198 1285; x_wconf 78' lang='lat'><strong>18383</strong></span> 
     </span>
     <span class='ocr_line' id='line_1_12' title="bbox 626 1292 2202 1396; baseline -0.002 -35"><span class='ocrx_word' id='word_1_59' title='bbox 626 1294 821 1361; x_wconf 69' lang='lat' dir='ltr'><strong>Missa·</strong></span> <span class='ocrx_word' id='word_1_60' title='bbox 846 1295 1173 1396; x_wconf 72' lang='lat' dir='ltr'><strong>solemnis,</strong></span> <span class='ocrx_word' id='word_1_61' title='bbox 1214 1305 1352 1362; x_wconf 89' lang='lat' dir='ltr'><strong>tum</strong></span> <span class='ocrx_word' id='word_1_62' title='bbox 1400 1293 1464 1360; x_wconf 90' lang='lat' dir='ltr'><strong>in</strong></span> <span class='ocrx_word' id='word_1_63' title='bbox 1510 1293 1788 1360; x_wconf 78' lang='lat' dir='ltr'><strong>Ecclesia</strong></span> <span class='ocrx_word' id='word_1_64' title='bbox 1836 1292 2202 1380; x_wconf 70' lang='lat' dir='ltr'><strong>Metropoli-</strong></span> 
     </span>
     <span class='ocr_line' id='line_1_13' title="bbox 627 1379 2202 1451; baseline -0.003 -1"><span class='ocrx_word' id='word_1_65' title='bbox 627 1393 766 1450; x_wconf 82' lang='lat' dir='ltr'><strong>tana</strong></span> <span class='ocrx_word' id='word_1_66' title='bbox 813 1393 949 1451; x_wconf 88' lang='lat' dir='ltr'><strong>tum</strong></span> <span class='ocrx_word' id='word_1_67' title='bbox 995 1383 1058 1449; x_wconf 90' lang='lat' dir='ltr'><strong>in</strong></span> <span class='ocrx_word' id='word_1_68' title='bbox 1097 1382 1230 1450; x_wconf 77' lang='lat' dir='ltr'><strong>altis</strong></span> <span class='ocrx_word' id='word_1_69' title='bbox 1275 1380 1574 1449; x_wconf 89' lang='lat' dir='ltr'><strong>Ecclesiis</strong></span> <span class='ocrx_word' id='word_1_70' title='bbox 1619 1381 1900 1449; x_wconf 83' lang='lat' dir='ltr'><strong>Civitatis</strong></span> <span class='ocrx_word' id='word_1_71' title='bbox 1945 1379 2202 1447; x_wconf 78' lang='lat' dir='ltr'><strong>Mechli-</strong></span> 
     </span>
     <span class='ocr_line' id='line_1_14' title="bbox 626 1469 2199 1556; baseline -0.003 -19"><span class='ocrx_word' id='word_1_72' title='bbox 626 1470 831 1556; x_wconf 64' lang='lat' dir='ltr'><strong>nien„</strong></span> <span class='ocrx_word' id='word_1_73' title='bbox 878 1482 1164 1539; x_wconf 89' lang='lat' dir='ltr'><strong>cantatur</strong></span> <span class='ocrx_word' id='word_1_74' title='bbox 1222 1471 1304 1538; x_wconf 90' lang='lat' dir='ltr'><strong>de</strong></span> <span class='ocrx_word' id='word_1_75' title='bbox 1363 1473 1547 1537; x_wconf 79' lang='lat' dir='ltr'><strong>Festo</strong></span> <span class='ocrx_word' id='word_1_76' title='bbox 1609 1469 1810 1537; x_wconf 83' lang='lat' dir='ltr'><strong>Sancti</strong></span> <span class='ocrx_word' id='word_1_77' title='bbox 1874 1469 2199 1553; x_wconf 83' lang='lat' dir='ltr'><strong>Rumoldi,</strong></span> 
     </span>
     <span class='ocr_line' id='line_1_15' title="bbox 628 1557 2204 1646; baseline -0.001 -22"><span class='ocrx_word' id='word_1_78' title='bbox 628 1558 836 1626; x_wconf 86' lang='lat' dir='ltr'><strong>addita</strong></span> <span class='ocrx_word' id='word_1_79' title='bbox 884 1557 1484 1628; x_wconf 79' lang='lat' dir='ltr'><strong>commemoratione</strong></span> <span class='ocrx_word' id='word_1_80' title='bbox 1531 1559 1905 1625; x_wconf 89' lang='lat' dir='ltr'><strong>Sanctorum</strong></span> <span class='ocrx_word' id='word_1_81' title='bbox 1936 1557 2204 1646; x_wconf 87' lang='lat' dir='ltr'><strong>Aposto-</strong></span> 
     </span>
     <span class='ocr_line' id='line_1_16' title="bbox 630 1645 2202 1724; baseline 0 -11"><span class='ocrx_word' id='word_1_82' title='bbox 630 1648 839 1715; x_wconf 87' lang='lat' dir='ltr'><strong>lorum</strong></span> <span class='ocrx_word' id='word_1_83' title='bbox 894 1648 1013 1716; x_wconf 89' lang='lat' dir='ltr'><strong>sub</strong></span> <span class='ocrx_word' id='word_1_84' title='bbox 1064 1647 1246 1715; x_wconf 89' lang='lat' dir='ltr'><strong>unica</strong></span> <span class='ocrx_word' id='word_1_85' title='bbox 1296 1645 1744 1724; x_wconf 81' lang='lat' dir='ltr'><strong>conclusione3</strong></span> <span class='ocrx_word' id='word_1_86' title='bbox 1795 1645 2031 1713; x_wconf 91' lang='lat' dir='ltr'><strong>deinde</strong></span> <span class='ocrx_word' id='word_1_87' title='bbox 2084 1646 2202 1713; x_wconf 93' lang='lat' dir='ltr'><strong>sub</strong></span> 
     </span>
     <span class='ocr_line' id='line_1_17' title="bbox 629 1731 2204 1803; baseline -0.002 -1"><span class='ocrx_word' id='word_1_88' title='bbox 629 1733 920 1802; x_wconf 88' lang='lat' dir='ltr'><strong>distincta</strong></span> <span class='ocrx_word' id='word_1_89' title='bbox 951 1734 1355 1803; x_wconf 87' lang='lat' dir='ltr'><strong>conclusione</strong></span> <span class='ocrx_word' id='word_1_90' title='bbox 1385 1731 1458 1800; x_wconf 83' lang='lat' dir='ltr'><strong>fit</strong></span> <span class='ocrx_word' id='word_1_91' title='bbox 1482 1734 2001 1802; x_wconf 85' lang='lat' dir='ltr'><strong>commemoratio</strong></span> <span class='ocrx_word' id='word_1_92' title='bbox 2035 1744 2204 1801; x_wconf 87' lang='lat' dir='ltr'><strong>octa-</strong></span> 
     </span>
     <span class='ocr_line' id='line_1_18' title="bbox 629 1821 2204 1895; baseline 0 -7"><span class='ocrx_word' id='word_1_93' title='bbox 629 1841 744 1889; x_wconf 79' lang='lat' dir='ltr'><strong>vae</strong></span> <span class='ocrx_word' id='word_1_94' title='bbox 775 1823 986 1895; x_wconf 86' lang='lat' dir='ltr'><strong>Sancti</strong></span> <span class='ocrx_word' id='word_1_95' title='bbox 1014 1822 1254 1890; x_wconf 91' lang='lat' dir='ltr'><strong>loannis</strong></span> <span class='ocrx_word' id='word_1_96' title='bbox 1278 1826 1356 1889; x_wconf 86' lang='lat' dir='ltr'><strong>Ba</strong></span> <span class='ocrx_word' id='word_1_97' title='bbox 1435 1821 1588 1889; x_wconf 89' lang='lat' dir='ltr'><strong>istae</strong></span> <span class='ocrx_word' id='word_1_98' title='bbox 1621 1833 1685 1891; x_wconf 90' lang='lat' dir='ltr'><strong>et</strong></span> <span class='ocrx_word' id='word_1_99' title='bbox 1712 1821 2076 1889; x_wconf 88' lang='lat' dir='ltr'><strong>Dominicae</strong></span> <span class='ocrx_word' id='word_1_100' title='bbox 2108 1841 2204 1888; x_wconf 90' lang='lat' dir='ltr'><strong>oc-</strong></span> 
     </span>
     <span class='ocr_line' id='line_1_19' title="bbox 630 1909 2200 1997; baseline 0 -20"><span class='ocrx_word' id='word_1_101' title='bbox 630 1911 970 1997; x_wconf 89' lang='lat' dir='ltr'><strong>currentis,</strong></span> <span class='ocrx_word' id='word_1_102' title='bbox 997 1911 1083 1979; x_wconf 90' lang='lat' dir='ltr'><strong>de</strong></span> <span class='ocrx_word' id='word_1_103' title='bbox 1111 1929 1232 1997; x_wconf 89' lang='lat' dir='ltr'><strong>qua</strong></span> <span class='ocrx_word' id='word_1_104' title='bbox 1260 1910 1322 1976; x_wconf 90' lang='lat' dir='ltr'><strong>in</strong></span> <span class='ocrx_word' id='word_1_105' title='bbox 1391 1929 1475 1976; x_wconf 90' lang='lat' dir='ltr'><strong>ne</strong></span> <span class='ocrx_word' id='word_1_106' title='bbox 1497 1909 1733 1978; x_wconf 88' lang='lat' dir='ltr'><strong>dicitur</strong></span> <span class='ocrx_word' id='word_1_107' title='bbox 1757 1909 2200 1996; x_wconf 83' lang='lat' dir='ltr'><strong>Evangelium.</strong></span> 
     </span>
    </p>

    <p class='ocr_par' dir='ltr' id='par_1_4' title="bbox 621 1999 2214 5066">
     <span class='ocr_line' id='line_1_20' title="bbox 758 1999 2202 2086; baseline -0.002 -19"><span class='ocrx_word' id='word_1_108' title='bbox 758 2004 833 2067; x_wconf 85' lang='grc' dir='ltr'><strong>ΙΙ.</strong></span> <span class='ocrx_word' id='word_1_109' title='bbox 884 2003 951 2067; x_wconf 92' lang='lat' dir='ltr'><strong>ln</strong></span> <span class='ocrx_word' id='word_1_110' title='bbox 998 1999 1245 2068; x_wconf 90' lang='lat' dir='ltr'><strong>indulto</strong></span> <span class='ocrx_word' id='word_1_111' title='bbox 1291 2017 1408 2086; x_wconf 94' lang='lat' dir='ltr'><strong>pro</strong></span> <span class='ocrx_word' id='word_1_112' title='bbox 1453 1999 1824 2066; x_wconf 88' lang='lat' dir='ltr'><strong>reductione</strong></span> <span class='ocrx_word' id='word_1_113' title='bbox 1870 2001 2202 2065; x_wconf 80' lang='lat' dir='ltr'><strong>Festorum</strong></span> 
     </span>
     <span class='ocr_line' id='line_1_21' title="bbox 628 2085 2202 2156; baseline 0.001 -2"><span class='ocrx_word' id='word_1_114' title='bbox 628 2088 784 2154; x_wconf 90' lang='lat' dir='ltr'><strong>haec</strong></span> <span class='ocrx_word' id='word_1_115' title='bbox 815 2087 1164 2156; x_wconf 89' lang='lat' dir='ltr'><strong>hahentur:</strong></span> <span class='ocrx_word' id='word_1_116' title='bbox 1200 2085 1506 2155; x_wconf 75' lang='lat' dir='ltr'><strong>Sanctitas</strong></span> <span class='ocrx_word' id='word_1_117' title='bbox 1536 2090 1659 2156; x_wconf 88' lang='lat' dir='ltr'><strong>sua</strong></span> <span class='ocrx_word' id='word_1_118' title='bbox 1689 2086 1943 2154; x_wconf 88' lang='lat' dir='ltr'><strong>mandat</strong></span> <span class='ocrx_word' id='word_1_119' title='bbox 1973 2096 2047 2153; x_wconf 89' lang='lat' dir='ltr'><strong>nt</strong></span> <span class='ocrx_word' id='word_1_120' title='bbox 2079 2087 2202 2155; x_wconf 86' lang='lat' dir='ltr'><strong>An·</strong></span> 
     </span>
     <span class='ocr_line' id='line_1_22' title="bbox 629 2172 2205 2263; baseline 0 -21"><span class='ocrx_word' id='word_1_121' title='bbox 629 2174 1044 2244; x_wconf 79' lang='lat' dir='ltr'><strong>niversarium</strong></span> <span class='ocrx_word' id='word_1_122' title='bbox 1094 2172 1510 2243; x_wconf 88' lang='lat' dir='ltr'><strong>Dedicationis</strong></span> <span class='ocrx_word' id='word_1_123' title='bbox 1555 2175 1994 2263; x_wconf 86' lang='lat' dir='ltr'><strong>Templorum,</strong></span> <span class='ocrx_word' id='word_1_124' title='bbox 2043 2194 2205 2261; x_wconf 86' lang='lat' dir='ltr'><strong>quae</strong></span> 
     </span>
     <span class='ocr_line' id='line_1_23' title="bbox 626 2262 2205 2351; baseline 0 -21"><span class='ocrx_word' id='word_1_125' title='bbox 626 2262 694 2331; x_wconf 92' lang='lat' dir='ltr'><strong>in</strong></span> <span class='ocrx_word' id='word_1_126' title='bbox 726 2263 1015 2332; x_wconf 88' lang='lat' dir='ltr'><strong>eiusdem</strong></span> <span class='ocrx_word' id='word_1_127' title='bbox 1047 2264 1396 2331; x_wconf 77' lang='lat' dir='ltr'><strong>Gallicanae</strong></span> <span class='ocrx_word' id='word_1_128' title='bbox 1425 2262 1834 2351; x_wconf 83' lang='lat' dir='ltr'><strong>Reipublicae</strong></span> <span class='ocrx_word' id='word_1_129' title='bbox 1858 2262 2205 2330; x_wconf 72' lang='lat' dir='ltr'><strong>&#39;territorio</strong></span> 
     </span>
     <span class='ocr_line' id='line_1_24' title="bbox 628 2349 2205 2437; baseline -0.001 -18"><span class='ocrx_word' id='word_1_130' title='bbox 628 2362 843 2419; x_wconf 85' lang='lat' dir='ltr'><strong>erecta</strong></span> <span class='ocrx_word' id='word_1_131' title='bbox 884 2362 1056 2437; x_wconf 90' lang='lat' dir='ltr'><strong>sunt,</strong></span> <span class='ocrx_word' id='word_1_132' title='bbox 1092 2351 1157 2419; x_wconf 92' lang='lat' dir='ltr'><strong>in</strong></span> <span class='ocrx_word' id='word_1_133' title='bbox 1201 2349 1546 2436; x_wconf 88' lang='lat' dir='ltr'><strong>Dominica,</strong></span> <span class='ocrx_word' id='word_1_134' title='bbox 1580 2368 1743 2436; x_wconf 90' lang='lat' dir='ltr'><strong>quae</strong></span> <span class='ocrx_word' id='word_1_135' title='bbox 1774 2362 2055 2417; x_wconf 78' lang='lat' dir='ltr'><strong>octavam</strong></span> <span class='ocrx_word' id='word_1_136' title='bbox 2089 2354 2205 2417; x_wconf 79' lang='lat' dir='ltr'><strong>Fe·</strong></span> 
     </span>
     <span class='ocr_line' id='line_1_25' title="bbox 629 2436 2203 2526; baseline -0.001 -20"><span class='ocrx_word' id='word_1_137' title='bbox 629 2438 919 2507; x_wconf 84' lang='lat' dir='ltr'><strong>stivitatis</strong></span> <span class='ocrx_word' id='word_1_138' title='bbox 970 2439 1254 2507; x_wconf 88' lang='lat' dir='ltr'><strong>omnium</strong></span> <span class='ocrx_word' id='word_1_139' title='bbox 1318 2440 1690 2506; x_wconf 89' lang='lat' dir='ltr'><strong>Sanctorum</strong></span> <span class='ocrx_word' id='word_1_140' title='bbox 1756 2436 2050 2526; x_wconf 84' lang='lat' dir='ltr'><strong>proxime</strong></span> <span class='ocrx_word' id='word_1_141' title='bbox 2102 2457 2203 2505; x_wconf 91' lang='lat' dir='ltr'><strong>se-</strong></span> 
     </span>
     <span class='ocr_line' id='line_1_26' title="bbox 629 2524 2204 2615; baseline -0.001 -21"><span class='ocrx_word' id='word_1_142' title='bbox 629 2527 871 2615; x_wconf 83' lang='lat' dir='ltr'><strong>quitur,</strong></span> <span class='ocrx_word' id='word_1_143' title='bbox 918 2526 982 2595; x_wconf 93' lang='lat' dir='ltr'><strong>in</strong></span> <span class='ocrx_word' id='word_1_144' title='bbox 1029 2525 1273 2595; x_wconf 91' lang='lat' dir='ltr'><strong>cunctis</strong></span> <span class='ocrx_word' id='word_1_145' title='bbox 1316 2524 1644 2595; x_wconf 84' lang='lat' dir='ltr'><strong>Gallicanis</strong></span> <span class='ocrx_word' id='word_1_146' title='bbox 1690 2524 1989 2593; x_wconf 89' lang='lat' dir='ltr'><strong>Ecclesiis</strong></span> <span class='ocrx_word' id='word_1_147' title='bbox 2037 2526 2204 2593; x_wconf 91' lang='lat' dir='ltr'><strong>cele-</strong></span> 
     </span>
     <span class='ocr_line' id='line_1_27' title="bbox 629 2612 2205 2683; baseline -0.001 -2"><span class='ocrx_word' id='word_1_148' title='bbox 629 2615 875 2682; x_wconf 90' lang='lat' dir='ltr'><strong>bretur.</strong></span> <span class='ocrx_word' id='word_1_149' title='bbox 956 2614 1229 2683; x_wconf 78' lang='lat' dir='ltr'><strong>Aliunde</strong></span> <span class='ocrx_word' id='word_1_150' title='bbox 1294 2614 1452 2681; x_wconf 90' lang='lat' dir='ltr'><strong>haec</strong></span> <span class='ocrx_word' id='word_1_151' title='bbox 1518 2613 1786 2681; x_wconf 89' lang='lat' dir='ltr'><strong>habetur</strong></span> <span class='ocrx_word' id='word_1_152' title='bbox 1860 2612 2205 2681; x_wconf 80' lang='lat' dir='ltr'><strong>declaratio</strong></span> 
     </span>
     <span class='ocr_line' id='line_1_28' title="bbox 629 2700 2203 2790; baseline -0.002 -19"><span class='ocrx_word' id='word_1_153' title='bbox 629 2702 1121 2772; x_wconf 88' lang='lat' dir='ltr'><strong>Eminentissimi</strong></span> <span class='ocrx_word' id='word_1_154' title='bbox 1165 2700 1509 2771; x_wconf 79' lang='lat' dir='ltr'><strong>cardinalis</strong></span> <span class='ocrx_word' id='word_1_155' title='bbox 1553 2701 1803 2790; x_wconf 80' lang='lat' dir='ltr'><strong>Legati:</strong></span> <span class='ocrx_word' id='word_1_156' title='bbox 1851 2700 2203 2786; x_wconf 90' lang='lat' dir='ltr'><strong>Dominica,</strong></span> 
     </span>
     <span class='ocr_line' id='line_1_29' title="bbox 630 2788 2207 2882; baseline -0.001 -24"><span class='ocrx_word' id='word_1_157' title='bbox 630 2809 791 2879; x_wconf 84' lang='lat' dir='ltr'><strong>qnae</strong></span> <span class='ocrx_word' id='word_1_158' title='bbox 853 2791 1261 2878; x_wconf 82' lang='lat' dir='ltr'><strong>subsequitur</strong></span> <span class='ocrx_word' id='word_1_159' title='bbox 1328 2788 1500 2858; x_wconf 90' lang='lat' dir='ltr'><strong>diem</strong></span> <span class='ocrx_word' id='word_1_160' title='bbox 1569 2800 1849 2857; x_wconf 78' lang='lat' dir='ltr'><strong>octavam</strong></span> <span class='ocrx_word' id='word_1_161' title='bbox 1917 2790 2207 2882; x_wconf 82' lang='lat' dir='ltr'><strong>omnium</strong></span> 
     </span>
     <span class='ocr_line' id='line_1_30' title="bbox 630 2877 2203 2963; baseline -0.003 -13"><span class='ocrx_word' id='word_1_162' title='bbox 630 2884 1030 2963; x_wconf 82' lang='lat' dir='ltr'><strong>Sanctorum,</strong></span> <span class='ocrx_word' id='word_1_163' title='bbox 1066 2878 1490 2946; x_wconf 85' lang='lat' dir='ltr'><strong>celebrabitur</strong></span> <span class='ocrx_word' id='word_1_164' title='bbox 1533 2877 2046 2946; x_wconf 78' lang='lat' dir='ltr'><strong>Anniversarinm</strong></span> <span class='ocrx_word' id='word_1_165' title='bbox 2084 2882 2203 2945; x_wconf 92' lang='lat' dir='ltr'><strong>De·</strong></span> 
     </span>
     <span class='ocr_line' id='line_1_31' title="bbox 629 2966 2207 3038; baseline -0.002 -1"><span class='ocrx_word' id='word_1_166' title='bbox 629 2966 956 3038; x_wconf 86' lang='lat' dir='ltr'><strong>dicationis</strong></span> <span class='ocrx_word' id='word_1_167' title='bbox 1000 2967 1285 3035; x_wconf 89' lang='lat' dir='ltr'><strong>omnium</strong></span> <span class='ocrx_word' id='word_1_168' title='bbox 1336 2967 1764 3036; x_wconf 82' lang='lat' dir='ltr'><strong>Ecclesiamm</strong></span> <span class='ocrx_word' id='word_1_169' title='bbox 1819 2977 2207 3034; x_wconf 89' lang='lat' dir='ltr'><strong>consecrata-</strong></span> 
     </span>
     <span class='ocr_line' id='line_1_32' title="bbox 634 3055 2204 3145; baseline -0.003 -19"><span class='ocrx_word' id='word_1_170' title='bbox 634 3074 799 3126; x_wconf 88' lang='lat' dir='ltr'><strong>rum.</strong></span> <span class='ocrx_word' id='word_1_171' title='bbox 849 3055 1004 3124; x_wconf 84' lang='lat' dir='ltr'><strong>Hinc</strong></span> <span class='ocrx_word' id='word_1_172' title='bbox 1049 3067 1261 3125; x_wconf 89' lang='lat' dir='ltr'><strong>ortum</strong></span> <span class='ocrx_word' id='word_1_173' title='bbox 1293 3067 1392 3124; x_wconf 88' lang='lat' dir='ltr'><strong>est</strong></span> <span class='ocrx_word' id='word_1_174' title='bbox 1421 3055 1690 3124; x_wconf 89' lang='lat' dir='ltr'><strong>dubium</strong></span> <span class='ocrx_word' id='word_1_175' title='bbox 1734 3056 1903 3145; x_wconf 87' lang='lat' dir='ltr'><strong>apud</strong></span> <span class='ocrx_word' id='word_1_176' title='bbox 1934 3056 2204 3122; x_wconf 89' lang='lat' dir='ltr'><strong>nonnul-</strong></span> 
     </span>
     <span class='ocr_line' id='line_1_33' title="bbox 630 3142 2208 3233; baseline -0.003 -19"><span class='ocrx_word' id='word_1_177' title='bbox 630 3147 749 3228; x_wconf 88' lang='lat' dir='ltr'><strong>los,</strong></span> <span class='ocrx_word' id='word_1_178' title='bbox 799 3155 866 3212; x_wconf 91' lang='lat' dir='ltr'><strong>et</strong></span> <span class='ocrx_word' id='word_1_179' title='bbox 911 3145 1267 3215; x_wconf 89' lang='lat' dir='ltr'><strong>introducta</strong></span> <span class='ocrx_word' id='word_1_180' title='bbox 1319 3143 1529 3233; x_wconf 78' lang='lat' dir='ltr'><strong>praxis</strong></span> <span class='ocrx_word' id='word_1_181' title='bbox 1573 3142 1819 3211; x_wconf 77' lang='lat' dir='ltr'><strong>diversa</strong></span> <span class='ocrx_word' id='word_1_182' title='bbox 1866 3142 2027 3211; x_wconf 83' lang='lat' dir='ltr'><strong>circa</strong></span> <span class='ocrx_word' id='word_1_183' title='bbox 2072 3163 2208 3210; x_wconf 92' lang='lat' dir='ltr'><strong>mo-</strong></span> 
     </span>
     <span class='ocr_line' id='line_1_34' title="bbox 629 3232 2207 3323; baseline -0.002 -22"><span class='ocrx_word' id='word_1_184' title='bbox 629 3234 786 3302; x_wconf 91' lang='lat' dir='ltr'><strong>dum</strong></span> <span class='ocrx_word' id='word_1_185' title='bbox 817 3233 1182 3303; x_wconf 91' lang='lat' dir='ltr'><strong>celebrandi</strong></span> <span class='ocrx_word' id='word_1_186' title='bbox 1225 3233 1619 3323; x_wconf 89' lang='lat' dir='ltr'><strong>praedictum</strong></span> <span class='ocrx_word' id='word_1_187' title='bbox 1664 3232 2207 3300; x_wconf 75' lang='lat' dir='ltr'><strong>Anniversarium·</strong></span> 
     </span>
     <span class='ocr_line' id='line_1_35' title="bbox 621 3319 2209 3392; baseline -0.003 -1"><span class='ocrx_word' id='word_1_188' title='bbox 621 3329 699 3391; x_wconf 85' lang='lat' dir='ltr'><strong>ln</strong></span> <span class='ocrx_word' id='word_1_189' title='bbox 736 3322 1208 3392; x_wconf 85' lang='lat' dir='ltr'><strong>Archidioecesi</strong></span> <span class='ocrx_word' id='word_1_190' title='bbox 1256 3320 1691 3389; x_wconf 66' lang='lat' dir='ltr'><strong>mechliniensi</strong></span> <span class='ocrx_word' id='word_1_191' title='bbox 1723 3329 1788 3387; x_wconf 90' lang='lat' dir='ltr'><strong>et</strong></span> <span class='ocrx_word' id='word_1_192' title='bbox 1821 3319 1884 3387; x_wconf 94' lang='lat' dir='ltr'><strong>in</strong></span> <span class='ocrx_word' id='word_1_193' title='bbox 1915 3320 2209 3388; x_wconf 90' lang='lat' dir='ltr'><strong>omnibus</strong></span> 
     </span>
     <span class='ocr_line' id='line_1_36' title="bbox 631 3407 2204 3497; baseline -0.003 -18"><span class='ocrx_word' id='word_1_194' title='bbox 631 3413 767 3480; x_wconf 76' lang='lat' dir='ltr'><strong>fere</strong></span> <span class='ocrx_word' id='word_1_195' title='bbox 814 3411 1217 3478; x_wconf 89' lang='lat' dir='ltr'><strong>Dioecesihus</strong></span> <span class='ocrx_word' id='word_1_196' title='bbox 1276 3410 1503 3497; x_wconf 84' lang='lat' dir='ltr'><strong>Belgii,</strong></span> <span class='ocrx_word' id='word_1_197' title='bbox 1554 3427 1774 3476; x_wconf 91' lang='lat' dir='ltr'><strong>omnes</strong></span> <span class='ocrx_word' id='word_1_198' title='bbox 1821 3407 2080 3497; x_wconf 86' lang='lat' dir='ltr'><strong>obligati</strong></span> <span class='ocrx_word' id='word_1_199' title='bbox 2125 3408 2204 3475; x_wconf 90' lang='lat' dir='ltr'><strong>ad</strong></span> 
     </span>
     <span class='ocr_line' id='line_1_37' title="bbox 630 3496 2207 3583; baseline -0.003 -15"><span class='ocrx_word' id='word_1_200' title='bbox 630 3504 823 3568; x_wconf 84' lang='lat' dir='ltr'><strong>Horas</strong></span> <span class='ocrx_word' id='word_1_201' title='bbox 860 3499 1223 3583; x_wconf 87' lang='lat' dir='ltr'><strong>Canonicas,</strong></span> <span class='ocrx_word' id='word_1_202' title='bbox 1258 3499 1446 3566; x_wconf 90' lang='lat' dir='ltr'><strong>etiam</strong></span> <span class='ocrx_word' id='word_1_203' title='bbox 1493 3496 1584 3563; x_wconf 89' lang='lat' dir='ltr'><strong>illi</strong></span> <span class='ocrx_word' id='word_1_204' title='bbox 1625 3496 1733 3582; x_wconf 88' lang='lat' dir='ltr'><strong>qui</strong></span> <span class='ocrx_word' id='word_1_205' title='bbox 1782 3496 1939 3563; x_wconf 90' lang='lat' dir='ltr'><strong>nulli</strong></span> <span class='ocrx_word' id='word_1_206' title='bbox 1988 3497 2207 3564; x_wconf 88' lang='lat' dir='ltr'><strong>Eccle-</strong></span> 
     </span>
     <span class='ocr_line' id='line_1_38' title="bbox 630 3583 2207 3674; baseline -0.001 -20"><span class='ocrx_word' id='word_1_207' title='bbox 630 3587 757 3654; x_wconf 87' lang='lat' dir='ltr'><strong>siae</strong></span> <span class='ocrx_word' id='word_1_208' title='bbox 803 3597 951 3654; x_wconf 89' lang='lat' dir='ltr'><strong>sunt</strong></span> <span class='ocrx_word' id='word_1_209' title='bbox 995 3586 1332 3674; x_wconf 83' lang='lat' dir='ltr'><strong>adscripti,</strong></span> <span class='ocrx_word' id='word_1_210' title='bbox 1382 3586 1484 3653; x_wconf 87' lang='lat' dir='ltr'><strong>vel</strong></span> <span class='ocrx_word' id='word_1_211' title='bbox 1535 3585 1644 3673; x_wconf 86' lang='lat' dir='ltr'><strong>qui</strong></span> <span class='ocrx_word' id='word_1_212' title='bbox 1701 3583 2001 3672; x_wconf 84' lang='lat' dir='ltr'><strong>adscripti</strong></span> <span class='ocrx_word' id='word_1_213' title='bbox 2058 3595 2207 3652; x_wconf 90' lang='lat' dir='ltr'><strong>sunt</strong></span> 
     </span>
     <span class='ocr_line' id='line_1_39' title="bbox 631 3672 2205 3758; baseline -0.001 -16"><span class='ocrx_word' id='word_1_214' title='bbox 631 3673 949 3742; x_wconf 80' lang='lat' dir='ltr'><strong>Ecclesiae</strong></span> <span class='ocrx_word' id='word_1_215' title='bbox 1001 3693 1129 3741; x_wconf 90' lang='lat' dir='ltr'><strong>non</strong></span> <span class='ocrx_word' id='word_1_216' title='bbox 1177 3685 1599 3757; x_wconf 85' lang='lat' dir='ltr'><strong>consecratae,</strong></span> <span class='ocrx_word' id='word_1_217' title='bbox 1652 3691 1779 3739; x_wconf 92' lang='lat' dir='ltr'><strong>uno</strong></span> <span class='ocrx_word' id='word_1_218' title='bbox 1840 3672 2205 3758; x_wconf 87' lang='lat' dir='ltr'><strong>eodemque</strong></span> 
     </span>
     <span class='ocr_line' id='line_1_40' title="bbox 632 3761 2209 3850; baseline -0.002 -20"><span class='ocrx_word' id='word_1_219' title='bbox 632 3762 765 3844; x_wconf 85' lang='lat' dir='ltr'><strong>die,</strong></span> <span class='ocrx_word' id='word_1_220' title='bbox 798 3779 1032 3850; x_wconf 89' lang='lat' dir='ltr'><strong>nempe</strong></span> <span class='ocrx_word' id='word_1_221' title='bbox 1075 3761 1391 3829; x_wconf 87' lang='lat' dir='ltr'><strong>Dominica</strong></span> <span class='ocrx_word' id='word_1_222' title='bbox 1424 3762 1622 3848; x_wconf 88' lang='lat' dir='ltr'><strong>prima</strong></span> <span class='ocrx_word' id='word_1_223' title='bbox 1653 3769 1796 3848; x_wconf 89' lang='lat' dir='ltr'><strong>post</strong></span> <span class='ocrx_word' id='word_1_224' title='bbox 1826 3770 2107 3827; x_wconf 78' lang='lat' dir='ltr'><strong>octavam</strong></span> <span class='ocrx_word' id='word_1_225' title='bbox 2142 3781 2209 3827; x_wconf 91' lang='lat' dir='ltr'><strong>o-</strong></span> 
     </span>
     <span class='ocr_line' id='line_1_41' title="bbox 632 3847 2207 3933; baseline -0.002 -14"><span class='ocrx_word' id='word_1_226' title='bbox 632 3851 872 3919; x_wconf 89' lang='lat' dir='ltr'><strong>mnium</strong></span> <span class='ocrx_word' id='word_1_227' title='bbox 904 3853 1301 3933; x_wconf 90' lang='lat' dir='ltr'><strong>sanctorum,</strong></span> <span class='ocrx_word' id='word_1_228' title='bbox 1337 3848 1662 3916; x_wconf 84' lang='lat' dir='ltr'><strong>celebrant</strong></span> <span class='ocrx_word' id='word_1_229' title='bbox 1693 3847 2207 3916; x_wconf 80' lang='lat' dir='ltr'><strong>Anniversarinm</strong></span> 
     </span>
     <span class='ocr_line' id='line_1_42' title="bbox 632 3935 2209 4024; baseline -0.003 -16"><span class='ocrx_word' id='word_1_230' title='bbox 632 3938 1049 4008; x_wconf 88' lang='lat' dir='ltr'><strong>Dedicationis</strong></span> <span class='ocrx_word' id='word_1_231' title='bbox 1072 3938 1394 4006; x_wconf 83' lang='lat' dir='ltr'><strong>Ecclesiae</strong></span> <span class='ocrx_word' id='word_1_232' title='bbox 1418 3935 1933 4024; x_wconf 75' lang='lat' dir='ltr'><strong>metropolitanae</strong></span> <span class='ocrx_word' id='word_1_233' title='bbox 1956 3956 2069 4003; x_wconf 89' lang='lat' dir='ltr'><strong>seu</strong></span> <span class='ocrx_word' id='word_1_234' title='bbox 2095 3940 2209 4005; x_wconf 83' lang='lat' dir='ltr'><strong>Ga-</strong></span> 
     </span>
     <span class='ocr_line' id='line_1_43' title="bbox 637 4023 2208 4113; baseline -0.003 -18"><span class='ocrx_word' id='word_1_235' title='bbox 637 4027 963 4113; x_wconf 89' lang='lat' dir='ltr'><strong>thedralis,</strong></span> <span class='ocrx_word' id='word_1_236' title='bbox 989 4038 1054 4094; x_wconf 92' lang='lat' dir='ltr'><strong>et</strong></span> <span class='ocrx_word' id='word_1_237' title='bbox 1086 4025 1368 4094; x_wconf 90' lang='lat' dir='ltr'><strong>omnium</strong></span> <span class='ocrx_word' id='word_1_238' title='bbox 1401 4023 1827 4094; x_wconf 82' lang='lat' dir='ltr'><strong>Ecclesiamm</strong></span> <span class='ocrx_word' id='word_1_239' title='bbox 1860 4023 1923 4090; x_wconf 91' lang='lat' dir='ltr'><strong>in</strong></span> <span class='ocrx_word' id='word_1_240' title='bbox 1949 4028 2208 4092; x_wconf 89' lang='lat' dir='ltr'><strong>cumulo</strong></span> 
     </span>
     <span class='ocr_line' id='line_1_44' title="bbox 632 4113 2205 4203; baseline -0.004 -19"><span class='ocrx_word' id='word_1_241' title='bbox 632 4117 751 4184; x_wconf 90' lang='lat' dir='ltr'><strong>suh</strong></span> <span class='ocrx_word' id='word_1_242' title='bbox 783 4116 909 4184; x_wconf 88' lang='lat' dir='ltr'><strong>ritu</strong></span> <span class='ocrx_word' id='word_1_243' title='bbox 940 4115 1213 4202; x_wconf 89' lang='lat' dir='ltr'><strong>duplicis</strong></span> <span class='ocrx_word' id='word_1_244' title='bbox 1256 4115 1497 4203; x_wconf 86' lang='lat' dir='ltr'><strong>primae</strong></span> <span class='ocrx_word' id='word_1_245' title='bbox 1530 4113 1741 4179; x_wconf 89' lang='lat' dir='ltr'><strong>classis</strong></span> <span class='ocrx_word' id='word_1_246' title='bbox 1774 4131 1916 4181; x_wconf 89' lang='lat' dir='ltr'><strong>cum</strong></span> <span class='ocrx_word' id='word_1_247' title='bbox 1950 4125 2205 4192; x_wconf 83' lang='lat' dir='ltr'><strong>octava3</strong></span> 
     </span>
     <span class='ocr_line' id='line_1_45' title="bbox 633 4200 2211 4294; baseline -0.003 -23"><span class='ocrx_word' id='word_1_248' title='bbox 633 4208 718 4272; x_wconf 91' lang='lat' dir='ltr'><strong>ita</strong></span> <span class='ocrx_word' id='word_1_249' title='bbox 763 4215 835 4271; x_wconf 91' lang='lat' dir='ltr'><strong>ut</strong></span> <span class='ocrx_word' id='word_1_250' title='bbox 879 4222 997 4294; x_wconf 87' lang='lat' dir='ltr'><strong>per</strong></span> <span class='ocrx_word' id='word_1_251' title='bbox 1041 4202 1391 4292; x_wconf 74' lang='lat' dir='ltr'><strong>praelatum</strong></span> <span class='ocrx_word' id='word_1_252' title='bbox 1452 4200 1777 4269; x_wconf 86' lang='lat' dir='ltr'><strong>indultum</strong></span> <span class='ocrx_word' id='word_1_253' title='bbox 1831 4211 2211 4268; x_wconf 88' lang='lat' dir='ltr'><strong>censeantur</strong></span> 
     </span>
     <span class='ocr_line' id='line_1_46' title="bbox 632 4290 2208 4381; baseline -0.003 -21"><span class='ocrx_word' id='word_1_254' title='bbox 632 4310 966 4381; x_wconf 87' lang='lat' dir='ltr'><strong>suppressa</strong></span> <span class='ocrx_word' id='word_1_255' title='bbox 990 4292 1196 4360; x_wconf 90' lang='lat' dir='ltr'><strong>omnia</strong></span> <span class='ocrx_word' id='word_1_256' title='bbox 1231 4296 1494 4359; x_wconf 88' lang='lat' dir='ltr'><strong>Decreta</strong></span> <span class='ocrx_word' id='word_1_257' title='bbox 1518 4291 1742 4357; x_wconf 85' lang='lat' dir='ltr'><strong>Sacrae</strong></span> <span class='ocrx_word' id='word_1_258' title='bbox 1764 4290 2025 4358; x_wconf 82' lang='lat' dir='ltr'><strong>Rituum</strong></span> <span class='ocrx_word' id='word_1_259' title='bbox 2047 4292 2208 4357; x_wconf 83' lang='lat' dir='ltr'><strong>Gon-</strong></span> 
     </span>
     <span class='ocr_line' id='line_1_47' title="bbox 635 4376 2209 4470; baseline -0.003 -22"><span class='ocrx_word' id='word_1_260' title='bbox 635 4380 1020 4470; x_wconf 85' lang='lat' dir='ltr'><strong>gregationis</strong></span> <span class='ocrx_word' id='word_1_261' title='bbox 1053 4381 1199 4449; x_wconf 87' lang='lat' dir='ltr'><strong>huic</strong></span> <span class='ocrx_word' id='word_1_262' title='bbox 1232 4377 1629 4466; x_wconf 86' lang='lat' dir='ltr'><strong>dispositioni</strong></span> <span class='ocrx_word' id='word_1_263' title='bbox 1663 4378 1992 4445; x_wconf 89' lang='lat' dir='ltr'><strong>contraria.</strong></span> <span class='ocrx_word' id='word_1_264' title='bbox 2044 4376 2209 4444; x_wconf 90' lang='lat' dir='ltr'><strong>Alibi</strong></span> 
     </span>
     <span class='ocr_line' id='line_1_48' title="bbox 636 4465 2211 4556; baseline -0.004 -18"><span class='ocrx_word' id='word_1_265' title='bbox 636 4470 1046 4554; x_wconf 86' lang='lat' dir='ltr'><strong>Sacerdotes,</strong></span> <span class='ocrx_word' id='word_1_266' title='bbox 1096 4467 1202 4556; x_wconf 85' lang='lat' dir='ltr'><strong>qui</strong></span> <span class='ocrx_word' id='word_1_267' title='bbox 1263 4486 1391 4534; x_wconf 89' lang='lat' dir='ltr'><strong>non</strong></span> <span class='ocrx_word' id='word_1_268' title='bbox 1449 4476 1598 4533; x_wconf 88' lang='lat' dir='ltr'><strong>sunt</strong></span> <span class='ocrx_word' id='word_1_269' title='bbox 1665 4466 1960 4553; x_wconf 86' lang='lat' dir='ltr'><strong>adscripti</strong></span> <span class='ocrx_word' id='word_1_270' title='bbox 2023 4465 2211 4532; x_wconf 89' lang='lat' dir='ltr'><strong>alicui</strong></span> 
     </span>
     <span class='ocr_line' id='line_1_49' title="bbox 637 4553 2212 4642; baseline -0.003 -16"><span class='ocrx_word' id='word_1_271' title='bbox 637 4558 954 4626; x_wconf 85' lang='lat' dir='ltr'><strong>Ecclesiae</strong></span> <span class='ocrx_word' id='word_1_272' title='bbox 1000 4566 1424 4642; x_wconf 84' lang='lat' dir='ltr'><strong>consecratae,</strong></span> <span class='ocrx_word' id='word_1_273' title='bbox 1459 4553 1783 4621; x_wconf 89' lang='lat' dir='ltr'><strong>celebrant</strong></span> <span class='ocrx_word' id='word_1_274' title='bbox 1820 4564 2061 4621; x_wconf 85' lang='lat' dir='ltr'><strong>tantum</strong></span> <span class='ocrx_word' id='word_1_275' title='bbox 2094 4559 2212 4621; x_wconf 88' lang='lat' dir='ltr'><strong>De·</strong></span> 
     </span>
     <span class='ocr_line' id='line_1_50' title="bbox 635 4641 2211 4721; baseline -0.003 -8"><span class='ocrx_word' id='word_1_276' title='bbox 635 4645 1019 4714; x_wconf 86' lang='lat' dir='ltr'><strong>dicationem</strong></span> <span class='ocrx_word' id='word_1_277' title='bbox 1067 4643 1384 4721; x_wconf 85' lang='lat' dir='ltr'><strong>Ecclesiae</strong></span> <span class='ocrx_word' id='word_1_278' title='bbox 1434 4641 1821 4711; x_wconf 80' lang='lat' dir='ltr'><strong>cathedralis</strong></span> <span class='ocrx_word' id='word_1_279' title='bbox 1851 4643 1914 4709; x_wconf 88' lang='lat' dir='ltr'><strong>in</strong></span> <span class='ocrx_word' id='word_1_280' title='bbox 1943 4643 2211 4710; x_wconf 77' lang='lat' dir='ltr'><strong>civitate</strong></span> 
     </span>
     <span class='ocr_line' id='line_1_51' title="bbox 636 4731 2212 4819; baseline -0.004 -17"><span class='ocrx_word' id='word_1_281' title='bbox 636 4753 783 4802; x_wconf 91' lang='lat' dir='ltr'><strong>cum</strong></span> <span class='ocrx_word' id='word_1_282' title='bbox 816 4745 1059 4819; x_wconf 81' lang='lat' dir='ltr'><strong>octava,</strong></span> <span class='ocrx_word' id='word_1_283' title='bbox 1095 4746 1274 4801; x_wconf 83' lang='lat' dir='ltr'><strong>extra</strong></span> <span class='ocrx_word' id='word_1_284' title='bbox 1302 4731 1642 4808; x_wconf 26' lang='lat' dir='ltr'><strong>Civitatem,</strong></span> <span class='ocrx_word' id='word_1_285' title='bbox 1666 4731 1801 4798; x_wconf 88' lang='lat' dir='ltr'><strong>sine</strong></span> <span class='ocrx_word' id='word_1_286' title='bbox 1834 4742 2075 4816; x_wconf 79' lang='lat' dir='ltr'><strong>octava,</strong></span> <span class='ocrx_word' id='word_1_287' title='bbox 2112 4751 2212 4797; x_wconf 88' lang='lat' dir='ltr'><strong>ea-</strong></span> 
     </span>
     <span class='ocr_line' id='line_1_52' title="bbox 635 4818 2214 4910; baseline -0.004 -20"><span class='ocrx_word' id='word_1_288' title='bbox 635 4823 788 4890; x_wconf 88' lang='lat' dir='ltr'><strong>dem</strong></span> <span class='ocrx_word' id='word_1_289' title='bbox 827 4821 939 4889; x_wconf 88' lang='lat' dir='ltr'><strong>illa</strong></span> <span class='ocrx_word' id='word_1_290' title='bbox 984 4822 1301 4891; x_wconf 89' lang='lat' dir='ltr'><strong>Dominica</strong></span> <span class='ocrx_word' id='word_1_291' title='bbox 1345 4840 1507 4910; x_wconf 87' lang='lat' dir='ltr'><strong>quae</strong></span> <span class='ocrx_word' id='word_1_292' title='bbox 1554 4841 1590 4886; x_wconf 89' lang='lat' dir='ltr'><strong>a</strong></span> <span class='ocrx_word' id='word_1_293' title='bbox 1621 4821 1812 4888; x_wconf 77' lang='lat' dir='ltr'><strong>sSffio</strong></span> <span class='ocrx_word' id='word_1_294' title='bbox 1855 4825 1933 4888; x_wconf 90' lang='lat' dir='ltr'><strong>D.</strong></span> <span class='ocrx_word' id='word_1_295' title='bbox 1969 4818 2077 4887; x_wconf 90' lang='lat' dir='ltr'><strong>Pio</strong></span> <span class='ocrx_word' id='word_1_296' title='bbox 2106 4821 2214 4886; x_wconf 82' lang='lat' dir='ltr'><strong>Vll</strong></span> 
     </span>
     <span class='ocr_line' id='line_1_53' title="bbox 635 4908 2214 4998; baseline -0.003 -21"><span class='ocrx_word' id='word_1_297' title='bbox 635 4911 1074 4979; x_wconf 84' lang='lat' dir='ltr'><strong>Anniversario</strong></span> <span class='ocrx_word' id='word_1_298' title='bbox 1096 4910 1520 4980; x_wconf 89' lang='lat' dir='ltr'><strong>Dedicationis</strong></span> <span class='ocrx_word' id='word_1_299' title='bbox 1543 4919 1639 4976; x_wconf 91' lang='lat' dir='ltr'><strong>est</strong></span> <span class='ocrx_word' id='word_1_300' title='bbox 1661 4908 1986 4998; x_wconf 87' lang='lat' dir='ltr'><strong>assignata.</strong></span> <span class='ocrx_word' id='word_1_301' title='bbox 2020 4909 2214 4986; x_wconf 91' lang='lat' dir='ltr'><strong>Quae-</strong></span> 
     </span>
     <span class='ocr_line' id='line_1_54' title="bbox 638 4998 837 5066; baseline 0.005 -2"><span class='ocrx_word' id='word_1_302' title='bbox 638 4998 837 5066; x_wconf 72' lang='lat' dir='ltr'><strong>titur:</strong></span> 
     </span>
    </p>

    <p class='ocr_par' dir='ltr' id='par_1_5' title="bbox 638 5084 2220 5244">
     <span class='ocr_line' id='line_1_55' title="bbox 775 5084 2214 5157; baseline -0.001 -4"><span class='ocrx_word' id='word_1_303' title='bbox 775 5090 832 5153; x_wconf 82' lang='lat'><strong>1.</strong></span> <span class='ocrx_word' id='word_1_304' title='bbox 860 5090 1019 5154; x_wconf 88' lang='lat' dir='ltr'><strong>Uter</strong></span> <span class='ocrx_word' id='word_1_305' title='bbox 1045 5091 1272 5157; x_wconf 86' lang='lat' dir='ltr'><strong>modus</strong></span> <span class='ocrx_word' id='word_1_306' title='bbox 1305 5087 1423 5154; x_wconf 89' lang='lat' dir='ltr'><strong>iste</strong></span> <span class='ocrx_word' id='word_1_307' title='bbox 1449 5084 1813 5155; x_wconf 87' lang='lat' dir='ltr'><strong>celebrandi</strong></span> <span class='ocrx_word' id='word_1_308' title='bbox 1837 5084 2214 5153; x_wconf 75' lang='lat' dir='ltr'><strong>Anniversa-</strong></span> 
     </span>
     <span class='ocr_line' id='line_1_56' title="bbox 638 5170 2220 5244; baseline -0.002 -3"><span class='ocrx_word' id='word_1_309' title='bbox 638 5172 802 5241; x_wconf 89' lang='lat' dir='ltr'><strong>rium</strong></span> <span class='ocrx_word' id='word_1_310' title='bbox 831 5174 1251 5244; x_wconf 87' lang='lat' dir='ltr'><strong>Dedicationis</strong></span> <span class='ocrx_word' id='word_1_311' title='bbox 1275 5175 1698 5242; x_wconf 82' lang='lat' dir='ltr'><strong>Ecclesiamm</strong></span> <span class='ocrx_word' id='word_1_312' title='bbox 1721 5174 1801 5240; x_wconf 87' lang='lat' dir='ltr'><strong>sit</strong></span> <span class='ocrx_word' id='word_1_313' title='bbox 1824 5170 2220 5241; x_wconf 75' lang='lat' dir='ltr'><strong>servandus?</strong></span> 
     </span>
    </p>

    <p class='ocr_par' dir='ltr' id='par_1_6' title="bbox 633 5260 2212 5441">
     <span class='ocr_line' id='line_1_57' title="bbox 767 5260 2212 5349; baseline -0.003 -19"><span class='ocrx_word' id='word_1_314' title='bbox 767 5265 830 5330; x_wconf 80' lang='lat'><strong>2.</strong></span> <span class='ocrx_word' id='word_1_315' title='bbox 880 5264 978 5330; x_wconf 83' lang='lat' dir='ltr'><strong>An</strong></span> <span class='ocrx_word' id='word_1_316' title='bbox 1024 5262 1088 5329; x_wconf 92' lang='lat' dir='ltr'><strong>in</strong></span> <span class='ocrx_word' id='word_1_317' title='bbox 1133 5263 1443 5330; x_wconf 88' lang='lat' dir='ltr'><strong>alterutro</strong></span> <span class='ocrx_word' id='word_1_318' title='bbox 1482 5282 1628 5330; x_wconf 83' lang='lat' dir='ltr'><strong>casn</strong></span> <span class='ocrx_word' id='word_1_319' title='bbox 1677 5262 1798 5344; x_wconf 92' lang='lat' dir='ltr'><strong>illi,</strong></span> <span class='ocrx_word' id='word_1_320' title='bbox 1832 5262 1940 5349; x_wconf 90' lang='lat' dir='ltr'><strong>qui</strong></span> <span class='ocrx_word' id='word_1_321' title='bbox 1977 5260 2212 5327; x_wconf 81' lang='lat' dir='ltr'><strong>adscri-</strong></span> 
     </span>
     <span class='ocr_line' id='line_1_58' title="bbox 633 5348 2212 5441; baseline -0.003 -24"><span class='ocrx_word' id='word_1_322' title='bbox 633 5352 728 5441; x_wconf 90' lang='lat' dir='ltr'><strong>pti</strong></span> <span class='ocrx_word' id='word_1_323' title='bbox 756 5362 904 5420; x_wconf 88' lang='lat' dir='ltr'><strong>snnt</strong></span> <span class='ocrx_word' id='word_1_324' title='bbox 933 5350 1121 5418; x_wconf 89' lang='lat' dir='ltr'><strong>alicui</strong></span> <span class='ocrx_word' id='word_1_325' title='bbox 1145 5348 1464 5420; x_wconf 85' lang='lat' dir='ltr'><strong>Ecclesiae</strong></span> <span class='ocrx_word' id='word_1_326' title='bbox 1495 5359 1919 5432; x_wconf 89' lang='lat' dir='ltr'><strong>consecratae,</strong></span> <span class='ocrx_word' id='word_1_327' title='bbox 1951 5356 2212 5414; x_wconf 88' lang='lat' dir='ltr'><strong>tenean-</strong></span> 
     </span>
    </p>
   </div>
   <div class='ocr_carea' id='block_1_3' title="bbox 2304 411 3863 837">
    <p class='ocr_par' dir='ltr' id='par_1_7' title="bbox 2304 411 3863 677">
     <span class='ocr_line' id='line_1_59' title="bbox 2304 411 3863 501; baseline 0.005 -24"><span class='ocrx_word' id='word_1_328' title='bbox 2304 420 2409 478; x_wconf 91' lang='lat' dir='ltr'><strong>tur</strong></span> <span class='ocrx_word' id='word_1_329' title='bbox 2440 411 2654 479; x_wconf 73' lang='lat' dir='ltr'><strong>iacere</strong></span> <span class='ocrx_word' id='word_1_330' title='bbox 2684 412 3031 501; x_wconf 85' lang='lat' dir='ltr'><strong>specialem</strong></span> <span class='ocrx_word' id='word_1_331' title='bbox 3062 414 3735 483; x_wconf 88' lang='lat' dir='ltr'><strong>commemorationem</strong></span> <span class='ocrx_word' id='word_1_332' title='bbox 3768 417 3863 487; x_wconf 81' lang='lat' dir='ltr'><strong>tle-</strong></span> 
     </span>
     <span class='ocr_line' id='line_1_60' title="bbox 2304 498 3862 589; baseline 0.005 -24"><span class='ocrx_word' id='word_1_333' title='bbox 2304 498 2632 568; x_wconf 82' lang='lat' dir='ltr'><strong>dicationis</strong></span> <span class='ocrx_word' id='word_1_334' title='bbox 2680 500 3000 568; x_wconf 85' lang='lat' dir='ltr'><strong>Ecclesiae</strong></span> <span class='ocrx_word' id='word_1_335' title='bbox 3045 502 3568 589; x_wconf 71' lang='lat' dir='ltr'><strong>Hetropolitanae</strong></span> <span class='ocrx_word' id='word_1_336' title='bbox 3614 504 3717 571; x_wconf 79' lang='lat' dir='ltr'><strong>vel</strong></span> <span class='ocrx_word' id='word_1_337' title='bbox 3769 510 3862 573; x_wconf 78' lang='lat' dir='ltr'><strong>Ga·</strong></span> 
     </span>
     <span class='ocr_line' id='line_1_61' title="bbox 2306 587 3168 677; baseline 0.008 -26"><span class='ocrx_word' id='word_1_338' title='bbox 2306 587 2640 672; x_wconf 88' lang='lat' dir='ltr'><strong>thedralis,</strong></span> <span class='ocrx_word' id='word_1_339' title='bbox 2690 601 2756 656; x_wconf 92' lang='lat' dir='ltr'><strong>et</strong></span> <span class='ocrx_word' id='word_1_340' title='bbox 2801 589 3168 677; x_wconf 69' lang='lat' dir='ltr'><strong>quomodo?</strong></span> 
     </span>
    </p>

    <p class='ocr_par' dir='ltr' id='par_1_8' title="bbox 2305 678 3863 837">
     <span class='ocr_line' id='line_1_62' title="bbox 2436 678 3862 766; baseline 0.006 -24"><span class='ocrx_word' id='word_1_341' title='bbox 2436 679 2540 743; x_wconf 87' lang='lat'><em>111.</em></span> <span class='ocrx_word' id='word_1_342' title='bbox 2586 681 2705 745; x_wconf 87' lang='lat' dir='ltr'><strong>Per</strong></span> <span class='ocrx_word' id='word_1_343' title='bbox 2754 683 3097 746; x_wconf 85' lang='lat' dir='ltr'><strong>Decretum</strong></span> <span class='ocrx_word' id='word_1_344' title='bbox 3154 678 3372 746; x_wconf 89' lang='lat' dir='ltr'><strong>datum</strong></span> <span class='ocrx_word' id='word_1_345' title='bbox 3431 699 3551 766; x_wconf 91' lang='lat' dir='ltr'><strong>pro</strong></span> <span class='ocrx_word' id='word_1_346' title='bbox 3603 681 3862 751; x_wconf 82' lang='lat' dir='ltr'><strong>Dioecesi</strong></span> 
     </span>
     <span class='ocr_line' id='line_1_63' title="bbox 2305 763 3863 837; baseline 0.004 -6"><span class='ocrx_word' id='word_1_347' title='bbox 2305 763 2741 833; x_wconf 72' lang='lat' dir='ltr'><strong>Mechliniensi</strong></span> <span class='ocrx_word' id='word_1_348' title='bbox 2772 785 3067 833; x_wconf 87' lang='lat' dir='ltr'><strong>concessa</strong></span> <span class='ocrx_word' id='word_1_349' title='bbox 3099 778 3197 834; x_wconf 85' lang='lat' dir='ltr'><strong>est</strong></span> <span class='ocrx_word' id='word_1_350' title='bbox 3226 765 3491 833; x_wconf 76' lang='lat' dir='ltr'><strong>facultas</strong></span> <span class='ocrx_word' id='word_1_351' title='bbox 3520 768 3863 837; x_wconf 86' lang='lat' dir='ltr'><strong>celebrandi</strong></span> 
     </span>
    </p>
   </div>
   <div class='ocr_carea' id='block_1_4' title="bbox 2305 853 3977 1028">
    <p class='ocr_par' dir='ltr' id='par_1_9' title="bbox 2305 853 3977 1028">
     <span class='ocr_line' id='line_1_64' title="bbox 2306 853 3977 925; baseline 0.005 -7"><span class='ocrx_word' id='word_1_352' title='bbox 2306 855 2564 919; x_wconf 75' lang='lat' dir='ltr'><strong>Festum</strong></span> <span class='ocrx_word' id='word_1_353' title='bbox 2625 853 3031 921; x_wconf 80' lang='lat' dir='ltr'><strong>sacratissimi</strong></span> <span class='ocrx_word' id='word_1_354' title='bbox 3088 853 3312 923; x_wconf 80' lang='lat' dir='ltr'><strong>cordis</strong></span> <span class='ocrx_word' id='word_1_355' title='bbox 3373 859 3513 922; x_wconf 85' lang='lat' dir='ltr'><strong>lesu</strong></span> <span class='ocrx_word' id='word_1_356' title='bbox 3568 857 3863 925; x_wconf 82' lang='lat' dir='ltr'><strong>Dominica</strong></span> <span class='ocrx_word' id='word_1_357' title='bbox 3976 856 3977 859; x_wconf 69' lang='grc'>’</span> 
     </span>
     <span class='ocr_line' id='line_1_65' title="bbox 2305 939 3977 1028; baseline 0.005 -23"><span class='ocrx_word' id='word_1_358' title='bbox 2305 939 2672 1008; x_wconf 92' lang='lat' dir='ltr'><strong>immediate</strong></span> <span class='ocrx_word' id='word_1_359' title='bbox 2738 940 3033 1028; x_wconf 87' lang='lat' dir='ltr'><strong>sequenti</strong></span> <span class='ocrx_word' id='word_1_360' title='bbox 3110 954 3390 1010; x_wconf 85' lang='lat' dir='ltr'><strong>octavam</strong></span> <span class='ocrx_word' id='word_1_361' title='bbox 3459 945 3866 1013; x_wconf 79' lang='lat' dir='ltr'><strong>solemnitatis</strong></span> <span class='ocrx_word' id='word_1_362' title='bbox 3976 988 3977 991; x_wconf 58' lang='lat'><em>=</em></span> 
     </span>
    </p>
   </div>
   <div class='ocr_carea' id='block_1_5' title="bbox 2305 1027 3865 1122">
    <p class='ocr_par' dir='ltr' id='par_1_10' title="bbox 2305 1027 3865 1122">
     <span class='ocr_line' id='line_1_66' title="bbox 2305 1027 3865 1122; baseline 0.004 -27"><span class='ocrx_word' id='word_1_363' title='bbox 2305 1027 2686 1096; x_wconf 86' lang='lat' dir='ltr'><strong>Sanctissimi</strong></span> <span class='ocrx_word' id='word_1_364' title='bbox 2719 1030 3015 1117; x_wconf 86' lang='lat' dir='ltr'><strong>Corporis</strong></span> <span class='ocrx_word' id='word_1_365' title='bbox 3054 1030 3284 1100; x_wconf 86' lang='lat' dir='ltr'><strong>Christi</strong></span> <span class='ocrx_word' id='word_1_366' title='bbox 3316 1050 3462 1098; x_wconf 91' lang='lat' dir='ltr'><strong>cum</strong></span> <span class='ocrx_word' id='word_1_367' title='bbox 3492 1032 3714 1100; x_wconf 86' lang='lat' dir='ltr'><strong>Officio</strong></span> <span class='ocrx_word' id='word_1_368' title='bbox 3742 1054 3865 1122; x_wconf 87' lang='lat' dir='ltr'><strong>pro·</strong></span> 
     </span>
    </p>
   </div>
   <div class='ocr_carea' id='block_1_6' title="bbox 2304 1115 3977 1209">
    <p class='ocr_par' dir='ltr' id='par_1_11' title="bbox 2304 1115 3977 1209">
     <span class='ocr_line' id='line_1_67' title="bbox 2304 1115 3977 1209; baseline 0.006 -29"><span class='ocrx_word' id='word_1_369' title='bbox 2304 1115 2445 1203; x_wconf 87' lang='lat' dir='ltr'><strong>prio</strong></span> <span class='ocrx_word' id='word_1_370' title='bbox 2482 1136 2552 1184; x_wconf 89' lang='lat' dir='ltr'><strong>ac</strong></span> <span class='ocrx_word' id='word_1_371' title='bbox 2583 1117 2759 1184; x_wconf 70' lang='lat' dir='ltr'><strong>Missa</strong></span> <span class='ocrx_word' id='word_1_372' title='bbox 2792 1137 2908 1205; x_wconf 92' lang='lat' dir='ltr'><strong>pro</strong></span> <span class='ocrx_word' id='word_1_373' title='bbox 2954 1121 3174 1205; x_wconf 85' lang='lat' dir='ltr'><strong>Regno</strong></span> <span class='ocrx_word' id='word_1_374' title='bbox 3205 1118 3497 1186; x_wconf 88' lang='lat' dir='ltr'><strong>Poloniae</strong></span> <span class='ocrx_word' id='word_1_375' title='bbox 3529 1132 3603 1186; x_wconf 89' lang='lat' dir='ltr'><strong>et</strong></span> <span class='ocrx_word' id='word_1_376' title='bbox 3632 1139 3748 1209; x_wconf 88' lang='lat' dir='ltr'><strong>pro</strong></span> <span class='ocrx_word' id='word_1_377' title='bbox 3775 1126 3869 1189; x_wconf 78' lang='lat' dir='ltr'><strong>Ar-</strong></span> <span class='ocrx_word' id='word_1_378' title='bbox 3976 1188 3977 1203; x_wconf 63' lang='grc'>,</span> 
     </span>
    </p>
   </div>
   <div class='ocr_carea' id='block_1_7' title="bbox 2306 1203 3866 1381">
    <p class='ocr_par' dir='ltr' id='par_1_12' title="bbox 2306 1203 3866 1381">
     <span class='ocr_line' id='line_1_68' title="bbox 2308 1203 3861 1296; baseline 0.003 -25"><span class='ocrx_word' id='word_1_379' title='bbox 2308 1203 2926 1273; x_wconf 76' lang='lat' dir='ltr'><strong>chiconfraternitate</strong></span> <span class='ocrx_word' id='word_1_380' title='bbox 2958 1204 3024 1273; x_wconf 93' lang='lat' dir='ltr'><strong>in</strong></span> <span class='ocrx_word' id='word_1_381' title='bbox 3054 1206 3225 1274; x_wconf 88' lang='lat' dir='ltr'><strong>Urbe</strong></span> <span class='ocrx_word' id='word_1_382' title='bbox 3254 1218 3467 1274; x_wconf 88' lang='lat' dir='ltr'><strong>erecta</strong></span> <span class='ocrx_word' id='word_1_383' title='bbox 3494 1207 3861 1296; x_wconf 84' lang='lat' dir='ltr'><strong>adprobatis.</strong></span> 
     </span>
     <span class='ocr_line' id='line_1_69' title="bbox 2306 1291 3866 1381; baseline 0.003 -23"><span class='ocrx_word' id='word_1_384' title='bbox 2306 1293 2509 1370; x_wconf 90' lang='lat' dir='ltr'><strong>Quum</strong></span> <span class='ocrx_word' id='word_1_385' title='bbox 2540 1304 2754 1360; x_wconf 88' lang='lat' dir='ltr'><strong>autem</strong></span> <span class='ocrx_word' id='word_1_386' title='bbox 2786 1293 2850 1360; x_wconf 90' lang='lat' dir='ltr'><strong>in</strong></span> <span class='ocrx_word' id='word_1_387' title='bbox 2880 1291 2986 1360; x_wconf 88' lang='lat' dir='ltr'><strong>illa</strong></span> <span class='ocrx_word' id='word_1_388' title='bbox 3016 1294 3216 1381; x_wconf 73' lang='lat' dir='ltr'><strong>Missa,</strong></span> <span class='ocrx_word' id='word_1_389' title='bbox 3244 1294 3424 1362; x_wconf 86' lang='lat' dir='ltr'><strong>cuius</strong></span> <span class='ocrx_word' id='word_1_390' title='bbox 3456 1298 3760 1363; x_wconf 77' lang='lat' dir='ltr'><strong>introitus</strong></span> <span class='ocrx_word' id='word_1_391' title='bbox 3786 1310 3866 1363; x_wconf 84' lang='lat' dir='ltr'><strong>est</strong></span> 
     </span>
    </p>
   </div>
   <div class='ocr_carea' id='block_1_8' title="bbox 2307 1381 3977 1451">
    <p class='ocr_par' dir='ltr' id='par_1_13' title="bbox 2307 1381 3977 1451">
     <span class='ocr_line' id='line_1_70' title="bbox 2307 1381 3977 1451; baseline 0.002 -3"><span class='ocrx_word' id='word_1_392' title='bbox 2307 1381 2712 1448; x_wconf 62' lang='lat' dir='ltr'><strong>miserabitur</strong></span> <span class='ocrx_word' id='word_1_393' title='bbox 2762 1383 3109 1450; x_wconf 71' lang='lat' dir='ltr'><strong>secundum</strong></span> <span class='ocrx_word' id='word_1_394' title='bbox 3163 1383 3659 1451; x_wconf 66' lang='lat' dir='ltr'><strong>multitudinem</strong></span> <span class='ocrx_word' id='word_1_395' title='bbox 3710 1388 3867 1451; x_wconf 70' lang='grc' dir='ltr'><strong>παίεσ-</strong></span> <span class='ocrx_word' id='word_1_396' title='bbox 3976 1386 3977 1397; x_wconf 76' lang='grc'>’</span> 
     </span>
    </p>
   </div>
   <div class='ocr_carea' id='block_1_9' title="bbox 2307 1471 3868 1648">
    <p class='ocr_par' dir='ltr' id='par_1_14' title="bbox 2307 1471 3868 1648">
     <span class='ocr_line' id='line_1_71' title="bbox 2307 1471 3867 1558; baseline 0.003 -24"><span class='ocrx_word' id='word_1_397' title='bbox 2307 1471 2645 1536; x_wconf 69' lang='lat' dir='ltr'><strong>rationum</strong></span> <span class='ocrx_word' id='word_1_398' title='bbox 2688 1489 3006 1554; x_wconf 70' lang='lat' dir='ltr'><strong>suarum,</strong></span> <span class='ocrx_word' id='word_1_399' title='bbox 3054 1489 3188 1538; x_wconf 90' lang='lat' dir='ltr'><strong>non</strong></span> <span class='ocrx_word' id='word_1_400' title='bbox 3230 1472 3591 1558; x_wconf 74' lang='lat' dir='ltr'><strong>assignetur</strong></span> <span class='ocrx_word' id='word_1_401' title='bbox 3636 1475 3867 1539; x_wconf 78' lang='lat' dir='ltr'><strong>Tractus</strong></span> 
     </span>
     <span class='ocr_line' id='line_1_72' title="bbox 2309 1556 3868 1648; baseline 0.002 -25"><span class='ocrx_word' id='word_1_402' title='bbox 2309 1575 2426 1645; x_wconf 87' lang='lat' dir='ltr'><strong>pro</strong></span> <span class='ocrx_word' id='word_1_403' title='bbox 2459 1556 2656 1624; x_wconf 81' lang='lat' dir='ltr'><strong>Missis</strong></span> <span class='ocrx_word' id='word_1_404' title='bbox 2685 1556 2927 1625; x_wconf 78' lang='lat' dir='ltr'><strong>Votivis</strong></span> <span class='ocrx_word' id='word_1_405' title='bbox 2974 1571 3117 1646; x_wconf 88' lang='lat' dir='ltr'><strong>post</strong></span> <span class='ocrx_word' id='word_1_406' title='bbox 3163 1559 3738 1648; x_wconf 73' lang='lat' dir='ltr'><strong>septuagesimam,</strong></span> <span class='ocrx_word' id='word_1_407' title='bbox 3766 1579 3868 1627; x_wconf 89' lang='lat' dir='ltr'><strong>nec</strong></span> 
     </span>
    </p>
   </div>
   <div class='ocr_carea' id='block_1_10' title="bbox 2309 1644 3977 1734">
    <p class='ocr_par' dir='ltr' id='par_1_15' title="bbox 2309 1644 3977 1734">
     <span class='ocr_line' id='line_1_73' title="bbox 2309 1644 3977 1734; baseline 0.002 -24"><span class='ocrx_word' id='word_1_408' title='bbox 2309 1644 2591 1712; x_wconf 71' lang='lat' dir='ltr'><strong>Alleluia</strong></span> <span class='ocrx_word' id='word_1_409' title='bbox 2625 1664 2770 1712; x_wconf 90' lang='lat' dir='ltr'><strong>cum</strong></span> <span class='ocrx_word' id='word_1_410' title='bbox 2804 1650 2869 1714; x_wconf 61' lang='grc' dir='ltr'><strong>ὴ.</strong></span> <span class='ocrx_word' id='word_1_411' title='bbox 2904 1665 3023 1733; x_wconf 88' lang='lat' dir='ltr'><strong>pro</strong></span> <span class='ocrx_word' id='word_1_412' title='bbox 3058 1656 3349 1734; x_wconf 90' lang='lat' dir='ltr'><strong>tempore</strong></span> <span class='ocrx_word' id='word_1_413' title='bbox 3394 1647 3712 1726; x_wconf 83' lang='lat' dir='ltr'><strong>Paschali3</strong></span> <span class='ocrx_word' id='word_1_414' title='bbox 3746 1648 3870 1715; x_wconf 86' lang='lat' dir='ltr'><strong>hinc</strong></span> <span class='ocrx_word' id='word_1_415' title='bbox 3976 1714 3977 1727; x_wconf 59' lang='grc'>,</span> 
     </span>
    </p>
   </div>
   <div class='ocr_carea' id='block_1_11' title="bbox 2307 1731 3872 2067">
    <p class='ocr_par' dir='ltr' id='par_1_16' title="bbox 2307 1731 3872 2067">
     <span class='ocr_line' id='line_1_74' title="bbox 2308 1731 3872 1821; baseline 0.001 -22"><span class='ocrx_word' id='word_1_416' title='bbox 2308 1731 2665 1799; x_wconf 88' lang='lat' dir='ltr'><strong>dubitatum</strong></span> <span class='ocrx_word' id='word_1_417' title='bbox 2726 1744 2823 1801; x_wconf 90' lang='lat' dir='ltr'><strong>est</strong></span> <span class='ocrx_word' id='word_1_418' title='bbox 2869 1734 3022 1821; x_wconf 86' lang='lat' dir='ltr'><strong>quid</strong></span> <span class='ocrx_word' id='word_1_419' title='bbox 3073 1735 3137 1801; x_wconf 89' lang='lat' dir='ltr'><strong>in</strong></span> <span class='ocrx_word' id='word_1_420' title='bbox 3183 1755 3326 1801; x_wconf 88' lang='lat' dir='ltr'><strong>casu</strong></span> <span class='ocrx_word' id='word_1_421' title='bbox 3380 1744 3766 1802; x_wconf 74' lang='lat' dir='ltr'><strong>occurrente</strong></span> <span class='ocrx_word' id='word_1_422' title='bbox 3804 1736 3872 1801; x_wconf 88' lang='lat' dir='ltr'><strong>sit</strong></span> 
     </span>
     <span class='ocr_line' id='line_1_75' title="bbox 2307 1820 3869 1909; baseline 0.001 -22"><span class='ocrx_word' id='word_1_423' title='bbox 2307 1820 2704 1905; x_wconf 78' lang='lat' dir='ltr'><strong>faciendum,</strong></span> <span class='ocrx_word' id='word_1_424' title='bbox 2754 1841 2954 1909; x_wconf 84' lang='lat' dir='ltr'><strong>quum</strong></span> <span class='ocrx_word' id='word_1_425' title='bbox 3016 1821 3119 1889; x_wconf 88' lang='lat' dir='ltr'><strong>alii</strong></span> <span class='ocrx_word' id='word_1_426' title='bbox 3166 1823 3248 1891; x_wconf 91' lang='lat' dir='ltr'><strong>ad</strong></span> <span class='ocrx_word' id='word_1_427' title='bbox 3304 1823 3553 1890; x_wconf 74' lang='lat' dir='ltr'><strong>Missam</strong></span> <span class='ocrx_word' id='word_1_428' title='bbox 3604 1823 3869 1891; x_wconf 76' lang='lat' dir='ltr'><strong>votivam</strong></span> 
     </span>
     <span class='ocr_line' id='line_1_76' title="bbox 2307 1907 3869 1994; baseline 0.001 -18"><span class='ocrx_word' id='word_1_429' title='bbox 2307 1907 2390 1976; x_wconf 91' lang='lat' dir='ltr'><strong>de</strong></span> <span class='ocrx_word' id='word_1_430' title='bbox 2434 1909 2837 1977; x_wconf 86' lang='lat' dir='ltr'><strong>sanctissimo</strong></span> <span class='ocrx_word' id='word_1_431' title='bbox 2885 1914 3312 1994; x_wconf 89' lang='lat' dir='ltr'><strong>sacramento,</strong></span> <span class='ocrx_word' id='word_1_432' title='bbox 3346 1910 3449 1977; x_wconf 86' lang='lat' dir='ltr'><strong>alii</strong></span> <span class='ocrx_word' id='word_1_433' title='bbox 3485 1912 3568 1980; x_wconf 88' lang='lat' dir='ltr'><strong>ad</strong></span> <span class='ocrx_word' id='word_1_434' title='bbox 3602 1912 3869 1979; x_wconf 77' lang='lat' dir='ltr'><strong>Votivam</strong></span> 
     </span>
     <span class='ocr_line' id='line_1_77' title="bbox 2308 1996 3439 2067; baseline 0.003 -5"><span class='ocrx_word' id='word_1_435' title='bbox 2308 1996 2393 2062; x_wconf 90' lang='lat' dir='ltr'><strong>de</strong></span> <span class='ocrx_word' id='word_1_436' title='bbox 2438 1996 2722 2064; x_wconf 84' lang='lat' dir='ltr'><strong>Passione</strong></span> <span class='ocrx_word' id='word_1_437' title='bbox 2767 1998 3017 2066; x_wconf 89' lang='lat' dir='ltr'><strong>Domini</strong></span> <span class='ocrx_word' id='word_1_438' title='bbox 3064 1996 3439 2067; x_wconf 74' lang='lat' dir='ltr'><strong>recurrant?</strong></span> 
     </span>
    </p>
   </div>
   <div class='ocr_carea' id='block_1_12' title="bbox 2439 2085 3977 2175">
    <p class='ocr_par' dir='ltr' id='par_1_17' title="bbox 2439 2085 3977 2175">
     <span class='ocr_line' id='line_1_78' title="bbox 2439 2085 3977 2175; baseline -0.002 -24"><span class='ocrx_word' id='word_1_439' title='bbox 2439 2088 2520 2151; x_wconf 87' lang='lat' dir='ltr'><strong>Et</strong></span> <span class='ocrx_word' id='word_1_440' title='bbox 2562 2088 2748 2153; x_wconf 89' lang='lat' dir='ltr'><strong>Sacra</strong></span> <span class='ocrx_word' id='word_1_441' title='bbox 2792 2087 3051 2155; x_wconf 84' lang='lat' dir='ltr'><strong>Rituum</strong></span> <span class='ocrx_word' id='word_1_442' title='bbox 3098 2087 3567 2175; x_wconf 83' lang='lat' dir='ltr'><strong>congregatio,</strong></span> <span class='ocrx_word' id='word_1_443' title='bbox 3622 2087 3700 2156; x_wconf 90' lang='lat' dir='ltr'><strong>ad</strong></span> <span class='ocrx_word' id='word_1_444' title='bbox 3741 2085 3870 2168; x_wconf 84' lang='lat' dir='ltr'><strong>Qui·</strong></span> <span class='ocrx_word' id='word_1_445' title='bbox 3976 2100 3977 2107; x_wconf 52' lang='lat'>¹</span> 
     </span>
    </p>
   </div>
   <div class='ocr_carea' id='block_1_13' title="bbox 2309 2171 3873 3124">
    <p class='ocr_par' dir='ltr' id='par_1_18' title="bbox 2309 2171 3873 2594">
     <span class='ocr_line' id='line_1_79' title="bbox 2309 2171 3867 2263; baseline 0.002 -26"><span class='ocrx_word' id='word_1_446' title='bbox 2309 2171 2537 2240; x_wconf 83' lang='lat' dir='ltr'><strong>riuales</strong></span> <span class='ocrx_word' id='word_1_447' title='bbox 2585 2173 2795 2242; x_wconf 81' lang='lat' dir='ltr'><strong>Aedes</strong></span> <span class='ocrx_word' id='word_1_448' title='bbox 2836 2175 3194 2263; x_wconf 85' lang='lat' dir='ltr'><strong>subscripta</strong></span> <span class='ocrx_word' id='word_1_449' title='bbox 3239 2175 3344 2242; x_wconf 89' lang='lat' dir='ltr'><strong>die</strong></span> <span class='ocrx_word' id='word_1_450' title='bbox 3383 2175 3738 2244; x_wconf 87' lang='lat' dir='ltr'><strong>coadunata</strong></span> <span class='ocrx_word' id='word_1_451' title='bbox 3776 2178 3867 2244; x_wconf 84' lang='lat' dir='ltr'><strong>Or·</strong></span> 
     </span>
     <span class='ocr_line' id='line_1_80' title="bbox 2310 2260 3873 2349; baseline 0 -22"><span class='ocrx_word' id='word_1_452' title='bbox 2310 2260 2569 2327; x_wconf 87' lang='lat' dir='ltr'><strong>dinariis</strong></span> <span class='ocrx_word' id='word_1_453' title='bbox 2631 2261 2694 2328; x_wconf 89' lang='lat' dir='ltr'><strong>in</strong></span> <span class='ocrx_word' id='word_1_454' title='bbox 2753 2263 3075 2349; x_wconf 79' lang='lat' dir='ltr'><strong>comitiis,</strong></span> <span class='ocrx_word' id='word_1_455' title='bbox 3124 2261 3336 2331; x_wconf 89' lang='lat' dir='ltr'><strong>audita</strong></span> <span class='ocrx_word' id='word_1_456' title='bbox 3400 2263 3719 2332; x_wconf 85' lang='lat' dir='ltr'><strong>relatione</strong></span> <span class='ocrx_word' id='word_1_457' title='bbox 3846 2282 3873 2327; x_wconf 92' lang='grc' dir='ltr'><strong>ι·</strong></span> 
     </span>
     <span class='ocr_line' id='line_1_81' title="bbox 2310 2348 3871 2437; baseline 0.002 -23"><span class='ocrx_word' id='word_1_458' title='bbox 2310 2348 2776 2437; x_wconf 76' lang='lat' dir='ltr'><strong>infrascriptum</strong></span> <span class='ocrx_word' id='word_1_459' title='bbox 2838 2350 3264 2419; x_wconf 88' lang='lat' dir='ltr'><strong>secretarium</strong></span> <span class='ocrx_word' id='word_1_460' title='bbox 3331 2352 3529 2435; x_wconf 75' lang='lat' dir='ltr'><strong>facta,</strong></span> <span class='ocrx_word' id='word_1_461' title='bbox 3599 2352 3771 2419; x_wconf 87' lang='lat' dir='ltr'><strong>omni</strong></span> <span class='ocrx_word' id='word_1_462' title='bbox 3811 2370 3871 2417; x_wconf 81' lang='lat' dir='ltr'><strong>us</strong></span> 
     </span>
     <span class='ocr_line' id='line_1_82' title="bbox 2309 2439 3871 2527; baseline 0.002 -25"><span class='ocrx_word' id='word_1_463' title='bbox 2309 2446 2558 2503; x_wconf 86' lang='lat' dir='ltr'><strong>mature</strong></span> <span class='ocrx_word' id='word_1_464' title='bbox 2619 2439 2954 2527; x_wconf 84' lang='lat' dir='ltr'><strong>perpensis</strong></span> <span class='ocrx_word' id='word_1_465' title='bbox 3012 2440 3263 2526; x_wconf 87' lang='lat' dir='ltr'><strong>riteque</strong></span> <span class='ocrx_word' id='word_1_466' title='bbox 3321 2439 3560 2507; x_wconf 87' lang='lat' dir='ltr'><strong>libratis</strong></span> <span class='ocrx_word' id='word_1_467' title='bbox 3585 2486 3605 2525; x_wconf 91' lang='lat'><strong>,</strong></span> <span class='ocrx_word' id='word_1_468' title='bbox 3669 2439 3871 2507; x_wconf 87' lang='lat' dir='ltr'><strong>rescri-</strong></span> 
     </span>
     <span class='ocr_line' id='line_1_83' title="bbox 2312 2523 2927 2594; baseline 0.005 -3"><span class='ocrx_word' id='word_1_469' title='bbox 2312 2523 2595 2592; x_wconf 89' lang='lat' dir='ltr'><strong>bendum</strong></span> <span class='ocrx_word' id='word_1_470' title='bbox 2641 2527 2927 2594; x_wconf 81' lang='lat' dir='ltr'><strong>censuit:</strong></span> 
     </span>
    </p>

    <p class='ocr_par' dir='ltr' id='par_1_19' title="bbox 2313 2614 3872 2791">
     <span class='ocr_line' id='line_1_84' title="bbox 2353 2614 3872 2691; baseline 0.001 -11"><span class='ocrx_word' id='word_1_471' title='bbox 2353 2627 2356 2631; x_wconf 78' lang='grc'>’</span> <span class='ocrx_word' id='word_1_472' title='bbox 2437 2614 2651 2691; x_wconf 84' lang='lat' dir='ltr'><strong>Quoad</strong></span> <span class='ocrx_word' id='word_1_473' title='bbox 2697 2620 2744 2682; x_wconf 89' lang='lat'><strong>1.</strong></span> <span class='ocrx_word' id='word_1_474' title='bbox 2797 2637 2835 2679; x_wconf 67' lang='grc' dir='ltr'><strong><em>ι</em></strong></span> <span class='ocrx_word' id='word_1_475' title='bbox 2860 2615 3104 2683; x_wconf 80' lang='lat' dir='ltr'><strong>Praxim</strong></span> <span class='ocrx_word' id='word_1_476' title='bbox 3167 2614 3601 2684; x_wconf 88' lang='lat' dir='ltr'><strong>introductam</strong></span> <span class='ocrx_word' id='word_1_477' title='bbox 3654 2614 3872 2684; x_wconf 78' lang='lat' dir='ltr'><strong>servari</strong></span> 
     </span>
     <span class='ocr_line' id='line_1_85' title="bbox 2313 2700 3027 2791; baseline 0 -23"><span class='ocrx_word' id='word_1_478' title='bbox 2313 2719 2494 2791; x_wconf 87' lang='lat' dir='ltr'><strong>posse</strong></span> <span class='ocrx_word' id='word_1_479' title='bbox 2528 2700 2590 2766; x_wconf 90' lang='lat' dir='ltr'><strong>in</strong></span> <span class='ocrx_word' id='word_1_480' title='bbox 2637 2702 2930 2771; x_wconf 89' lang='lat' dir='ltr'><strong>omnibus</strong></span> <span class='ocrx_word' id='word_1_481' title='bbox 2960 2724 3027 2768; x_wconf 60' lang='grc' dir='ltr'><strong>ι.</strong></span> 
     </span>
    </p>

    <p class='ocr_par' dir='ltr' id='par_1_20' title="bbox 2309 2789 3873 3124">
     <span class='ocr_line' id='line_1_86' title="bbox 2436 2789 3873 2867; baseline 0.003 -13"><span class='ocrx_word' id='word_1_482' title='bbox 2436 2789 2650 2867; x_wconf 85' lang='lat' dir='ltr'><strong>Quoad</strong></span> <span class='ocrx_word' id='word_1_483' title='bbox 2698 2796 2773 2859; x_wconf 89' lang='lat'><strong>11.</strong></span> <span class='ocrx_word' id='word_1_484' title='bbox 2823 2812 2862 2857; x_wconf 85' lang='lat'><strong>‹</strong></span> <span class='ocrx_word' id='word_1_485' title='bbox 2898 2792 2992 2858; x_wconf 90' lang='lat' dir='ltr'><strong>Ad</strong></span> <span class='ocrx_word' id='word_1_486' title='bbox 3041 2790 3541 2860; x_wconf 77' lang='lat' dir='ltr'><strong>uniformitatem</strong></span> <span class='ocrx_word' id='word_1_487' title='bbox 3598 2793 3873 2861; x_wconf 86' lang='lat' dir='ltr'><strong>obtinen-</strong></span> 
     </span>
     <span class='ocr_line' id='line_1_87' title="bbox 2311 2878 3873 2962; baseline 0.001 -18"><span class='ocrx_word' id='word_1_488' title='bbox 2311 2878 2496 2962; x_wconf 88' lang='lat' dir='ltr'><strong>dam,</strong></span> <span class='ocrx_word' id='word_1_489' title='bbox 2544 2879 3060 2946; x_wconf 83' lang='lat' dir='ltr'><strong>Anniversarium</strong></span> <span class='ocrx_word' id='word_1_490' title='bbox 3129 2879 3490 2950; x_wconf 91' lang='lat' dir='ltr'><strong>huiusmodi</strong></span> <span class='ocrx_word' id='word_1_491' title='bbox 3559 2881 3873 2948; x_wconf 89' lang='lat' dir='ltr'><strong>celebran-</strong></span> 
     </span>
     <span class='ocr_line' id='line_1_88' title="bbox 2309 2965 3873 3038; baseline -0.001 -4"><span class='ocrx_word' id='word_1_492' title='bbox 2309 2967 2466 3034; x_wconf 88' lang='lat' dir='ltr'><strong>dum</strong></span> <span class='ocrx_word' id='word_1_493' title='bbox 2520 2986 2661 3034; x_wconf 85' lang='lat' dir='ltr'><strong>esse</strong></span> <span class='ocrx_word' id='word_1_494' title='bbox 2713 2965 2791 3034; x_wconf 86' lang='lat' dir='ltr'><strong>ab</strong></span> <span class='ocrx_word' id='word_1_495' title='bbox 2835 2967 3127 3036; x_wconf 88' lang='lat' dir='ltr'><strong>omnibus</strong></span> <span class='ocrx_word' id='word_1_496' title='bbox 3179 2981 3249 3036; x_wconf 89' lang='lat' dir='ltr'><strong>ut</strong></span> <span class='ocrx_word' id='word_1_497' title='bbox 3296 2969 3361 3037; x_wconf 90' lang='lat' dir='ltr'><strong>in</strong></span> <span class='ocrx_word' id='word_1_498' title='bbox 3411 2969 3775 3038; x_wconf 81' lang='lat' dir='ltr'><strong>cathedrali</strong></span> <span class='ocrx_word' id='word_1_499' title='bbox 3817 2975 3873 3034; x_wconf 89' lang='lat' dir='ltr'><strong>et</strong></span> 
     </span>
     <span class='ocr_line' id='line_1_89' title="bbox 2311 3055 3151 3124; baseline -0.001 0"><span class='ocrx_word' id='word_1_500' title='bbox 2311 3055 2575 3124; x_wconf 79' lang='lat' dir='ltr'><strong>Civitate</strong></span> <span class='ocrx_word' id='word_1_501' title='bbox 2622 3055 3054 3124; x_wconf 69' lang='lat' dir='ltr'><strong>mechliniensi</strong></span> <span class='ocrx_word' id='word_1_502' title='bbox 3088 3079 3151 3123; x_wconf 83' lang='lat'><strong>».</strong></span> 
     </span>
    </p>
   </div>
   <div class='ocr_carea' id='block_1_14' title="bbox 2438 3143 3977 3233">
    <p class='ocr_par' dir='ltr' id='par_1_21' title="bbox 2438 3143 3977 3233">
     <span class='ocr_line' id='line_1_90' title="bbox 2438 3143 3977 3233; baseline 0.001 -25"><span class='ocrx_word' id='word_1_503' title='bbox 2438 3143 2653 3222; x_wconf 84' lang='lat' dir='ltr'><strong>Quoad</strong></span> <span class='ocrx_word' id='word_1_504' title='bbox 2698 3148 2798 3212; x_wconf 91' lang='lat'>111.</span> <span class='ocrx_word' id='word_1_505' title='bbox 2854 3166 2891 3209; x_wconf 83' lang='grc'>«</span> <span class='ocrx_word' id='word_1_506' title='bbox 2923 3149 3218 3213; x_wconf 80' lang='lat' dir='ltr'><strong>Tractnm</strong></span> <span class='ocrx_word' id='word_1_507' title='bbox 3271 3157 3336 3213; x_wconf 89' lang='lat' dir='ltr'><strong>et</strong></span> <span class='ocrx_word' id='word_1_508' title='bbox 3380 3146 3695 3215; x_wconf 86' lang='lat' dir='ltr'><strong>Graduale</strong></span> <span class='ocrx_word' id='word_1_509' title='bbox 3747 3152 3872 3233; x_wconf 82' lang='lat' dir='ltr'><strong>post</strong></span> <span class='ocrx_word' id='word_1_510' title='bbox 3976 3199 3977 3206; x_wconf 68' lang='grc'>,</span> 
     </span>
    </p>
   </div>
   <div class='ocr_carea' id='block_1_15' title="bbox 2311 3230 3875 3321">
    <p class='ocr_par' dir='ltr' id='par_1_22' title="bbox 2311 3230 3875 3321">
     <span class='ocr_line' id='line_1_91' title="bbox 2311 3230 3875 3321; baseline -0.003 -20"><span class='ocrx_word' id='word_1_511' title='bbox 2311 3230 2850 3320; x_wconf 84' lang='lat' dir='ltr'><strong>Septuagesimam</strong></span> <span class='ocrx_word' id='word_1_512' title='bbox 2898 3245 2962 3300; x_wconf 90' lang='lat' dir='ltr'><strong>et</strong></span> <span class='ocrx_word' id='word_1_513' title='bbox 2992 3233 3274 3303; x_wconf 59' lang='lat' dir='ltr'><strong>Alleluia</strong></span> <span class='ocrx_word' id='word_1_514' title='bbox 3306 3254 3453 3302; x_wconf 91' lang='lat' dir='ltr'><strong>cum</strong></span> <span class='ocrx_word' id='word_1_515' title='bbox 3493 3240 3560 3308; x_wconf 57' lang='grc' dir='ltr'><strong>ᾗ.</strong></span> <span class='ocrx_word' id='word_1_516' title='bbox 3597 3245 3875 3321; x_wconf 88' lang='lat' dir='ltr'><strong>tempore</strong></span> 
     </span>
    </p>
   </div>
   <div class='ocr_carea' id='block_1_16' title="bbox 2309 3320 3977 3410">
    <p class='ocr_par' dir='ltr' id='par_1_23' title="bbox 2309 3320 3977 3410">
     <span class='ocr_line' id='line_1_92' title="bbox 2309 3320 3977 3410; baseline 0 -24"><span class='ocrx_word' id='word_1_517' title='bbox 2309 3320 2583 3386; x_wconf 86' lang='lat' dir='ltr'><strong>Paschali</strong></span> <span class='ocrx_word' id='word_1_518' title='bbox 2638 3320 2885 3388; x_wconf 86' lang='lat' dir='ltr'><strong>desumi</strong></span> <span class='ocrx_word' id='word_1_519' title='bbox 2932 3340 3116 3410; x_wconf 89' lang='lat' dir='ltr'><strong>posse</strong></span> <span class='ocrx_word' id='word_1_520' title='bbox 3170 3342 3248 3389; x_wconf 83' lang='lat' dir='ltr'><strong>ex</strong></span> <span class='ocrx_word' id='word_1_521' title='bbox 3296 3323 3494 3390; x_wconf 91' lang='lat' dir='ltr'><strong>altera</strong></span> <span class='ocrx_word' id='word_1_522' title='bbox 3539 3325 3723 3390; x_wconf 67' lang='lat' dir='ltr'><strong>Missa</strong></span> <span class='ocrx_word' id='word_1_523' title='bbox 3766 3321 3871 3386; x_wconf 88' lang='lat' dir='ltr'><strong>iam</strong></span> <span class='ocrx_word' id='word_1_524' title='bbox 3976 3365 3977 3378; x_wconf 55' lang='lat'>2</span> 
     </span>
    </p>
   </div>
   <div class='ocr_carea' id='block_1_17' title="bbox 2310 3408 3872 3585">
    <p class='ocr_par' dir='ltr' id='par_1_24' title="bbox 2310 3408 3872 3585">
     <span class='ocr_line' id='line_1_93' title="bbox 2310 3408 2747 3496; baseline 0 -23"><span class='ocrx_word' id='word_1_525' title='bbox 2310 3408 2650 3496; x_wconf 86' lang='lat' dir='ltr'><strong>adprobata</strong></span> <span class='ocrx_word' id='word_1_526' title='bbox 2682 3430 2747 3474; x_wconf 80' lang='lat'><strong>».</strong></span> 
     </span>
     <span class='ocr_line' id='line_1_94' title="bbox 2440 3496 3872 3585; baseline 0.001 -25"><span class='ocrx_word' id='word_1_527' title='bbox 2440 3496 2650 3583; x_wconf 81' lang='lat' dir='ltr'><strong>Atque</strong></span> <span class='ocrx_word' id='word_1_528' title='bbox 2699 3496 2783 3563; x_wconf 90' lang='lat' dir='ltr'><strong>ita</strong></span> <span class='ocrx_word' id='word_1_529' title='bbox 2829 3498 3151 3585; x_wconf 88' lang='lat' dir='ltr'><strong>rescripsit</strong></span> <span class='ocrx_word' id='word_1_530' title='bbox 3180 3518 3250 3565; x_wconf 89' lang='lat' dir='ltr'><strong>ac</strong></span> <span class='ocrx_word' id='word_1_531' title='bbox 3295 3501 3534 3567; x_wconf 81' lang='lat' dir='ltr'><strong>servari</strong></span> <span class='ocrx_word' id='word_1_532' title='bbox 3565 3496 3872 3568; x_wconf 85' lang='lat' dir='ltr'><strong>mandavit</strong></span> 
     </span>
    </p>
   </div>
   <div class='ocr_carea' id='block_1_18' title="bbox 2311 3584 3869 3759">
    <p class='ocr_par' dir='ltr' id='par_1_25' title="bbox 2311 3584 3869 3759">
     <span class='ocr_line' id='line_1_95' title="bbox 2311 3584 3869 3656; baseline 0.001 -8"><span class='ocrx_word' id='word_1_533' title='bbox 2311 3605 2342 3648; x_wconf 93' lang='lat' dir='ltr'><strong>a</strong></span> <span class='ocrx_word' id='word_1_534' title='bbox 2390 3584 2575 3651; x_wconf 82' lang='lat' dir='ltr'><strong>Clero</strong></span> <span class='ocrx_word' id='word_1_535' title='bbox 2639 3584 3142 3653; x_wconf 86' lang='lat' dir='ltr'><strong>Archidioecesis</strong></span> <span class='ocrx_word' id='word_1_536' title='bbox 3209 3588 3701 3656; x_wconf 70' lang='lat' dir='ltr'><strong>Mechliniensis.</strong></span> <span class='ocrx_word' id='word_1_537' title='bbox 3771 3586 3869 3653; x_wconf 86' lang='lat' dir='ltr'><strong>Die</strong></span> 
     </span>
     <span class='ocr_line' id='line_1_96' title="bbox 2321 3673 3039 3759; baseline 0.004 -20"><span class='ocrx_word' id='word_1_538' title='bbox 2321 3676 2351 3739; x_wconf 82' lang='lat'><strong>1</strong></span> <span class='ocrx_word' id='word_1_539' title='bbox 2401 3673 2799 3759; x_wconf 86' lang='lat' dir='ltr'><strong>Septembris</strong></span> <span class='ocrx_word' id='word_1_540' title='bbox 2851 3677 3039 3742; x_wconf 86' lang='grc'><strong>1838.</strong></span> 
     </span>
    </p>
   </div>
   <div class='ocr_carea' id='block_1_19' title="bbox 2315 3785 3977 3906">
    <p class='ocr_par' dir='ltr' id='par_1_26' title="bbox 2315 3785 3977 3906">
     <span class='ocr_line' id='line_1_97' title="bbox 2315 3785 3977 3906; baseline 0.003 -24"><span class='ocrx_word' id='word_1_541' title='bbox 2315 3814 2563 3883; x_wconf 79' lang='lat'><strong>2⁷85.</strong></span> <span class='ocrx_word' id='word_1_542' title='bbox 2853 3817 3355 3884; x_wconf 77' lang='lat' dir='ltr'><strong>MEcnuNIEN.</strong></span> <span class='ocrx_word' id='word_1_543' title='bbox 3660 3817 3869 3906; x_wconf 65' lang='lat' dir='ltr'><strong>(asta)</strong></span> <span class='ocrx_word' id='word_1_544' title='bbox 3976 3785 3977 3824; x_wconf 57' lang='lat'><em>*</em></span> 
     </span>
    </p>
   </div>
   <div class='ocr_carea' id='block_1_20' title="bbox 2310 3937 3872 5418">
    <p class='ocr_par' dir='ltr' id='par_1_27' title="bbox 2310 3937 3872 5418">
     <span class='ocr_line' id='line_1_98' title="bbox 2443 3937 3871 4028; baseline 0.002 -26"><span class='ocrx_word' id='word_1_545' title='bbox 2443 3937 2882 4022; x_wconf 89' lang='lat' dir='ltr'><strong>Apostolicum</strong></span> <span class='ocrx_word' id='word_1_546' title='bbox 2915 3938 3236 4006; x_wconf 89' lang='lat' dir='ltr'><strong>indultum</strong></span> <span class='ocrx_word' id='word_1_547' title='bbox 3285 3958 3414 4026; x_wconf 90' lang='lat' dir='ltr'><strong>qno</strong></span> <span class='ocrx_word' id='word_1_548' title='bbox 3447 3941 3617 4026; x_wconf 89' lang='lat' dir='ltr'><strong>apud</strong></span> <span class='ocrx_word' id='word_1_549' title='bbox 3669 3941 3871 4028; x_wconf 83' lang='lat' dir='ltr'><strong>Belgas</strong></span> 
     </span>
     <span class='ocr_line' id='line_1_99' title="bbox 2311 4026 3872 4118; baseline 0.001 -25"><span class='ocrx_word' id='word_1_550' title='bbox 2311 4026 2707 4094; x_wconf 85' lang='lat' dir='ltr'><strong>contrahitur</strong></span> <span class='ocrx_word' id='word_1_551' title='bbox 2751 4046 3058 4094; x_wconf 88' lang='lat' dir='ltr'><strong>numerus</strong></span> <span class='ocrx_word' id='word_1_552' title='bbox 3103 4030 3436 4095; x_wconf 84' lang='lat' dir='ltr'><strong>Festorum</strong></span> <span class='ocrx_word' id='word_1_553' title='bbox 3482 4029 3567 4095; x_wconf 91' lang='lat' dir='ltr'><strong>de</strong></span> <span class='ocrx_word' id='word_1_554' title='bbox 3630 4048 3872 4118; x_wconf 89' lang='lat' dir='ltr'><strong>praece·</strong></span> 
     </span>
     <span class='ocr_line' id='line_1_100' title="bbox 2310 4111 3871 4203; baseline 0.001 -23"><span class='ocrx_word' id='word_1_555' title='bbox 2310 4125 2465 4201; x_wconf 90' lang='lat' dir='ltr'><strong>pto,</strong></span> <span class='ocrx_word' id='word_1_556' title='bbox 2527 4113 2847 4199; x_wconf 88' lang='lat' dir='ltr'><strong>simulque</strong></span> <span class='ocrx_word' id='word_1_557' title='bbox 2914 4111 3375 4203; x_wconf 87' lang='lat' dir='ltr'><strong>praescribitur</strong></span> <span class='ocrx_word' id='word_1_558' title='bbox 3437 4128 3506 4185; x_wconf 89' lang='lat' dir='ltr'><strong>ut</strong></span> <span class='ocrx_word' id='word_1_559' title='bbox 3575 4117 3871 4186; x_wconf 87' lang='lat' dir='ltr'><strong>ieiunium</strong></span> 
     </span>
     <span class='ocr_line' id='line_1_101' title="bbox 2311 4200 3871 4290; baseline -0.001 -18"><span class='ocrx_word' id='word_1_560' title='bbox 2311 4200 2578 4290; x_wconf 82' lang='lat' dir='ltr'><strong>Vigiliae</strong></span> <span class='ocrx_word' id='word_1_561' title='bbox 2647 4202 3127 4290; x_wconf 89' lang='lat' dir='ltr'><strong>praecedentis,</strong></span> <span class='ocrx_word' id='word_1_562' title='bbox 3176 4205 3430 4290; x_wconf 84' lang='lat' dir='ltr'><strong>qnando</strong></span> <span class='ocrx_word' id='word_1_563' title='bbox 3498 4205 3871 4273; x_wconf 82' lang='lat' dir='ltr'><strong>servandum</strong></span> 
     </span>
     <span class='ocr_line' id='line_1_102' title="bbox 2314 4289 3868 4375; baseline -0.001 -17"><span class='ocrx_word' id='word_1_564' title='bbox 2314 4302 2452 4375; x_wconf 89' lang='lat' dir='ltr'><strong>est,</strong></span> <span class='ocrx_word' id='word_1_565' title='bbox 2500 4297 2792 4357; x_wconf 81' lang='lat' dir='ltr'><strong>servetur</strong></span> <span class='ocrx_word' id='word_1_566' title='bbox 2838 4289 3106 4359; x_wconf 86' lang='lat' dir='ltr'><strong>sabbato</strong></span> <span class='ocrx_word' id='word_1_567' title='bbox 3152 4303 3298 4359; x_wconf 92' lang='lat' dir='ltr'><strong>ante</strong></span> <span class='ocrx_word' id='word_1_568' title='bbox 3342 4292 3774 4375; x_wconf 89' lang='lat' dir='ltr'><strong>Dominicam,</strong></span> <span class='ocrx_word' id='word_1_569' title='bbox 3817 4291 3868 4357; x_wconf 85' lang='lat' dir='ltr'><strong>in</strong></span> 
     </span>
     <span class='ocr_line' id='line_1_103' title="bbox 2314 4377 3869 4471; baseline 0 -25"><span class='ocrx_word' id='word_1_570' title='bbox 2314 4399 2435 4467; x_wconf 85' lang='lat' dir='ltr'><strong>qua</strong></span> <span class='ocrx_word' id='word_1_571' title='bbox 2495 4384 2751 4445; x_wconf 86' lang='lat' dir='ltr'><strong>Festum</strong></span> <span class='ocrx_word' id='word_1_572' title='bbox 2799 4377 2958 4445; x_wconf 94' lang='lat' dir='ltr'><strong>illud</strong></span> <span class='ocrx_word' id='word_1_573' title='bbox 3008 4380 3293 4447; x_wconf 83' lang='lat' dir='ltr'><strong>exterius</strong></span> <span class='ocrx_word' id='word_1_574' title='bbox 3347 4382 3514 4466; x_wconf 87' lang='lat' dir='ltr'><strong>apud</strong></span> <span class='ocrx_word' id='word_1_575' title='bbox 3572 4383 3869 4471; x_wconf 89' lang='lat' dir='ltr'><strong>populum</strong></span> 
     </span>
     <span class='ocr_line' id='line_1_104' title="bbox 2311 4456 3866 4559; baseline -0.001 -25"><span class='ocrx_word' id='word_1_576' title='bbox 2311 4467 2520 4554; x_wconf 86' lang='lat' dir='ltr'><strong>agitur</strong></span> <span class='ocrx_word' id='word_1_577' title='bbox 2542 4515 2561 4551; x_wconf 90' lang='lat'><strong>,</strong></span> <span class='ocrx_word' id='word_1_578' title='bbox 2609 4466 2732 4533; x_wconf 94' lang='lat' dir='ltr'><strong>hoc</strong></span> <span class='ocrx_word' id='word_1_579' title='bbox 2798 4464 3185 4536; x_wconf 89' lang='lat' dir='ltr'><strong>incommodi</strong></span> <span class='ocrx_word' id='word_1_580' title='bbox 3252 4487 3377 4536; x_wconf 92' lang='lat' dir='ltr'><strong>non</strong></span> <span class='ocrx_word' id='word_1_581' title='bbox 3433 4456 3577 4536; x_wconf 88' lang='lat' dir='ltr'><strong>&#39;raro</strong></span> <span class='ocrx_word' id='word_1_582' title='bbox 3624 4470 3866 4559; x_wconf 88' lang='lat' dir='ltr'><strong>patitur,</strong></span> 
     </span>
     <span class='ocr_line' id='line_1_105' title="bbox 2312 4552 3869 4644; baseline 0 -22"><span class='ocrx_word' id='word_1_583' title='bbox 2312 4567 2385 4622; x_wconf 88' lang='lat' dir='ltr'><strong>ut</strong></span> <span class='ocrx_word' id='word_1_584' title='bbox 2415 4574 2616 4641; x_wconf 86' lang='lat' dir='ltr'><strong>quum</strong></span> <span class='ocrx_word' id='word_1_585' title='bbox 2661 4554 2817 4621; x_wconf 88' lang='lat' dir='ltr'><strong>nihil</strong></span> <span class='ocrx_word' id='word_1_586' title='bbox 2851 4553 3045 4623; x_wconf 74' lang='lat' dir='ltr'><strong>fuerit</strong></span> <span class='ocrx_word' id='word_1_587' title='bbox 3093 4556 3497 4625; x_wconf 87' lang='lat' dir='ltr'><strong>immutatum</strong></span> <span class='ocrx_word' id='word_1_588' title='bbox 3545 4558 3751 4644; x_wconf 81' lang='lat' dir='ltr'><strong>quoad</strong></span> <span class='ocrx_word' id='word_1_589' title='bbox 3786 4552 3869 4622; x_wconf 76' lang='lat' dir='ltr'><strong>Li·</strong></span> 
     </span>
     <span class='ocr_line' id='line_1_106' title="bbox 2312 4643 3871 4730; baseline 0 -20"><span class='ocrx_word' id='word_1_590' title='bbox 2312 4643 2586 4730; x_wconf 88' lang='lat' dir='ltr'><strong>turgiam</strong></span> <span class='ocrx_word' id='word_1_591' title='bbox 2634 4654 3138 4729; x_wconf 84' lang='lat' dir='ltr'><strong>consuetumque</strong></span> <span class='ocrx_word' id='word_1_592' title='bbox 3191 4647 3494 4713; x_wconf 81' lang='lat' dir='ltr'><strong>Horarum</strong></span> <span class='ocrx_word' id='word_1_593' title='bbox 3551 4645 3871 4714; x_wconf 85' lang='lat' dir='ltr'><strong>Canonica·</strong></span> 
     </span>
     <span class='ocr_line' id='line_1_107' title="bbox 2316 4731 3869 4820; baseline -0.001 -22"><span class='ocrx_word' id='word_1_594' title='bbox 2316 4750 2458 4799; x_wconf 88' lang='lat' dir='ltr'><strong>rum</strong></span> <span class='ocrx_word' id='word_1_595' title='bbox 2518 4731 2850 4815; x_wconf 89' lang='lat' dir='ltr'><strong>ordinem,</strong></span> <span class='ocrx_word' id='word_1_596' title='bbox 2908 4732 3139 4799; x_wconf 87' lang='lat' dir='ltr'><strong>eodem</strong></span> <span class='ocrx_word' id='word_1_597' title='bbox 3202 4731 3308 4800; x_wconf 92' lang='lat' dir='ltr'><strong>die</strong></span> <span class='ocrx_word' id='word_1_598' title='bbox 3368 4753 3494 4820; x_wconf 86' lang='lat' dir='ltr'><strong>qno</strong></span> <span class='ocrx_word' id='word_1_599' title='bbox 3557 4735 3622 4800; x_wconf 91' lang='lat' dir='ltr'><strong>in</strong></span> <span class='ocrx_word' id='word_1_600' title='bbox 3681 4734 3869 4802; x_wconf 85' lang='lat' dir='ltr'><strong>choro</strong></span> 
     </span>
     <span class='ocr_line' id='line_1_108' title="bbox 2313 4820 3868 4890; baseline -0.001 -3"><span class='ocrx_word' id='word_1_601' title='bbox 2313 4820 2687 4887; x_wconf 88' lang='lat' dir='ltr'><strong>solemniter</strong></span> <span class='ocrx_word' id='word_1_602' title='bbox 2753 4820 3114 4887; x_wconf 85' lang='lat' dir='ltr'><strong>celebratur</strong></span> <span class='ocrx_word' id='word_1_603' title='bbox 3178 4824 3435 4889; x_wconf 83' lang='lat' dir='ltr'><strong>Festum</strong></span> <span class='ocrx_word' id='word_1_604' title='bbox 3492 4833 3557 4890; x_wconf 91' lang='lat' dir='ltr'><strong>et</strong></span> <span class='ocrx_word' id='word_1_605' title='bbox 3598 4821 3868 4890; x_wconf 85' lang='lat' dir='ltr'><strong>Officium</strong></span> 
     </span>
     <span class='ocr_line' id='line_1_109' title="bbox 2315 4908 3867 4995; baseline -0.003 -19"><span class='ocrx_word' id='word_1_606' title='bbox 2315 4911 2692 4976; x_wconf 88' lang='lat' dir='ltr'><strong>Sanctorum</strong></span> <span class='ocrx_word' id='word_1_607' title='bbox 2735 4908 3190 4995; x_wconf 82' lang='lat' dir='ltr'><strong>Apostolorum</strong></span> <span class='ocrx_word' id='word_1_608' title='bbox 3224 4910 3391 4976; x_wconf 86' lang='lat' dir='ltr'><strong>Petri</strong></span> <span class='ocrx_word' id='word_1_609' title='bbox 3441 4920 3505 4977; x_wconf 90' lang='lat' dir='ltr'><strong>et</strong></span> <span class='ocrx_word' id='word_1_610' title='bbox 3548 4910 3744 4995; x_wconf 87' lang='lat' dir='ltr'><strong>Pauli,</strong></span> <span class='ocrx_word' id='word_1_611' title='bbox 3777 4926 3867 4975; x_wconf 86' lang='lat' dir='ltr'><strong>eo-</strong></span> 
     </span>
     <span class='ocr_line' id='line_1_110' title="bbox 2316 4995 3866 5082; baseline 0.002 -19"><span class='ocrx_word' id='word_1_612' title='bbox 2316 4996 2611 5064; x_wconf 88' lang='lat' dir='ltr'><strong>rumdem</strong></span> <span class='ocrx_word' id='word_1_613' title='bbox 2655 4995 2736 5063; x_wconf 87' lang='lat' dir='ltr'><strong>sit</strong></span> <span class='ocrx_word' id='word_1_614' title='bbox 2781 4997 3087 5063; x_wconf 79' lang='lat' dir='ltr'><strong>servanda</strong></span> <span class='ocrx_word' id='word_1_615' title='bbox 3133 4995 3386 5082; x_wconf 82' lang='lat' dir='ltr'><strong>Vigilia.</strong></span> <span class='ocrx_word' id='word_1_616' title='bbox 3432 4999 3641 5077; x_wconf 90' lang='lat' dir='ltr'><strong>Quum</strong></span> <span class='ocrx_word' id='word_1_617' title='bbox 3675 5000 3866 5082; x_wconf 82' lang='lat' dir='ltr'><strong>itaque</strong></span> 
     </span>
     <span class='ocr_line' id='line_1_111' title="bbox 2316 5083 3865 5154; baseline 0.001 -5"><span class='ocrx_word' id='word_1_618' title='bbox 2316 5083 2626 5152; x_wconf 87' lang='lat' dir='ltr'><strong>ieiunium</strong></span> <span class='ocrx_word' id='word_1_619' title='bbox 2671 5084 2879 5152; x_wconf 91' lang='lat' dir='ltr'><strong>minus</strong></span> <span class='ocrx_word' id='word_1_620' title='bbox 2923 5084 3305 5151; x_wconf 89' lang='lat' dir='ltr'><strong>solemnitati</strong></span> <span class='ocrx_word' id='word_1_621' title='bbox 3353 5087 3694 5154; x_wconf 76' lang='lat' dir='ltr'><strong>convenire</strong></span> <span class='ocrx_word' id='word_1_622' title='bbox 3738 5103 3865 5153; x_wconf 89' lang='lat' dir='ltr'><strong>cen·</strong></span> 
     </span>
     <span class='ocr_line' id='line_1_112' title="bbox 2315 5171 3864 5260; baseline 0.001 -24"><span class='ocrx_word' id='word_1_623' title='bbox 2315 5183 2551 5257; x_wconf 88' lang='lat' dir='ltr'><strong>seatur,</strong></span> <span class='ocrx_word' id='word_1_624' title='bbox 2599 5182 2939 5260; x_wconf 89' lang='lat' dir='ltr'><strong>propterea</strong></span> <span class='ocrx_word' id='word_1_625' title='bbox 2986 5171 3391 5241; x_wconf 88' lang='lat' dir='ltr'><strong>Sanctissimo</strong></span> <span class='ocrx_word' id='word_1_626' title='bbox 3454 5173 3717 5241; x_wconf 91' lang='lat' dir='ltr'><strong>Domino</strong></span> <span class='ocrx_word' id='word_1_627' title='bbox 3759 5173 3864 5240; x_wconf 82' lang='lat' dir='ltr'><strong>No·</strong></span> 
     </span>
     <span class='ocr_line' id='line_1_113' title="bbox 2314 5259 3864 5350; baseline -0.001 -24"><span class='ocrx_word' id='word_1_628' title='bbox 2314 5269 2447 5326; x_wconf 90' lang='lat' dir='ltr'><strong>stro</strong></span> <span class='ocrx_word' id='word_1_629' title='bbox 2491 5262 2798 5347; x_wconf 77' lang='lat' dir='ltr'><strong>Gregorio</strong></span> <span class='ocrx_word' id='word_1_630' title='bbox 2845 5264 3044 5348; x_wconf 86' lang='lat' dir='ltr'><strong>Papae</strong></span> <span class='ocrx_word' id='word_1_631' title='bbox 3088 5264 3227 5330; x_wconf 82' lang='lat' dir='ltr'><strong>XVI</strong></span> <span class='ocrx_word' id='word_1_632' title='bbox 3275 5262 3463 5329; x_wconf 76' lang='lat' dir='ltr'><strong>enixe</strong></span> <span class='ocrx_word' id='word_1_633' title='bbox 3508 5259 3864 5350; x_wconf 74' lang='lat' dir='ltr'><strong>supplicarit</strong></span> 
     </span>
     <span class='ocr_line' id='line_1_114' title="bbox 2318 5346 3864 5418; baseline -0.001 -4"><span class='ocrx_word' id='word_1_634' title='bbox 2318 5347 2866 5415; x_wconf 88' lang='lat' dir='ltr'><strong>Eminentissimus</strong></span> <span class='ocrx_word' id='word_1_635' title='bbox 2912 5359 2976 5416; x_wconf 92' lang='lat' dir='ltr'><strong>et</strong></span> <span class='ocrx_word' id='word_1_636' title='bbox 3026 5349 3619 5418; x_wconf 75' lang='lat' dir='ltr'><strong>Reverendissimns</strong></span> <span class='ocrx_word' id='word_1_637' title='bbox 3677 5346 3864 5418; x_wconf 89' lang='lat' dir='ltr'><strong>Domi·</strong></span> 
     </span>
    </p>
   </div>
   <div class='ocr_carea' id='block_1_21' title="bbox 3973 0 3981 1483">
    <p class='ocr_par' dir='ltr' id='par_1_28' title="bbox 3973 0 3981 1483">
     <span class='ocr_line' id='line_1_115' title="bbox 3973 0 3981 1483; baseline 0 0"><span class='ocrx_word' id='word_1_638' title='bbox 3973 0 3981 1483; x_wconf 95' lang='lat' dir='ltr'><strong> </strong></span> 
     </span>
    </p>
   </div>
   <div class='ocr_carea' id='block_1_22' title="bbox 3971 0 3983 3230">
    <p class='ocr_par' dir='ltr' id='par_1_29' title="bbox 3971 0 3983 3230">
     <span class='ocr_line' id='line_1_116' title="bbox 3971 0 3983 3230; baseline 0 0"><span class='ocrx_word' id='word_1_639' title='bbox 3971 0 3983 3230; x_wconf 95' lang='lat' dir='ltr'><strong> </strong></span> 
     </span>
    </p>
   </div>
  </div>
 </body>
</html>
