4042 5950
1533 244 2005 365 -317'-

108 459 180 516 ut
227 467 351 537 per
381 466 580 517 suum
611 445 942 518 oraculum
986 444 1318 533 sequentia
1348 443 1542 513 dubia
1588 439 1713 511 sol:

106 555 264 603 vere
317 537 750 626 dignamini-3
799 535 1143 603 nimirum:
1410 575 1414 578 <

246 628 307 691 1.
361 629 469 692 An
504 627 849 696 celebrans
890 623 1120 691 diebus
1165 622 1507 690 Dominicis
1548 620 1712 687 cho-

108 732 251 779 rum
286 714 594 781 aditurus
627 717 703 784 ad
732 735 797 782 as
843 712 1205 801 ergendum
1235 711 1494 779 clerum
1556 728 1713 796 aqua

110 802 387 887 lustrali,
425 803 744 871 accedere
836 800 1020 868 ebeat
1053 806 1170 887 per
1201 800 1363 866 latus
1392 798 1715 886 Epistulae

109 900 299 976 atque
350 890 680 960 circulum
714 889 1055 980 perficiens
1100 897 1245 976 post
1281 886 1716 974 aspersionem

111 978 327 1045 redire
364 976 613 1047 debeat
641 981 718 1048 ad
754 980 968 1046 Altare
1000 996 1120 1066 per
1151 976 1314 1044 latus
1343 977 1712 1063 Evangelii3

110 1067 211 1132 vel
271 1066 502 1155 potius
550 1068 643 1136 ire
689 1089 759 1135 ac
806 1066 1024 1134 redire
1090 1064 1321 1132 debeat
1386 1082 1507 1153 per
1553 1064 1715 1132 latus

108 1152 511 1243 Evangelii?

241 1248 311 1311 2.
350 1245 457 1310 An
494 1254 762 1312 canente
808 1243 1053 1311 Missam
1096 1240 1409 1310 canonico
1440 1259 1556 1309 seu
1596 1241 1711 1308 alia

109 1333 281 1399 Cleri
333 1332 687 1419 nignitate,
738 1344 996 1420 praeter
1051 1333 1393 1399 Diaconum
1442 1340 1509 1395 et
1552 1329 1713 1398 Sub-

112 1420 464 1487 diaconum
493 1470 510 1505 ,
569 1421 784 1488 locum
846 1420 1073 1488 babeat
1143 1420 1368 1487 tertius
1423 1418 1716 1485 assistens

111 1507 383 1596 pluviali
438 1506 749 1577 indutus?

239 1601 305 1664 3.
360 1600 467 1664 An
528 1598 824 1683 Magister
883 1595 1446 1666 caeremoniarum
1506 1598 1712 1662 Reve-

113 1685 488 1752 rendissimi
536 1685 784 1754 Domini
829 1685 1124 1754 canonici
1178 1684 1448 1768 Decani,
1496 1683 1712 1750 eidem

114 1773 188 1841 ad
236 1772 600 1841 Ecclesiam
660 1774 1073 1861 collegiatam
1122 1771 1334 1841 Sancti
1392 1771 1712 1839 Michaelis

117 1862 175 1929 in
221 1867 418 1946 Foro,
456 1859 525 1930 in
572 1882 693 1949 qua
726 1863 856 1952 ipsa
893 1876 987 1930 est
1018 1862 1227 1952 prima
1263 1861 1570 1949 Dignitas,
1601 1862 1714 1927 ca-

115 1950 359 2017 nonicis
390 1951 844 2037 sequentibus,
879 1951 1210 2019 accedenti
1244 1969 1361 2036 pro
1396 1969 1465 2016 re
1500 1948 1712 2016 divina

118 2039 492 2193 perafflda
525 2040 586 2106 in
623 2039 1089 2127 pontificalibus
1118 2058 1231 2107 sen
1272 2057 1391 2124 pro
1418 2038 1713 2104 assisten-

119 2128 198 2192 tia
308 2126 322 2139 '
396 2147 476 2193 ae
508 2148 576 2194 ac
603 2128 905 2215 vesperis
947 2127 1368 2211 solemnibuS,
1416 2137 1713 2194 teneatur

118 2215 550 2300 aspersorium
600 2216 665 2284 in
709 2215 904 2302 pilam
944 2235 1143 2304 aquae
1176 2214 1550 2284 benedictae
1597 2214 1714 2280 im-

120 2321 447 2391 mergere,
503 2304 812 2372 exhibere
857 2303 1171 2373 canonico
1218 2302 1493 2393 digniori
1547 2303 1713 2369 eius-

124 2391 265 2458 dem
315 2392 718 2479 Collegiatae
749 2393 826 2459 ab
861 2412 1069 2479 eoque
1100 2392 1290 2477 illud,
1327 2400 1545 2459 exacta
1593 2409 1712 2478 per

122 2481 509 2548 canonicum
558 2486 878 2548 Decanum
925 2480 1330 2568 aspersione,
1379 2479 1708 2564 recipere;

125 2569 220 2632 vel
249 2570 472 2656 potius
520 2570 677 2637 baec
723 2581 1045 2657 praestare
1093 2579 1387 2636 teneatur
1418 2567 1715 2655 Magister

127 2657 688 2725 Caeremoniarum
734 2655 1172 2747 Collegiatae'?

246 2749 328 2811 Et
360 2744 866 2813 Eminentissimi
914 2766 984 2813 ac
1029 2745 1567 2813 Reverendissimi
1605 2748 1711 2810 Pa-

130 2841 274 2919 tres,
319 2835 382 2901 in
415 2834 763 2903 ordinariis
803 2834 1089 2903 comitiis
1133 2834 1208 2901 ad
1244 2834 1568 2902 Vaticanas
1597 2835 1713 2900 Ae-

129 2919 233 2987 des
261 2922 623 3025 subscripta
671 2924 776 2992 die
816 2923 1174 3007 coadunati,
1209 2922 1283 2990 ad
1334 2922 1710 2996 relationem

130 3009 623 3079 Eminentissimi
709 3023 773 3079 et
855 3011 1393 3080 Reverendissimi
1462 3011 1706 3078 Domini

130 3099 471 3167 cardinalis
519 3099 824 3168 Gabrielis
885 3099 1159 3168 Ferretti
1218 3100 1548 3182 Ponentis,
1599 3119 1709 3166 ex·

133 3188 351 3269 quisito
384 3190 567 3277 prius
599 3200 750 3255 voto
797 3189 1058 3256 alterius
1091 3208 1170 3254 ex
1205 3188 1710 3276 Apostolicarum

132 3277 683 3345 Caeremoniarum
753 3277 1062 3365 magistris
1128 3277 1381 3364 scriptis
1453 3277 1709 3344 reddito

133 3365 476 3452 praeloque
514 3385 666 3432 cuso
714 3377 780 3432 et
826 3364 1120 3433 omnibus
1151 3376 1395 3432 attente
1425 3365 1712 3434 conside·

136 3452 271 3516 ratis
323 3466 709 3540 matureque
740 3453 1006 3537 libratis,
1042 3452 1528 3521 rescribendum
1561 3474 1710 3523 cen-

137 3557 347 3608 suerez
393 3564 433 3606 ι
469 3546 649 3642 luitta
695 3553 917 3610 votum
962 3541 1238 3631 Magistri
1270 3543 1712 3611 caeremonia-

137 3643 269 3694 rum
299 3645 376 3710 »ς
426 3647 775 3698 nimirum:

253 3721 345 3786 Ad
386 3724 446 3786 1.
488 3740 525 3783 ‹
557 3719 972 3805 Affirmative,
1006 3719 1083 3786 ad
1120 3719 1388 3808 primam
1418 3730 1704 3809 partem;

138 3803 460 3892 Negative,
509 3807 586 3874 ad
635 3809 983 3877 secundam
1020 3832 1082 3873 ν.

254 3894 349 3966 Ad
397 3901 470 3962 2.
518 3917 555 3960 ‹
589 3898 939 3986 Negative3
996 3908 1061 3963 et
1119 3897 1360 3964 dentur
1413 3900 1705 3981 Decreta,

139 3984 503 4064 praesertim
561 3985 626 4051 in
680 3986 1057 4054 Cortonensi
1111 3984 1240 4051 diei
1293 3988 1371 4053 10
1419 3987 1709 4073 Septem-

140 4067 255 4135 bris
303 4076 466 4143 1701
515 4073 592 4140 ad
640 4074 907 4142 dubium
950 4078 1029 4142 14
1059 4096 1124 4141 ».

257 4163 348 4228 Ad
395 4167 466 4229 3.
514 4181 552 4226 ‹
586 4163 933 4251 Negative,
979 4164 1056 4231 ad
1103 4163 1375 4252 primam
1421 4171 1706 4251 partem;

141 4242 543 4335 Affirmative,
593 4250 670 4318 ad
702 4253 1053 4319 secundam
1086 4272 1147 4317 ».

146 4418 181 4486 d
258 4340 465 4425 Atque
509 4339 592 4406 ita
638 4339 1108 4425 rescripserunt
1137 4339 1507 4426 servarique
1536 4360 1711 4407 man-

183 4438 379 4493 arunt.
1320 4471 1323 4476 -

263 4514 367 4581 Die
416 4521 454 4584 7
501 4517 874 4585 Decembris
927 4521 1117 4586 1844.

148 4648 390 4725 2868.
667 4660 1176 4727 cenomanen.
1479 4657 1705 4748 (4979)

262 4778 520 4850 Summo
582 4783 793 4851 studio
842 4792 907 4849 et
951 4801 1103 4848 cura
1160 4800 1360 4867 quum
1420 4780 1712 4868 invigilet

149 4860 715 4956 lieverendissimus
760 4874 1189 4939 cenomanen.
1225 4870 1604 4956 Episcopus,
1639 4880 1710 4936 ut

154 4965 205 5047 ΙΙ]
255 4959 534 5026 omnibus
598 4977 758 5049 quae
818 4978 1020 5026 sacras
1088 4958 1447 5026 functiones
1515 4958 1713 5044 respi-

152 5052 328 5128 ciunt,
372 5048 752 5135 praesertim
794 5067 951 5114 vero
995 5047 1352 5114 solemnem
1400 5047 1711 5113 Ecclesia-

156 5141 279 5194 fflm
319 5136 794 5203 Dedicationem
824 5156 940 5202 seu
988 5135 1552 5218 consecrationem,
1587 5139 1708 5202 Ro·

153 5218 296 5283 mani
338 5223 717 5292 Pontificalis
761 5224 1211 5311 dispositiones
1242 5222 1363 5290 sub
1408 5223 1580 5289 omni
1612 5241 1710 5289 re-

156 5317 356 5386 spectu
400 5313 824 5402 impleantur3
896 5322 1086 5399 atque
1143 5324 1369 5380 exorto
1430 5311 1706 5399 quodam

157 5385 327 5462 dubio
369 5401 527 5468 circa
574 5403 930 5490 genuinum
976 5419 1232 5468 sensum
1283 5401 1513 5469 borum
1550 5404 1705 5467 Pon-

1816 440 2065 510 tificalis
2099 443 2484 511 verborum:
2524 440 3073 529 celebrandasque
3099 454 3259 512 sunt
3298 443 3398 512 Vi·

1814 531 2014 617 qilt'as
2046 540 2197 597 ante
2229 532 2567 617 Reliquias
2599 536 2799 618 ipsas,
2851 542 2911 599 et
2956 535 3231 601 canendi
3275 536 3401 601 No-

1814 623 2045 687 cturni
2101 629 2161 687 et
2223 624 2596 688 matutinae
2660 622 2902 688 Laudes
2965 626 3038 688 in
3103 622 3400 689 bonorem

1811 709 2239 791 Sanctorum5
2285 709 2442 776 dum
2488 710 2782 777 nonnulli
2816 720 3202 796 protuentur
3256 728 3400 777 sen-

1814 798 2079 863 tentiam
2140 798 2204 864 in
2264 797 2439 865 hisce
2485 797 2734 883 Vigiliis
2801 797 3201 866 recitandum
3260 818 3397 865 esse

1810 885 2102 953 Officium
2163 886 2244 953 de
2294 886 2424 972 ipsa
2471 885 2918 971 Dedicatione,
2970 886 3123 954 licet
3168 886 3399 954 Altaris

1810 974 2215 1041 solummodo
2284 973 2653 1062 peragenda
2714 974 2796 1041 sit
2843 975 3269 1061 consecratio,
3335 985 3401 1042 et

1813 1061 2254 1150 incipiendum
2300 1083 2332 1127 a
2376 1063 2600 1149 primis
2635 1065 2934 1152 vesperis
2981 1065 3171 1131 etiam
3208 1065 3274 1132 in
3304 1083 3399 1129 sa·

1816 1150 2236 1217 tisiactionem
2284 1150 2494 1217 oneris
2524 1150 2718 1219 divini
2747 1151 2973 1219 Officii:
3025 1152 3316 1220 nonnulli
3365 1171 3402 1218 e

1817 1249 2032 1307 contra
2065 1240 2329 1307 alteram
2362 1239 2721 1307 defendunt
2767 1241 3145 1309 sententiam
3178 1259 3400 1309 conso·

1816 1345 1961 1394 nam
2020 1327 2235 1395 verbis
2295 1328 2695 1411 Pontificalis,
2746 1328 2811 1397 in
2856 1328 3104 1417 Vigiliis
3156 1331 3401 1398 scilicet

1776 1407 2123 1483 ‘Nocturni
2190 1416 2459 1484 canendi
2523 1417 2587 1483 in
2650 1417 2960 1484 honorem
3022 1420 3398 1488 Sanctorum

1815 1523 1938 1592 per
1978 1505 2254 1572 Psalmos
2302 1515 2366 1572 et
2408 1503 2696 1572 Officium
2730 1505 2813 1573 de
2845 1510 3208 1595 Communi,
3244 1505 3400 1595 quin

1818 1605 2033 1659 tamen
2088 1593 2153 1661 bi
2198 1592 2505 1660 Nocturni
2538 1594 2717 1660 oneri
2766 1594 2965 1662 divini
3010 1596 3208 1665 Officii
3257 1615 3399 1665 cur·

1816 1681 2015 1748 rentis
2038 1682 2449 1760 satisfaciant3
2485 1685 2737 1751 Sacram
2759 1684 3020 1752 Rituum
3045 1690 3402 1776 congrega-

1813 1770 2057 1836 tionem
2113 1771 2300 1836 enixe
2362 1772 2608 1856 rogavit
2653 1789 2774 1858 pro
2821 1771 2993 1839 illius
3052 1774 3394 1843 solutione.

1949 1863 2028 1925 Et
2090 1858 2229 1924 Emi
2290 1878 2356 1924 ac
2404 1862 2544 1925 Rmi
2604 1863 2816 1927 Patres
2884 1863 3088 1929 Sacris
3154 1864 3401 1931 Ritibus

1816 1946 2074 2013 tuendis
2120 1965 2272 2034 prae
2324 1946 2493 2031 ositi,
2527 1946 2592 2013 in
2636 1947 2978 2016 ordinariis
3007 1952 3292 2020 comitiis
3321 1952 3397 2019 ad

1814 2035 2135 2103 Vaticanas
2170 2039 2260 2101 Ae
2313 2054 2380 2100 es
2411 2034 2763 2124 subscripta
2796 2036 2902 2104 die
2934 2040 3292 2126 coadunati,
3320 2039 3398 2106 ad

1817 2124 2197 2191 relationem
2247 2124 2387 2189 Emi
2435 2125 2668 2209 etjtmi
2716 2129 2896 2191 Dom.
2934 2127 3283 2197 cardinalis
3306 2133 3401 2196 lo-

1813 2213 1989 2278 annis
2018 2210 2285 2280 Seralini
2318 2212 2639 2295 Ponentis,
2676 2214 2998 2299 exquisito
3027 2216 3202 2304 prius
3247 2229 3399 2286 voto

1813 2301 2076 2368 alterins
2137 2320 2218 2367 ex
2275 2301 2785 2386 Apostolicarum
2840 2305 3399 2387 caeremoniarum

1815 2390 2123 2475 Magistris
2143 2390 2394 2478 scriptis
2419 2389 2594 2456 edito
2615 2390 2966 2477 praeloque
2997 2412 3174 2478 cuso,
3209 2406 3399 2482 atque

1814 2477 2110 2545 omnibus
2141 2489 2382 2546 attente
2406 2477 2819 2548 consideratis
2843 2480 3098 2568 riteque
3128 2481 3398 2569 libratis,

1814 2566 2305 2634 rescribendum
2347 2585 2695 2635 censuere:
2745 2590 2784 2635 ‹
2816 2573 2995 2636 quta
3025 2582 3248 2638 votum
3280 2576 3401 2640 Ha-

1814 2654 1994 2741 gistri
2028 2657 2622 2742 caeremoniarum,
2658 2656 3000 2725 nimirum:
3037 2662 3215 2726 quta
3253 2661 3400 2729 alias

1813 2745 2102 2828 decreta,
2153 2744 2531 2831 praesertim
2566 2744 2630 2811 in
2673 2747 3080 2816 Mecblinien.
3139 2749 3266 2817 diei
3314 2753 3400 2819 29

1819 2832 1956 2899 lulii
2011 2837 2210 2917 1780,
2261 2833 2520 2919 vigilias
2567 2834 2881 2902 iaciendas
2926 2836 3101 2903 iuxta
3146 2839 3400 2906 Pontifi-

1815 2920 1987 3000 cale3
2037 2920 2324 2989 Officium
2379 2941 2534 2988 vero
2585 2922 3004 2992 Dedicationis
3048 2926 3396 3013 Ecclesiae,

1813 3028 1945 3075 non
1976 3009 2229 3095 Altaris,
2263 3009 2470 3079 solum
2506 3011 2930 3080 inchoandum
2978 3033 3116 3081 esse
3148 3027 3400 3099 peracta

1815 3097 2294 3165 consecratione
2341 3099 2419 3167 ab
2464 3103 2628 3166 Hora
2675 3102 2903 3167 minori
2951 3103 3162 3169 Tertia
3195 3125 3257 3170 ».

1944 3189 2155 3273 Atque
2202 3186 2285 3253 ita
2330 3187 2796 3275 rescripserunt
2823 3209 2896 3257 ac
2939 3191 3177 3258 servari
3225 3210 3397 3261 man-

1813 3274 2068 3341 darunt.
2121 3272 2234 3360 Die
2282 3278 2318 3341 7
2369 3276 2737 3343 Decembris
2788 3281 2980 3346 1844.

1815 3417 2078 3487 2869.
2415 3420 2807 3487 ALBANEN.
3166 3421 3395 3510 (tasi)

1892 3555 1895 3560 ⁴
1945 3544 2152 3622 Quum
2218 3541 2282 3608 in
2326 3542 2602 3608 solemni
2658 3543 3121 3632 supplicatione
3174 3546 3239 3614 in
3284 3548 3399 3615 bo·

1813 3649 2038 3698 norem
2064 3630 2271 3699 Sancti
2299 3626 2605 3697 Pancratii
2633 3634 2920 3719 Martyris
2943 3635 3193 3702 Patroni
3215 3654 3399 3722 prae·

1813 3719 1986 3806 cipui
2030 3718 2314 3787 civitatis
2375 3720 2688 3787 Albanen.
2739 3731 3035 3788 vertente
3102 3743 3266 3792 anno
3312 3723 3398 3793 ibi

1812 3808 2135 3892 instituta,
2194 3818 2410 3874 contra
2481 3810 2795 3875 invectam
2865 3813 3398 3880 consuetudinem

1815 3907 1880 3963 et
1924 3899 2192 3964 Decreta
2254 3898 2478 3965 Sacrae
2529 3899 2791 3965 Rituum
2847 3900 3398 3988 congregationis,

1813 3996 2163 4072 concentus
2195 3985 2499 4071 musicus,
2540 3988 2734 4072 vulgo
2780 3984 2847 4053 la
2897 3989 3147 4073 Bantia,
3185 3990 3397 4056 locum

1812 4073 2157 4161 sumpserit
2203 4073 2461 4142 Clerum
2518 4075 2900 4163 Regularem
2961 4074 3132 4143 inter
3178 4088 3242 4143 et
3288 4081 3402 4146 Se-

1811 4163 2131 4250 cularem3
2167 4162 2632 4248 Religiosorum
2663 4161 2969 4230 ordinum
2989 4167 3400 4233 *conventua-

1815 4248 2010 4336 linm‘,
2061 4252 2546 4319 carmelitarum
2611 4263 2675 4318 et
2734 4252 3241 4340 capuccinorum
3311 4254 3398 4321 ibi

1811 4339 2195 4425 degentium
2243 4340 2663 4428 Superiores,
2713 4357 2794 4405 ne
2839 4341 3129 4408 scandala
3174 4342 3240 4409 in
3286 4363 3399 4432 po-

1814 4430 1969 4518 pulo
2032 4429 2390 4513 orirentur,
2441 4448 2588 4496 cum
2653 4426 2782 4495 suis
2843 4428 3130 4496 Alumnis
3186 4431 3400 4500 eidem

1811 4514 2262 4605 supplicationi
2311 4516 2779 4596 interfuerunt3
2826 4517 2942 4584 sed
2992 4519 3252 4586 interim
3300 4524 3401 4589 Sa·

1813 4624 1984 4672 cram
2034 4604 2234 4693 ipsam
2278 4607 2538 4673 Ritunm
2584 4606 3163 4692 congregationem
3217 4627 3398 4697 roga-

1813 4704 1989 4777 runt,
2041 4703 2112 4759 ut
2157 4693 2482 4761 declarare
2530 4695 2926 4782 dignaretur,
2962 4695 3116 4780 quid
3165 4698 3302 4764 aliis
3333 4698 3397 4765 in

1814 4782 2300 4850 circumstantiis
2344 4782 2656 4850 similibus
2686 4779 2765 4847 sit
2797 4784 3277 4870 exequendum,
3311 4804 3398 4855 ne

1811 4870 1917 4937 vel
1965 4870 2031 4936 in
2078 4870 2340 4937 minimo
2374 4870 2706 4938 laedantur
2751 4869 3210 4940 ecclesiasticae
3258 4893 3397 4941 san-

1814 4959 2085 5024 ctiones.
2850 4993 2878 5021 ,·

1947 5052 2023 5113 Et
2077 5046 2218 5113 Emi
2286 5066 2355 5112 ac
2409 5046 2548 5114 Rmi
2607 5050 2818 5113 Patres
2878 5049 3081 5118 Sacris
3144 5050 3398 5118 tuendis

1812 5134 2057 5203 Ritibns
2102 5135 2473 5224 praepositi,
2510 5134 2833 5203 referente
2878 5138 3239 5224 subscripto
3284 5142 3397 5208 Se·

1810 5223 2120 5307 cretario,
2183 5223 2670 5291 rescribendum
2737 5238 3167 5294 censuerunt:
3228 5250 3267 5295 ‹
3299 5228 3397 5297 Ab

1813 5312 2124 5412 Episcopo
2172 5311 2528 5402 assignetur
2569 5312 2746 5380 locus
2790 5312 2857 5379 in
2887 5316 3398 5385 Processionibus

1811 5419 2053 5468 musico
2119 5402 2493 5487 concentui;
2561 5419 2789 5469 verum
2842 5414 2990 5471 ante
3029 5413 3395 5493 utrumque
