4042 5950
1530 260 2001 339 ..233-

165 419 451 487 illimitata
517 419 966 502 concessione,
1014 428 1152 487 tum
1215 419 1512 487 Canonici
1571 430 1709 487 tum

161 507 664 596 Arcbipresbyter
729 526 1146 596 perseverare
1212 520 1449 594 queant
1506 508 1570 575 in
1622 507 1715 574 in-

159 607 322 663 vecta
361 596 822 665 consuetudine
842 592 876 662 ἲ
1697 600 1704 605 ’

275 687 451 751 Sacra
478 694 694 751 autem
715 685 974 752 Rituum
997 685 1423 773 congregatio
1461 684 1539 754 ad
1570 684 1712 763 Qui-

160 773 336 839 rinale
365 773 483 840 sub
514 772 907 860 infrascripta
931 774 1038 840 die
1063 773 1127 841 in
1156 773 1482 842 ordinario
1512 776 1714 842 Coetu

161 861 518 944 coadunata,
579 880 652 928 re
715 870 966 930 mature
1028 861 1503 948 diligenterque
1573 880 1716 950 per-

161 967 355 1037 pensa,
390 949 873 1019 rescribendum
907 949 1195 1017 censuit:
1246 975 1283 1015 (
1317 951 1624 1039 Negative
1648 971 1712 1018 ν.

159 1040 228 1102 Et
267 1036 345 1104 ita
389 1037 715 1126 rescripsit
773 1057 843 1105 ac
896 1040 1134 1106 servari
1194 1039 1538 1107 mandavit.
1603 1038 1716 1107 Die

165 1127 244 1190 w
272 1125 498 1212 Aprilis
551 1130 742 1196 1831.

163 1264 386 1337 2681.
728 1269 1142 1336 nonomen,
1263 1238 1282 1247 “
1486 1267 1710 1356 (asses)

270 1391 598 1457 Sacrorum
666 1389 928 1458 Rituum
987 1389 1563 1478 congregationem
1608 1408 1711 1455 re-

160 1475 388 1560 quisivit
446 1481 643 1544 Emus
712 1488 776 1544 et
849 1481 1045 1545 Rmus
1118 1482 1305 1546 Dom.
1367 1477 1711 1546 cardinalis

159 1564 430 1650 opizzoni
475 1565 1011 1654 Archiepiscopus
1058 1567 1409 1634 Bononien.
1464 1585 1581 1653 pro
1610 1585 1710 1632 se-

161 1651 354 1736 quenti
399 1653 861 1741 declaratione;
909 1653 1252 1722 nimirumz
1301 1656 1482 1721 Anne
1515 1673 1713 1739 quum

161 1758 263 1823 per
301 1744 498 1807 Breve
537 1761 590 1808 s.
627 1760 715 1807 m.
750 1740 837 1808 Pii
867 1744 999 1810 Vlll
1046 1746 1312 1810 Sanctus
1354 1743 1714 1810 Bernartius

163 1826 337 1895 Abbas
378 1829 859 1898 Claravallensis
903 1839 1313 1897 accenseatur
1353 1830 1521 1896 inter
1562 1833 1714 1898 San·

162 1926 274 1981 ctos
313 1921 636 2001 Doctores,
669 1917 736 1984 in
781 1916 1037 1985 Litaniis
1081 1921 1455 1986 Sanctorum
1491 1918 1576 1984 de
1608 1937 1714 1985 eo-

162 2002 287 2069 dem
330 2004 567 2072 mentio
616 2005 758 2072 fieri
804 2005 1037 2074 debeat
1081 2006 1251 2072 inter
1297 2009 1557 2075 Sanctos
1593 2010 1714 2072 Do-

161 2101 368 2176 ctores,
399 2095 502 2160 vel
548 2093 929 2161 retinendus
973 2094 1110 2182 ipse
1156 2096 1236 2160 sit
1281 2094 1453 2162 inter
1498 2097 1713 2163 Sacer-

161 2178 321 2246 dotes
362 2191 426 2247 et
461 2180 770 2251 Levites?
1551 2182 1566 2198 ⁴

269 2271 345 2333 Et
384 2271 522 2336 En‘ti
583 2289 656 2336 ac
716 2268 855 2337 11ῶί
925 2273 1138 2338 Patres
1192 2271 1395 2340 Sacris
1453 2268 1712 2338 tuendis

161 2352 376 2421 Ritibus
437 2358 809 2446 praepositi,
854 2357 922 2424 in
979 2358 1307 2427 ordinario
1365 2362 1570 2427 Coetu
1630 2357 1708 2425 ad

161 2442 448 2519 Quirinale
491 2446 630 2513 sub.
673 2445 1071 2535 infrascripta
1128 2446 1237 2514 die
1307 2447 1558 2532 habito,
1613 2466 1711 2513 re-

160 2531 582 2615 spondendum
631 2546 1058 2603 censuerunt:
1121 2557 1160 2600 ‹
1193 2534 1360 2603 Nihil
1410 2535 1708 2602 innovan-

163 2617 293 2684 dum
321 2642 382 2687 ».
434 2621 548 2689 Die
599 2626 681 2691 16
728 2622 964 2710 Aprilis
1017 2626 1212 2691 1831.

162 2757 389 2829 2682.
691 2766 1141 2832 mansor-tm,
1481 2766 1706 2854 (asso)

269 2888 332 2951 ln
359 2886 472 2952 suo
495 2886 796 2974 pastorali
822 2905 1091 2954 munere
1125 2889 1491 2958 exercendo
1514 2892 1712 2957 Rmus

159 2973 471 3042 Marsorum
519 2975 875 3064 Episcopus
919 2976 1386 3063 quamplurima
1434 2978 1713 3046 animad-

160 3062 329 3127 vertit
376 3063 453 3131 ad
508 3065 674 3131 ritus
733 3074 798 3131 et
861 3066 1289 3132 caeremonias
1330 3067 1709 3153 spectantia,

160 3166 298 3233 quae
319 3151 524 3239 potius
549 3151 861 3240 privatam
894 3152 1497 3241 interpretationem
1525 3156 1713 3223 redo·

163 3235 372 3322 let-ent,
419 3259 612 3325 quam
656 3252 1068 3308 servarentur
1115 3242 1286 3310 iuxta
1335 3243 1515 3330 leges
1559 3246 1710 3311 Cae-

159 3328 491 3395 remonialis
539 3341 609 3396 et
653 3328 978 3414 Rubricas3
1023 3340 1221 3415 ‘atque
1267 3341 1337 3398 ut
1369 3332 1539 3398 hunc
1585 3330 1715 3420 pri-

159 3422 349 3479 vatum
391 3436 652 3486 sensum
681 3417 766 3485 de
798 3417 1016 3484 medio
1050 3419 1335 3504 tolleret,
1369 3430 1436 3485 et
1466 3418 1541 3484 ab
1573 3419 1711 3487 uni·

159 3516 321 3567 verso
342 3523 489 3573 suae
513 3505 836 3574 Dioecesis
860 3507 1048 3573 Glero
1067 3507 1272 3591 quoad
1302 3508 1509 3574 omnia
1534 3506 1709 3575 idem

159 3587 294 3654 ordo
336 3592 693 3680 eademque
738 3595 973 3682 agendi
1021 3594 1180 3661 ratio
1226 3595 1706 3680 exquireretur,

157 3675 466 3747 Sacrorum
511 3681 779 3750 Rituum
823 3681 1319 3770 congregationi
1378 3683 1711 3769 sequentia

158 3761 324 3832 dubia
366 3770 701 3837 enodanda
742 3771 1118 3859 proposuit:

272 3857 329 3919 1.
376 3859 436 3923 Si
462 3858 780 3946 Episcopo
813 3860 1007 3926 detur
1039 3859 1303 3926 facultas
1334 3860 1710 3928 conferendi

156 3937 393 4010 Ordines
414 3947 638 4014 Sacros
662 3947 890 4014 diebus
914 3947 1207 4030 Festivis,
1241 3959 1540 4035 potestne
1567 3949 1711 4015 illos

159 4030 424 4098 conferre
468 4033 532 4101 in
582 4035 808 4102 diebus
850 4035 1304 4123 Apostolorum
1350 4037 1709 4123 ceterisque

159 4131 259 4199 per
327 4121 752 4207 Apostolicam
827 4125 1062 4192 Sedem
1114 4123 1471 4209 abrogatis?
1536 4128 1705 4193 bisce

159 4215 344 4299 autem
387 4208 618 4278 diebus
663 4211 814 4279 licet
859 4231 943 4279 ne
989 4213 1285 4279 conferre
1356 4215 1546 4281 etiam
1603 4217 1709 4281 Or·

160 4287 318 4358 dines
358 4297 684 4366 minores?

270 4385 332 4448 2.
376 4389 442 4452 ln
468 4387 878 4458 ordinatione
908 4388 1333 4474 Clericorum,
1368 4400 1706 4477 antequam

161 4467 515 4542 Tonsurandi
562 4475 935 4543 nominatim
989 4488 1301 4544 vocentur
1346 4498 1380 4543 a
1425 4479 1703 4564 Notario,

160 4551 327 4623 debet
354 4579 435 4628 ne
467 4563 964 4632 Archidiaconus
995 4585 1103 4631 eos
1136 4565 1403 4633 invitare
1446 4568 1703 4634 dicens:

161 4643 470 4796 Αοοεξαπε,
519 4655 639 4736 qui
676 4654 1084 4738 promovendi
1130 4664 1285 4719 sunt
1333 4655 1417 4721 ad
1473 4659 1709 4722 Tonsu-

161 4747 282 4795 ram
409 4767 412 4772 ·

162 4902 171 4913 .
272 4824 328 4887 3.
365 4827 428 4891 ln
459 4827 798 4895 collatione
830 4828 1073 4915 primae
1107 4833 1423 4897 Tonsurae
1464 4829 1705 4918 legitur

162 4923 213 5007 tn
253 4911 619 4982 Pontificali:
675 4917 952 4995 Quilibet
1005 4937 1208 5003 quum
1265 4919 1567 4986 tondetur
1610 4921 1703 4986 di-

160 5003 263 5059 cit.-
308 4999 614 5070 Dominus
654 5025 812 5090 pars
858 5018 980 5074 etc.
1029 5010 1191 5073 Haec
1239 5005 1431 5073 verba
1468 5018 1702 5075 suntne

159 5085 517 5163 proferenda
564 5091 753 5160 etiam
797 5093 876 5161 ab
922 5092 1316 5184 Episcopoi’,

272 5176 331 5240 4.
377 5179 735 5248 Pontificale
780 5183 1151 5269 praescribit
1181 5182 1383 5268 quod,
1418 5183 1701 5270 comple·

166 5263 214 5355 ιο.
249 5262 666 5351 Ordinatione,
713 5271 1017 5356 Ordinati,
1050 5283 1442 5359 suggerente
1481 5271 1698 5339 Archi-

165 5341 422 5437 diacono,
469 5357 767 5425 recedant
811 5358 887 5426 ad
937 5360 1072 5426 loca
1115 5380 1248 5429 sua.
1298 5360 1532 5439 Quibus
1555 5378 1696 5428 ver-

1810 418 1904 486 bis
1949 419 2043 489 uti
2088 421 2283 490 debet
2327 421 2821 491 Archidiaconus
2878 422 3055 491 bisce
3113 422 3387 491 occasio·
3472 486 3477 491 .

1812 505 2050 575 nibus?

1944 601 2007 663 δ.
2057 598 2315 676 Quando
2373 598 2698 677 Ostiariu3‚
2760 597 3222 668 Archidiacono
3287 618 3388 669 co·

1813 684 2099 769 mitante,
2150 686 2387 755 claudit
2431 698 2497 754 et
2540 687 2747 773 aperit
2806 687 2976 755 fores
3040 688 3386 772 Ecclesiae,

1813 773 2008 841 debet
2052 792 2133 841 ne
2182 775 2481 844 claudere
2543 786 2608 843 et
2666 774 2917 861 aperire
2989 775 3181 844 etiam
3240 795 3386 844 cum

1816 861 2000 947 clavi,
2049 863 2430 948 praesertim
2472 866 2525 933 si
2573 865 2637 931 in
2682 862 2924 931 foribus
2951 863 3242 949 oratorii,
3278 865 3388 933 ubi

1815 948 2142 1018 confertur
2183 951 2378 1035 Ordo,
2426 972 2552 1020 non
2600 951 2762 1025 adsit
2806 949 3043 1019 clavis?

1947 1041 2013 1104 6.
2076 1041 2307 1122 Amen,
2375 1042 2546 1126 quod
2600 1038 2964 1107 pontificale
3019 1039 3390 1127 praescribit

1815 1126 2338 1213 respondendum
2399 1130 2463 1198 in
2521 1127 2860 1196 traditione
2918 1130 3024 1196 vel
3088 1128 3387 1196 materiae

1813 1215 1920 1281 vel
1950 1232 2275 1283 sacrorum
2302 1216 2833 1285 indumentorum
2859 1215 2923 1284 in
2951 1216 3385 1300 ordinatione,

1815 1301 2252 1370 dicendumne
2298 1314 2394 1372 est
2438 1304 2696 1393 abipso
2740 1303 3132 1389 ordinando,
3159 1304 3264 1371 vel
3312 1303 3389 1371 ab

1816 1388 2249 1459 adstantibus?
2824 1429 2834 1435 ·

1947 1482 2011 1545 7.
2061 1481 2158 1546 An
2200 1480 2513 1548 Ordinatis
2559 1482 2873 1572 Episcopo
2921 1481 3249 1550 candelam
3295 1480 3388 1548 of-

1816 1566 2168 1635 ferentibus
2214 1576 2356 1656 post
2399 1569 2836 1654 offertorium,
2887 1569 3144 1636 tolerari
3188 1569 3388 1656 possit

1816 1674 1967 1721 usus
2026 1666 2095 1722 ut
2156 1676 2277 1723 una
2352 1667 2596 1725 tantum
2655 1657 2915 1726 candela
2978 1660 3385 1739 accendatur,

1816 1761 1982 1830 quae
2011 1763 2043 1808 a
2075 1743 2335 1829 singulis
2371 1744 2681 1814 Ordinatis
2712 1747 3027 1835 Episcopo
3058 1743 3391 1813 offeratur?

1949 1834 2017 1899 8.
2064 1836 2132 1899 ln
2177 1832 2582 1901 ordinatione
2628 1835 2816 1905 unius
2862 1833 3241 1902 Subdiaconi
3298 1833 3391 1899 le·

1816 1919 1988 2005 gitur
2032 1918 2098 1986 in
2135 1919 2445 1988 Rubrica:
2501 1924 2796 2000 Quatuor
2827 1923 3209 1989 candelabra
3242 1940 3390 1987 cum

1816 2011 2010 2074 cereis
2077 2018 2199 2075 etc.
2267 2011 2430 2088 Quot
2491 2029 2646 2100 ergo
2710 2010 3013 2078 candelae
3071 2010 3137 2097 in
3193 2008 3391 2077 Altari

1813 2107 1962 2163 sunt
2007 2095 2475 2181 accendendae,
2508 2097 2562 2164 si
2591 2100 2771 2166 Missa
2814 2096 3232 2166 ordinationis
3260 2116 3390 2164 non

1815 2182 1921 2249 fiat
1968 2182 2032 2250 in
2076 2181 2302 2253 cantu?

1946 2274 2013 2339 9.
2064 2273 2303 2339 Pariter
2342 2273 2395 2340 si
2439 2273 2620 2341 Missa
2662 2273 3084 2342 ordinationis
3115 2293 3245 2342 non
3276 2273 3384 2341 fiat

1814 2357 1878 2425 in
1921 2370 2137 2444 cantu,
2187 2361 2620 2429 subdiaconus
2668 2373 2733 2429 et
2780 2363 3087 2429 Diaconus
3147 2360 3387 2432 debent

1814 2466 1898 2515 ne
1944 2459 2222 2533 cantare,
2270 2450 2374 2517 vel
2427 2451 2646 2537 legere
2693 2451 3039 2540 Epistolam
3087 2459 3152 2517 et
3182 2453 3386 2519 Evan-

1813 2535 2099 2625 gelium;
2153 2547 2217 2603 et
2263 2535 2559 2625 quando?

1953 2628 2058 2693 10.
2107 2627 2205 2692 An
2248 2627 2498 2695 Diaconi
2552 2638 2617 2694 et
2668 2625 3046 2697 Subdiaconi
3100 2627 3164 2694 in
3219 2647 3389 2694 sacra

1811 2713 2217 2782 ordinatione
2265 2714 2483 2783 dicere
2527 2715 2808 2785 debeant
2855 2718 3189 2804 Confiteor,
3240 2725 3388 2782 ante

1813 2801 1919 2868 vel
1951 2812 2285 2888 postquam
2331 2803 2775 2871 communicati
2805 2814 2955 2873 sunt
2990 2802 3391 2891 Presbyteri?

1948 2892 2053 2957 11.
2105 2887 2168 2957 Si
2201 2890 2511 2958 ordinatio
2542 2890 2901 2979 Presbyteri
2935 2892 3043 2961 liat
3074 2892 3140 2960 in
3172 2903 3386 2975 cantu,

1811 2977 2117 3045 Praefatio
2142 2988 2205 3046 et
2228 2979 2343 3046 alia
2376 2999 2538 3067 quae
2570 2990 2902 3048 cantantur
2931 2983 3008 3049 ab
3038 2981 3383 3068 Episcopo,

1813 3068 2283 3152 quomodonam
2317 3068 2588 3137 dicenda
2617 3080 2764 3135 sunt
2794 3066 2871 3134 ab
2900 3068 3261 3137 Ordinatis?

1947 3158 2053 3221 12.
2099 3158 2170 3222 ln
2213 3156 2558 3224 Pontificali
2607 3155 2881 3244 legitur:
2949 3157 3254 3225 ordinati
3307 3158 3388 3224 aa

1811 3244 2328 3327 Presbytcratum
2382 3245 2606 3313 dicant
2663 3246 3091 3330 Evangelium
3135 3249 3208 3313 ia
3262 3247 3388 3333 fiac

1814 3331 2180 3399 Missac.—-
2211 3333 2431 3400 Dicere
2477 3351 2559 3400 ne
2605 3332 2847 3403 debent
2892 3353 3017 3400 una
3048 3352 3196 3400 cum
3239 3332 3388 3422 Epi-

1808 3439 2002 3507 scopo
2053 3421 2129 3488 ad
2184 3438 2361 3488 suam
2412 3422 2649 3489 Sedem
2711 3421 3132 3506 redeuntem,
3182 3441 3259 3489 an
3305 3441 3386 3489 ex

1810 3527 1881 3574 se
1923 3506 2117 3575 solis?

1946 3599 2048 3665 13.
2098 3598 2357 3677 Quando
2403 3616 2616 3665 sermo

2749 3608 2808 3663 st
2853 3598 3275 3688 Evangelium
3307 3600 3389 3667 sit

1809 3684 2165 3770 habendus,
2218 3687 2457 3776 legitur
2510 3686 2576 3754 in
3073 3688 3087 3701 ’

2681 3688 3090 3756 aeremoniah
3150 3688 3265 3756 lib.
3320 3694 3384 3775 1,

1810 3791 1952 3859 cap.
1986 3779 2096 3858 22,
2133 3777 2171 3860 ἓ
2205 3780 2270 3844 3.
2319 3775 2756 3844 Concionatori
2795 3776 3228 3864 indulgentias
3275 3799 3387 3867 pe·

1809 3861 1997 3946 tenti,
2047 3863 2398 3954 Episcopus
2444 3864 2744 3933 concedit
2772 3865 3209 3954 indulgentias
3239 3886 3389 3936 con·

1809 3962 2053 4106 {ustas}
2113 3953 2498 4031 Quibusnam
2565 3973 2670 4021 eas
2737 3954 2953 4021 verbis
3025 3956 3389 4026 concedere

1858 4058 1894 4104 Θ
1944 4052 2009 4106 ot

1946 4131 2048 4196 14.
2082 4130 2292 4197 Finito
2313 4147 2610 4197 sermone
2636 4130 3013 4219 praescribit
3036 4130 3211 4199 idem
3234 4135 3386 4200 Cae-

1807 4216 2156 4284 remoniale
2203 4217 2442 4286 ibidem
2489 4237 2629 4305 cap.
2676 4222 2785 4303 25,
2837 4221 2875 4304 fi
2916 4223 2991 4285 l:
3056 4222 3387 4289 Diacouus

1807 4309 1925 4388 qui
1969 4310 2265 4373 cantavit
2309 4307 2733 4393 Evaaqclt‘um
2786 4319 2973 4375 stans
3034 4318 3189 4374 ante
3242 4311 3388 4397 infi-

1806 4411 2008 4475 mum,
2054 4395 2149 4462 vel
2202 4399 2275 4462 in
2317 4414 2608 4480 supremo
2652 4397 2862 4480 arada
2925 4397 3178 4464 Altaria
3186 4442 3380 4464 .......

1807 4491 2033 4548 cantat
2082 4485 2583 4567 confessionem.-
2634 4488 2700 4550 ln
2734 4484 2897 4553 libro
2945 4491 3010 4570 2,
3050 4504 3207 4551 vero
3240 4504 3380 4572 cap.

1810 4572 1917 4652 39,
1947 4570 1984 4652 ἐ
2026 4575 2084 4653 1,
2115 4570 2390 4656 legitur:
2426 4573 2668 4639 Statim
2696 4574 2887 4660 finito
2915 4593 3197 4641 sermono
3235 4576 3385 4641 Dia·

1805 4676 2000 4723 conus
2048 4669 2233 4725 stans
2281 4670 2431 4728 anto
2462 4662 2762 4748 infimum
2789 4663 3067 4746 pradum
3097 4662 3377 4730 svnt...

1805 4747 2098 4813 cantabit
2132 4748 2620 4830 Confessioncm.
2652 4748 2983 4828 Quaeritur
3008 4750 3255 4837 primo:
3292 4753 3384 4819 An

1805 4832 2080 4900 liberum
2126 4834 2207 4899 sit
2251 4834 2522 4902 Diacono
2567 4837 2634 4903 in
2678 4836 3088 4906 confessione
3133 4849 3384 4906 cantan-

1804 4921 1884 4986 da
1927 4931 2097 4989 stare
2141 4923 2249 4988 vel
2312 4933 2460 4991 ante
2520 4924 2811 4993 infimum
2870 4927 3142 5013 gradum
3200 4927 3354 4995 Solii

1801 5007 1907 5075 vel
1959 5010 2025 5075 in
2053 5027 2359 5095 supremo
2392 5022 2498 5078 aut
2529 5012 2593 5079 in
2624 5013 2844 5081 infimo
2876 5017 3080 5101 gradu
3111 4978 3389 5084 Anax-isi

1800 5098 2139 5175 Quaeritur
2160 5101 2483 5167 secundo:
2517 5104 2614 5168 An
2634 5102 2799 5170 dicta
2825 5103 3190 5172 benedictio
3214 5124 3382 5173 sem-

1852 5204 1926 5252 er
1967 5187 2173 5254 danda
2217 5187 2297 5254 sit
2342 5189 2416 5257 ab
2477 5190 2702 5276 Episco
2752 5210 2812 5274 o,
2861 5192 3055 5259 etiam
3099 5193 3379 5280 quando,

1847 5273 1976 5341 nita
2023 5274 2223 5359 Missa,
2273 5275 2469 5346 debet
2516 5280 2667 5347 dare
2758 5278 3230 5348 enedictionem
3275 5287 3382 5349 Pa-

1799 5360 2057 5454 palem'?
2102 5364 2433 5442 Quaeritur
2478 5365 2709 5436 tertio:
2782 5369 2879 5437 An
2931 5369 2984 5437 si
3029 5369 3382 5460 Episcopus
