4042 5950
2087 259 2452 333 ...4-

624 431 922 480 sonarum
967 413 1269 482 sedentes
1327 413 1390 479 in
1445 413 1712 479 scamnis
1772 411 2207 495 inferioribus,

2448 419 2524 481 Et
2558 418 2623 480 S.
2652 418 2730 480 R.
2758 417 2860 496 c.,
2887 419 3047 481 Efflo
3073 424 3139 479 et
3169 417 3326 479 ano
3358 418 3538 479 Dom.
3568 413 3762 482 card.
3803 415 3918 479 Fa·

629 501 727 566 vel
763 519 966 588 prope
999 502 1101 566 vel
1137 520 1173 565 e
1205 511 1553 587 conspectu
1593 500 1743 566 dicti
1776 499 2217 585 Magistratus?
2320 501 2542 567 bronio
2591 504 2943 584 referente,
2988 502 3508 588 respondendum
3554 502 3851 568 censuit:

758 592 836 654 Et
882 591 947 655 S.
984 591 1059 654 R.
1097 592 1167 655 c.
1212 588 1582 675 respondit:
1631 609 1669 651 ι
1698 587 2042 672 Negative3
2082 607 2210 654 non

623 686 862 742 attenta
924 677 1504 743 immemorabili».
1578 681 1652 742 Et
1700 676 1778 742 ita
1835 674 2207 742 declaravit.

628 764 737 829 Die
789 769 864 830 11
914 764 1284 831 Decembris
1336 768 1527 831 1706.
2043 796 2048 803 ·

625 937 868 1006 2176.
1179 940 1647 1006 CUSENTINA.
1979 940 2209 1026 (3759)

720 1117 983 1203 xGaspar
1030 1115 1284 1181 Vei-aldi
1333 1113 1651 1181 Parochus
1683 1117 1912 1179 Terrae
1946 1115 2017 1180 S.
2047 1116 2214 1179 loan-

622 1203 718 1269 nis
753 1203 817 1269 in
848 1203 1034 1269 Flore
1063 1202 1448 1269 cusentinae
1496 1200 1813 1268 Dioecesis
1860 1221 1892 1265 a
1938 1203 2003 1269 S.
2034 1205 2108 1267 R.
2132 1205 2206 1268 c.

621 1290 899 1356 demisse
945 1291 1330 1378 supplicavit
1377 1289 1734 1357 declarari:

753 1383 847 1445 An
895 1377 1012 1466 ipsi
1060 1380 1249 1444 liceat
1294 1389 1361 1443 et
1404 1396 1521 1441 suo
1553 1375 1741 1442 clero
1776 1376 1838 1443 in
1870 1377 2209 1445 Nativitate

619 1466 865 1533 Domini
914 1468 996 1532 ob
1039 1464 1329 1533 Officium
1390 1463 1706 1547 divinum,
1755 1464 1927 1550 quod
1977 1465 2214 1532 cantari

619 1556 787 1620 solet
834 1554 898 1619 in
943 1554 1153 1622 choro
1202 1554 1264 1619 in
1311 1551 1631 1638 praedicta
1680 1552 1784 1619 die
1828 1563 1898 1618 et
1928 1553 2062 1617 aliis
2096 1557 2212 1619 Fe-

618 1644 729 1708 stis
776 1640 1027 1707 Domini
1072 1640 1283 1707 Nostri
1330 1646 1470 1707 lesu
1518 1638 1779 1724 Christi,
1813 1643 1889 1708 ad
1938 1637 2208 1706 Primam

617 1730 998 1796 solemniter
1057 1739 1307 1795 cantare
1375 1728 1896 1815 martyrologium
1960 1726 2212 1794 ordina-

622 1829 755 1883 tum
818 1818 1049 1882 cantari
1116 1816 1179 1882 in
1237 1815 1490 1901 vigilia,
1544 1827 1788 1882 mutato
1835 1816 2089 1902 colore3
2144 1828 2209 1881 et

623 1904 737 1969 hoc
786 1904 868 1969 ob
915 1905 1221 1971 maiorem
1276 1901 1800 1970 solemnitatem?

750 1998 829 2059 Et
877 1995 940 2059 S.
978 1997 1052 2059 R.
1089 1995 1159 2060 c.
1200 1991 1569 2079 responditz
1602 2013 1641 2054 α
1669 1993 1804 2057 Non
1857 1989 2093 2070 licere;
2144 2001 2209 2056 et

618 2096 961 2148 serventur
1003 2079 1315 2146 Rubricae
1342 2103 1403 2145 ».
1456 2082 1536 2145 Et
1578 2079 1657 2145 ita
1692 2080 2062 2146 declar-avit.
2101 2079 2210 2145 Die

619 2175 702 2236 22
734 2168 999 2235 Ianuarii
1039 2172 1231 2236 1707.

620 2311 850 2381 2177.
1267 2311 1555 2375 Tuom.
1976 2310 2204 2394 (3762)

748 2438 907 2502 Cum
955 2434 1020 2500 in
1068 2434 1351 2499 Dioecesi
1401 2433 1706 2514 Tudensi,
1747 2446 1869 2498 tam
1904 2433 2071 2500 circa
2104 2455 2204 2499 va-

617 2523 813 2588 lidam
860 2523 1256 2605 erectionem
1287 2521 1735 2608 cappellarum
1784 2533 1849 2586 et
1894 2522 2208 2588 Oratorio·

419 2593 430 2604 ⁶
500 2652 511 2659 ι
620 2630 760 2676 rum
775 2610 1128 2695 vulgariter
1144 2612 1433 2675 Eremita
1451 2623 1988 2693 nuncupatorum,
2015 2628 2204 2695 quam

618 2698 779 2764 circa
830 2695 1328 2763 celebrationem
1362 2697 1685 2762 Missarum
1732 2696 1795 2762 in
1844 2696 1995 2779 illis,
2026 2697 2203 2785 plura

621 2786 1082 2864 insurrexerint
1122 2784 1344 2861 dubia;
1387 2785 1740 2870 Episcopus
1764 2804 1883 2872 pro
1909 2786 2075 2852 bono
2111 2808 2206 2852 re-

617 2873 862 2960 gimine
907 2874 1117 2940 dictae
1161 2892 1312 2939 suae
1358 2873 1676 2938 Dioecesis
1726 2892 1844 2958 pro
1890 2872 2207 2940 infrascri-

616 2974 873 3051 ptorum
924 2960 1351 3028 declaratione
1399 2962 1565 3047 apud
1603 2963 1670 3028 S.
1705 2965 1781 3029 R.
1816 2964 1890 3027 c.
1928 2962 2205 3029 demisse

615 3049 1024 3139 supplicavit.

755 3140 820 3206 1.
867 3141 963 3204 An
1000 3139 1067 3203 in
1102 3136 1407 3221 Ecclesia,
1439 3138 1744 3223 cappella
1773 3157 1888 3204 seu
1919 3139 2206 3205 oratorio

618 3225 873 3312 publico
906 3227 1161 3291 noviter
1206 3235 1452 3307 erecto,
1486 3226 1666 3290 Missa
1698 3225 2009 3291 celebrari
2059 3245 2204 3311 pos-

616 3316 727 3398 sit,
778 3326 1118 3400 antequam
1177 3331 1297 3399 per
1358 3312 1741 3401 Episcopum
1802 3315 2206 3381 ordinarium

618 3402 739 3468 loci
789 3402 1083 3466 visitetur
1127 3419 1246 3485 per
1292 3419 1360 3466 se
1409 3398 1542 3465 sive
1594 3421 1714 3488 per
1758 3397 2009 3467 alium?

749 3494 817 3555 2.
865 3493 985 3570 An,
1038 3498 1373 3553 recusante
1412 3491 1729 3577 Episcopo
1764 3488 1829 3554 in
1857 3508 2028 3556 novo
2060 3495 2203 3557 Dra-

616 3578 776 3643 torio
825 3576 1107 3664 publico,
1156 3575 1457 3662 cappella
1502 3597 1618 3642 seu
1666 3576 1971 3661 Ecclesia,
2009 3578 2206 3644 licen-

618 3665 768 3731 tiam
826 3662 1193 3730 celebrandi
1255 3664 1497 3729 Missam
1558 3664 1950 3748 concedere,
2007 3664 2208 3752 possit

619 3751 757 3819 talis
805 3752 1059 3818 licentia
1098 3770 1217 3837 per
1247 3752 1529 3818 Iudicem
1564 3752 2028 3840 Appellationis
2058 3772 2204 3818 con-

616 3840 788 3922 cedi,
837 3840 992 3925 quin
1037 3837 1200 3904 dicta
1250 3839 1521 3906 visitatio
1570 3859 1696 3905 non
1747 3837 2210 3925 praecesserit?

748 3933 812 3994 3.
860 3930 956 3993 An
1017 3927 1183 3993 ultra
1243 3928 1791 3993 consecrationem
1849 3948 1962 3993 seu
2012 3929 2207 3995 bene·

616 4015 981 4082 dictionem·
1012 4016 1358 4098 Ecclesiae,
1409 4015 1749 4101 cappellae
1795 4034 1912 4080 seu
1964 4015 2207 4115 publici

617 4101 908 4187 oratorii,
938 4102 1300 4189 requiratur
1326 4103 1616 4169 effectiva
1642 4116 1706 4168 et
1739 4103 2018 4169 formalis
2056 4122 2203 4169 con-

616 4189 883 4257 secratio
932 4192 1160 4256 Altaris
1206 4210 1319 4256 seu
1374 4191 1726 4273 Altarium,
1775 4193 1880 4256 vel
1939 4191 2207 4258 sufficiat

616 4281 746 4345 sola
790 4278 1082 4360 Oratorii,
1117 4279 1460 4367 cappellae
1496 4298 1611 4344 seu
1658 4280 1976 4346 Ecclesiae
2009 4281 2204 4346 bene·

617 4366 837 4450 dictio,
888 4365 1078 4431 etiam
1122 4367 1361 4452 absque
1412 4366 1624 4452 lapide
1672 4364 2096 4433 consecrato?
2141 4378 2207 4432 et

618 4454 717 4522 cui
766 4456 1091 4521 incumbat
1137 4474 1295 4521 onus
1339 4454 1653 4541 probandi
1719 4457 1939 4523 adesse
1989 4456 2053 4520 in
2102 4454 2206 4521 Al·

620 4543 729 4609 tari
782 4542 976 4609 talem
1023 4543 1303 4629 lapidem
1343 4552 1811 4625 consecratum,
1847 4541 2204 4607 visitatione

619 4632 914 4719 Episcopi
963 4628 1356 4698 deficiente?

749 4725 811 4786 4.
876 4722 971 4785 An
1034 4719 1330 4787 interdici
1386 4716 1586 4807 possit
1638 4736 1760 4804 per
1816 4718 2204 4805 Episcopum

618 4819 885 4895 propter
930 4812 1121 4874 solam
1163 4808 1595 4874 deficientiam
1628 4802 2234 4872 ornamentorum?¹

752 4899 813 4959 ὃ.
869 4896 961 4958 An
1008 4886 1190 4961 sit‘in
1237 4895 1498 4961 arbitrio
1538 4894 1859 4979 Episcopi,
1894 4896 2046 4961 dote
2077 4913 2208 4960 non

621 4981 934 5046 existente
982 4998 1257 5066 congrua
1319 5002 1533 5067 neque
1579 4981 1655 5047 ab
1709 5002 1787 5048 eo
1835 4983 2203 5071 approbata,

617 5069 1015 5154 Cappellam,
1066 5069 1413 5136 Ecclesiam
1458 5090 1574 5135 seu
1619 5069 1949 5155 publicum
1990 5073 2206 5136 Orato-

624 5160 811 5237 rium,
861 5158 1291 5222 Fundatorem
1335 5159 1412 5224 ad
1461 5156 1898 5244 supplendum
1946 5174 2203 5242 cogere,

619 5247 722 5312 vel
757 5247 927 5311 illam
961 5244 1250 5310 demoliri
1304 5245 1541 5327 lacere,
1580 5241 1853 5310 maxime
1903 5244 2206 5310 deficien-

623 5335 785 5400 tibus
834 5335 1121 5401 eiusdem
1170 5331 1545 5399 Fundatoris
1595 5330 1827 5398 bonis?

2449 589 2543 655 Ad
2587 595 2616 655 1
2655 601 2719 656 et
2750 595 2814 656 2.
2852 612 2889 653 ‹
2918 590 3012 656 Ad
3049 593 3301 656 Sacram
3329 590 3920 677 Congregationem

2318 676 2587 743 concilii
2621 700 2688 744 ».

2447 765 2541 831 Ad
2578 770 2642 832 3.
2680 786 2718 828 ι
2753 764 3172 846 Affirmative,
3220 766 3425 852 quoad
3466 766 3735 851 primam
3773 786 3921 852 par-

2319 864 2450 918 tem
2491 854 2721 919 saltem
2770 855 2935 919 circa
2984 855 3199 919 Altare
3234 854 3561 939 portatile3
3597 855 3918 942 Negative

2315 941 2537 1025 quoad,
2585 942 2983 1019 secundam;
3047 941 3487 1030 probationem
3549 961 3705 1007 vero
3764 961 3918 1028 spe-

2317 1038 2491 1094 ctare
2534 1030 2611 1095 ad
2657 1040 3048 1096 asserentem
3084 1051 3146 1093 ».

2451 1117 2542 1268 At}
2573 1121 2610 1183 4
2647 1130 2711 1181 et
2740 1122 2804 1191 5,
2840 1139 2878 1181 ι
2914 1118 3006 1183 Ad
3043 1120 3293 1185 Sacram
3326 1117 3918 1203 congregationem

2317 1204 2508 1269 Conci
2545 1204 2584 1268 ii
2613 1227 2680 1268 ».
2883 1250 2888 1259 .
3521 1254 3528 1260 .

2448 1295 2528 1356 Et
2576 1293 2658 1357 ita
2707 1293 3076 1359 declaravit.
3127 1293 3238 1358 Die
3287 1297 3370 1358 22
3408 1293 3672 1360 Ianuarii
3712 1297 3917 1361 1707.

2317 1472 2559 1538 2178.
2887 1472 3360 1537 TREVchNA.
3678 1474 3916 1556 (3764)

2448 1650 2606 1713 cum
2683 1646 3036 1734 Episcopus
3111 1645 3496 1712 Trevicanus
3554 1647 3615 1713 in
3685 1650 3915 1713 maiori

2318 1735 2722 1800 Hebdomada
2758 1736 3051 1819 proxime
3087 1732 3282 1818 elapsi
3323 1734 3496 1815 anni,
3531 1753 3660 1800 non
3696 1735 3757 1800 in
3793 1739 3921 1801 Ec-

2316 1822 2507 1888 clesia
2550 1821 2941 1903 cathedrali,
3005 1820 3121 1886 sed
3169 1820 3234 1885 in
3282 1821 3625 1887 Parochiali
3674 1826 3918 1888 Terrae

2317 1908 2570 1977 Castelli
2615 1912 2764 1976 Olea
2813 1920 3024 1975 sancta
3072 1909 3581 1993 consecraverit3
3633 1908 3784 1976 hinc
3818 1911 3921 1976 in-

2317 2007 2414 2064 ter
2459 1996 2822 2083 capitulum
2891 1996 3208 2061 Ecclesiae
3255 1997 3643 2065 cathedralis
3689 1997 3920 2064 Trevi-

2315 2103 2505 2150 canae
2541 2095 2606 2150 et
2638 2084 3049 2170 Presbyteros
3096 2087 3325 2149 Terrae
3364 2086 3618 2151 castelli
3652 2098 3920 2152 contro·

2315 2173 2538 2238 versiis
2584 2172 2849 2254 exortis,
2902 2171 3124 2258 eisque
3180 2172 3255 2237 ad
3319 2175 3566 2238 Sacram
3623 2176 3919 2261 congre·

2314 2260 2634 2348 gationem
2682 2259 2944 2326 concilii
3008 2261 3266 2342 delatiS,
3319 2269 3383 2323 et
3428 2261 3505 2326 ab
3551 2262 3782 2327 eadem
3833 2263 3913 2327 ad

2310 2352 2377 2415 S.
2425 2348 2627 2414 R.‘c.
2684 2346 3012 2421 remissis;
3079 2352 3275 2413 Emus
3334 2358 3398 2413 et
3457 2351 3650 2415 Rffius
3715 2354 3914 2417 Dom.

2313 2437 2500 2504 Card.
2552 2439 2820 2523 caprara
2866 2435 3258 2520 infrascripta
3306 2435 3496 2504 dubia
3548 2437 3917 2503 decidenda

2315 2525 2694 2612 proposuit:

2452 2616 2510 2676 1.
2552 2614 2648 2676 An
2681 2612 3036 2698 Episcopus
3061 2611 3444 2678 Trevicanus
3475 2613 3722 2678 solitam
3759 2633 3917 2680 con·

2311 2699 2732 2764 secrationem
2764 2700 3466 2767 Oleorumsanctorum
3516 2701 3580 2766 in
3627 2701 3806 2766 Feria
3859 2705 3918 2768 V

2315 2790 2377 2853 in
2424 2790 2631 2852 Coena
2680 2788 2924 2852 Domini
2962 2798 3257 2853 teneatur
3288 2786 3495 2853 fac-ere
3532 2788 3593 2853 in
3625 2789 3914 2854 Ecclesia

2306 2874 2728 2942 Cathedrali'?

2444 2967 2512 3028 2.
2547 2965 2666 3048 An,
2703 2964 2849 3031 dato
2882 2964 3052 3049 quod
3089 2965 3464 3051 EpiscopuS,
3493 2977 3764 3050 propter
3797 2964 3917 3034 ali·

2310 3070 2503 3136 quam
2535 3053 2900 3118 canonicam
2936 3054 3402 3133 necessitatem,
3437 3054 3738 3117 Oleorum
3769 3072 3919 3118 san-

2313 3149 2560 3205 ctorum
2602 3139 3141 3230 consecrationem
3191 3139 3370 3202 faciat
3409 3138 3471 3204 in
3521 3139 3727 3222 aliqua
3783 3141 3917 3204 alia

2314 3226 2590 3292 Ecclesia
2625 3227 2967 3306 DioecesiS,
3017 3226 3181 3290 dicta
3212 3225 3360 3289 Olea
3397 3237 3609 3291 sancta
3643 3225 3918 3312 dispen-

2313 3315 2432 3380 sari
2479 3313 2756 3379 debeant
2787 3316 2850 3379 in
2897 3312 3174 3377 Ecclesia
3215 3312 3574 3379 cathedrali
3611 3315 3918 3380 Parochis

2313 3402 2506 3467 totius
2552 3398 2920 3467 Dioecesis‘?

2446 3493 2524 3554 Et
2567 3492 2631 3556 S.
2681 3492 2756 3554 R.
2799 3493 2899 3571 C.,
2955 3507 3035 3553 ex
3096 3500 3279 3576 parte
3339 3487 3614 3574 Capituli
3675 3490 3910 3556 cathe-

2311 3576 2503 3643 dralis
2553 3574 3039 3642 informantibus
3068 3586 3313 3642 tantum
3348 3576 3602 3660 auditis,
3641 3596 3909 3663 respon-

2310 3664 2596 3731 dendum
2646 3663 2943 3730 censuit:

2444 3752 2652 3820 Adi.
2705 3771 2743 3813 ι
2779 3751 3004 3817 Teneri
3058 3753 3117 3818 in
3175 3752 3574 3835 Cathedrali,
3621 3763 3910 3818 cessante

2314 3840 2602 3926 legitimo
2651 3838 3117 3925 impedimento
3151 3862 3216 3904 ».

2444 3926 2538 3992 Ad
2588 3931 2655 3992 2.
2705 3947 2743 3989 ι
2778 3927 3172 3994 Affirmative
3206 3949 3271 3992 ».

2447 4019 2525 4080 Et
2565 4014 2662 4080 ita
2726 4015 3072 4081 declaravit
3133 4025 3196 4079 et
3254 4014 3490 4080 servari
3554 4014 3903 4081 mandavit.

2314 4104 2423 4169 Die
2477 4097 2554 4170 19
2603 4102 3175 4170 Februarii-1707.

2315 4282 2468 4351 217
2474 4282 2555 4348 9.
2857 4279 3354 4346 BRAGHAREN.
3672 4279 3824 4365 (377
3833 4277 3902 4360 4)

2445 4461 2540 4522 Ex
2601 4468 2782 4541 parte
2846 4453 3287 4540 magistrorum
3344 4454 3902 4520 caeremoniarum

2315 4543 2835 4629 metropolitanae
2863 4541 3186 4608 Ecclesiae
3210 4542 3591 4608 Bracharen.
3612 4561 3644 4605 a
3669 4543 3897 4608 S.R.c.

2314 4623 2706 4719 infrascripta
2752 4629 2943 4697 dubia
2991 4629 3301 4694 declarari
3349 4630 3623 4695 demisse
3655 4629 3901 4715 suppli·

2312 4729 2519 4785 catum
2569 4718 2736 4785 fuit:

2450 4811 2509 4872 1.
2559 4811 2682 4889 An,
2715 4816 3101 4872 occurrente
3146 4809 3330 4871 Festo
3379 4805 3617 4888 duplici
3655 4804 3717 4869 in
3750 4802 3899 4870 Sab-

2314 4894 2456 4962 bato
2502 4905 2774 4981 quatuor
2822 4906 3210 4979 temporum,
3244 4892 3437 4958 Missa·
3470 4893 3533 4957 in
3579 4911 3699 4976 qua
3752 4911 3899 4957 con-

2313 4984 2610 5049 feruntur
2653 4981 2922 5047 Ordines
2968 5000 3105 5045 esse
3135 4981 3366 5046 debeat
3412 4982 3494 5047 de
3541 4985 3757 5054 Festo;
3793 4980 3894 5044 vel

2313 5072 2395 5136 de
2443 5069 2709 5136 Sabbato
2756 5079 3028 5153 quatuor
3076 5066 3498 5153 temporum?

2444 5161 2510 5221 2.
2563 5161 2656 5222 An
2705 5155 2766 5221 in
2815 5155 2990 5220 Missa
3038 5155 3381 5221 Pontificati
3441 5173 3569 5221 non
3630 5165 3896 5239 cantata,

2312 5263 2457 5309 cum
2519 5241 2813 5310 ministris
2877 5251 3084 5308 tamen
3147 5261 3274 5307 non
3334 5242 3600 5326 paratis,
3659 5243 3722 5306 in
3778 5261 3893 5327 qua

2310 5330 2731 5397 conferuntur
2759 5331 3056 5413 ordines,
3091 5328 3321 5395 debeat
3367 5330 3896 5417 Archiepiscopus
