<?xml version="1.0" encoding="UTF-8"?>
<!DOCTYPE html PUBLIC "-//W3C//DTD XHTML 1.0 Transitional//EN"
    "http://www.w3.org/TR/xhtml1/DTD/xhtml1-transitional.dtd">
<html xmlns="http://www.w3.org/1999/xhtml" xml:lang="en" lang="en">
 <head>
  <title>
</title>
<meta http-equiv="Content-Type" content="text/html;charset=utf-8" />
  <meta name='ocr-system' content='tesseract 3.04.00' />
  <meta name='ocr-capabilities' content='ocr_page ocr_carea ocr_par ocr_line ocrx_word'/>
</head>
<body>
  <div class='ocr_page' id='page_1' title='image "./decretaauthenti00ritugoog_0166.png"; bbox 0 0 4042 5950; ppageno 0'>
   <div class='ocr_carea' id='block_1_1' title="bbox 1998 264 2470 340">
    <p class='ocr_par' dir='ltr' id='par_1_1' title="bbox 1998 264 2470 340">
     <span class='ocr_line' id='line_1_1' title="bbox 1998 264 2470 340; baseline 0 -1"><span class='ocrx_word' id='word_1_1' title='bbox 1998 264 2470 340; x_wconf 79' lang='lat'>——132-</span> 
     </span>
    </p>
   </div>
   <div class='ocr_carea' id='block_1_2' title="bbox 592 420 2206 2179">
    <p class='ocr_par' dir='ltr' id='par_1_2' title="bbox 592 420 2205 1298">
     <span class='ocr_line' id='line_1_2' title="bbox 593 420 2198 488; baseline -0.001 0"><span class='ocrx_word' id='word_1_2' title='bbox 593 421 820 488; x_wconf 79' lang='lat' dir='ltr'><strong>stantia</strong></span> <span class='ocrx_word' id='word_1_3' title='bbox 870 422 1179 487; x_wconf 80' lang='lat' dir='ltr'><strong>Francisci</strong></span> <span class='ocrx_word' id='word_1_4' title='bbox 1227 421 1482 487; x_wconf 83' lang='lat' dir='ltr'><strong>Xaverii</strong></span> <span class='ocrx_word' id='word_1_5' title='bbox 1531 422 1614 486; x_wconf 91' lang='lat' dir='ltr'><strong>de</strong></span> <span class='ocrx_word' id='word_1_6' title='bbox 1675 421 2005 488; x_wconf 81' lang='lat' dir='ltr'><strong>Taufl&#39;erer</strong></span> <span class='ocrx_word' id='word_1_7' title='bbox 2074 420 2198 486; x_wconf 77' lang='lat' dir='ltr'><strong>Ab·</strong></span> 
     </span>
     <span class='ocr_line' id='line_1_3' title="bbox 595 508 2197 576; baseline -0.002 0"><span class='ocrx_word' id='word_1_8' title='bbox 595 512 755 576; x_wconf 87' lang='lat' dir='ltr'><strong>batis</strong></span> <span class='ocrx_word' id='word_1_9' title='bbox 805 519 870 573; x_wconf 88' lang='lat' dir='ltr'><strong>et</strong></span> <span class='ocrx_word' id='word_1_10' title='bbox 919 509 1362 575; x_wconf 78' lang='lat' dir='ltr'><strong>Archidiaconi</strong></span> <span class='ocrx_word' id='word_1_11' title='bbox 1415 509 1771 575; x_wconf 82' lang='lat' dir='ltr'><strong>Monasterii</strong></span> <span class='ocrx_word' id='word_1_12' title='bbox 1835 508 2197 574; x_wconf 88' lang='lat' dir='ltr'><strong>Litticensis</strong></span> 
     </span>
     <span class='ocr_line' id='line_1_4' title="bbox 592 596 2194 680; baseline -0.004 -16"><span class='ocrx_word' id='word_1_13' title='bbox 592 596 847 664; x_wconf 84' lang='lat' dir='ltr'>Ordinis</span> <span class='ocrx_word' id='word_1_14' title='bbox 871 598 1313 663; x_wconf 90' lang='lat' dir='ltr'><strong>cisterciensis</strong></span> <span class='ocrx_word' id='word_1_15' title='bbox 1341 598 1404 663; x_wconf 91' lang='lat' dir='ltr'><strong>in</strong></span> <span class='ocrx_word' id='word_1_16' title='bbox 1435 597 1716 665; x_wconf 90' lang='lat' dir='ltr'><strong>Dioecesi</strong></span> <span class='ocrx_word' id='word_1_17' title='bbox 1745 596 2047 678; x_wconf 90' lang='lat' dir='ltr'><strong>Goritiae,</strong></span> <span class='ocrx_word' id='word_1_18' title='bbox 2074 615 2194 680; x_wconf 91' lang='lat' dir='ltr'><strong>qua</strong></span> 
     </span>
     <span class='ocr_line' id='line_1_5' title="bbox 594 684 2199 770; baseline -0.002 -20"><span class='ocrx_word' id='word_1_19' title='bbox 594 684 962 750; x_wconf 90' lang='lat' dir='ltr'><strong>humillime</strong></span> <span class='ocrx_word' id='word_1_20' title='bbox 1009 685 1435 770; x_wconf 80' lang='lat' dir='ltr'>supplicabat,</span> <span class='ocrx_word' id='word_1_21' title='bbox 1471 697 1788 769; x_wconf 86' lang='lat' dir='ltr'><strong>quatenus</strong></span> <span class='ocrx_word' id='word_1_22' title='bbox 1839 684 1948 749; x_wconf 91' lang='lat' dir='ltr'><strong>ille</strong></span> <span class='ocrx_word' id='word_1_23' title='bbox 1997 684 2199 750; x_wconf 88' lang='lat' dir='ltr'><strong>indul-</strong></span> 
     </span>
     <span class='ocr_line' id='line_1_6' title="bbox 594 772 2202 858; baseline 0 -21"><span class='ocrx_word' id='word_1_24' title='bbox 594 790 754 858; x_wconf 91' lang='lat' dir='ltr'><strong>gere</strong></span> <span class='ocrx_word' id='word_1_25' title='bbox 801 773 1184 858; x_wconf 78' lang='lat' dir='ltr'><strong>dignaretur</strong></span> <span class='ocrx_word' id='word_1_26' title='bbox 1234 773 1448 838; x_wconf 87' lang='lat' dir='ltr'><strong>eidem</strong></span> <span class='ocrx_word' id='word_1_27' title='bbox 1497 773 1721 838; x_wconf 80' lang='lat' dir='ltr'>Abbati</span> <span class='ocrx_word' id='word_1_28' title='bbox 1757 772 2018 856; x_wconf 89' lang='lat' dir='ltr'><strong>suisque</strong></span> <span class='ocrx_word' id='word_1_29' title='bbox 2061 791 2202 837; x_wconf 90' lang='lat' dir='ltr'><strong>suc-</strong></span> 
     </span>
     <span class='ocr_line' id='line_1_7' title="bbox 595 860 2205 948; baseline -0.001 -22"><span class='ocrx_word' id='word_1_30' title='bbox 595 861 959 926; x_wconf 82' lang='lat' dir='ltr'><strong>cessoribus</strong></span> <span class='ocrx_word' id='word_1_31' title='bbox 1007 862 1315 927; x_wconf 89' lang='lat' dir='ltr'><strong>nonnulla</strong></span> <span class='ocrx_word' id='word_1_32' title='bbox 1365 860 1731 948; x_wconf 82' lang='lat' dir='ltr'><strong>privilegia,</strong></span> <span class='ocrx_word' id='word_1_33' title='bbox 1766 870 2028 945; x_wconf 88' lang='lat' dir='ltr'><strong>praeter</strong></span> <span class='ocrx_word' id='word_1_34' title='bbox 2060 879 2205 925; x_wconf 84' lang='lat' dir='ltr'><strong>con—</strong></span> 
     </span>
     <span class='ocr_line' id='line_1_8' title="bbox 593 948 2198 1029; baseline -0.001 -15"><span class='ocrx_word' id='word_1_35' title='bbox 593 960 770 1014; x_wconf 88' lang='lat' dir='ltr'><strong>tenta</strong></span> <span class='ocrx_word' id='word_1_36' title='bbox 820 950 883 1016; x_wconf 93' lang='lat' dir='ltr'><strong>in</strong></span> <span class='ocrx_word' id='word_1_37' title='bbox 936 954 1206 1015; x_wconf 91' lang='lat' dir='ltr'><strong>Decreto</strong></span> <span class='ocrx_word' id='word_1_38' title='bbox 1252 971 1308 1014; x_wconf 87' lang='lat' dir='ltr'><strong>s.</strong></span> <span class='ocrx_word' id='word_1_39' title='bbox 1360 970 1448 1015; x_wconf 91' lang='lat' dir='ltr'><strong>m.</strong></span> <span class='ocrx_word' id='word_1_40' title='bbox 1504 948 1853 1014; x_wconf 76' lang='lat' dir='ltr'>Alexandri</span> <span class='ocrx_word' id='word_1_41' title='bbox 1903 952 2015 1013; x_wconf 83' lang='lat' dir='ltr'><strong>PP.</strong></span> <span class='ocrx_word' id='word_1_42' title='bbox 2066 952 2198 1029; x_wconf 87' lang='lat' dir='ltr'><strong>Vll,</strong></span> 
     </span>
     <span class='ocr_line' id='line_1_9' title="bbox 594 1037 2202 1123; baseline 0 -23"><span class='ocrx_word' id='word_1_43' title='bbox 594 1037 714 1101; x_wconf 90' lang='lat' dir='ltr'><strong>sub</strong></span> <span class='ocrx_word' id='word_1_44' title='bbox 779 1039 887 1103; x_wconf 88' lang='lat' dir='ltr'><strong>die</strong></span> <span class='ocrx_word' id='word_1_45' title='bbox 939 1043 1020 1104; x_wconf 99' lang='grc'><strong>27</strong></span> <span class='ocrx_word' id='word_1_46' title='bbox 1071 1039 1473 1123; x_wconf 79' lang='lat' dir='ltr'><strong>Septembris</strong></span> <span class='ocrx_word' id='word_1_47' title='bbox 1526 1042 1734 1118; x_wconf 77' lang='lat'><strong>1659,</strong></span> <span class='ocrx_word' id='word_1_48' title='bbox 1787 1038 1954 1101; x_wconf 91' lang='lat' dir='ltr'><strong>circa</strong></span> <span class='ocrx_word' id='word_1_49' title='bbox 2015 1055 2202 1101; x_wconf 87' lang='lat' dir='ltr'><strong>usum</strong></span> 
     </span>
     <span class='ocr_line' id='line_1_10' title="bbox 593 1122 2205 1211; baseline -0.002 -22"><span class='ocrx_word' id='word_1_50' title='bbox 593 1125 1058 1191; x_wconf 86' lang='lat' dir='ltr'><strong>Pontificalium</strong></span> <span class='ocrx_word' id='word_1_51' title='bbox 1107 1127 1405 1192; x_wconf 85' lang='lat' dir='ltr'><strong>Praelatis</strong></span> <span class='ocrx_word' id='word_1_52' title='bbox 1439 1128 1755 1211; x_wconf 81' lang='lat' dir='ltr'>Episcopo</span> <span class='ocrx_word' id='word_1_53' title='bbox 1790 1122 2205 1190; x_wconf 78' lang='lat' dir='ltr'><strong>inferioribus</strong></span> 
     </span>
     <span class='ocr_line' id='line_1_11' title="bbox 596 1214 1315 1298; baseline 0 -21"><span class='ocrx_word' id='word_1_54' title='bbox 596 1232 1049 1279; x_wconf 89' lang='lat' dir='ltr'><strong>concessorum</strong></span> <span class='ocrx_word' id='word_1_55' title='bbox 1100 1214 1315 1298; x_wconf 85' lang='lat' dir='ltr'><strong>edito;</strong></span> 
     </span>
    </p>

    <p class='ocr_par' dir='ltr' id='par_1_3' title="bbox 595 1300 2206 2179">
     <span class='ocr_line' id='line_1_12' title="bbox 728 1300 2198 1388; baseline -0.001 -23"><span class='ocrx_word' id='word_1_56' title='bbox 728 1304 792 1367; x_wconf 89' lang='lat' dir='ltr'><strong>S.</strong></span> <span class='ocrx_word' id='word_1_57' title='bbox 825 1308 900 1367; x_wconf 79' lang='lat' dir='ltr'><strong>R.</strong></span> <span class='ocrx_word' id='word_1_58' title='bbox 929 1306 1032 1385; x_wconf 90' lang='lat' dir='ltr'><strong>C.‚</strong></span> <span class='ocrx_word' id='word_1_59' title='bbox 1071 1302 1287 1368; x_wconf 87' lang='lat' dir='ltr'><strong>habito</strong></span> <span class='ocrx_word' id='word_1_60' title='bbox 1321 1302 1499 1388; x_wconf 89' lang='lat' dir='ltr'><strong>prius</strong></span> <span class='ocrx_word' id='word_1_61' title='bbox 1547 1301 1683 1366; x_wconf 72' lang='lat' dir='ltr'><strong>unii</strong></span> <span class='ocrx_word' id='word_1_62' title='bbox 1719 1300 2198 1387; x_wconf 81' lang='lat' dir='ltr'><strong>Archiepiscopi</strong></span> 
     </span>
     <span class='ocr_line' id='line_1_13' title="bbox 595 1389 2203 1474; baseline -0.001 -22"><span class='ocrx_word' id='word_1_63' title='bbox 595 1390 907 1455; x_wconf 87' lang='lat' dir='ltr'><strong>Goritien.</strong></span> <span class='ocrx_word' id='word_1_64' title='bbox 939 1409 1228 1474; x_wconf 91' lang='lat' dir='ltr'><strong>assensu,</strong></span> <span class='ocrx_word' id='word_1_65' title='bbox 1256 1389 1607 1473; x_wconf 90' lang='lat' dir='ltr'><strong>auditoque</strong></span> <span class='ocrx_word' id='word_1_66' title='bbox 1639 1390 1830 1454; x_wconf 85' lang='lat' dir='ltr'><strong>etiam</strong></span> <span class='ocrx_word' id='word_1_67' title='bbox 1857 1400 2011 1452; x_wconf 85' lang='lat' dir='ltr'><strong>voto</strong></span> <span class='ocrx_word' id='word_1_68' title='bbox 2046 1390 2203 1454; x_wconf 90' lang='lat' dir='ltr'><strong>duo·</strong></span> 
     </span>
     <span class='ocr_line' id='line_1_14' title="bbox 595 1477 2202 1562; baseline -0.001 -21"><span class='ocrx_word' id='word_1_69' title='bbox 595 1496 737 1542; x_wconf 90' lang='lat' dir='ltr'><strong>rum</strong></span> <span class='ocrx_word' id='word_1_70' title='bbox 788 1497 869 1542; x_wconf 79' lang='lat' dir='ltr'><strong>ex</strong></span> <span class='ocrx_word' id='word_1_71' title='bbox 919 1479 1428 1562; x_wconf 83' lang='lat' dir='ltr'><strong>Apostolicarum</strong></span> <span class='ocrx_word' id='word_1_72' title='bbox 1478 1477 2040 1543; x_wconf 88' lang='lat' dir='ltr'><strong>caeremoniarum</strong></span> <span class='ocrx_word' id='word_1_73' title='bbox 2080 1479 2202 1541; x_wconf 72' lang='lat' dir='ltr'><strong>Ma-</strong></span> 
     </span>
     <span class='ocr_line' id='line_1_15' title="bbox 597 1564 2200 1650; baseline -0.001 -22"><span class='ocrx_word' id='word_1_74' title='bbox 597 1566 839 1650; x_wconf 83' lang='lat' dir='ltr'><strong>gistris,</strong></span> <span class='ocrx_word' id='word_1_75' title='bbox 889 1567 966 1632; x_wconf 89' lang='lat' dir='ltr'><strong>ad</strong></span> <span class='ocrx_word' id='word_1_76' title='bbox 1013 1567 1396 1632; x_wconf 80' lang='lat' dir='ltr'><strong>relationem</strong></span> <span class='ocrx_word' id='word_1_77' title='bbox 1444 1564 1582 1629; x_wconf 83' lang='lat' dir='ltr'><strong>Emi</strong></span> <span class='ocrx_word' id='word_1_78' title='bbox 1634 1577 1698 1629; x_wconf 88' lang='lat' dir='ltr'><strong>et</strong></span> <span class='ocrx_word' id='word_1_79' title='bbox 1747 1567 1885 1631; x_wconf 75' lang='lat' dir='ltr'><strong>Rmi</strong></span> <span class='ocrx_word' id='word_1_80' title='bbox 1950 1564 2200 1631; x_wconf 83' lang='lat' dir='ltr'><strong>Domini</strong></span> 
     </span>
     <span class='ocr_line' id='line_1_16' title="bbox 596 1652 2203 1737; baseline -0.002 -19"><span class='ocrx_word' id='word_1_81' title='bbox 596 1653 947 1719; x_wconf 87' lang='lat' dir='ltr'><strong>Cardinalis</strong></span> <span class='ocrx_word' id='word_1_82' title='bbox 1015 1655 1279 1737; x_wconf 84' lang='lat' dir='ltr'><strong>Boscbi,</strong></span> <span class='ocrx_word' id='word_1_83' title='bbox 1339 1652 1827 1719; x_wconf 88' lang='lat' dir='ltr'><strong>rescribendum</strong></span> <span class='ocrx_word' id='word_1_84' title='bbox 1901 1655 2203 1719; x_wconf 85' lang='lat' dir='ltr'><strong>censuit:</strong></span> 
     </span>
     <span class='ocr_line' id='line_1_17' title="bbox 598 1741 2200 1828; baseline 0.001 -24"><span class='ocrx_word' id='word_1_85' title='bbox 598 1763 635 1804; x_wconf 82' lang='lat'>‹</span> <span class='ocrx_word' id='word_1_86' title='bbox 671 1741 1156 1807; x_wconf 87' lang='lat' dir='ltr'><strong>consulendum</strong></span> <span class='ocrx_word' id='word_1_87' title='bbox 1204 1745 1398 1809; x_wconf 77' lang='grc' dir='ltr'>88ῶο</span> <span class='ocrx_word' id='word_1_88' title='bbox 1458 1762 1572 1828; x_wconf 84' lang='lat' dir='ltr'><strong>pro</strong></span> <span class='ocrx_word' id='word_1_89' title='bbox 1634 1743 2047 1807; x_wconf 82' lang='lat' dir='ltr'><strong>concessione</strong></span> <span class='ocrx_word' id='word_1_90' title='bbox 2109 1741 2200 1805; x_wconf 92' lang='lat' dir='ltr'><strong>in-</strong></span> 
     </span>
     <span class='ocr_line' id='line_1_18' title="bbox 599 1826 2195 1911; baseline -0.002 -16"><span class='ocrx_word' id='word_1_91' title='bbox 599 1826 802 1911; x_wconf 87' lang='lat' dir='ltr'><strong>dulti,</strong></span> <span class='ocrx_word' id='word_1_92' title='bbox 855 1828 1028 1893; x_wconf 84' lang='lat' dir='ltr'><strong>iuxta</strong></span> <span class='ocrx_word' id='word_1_93' title='bbox 1093 1834 1355 1895; x_wconf 88' lang='lat' dir='ltr'><strong>modum</strong></span> <span class='ocrx_word' id='word_1_94' title='bbox 1416 1831 1492 1895; x_wconf 89' lang='lat' dir='ltr'><strong>ab</strong></span> <span class='ocrx_word' id='word_1_95' title='bbox 1551 1831 1783 1895; x_wconf 87' lang='lat' dir='ltr'><strong>eodem</strong></span> <span class='ocrx_word' id='word_1_96' title='bbox 1862 1834 2015 1894; x_wconf 70' lang='lat' dir='ltr'><strong>Elbo</strong></span> <span class='ocrx_word' id='word_1_97' title='bbox 2087 1833 2195 1893; x_wconf 88' lang='lat' dir='ltr'><strong>Po-</strong></span> 
     </span>
     <span class='ocr_line' id='line_1_19' title="bbox 598 1915 2201 2002; baseline -0.001 -21"><span class='ocrx_word' id='word_1_98' title='bbox 598 1926 794 1981; x_wconf 92' lang='lat' dir='ltr'><strong>nente</strong></span> <span class='ocrx_word' id='word_1_99' title='bbox 829 1917 1326 2002; x_wconf 85' lang='lat' dir='ltr'><strong>explicandum:</strong></span> <span class='ocrx_word' id='word_1_100' title='bbox 1379 1918 1716 1999; x_wconf 87' lang='lat' dir='ltr'><strong>videlicet,</strong></span> <span class='ocrx_word' id='word_1_101' title='bbox 1754 1929 1822 1983; x_wconf 86' lang='lat' dir='ltr'><strong>ut</strong></span> <span class='ocrx_word' id='word_1_102' title='bbox 1859 1918 2044 1982; x_wconf 86' lang='lat' dir='ltr'><strong>liceat</strong></span> <span class='ocrx_word' id='word_1_103' title='bbox 2080 1915 2201 1980; x_wconf 85' lang='lat' dir='ltr'><strong>Ab-</strong></span> 
     </span>
     <span class='ocr_line' id='line_1_20' title="bbox 601 2003 2203 2091; baseline 0.001 -24"><span class='ocrx_word' id='word_1_104' title='bbox 601 2003 722 2068; x_wconf 89' lang='lat' dir='ltr'><strong>bati</strong></span> <span class='ocrx_word' id='word_1_105' title='bbox 752 2003 1022 2089; x_wconf 90' lang='lat' dir='ltr'><strong>eiusque</strong></span> <span class='ocrx_word' id='word_1_106' title='bbox 1046 2006 1549 2087; x_wconf 79' lang='lat' dir='ltr'><strong>successoribus,</strong></span> <span class='ocrx_word' id='word_1_107' title='bbox 1576 2018 1838 2091; x_wconf 87' lang='lat' dir='ltr'><strong>praeter</strong></span> <span class='ocrx_word' id='word_1_108' title='bbox 1861 2014 2203 2070; x_wconf 87' lang='lat' dir='ltr'><strong>consuetos</strong></span> 
     </span>
     <span class='ocr_line' id='line_1_21' title="bbox 603 2091 2206 2179; baseline 0 -22"><span class='ocrx_word' id='word_1_109' title='bbox 603 2103 732 2159; x_wconf 90' lang='lat' dir='ltr'><strong>tres</strong></span> <span class='ocrx_word' id='word_1_110' title='bbox 779 2091 915 2157; x_wconf 90' lang='lat' dir='ltr'><strong>dies</strong></span> <span class='ocrx_word' id='word_1_111' title='bbox 984 2094 1045 2158; x_wconf 93' lang='lat' dir='ltr'><strong>in</strong></span> <span class='ocrx_word' id='word_1_112' title='bbox 1092 2099 1366 2160; x_wconf 89' lang='lat' dir='ltr'><strong>Decreto</strong></span> <span class='ocrx_word' id='word_1_113' title='bbox 1414 2094 1848 2160; x_wconf 82' lang='lat' dir='ltr'><strong>Alexandrino</strong></span> <span class='ocrx_word' id='word_1_114' title='bbox 1895 2095 2206 2179; x_wconf 88' lang='lat' dir='ltr'><strong>praescri—</strong></span> 
     </span>
    </p>
   </div>
   <div class='ocr_carea' id='block_1_3' title="bbox 503 2180 2197 2269">
    <p class='ocr_par' dir='ltr' id='par_1_4' title="bbox 503 2180 2197 2269">
     <span class='ocr_line' id='line_1_22' title="bbox 503 2180 2197 2269; baseline -0.001 -21"><span class='ocrx_word' id='word_1_115' title='bbox 503 2227 524 2234; x_wconf 66' lang='lat'><em>·</em></span> <span class='ocrx_word' id='word_1_116' title='bbox 599 2193 744 2269; x_wconf 89' lang='lat' dir='ltr'><strong>ptos</strong></span> <span class='ocrx_word' id='word_1_117' title='bbox 791 2180 1061 2267; x_wconf 87' lang='lat' dir='ltr'><strong>singulis</strong></span> <span class='ocrx_word' id='word_1_118' title='bbox 1108 2187 1324 2265; x_wconf 88' lang='lat' dir='ltr'><strong>annis,</strong></span> <span class='ocrx_word' id='word_1_119' title='bbox 1379 2181 1580 2247; x_wconf 89' lang='lat' dir='ltr'><strong>tribus</strong></span> <span class='ocrx_word' id='word_1_120' title='bbox 1644 2182 1781 2247; x_wconf 88' lang='lat' dir='ltr'><strong>aliis</strong></span> <span class='ocrx_word' id='word_1_121' title='bbox 1841 2181 2088 2247; x_wconf 86' lang='lat' dir='ltr'><strong>vicibus</strong></span> <span class='ocrx_word' id='word_1_122' title='bbox 2139 2183 2197 2247; x_wconf 92' lang='lat' dir='ltr'><strong>in</strong></span> 
     </span>
    </p>
   </div>
   <div class='ocr_carea' id='block_1_4' title="bbox 599 2269 2208 5433">
    <p class='ocr_par' dir='ltr' id='par_1_5' title="bbox 599 2269 2208 4886">
     <span class='ocr_line' id='line_1_23' title="bbox 599 2269 2203 2354; baseline -0.001 -18"><span class='ocrx_word' id='word_1_123' title='bbox 599 2271 904 2336; x_wconf 88' lang='lat' dir='ltr'><strong>Ecclesiis</strong></span> <span class='ocrx_word' id='word_1_124' title='bbox 971 2269 1089 2334; x_wconf 86' lang='lat' dir='ltr'><strong>sibi</strong></span> <span class='ocrx_word' id='word_1_125' title='bbox 1160 2270 1465 2335; x_wconf 89' lang='lat' dir='ltr'><strong>subiectis</strong></span> <span class='ocrx_word' id='word_1_126' title='bbox 1531 2270 1983 2354; x_wconf 83' lang='lat' dir='ltr'><strong>pontificaliter</strong></span> <span class='ocrx_word' id='word_1_127' title='bbox 2032 2271 2203 2334; x_wconf 89' lang='lat' dir='ltr'><strong>cele-</strong></span> 
     </span>
     <span class='ocr_line' id='line_1_24' title="bbox 601 2357 2201 2441; baseline -0.003 -15"><span class='ocrx_word' id='word_1_128' title='bbox 601 2362 811 2441; x_wconf 54' lang='lat' dir='ltr'><strong>bix-are,</strong></span> <span class='ocrx_word' id='word_1_129' title='bbox 861 2377 980 2424; x_wconf 90' lang='lat' dir='ltr'><strong>nec</strong></span> <span class='ocrx_word' id='word_1_130' title='bbox 1029 2378 1157 2424; x_wconf 91' lang='lat' dir='ltr'><strong>non</strong></span> <span class='ocrx_word' id='word_1_131' title='bbox 1203 2357 1341 2422; x_wconf 88' lang='lat' dir='ltr'><strong>aliis</strong></span> <span class='ocrx_word' id='word_1_132' title='bbox 1387 2359 1633 2423; x_wconf 87' lang='lat' dir='ltr'><strong>duabus</strong></span> <span class='ocrx_word' id='word_1_133' title='bbox 1678 2357 1925 2423; x_wconf 91' lang='lat' dir='ltr'><strong>vicibus</strong></span> <span class='ocrx_word' id='word_1_134' title='bbox 1975 2358 2039 2423; x_wconf 93' lang='lat' dir='ltr'><strong>in</strong></span> <span class='ocrx_word' id='word_1_135' title='bbox 2088 2363 2201 2423; x_wconf 84' lang='lat' dir='ltr'><strong>Ec-</strong></span> 
     </span>
     <span class='ocr_line' id='line_1_25' title="bbox 599 2446 2201 2530; baseline -0.001 -17"><span class='ocrx_word' id='word_1_136' title='bbox 599 2447 813 2513; x_wconf 87' lang='lat' dir='ltr'><strong>clesiis</strong></span> <span class='ocrx_word' id='word_1_137' title='bbox 859 2446 976 2510; x_wconf 88' lang='lat' dir='ltr'><strong>sibi</strong></span> <span class='ocrx_word' id='word_1_138' title='bbox 1025 2465 1155 2512; x_wconf 91' lang='lat' dir='ltr'><strong>non</strong></span> <span class='ocrx_word' id='word_1_139' title='bbox 1212 2446 1560 2528; x_wconf 86' lang='lat' dir='ltr'><strong>subiectis;</strong></span> <span class='ocrx_word' id='word_1_140' title='bbox 1614 2457 1926 2530; x_wconf 88' lang='lat' dir='ltr'><strong>quatenus</strong></span> <span class='ocrx_word' id='word_1_141' title='bbox 1988 2457 2201 2511; x_wconf 88' lang='lat' dir='ltr'><strong>tamen</strong></span> 
     </span>
     <span class='ocr_line' id='line_1_26' title="bbox 601 2533 2199 2620; baseline -0.002 -19"><span class='ocrx_word' id='word_1_142' title='bbox 601 2537 677 2601; x_wconf 88' lang='lat' dir='ltr'><strong>ab</strong></span> <span class='ocrx_word' id='word_1_143' title='bbox 737 2534 1053 2620; x_wconf 81' lang='lat' dir='ltr'><strong>Episcopo</strong></span> <span class='ocrx_word' id='word_1_144' title='bbox 1117 2535 1238 2599; x_wconf 92' lang='lat' dir='ltr'><strong>loci</strong></span> <span class='ocrx_word' id='word_1_145' title='bbox 1300 2533 1667 2614; x_wconf 78' lang='lat' dir='ltr'><strong>ordinario,</strong></span> <span class='ocrx_word' id='word_1_146' title='bbox 1718 2552 1845 2599; x_wconf 92' lang='lat' dir='ltr'><strong>non</strong></span> <span class='ocrx_word' id='word_1_147' title='bbox 1905 2544 2121 2600; x_wconf 90' lang='lat' dir='ltr'><strong>autem</strong></span> <span class='ocrx_word' id='word_1_148' title='bbox 2169 2557 2199 2598; x_wconf 91' lang='lat' dir='ltr'><strong>a</strong></span> 
     </span>
     <span class='ocr_line' id='line_1_27' title="bbox 603 2620 2205 2707; baseline -0.002 -17"><span class='ocrx_word' id='word_1_149' title='bbox 603 2622 889 2690; x_wconf 88' lang='lat' dir='ltr'><strong>Praelato</strong></span> <span class='ocrx_word' id='word_1_150' title='bbox 954 2621 1243 2686; x_wconf 70' lang='lat' dir='ltr'><strong>interiori</strong></span> <span class='ocrx_word' id='word_1_151' title='bbox 1305 2620 1507 2707; x_wconf 86' lang='lat' dir='ltr'><strong>rogati</strong></span> <span class='ocrx_word' id='word_1_152' title='bbox 1571 2621 1849 2704; x_wconf 79' lang='lat' dir='ltr'><strong>luerint3</strong></span> <span class='ocrx_word' id='word_1_153' title='bbox 1917 2621 2068 2685; x_wconf 85' lang='lat' dir='ltr'><strong>item</strong></span> <span class='ocrx_word' id='word_1_154' title='bbox 2132 2631 2205 2686; x_wconf 90' lang='lat' dir='ltr'><strong>ut</strong></span> 
     </span>
     <span class='ocr_line' id='line_1_28' title="bbox 604 2707 2198 2798; baseline 0 -24"><span class='ocrx_word' id='word_1_155' title='bbox 604 2708 984 2798; x_wconf 82' lang='lat' dir='ltr'><strong>pontificalia</strong></span> <span class='ocrx_word' id='word_1_156' title='bbox 1033 2708 1210 2794; x_wconf 88' lang='lat' dir='ltr'><strong>signa</strong></span> <span class='ocrx_word' id='word_1_157' title='bbox 1257 2708 1566 2774; x_wconf 87' lang='lat' dir='ltr'><strong>adbibere</strong></span> <span class='ocrx_word' id='word_1_158' title='bbox 1612 2720 1848 2793; x_wconf 81' lang='lat' dir='ltr'><strong>queant</strong></span> <span class='ocrx_word' id='word_1_159' title='bbox 1895 2707 1959 2774; x_wconf 92' lang='lat' dir='ltr'><strong>in</strong></span> <span class='ocrx_word' id='word_1_160' title='bbox 1991 2721 2198 2796; x_wconf 88' lang='lat' dir='ltr'><strong>pasto-</strong></span> 
     </span>
     <span class='ocr_line' id='line_1_29' title="bbox 603 2795 2202 2863; baseline 0.001 -1"><span class='ocrx_word' id='word_1_161' title='bbox 603 2798 839 2862; x_wconf 90' lang='lat' dir='ltr'><strong>ralibus</strong></span> <span class='ocrx_word' id='word_1_162' title='bbox 870 2795 1335 2862; x_wconf 84' lang='lat' dir='ltr'><strong>visitationibus</strong></span> <span class='ocrx_word' id='word_1_163' title='bbox 1370 2796 1798 2862; x_wconf 89' lang='lat' dir='ltr'><strong>Ecclesiarum</strong></span> <span class='ocrx_word' id='word_1_164' title='bbox 1839 2797 1955 2862; x_wconf 86' lang='lat' dir='ltr'><strong>sibi</strong></span> <span class='ocrx_word' id='word_1_165' title='bbox 1992 2797 2202 2863; x_wconf 81' lang='lat' dir='ltr'><strong>subie-</strong></span> 
     </span>
     <span class='ocr_line' id='line_1_30' title="bbox 603 2883 2202 2971; baseline -0.001 -21"><span class='ocrx_word' id='word_1_166' title='bbox 603 2895 872 2965; x_wconf 86' lang='lat' dir='ltr'><strong>ctarum,</strong></span> <span class='ocrx_word' id='word_1_167' title='bbox 924 2883 1226 2949; x_wconf 89' lang='lat' dir='ltr'><strong>nimirum</strong></span> <span class='ocrx_word' id='word_1_168' title='bbox 1273 2885 1350 2950; x_wconf 89' lang='lat' dir='ltr'><strong>ad</strong></span> <span class='ocrx_word' id='word_1_169' title='bbox 1398 2884 1860 2950; x_wconf 79' lang='lat' dir='ltr'><strong>absolutionem</strong></span> <span class='ocrx_word' id='word_1_170' title='bbox 1923 2904 2040 2971; x_wconf 91' lang='lat' dir='ltr'><strong>pro</strong></span> <span class='ocrx_word' id='word_1_171' title='bbox 2090 2886 2202 2949; x_wconf 89' lang='lat' dir='ltr'><strong>de·</strong></span> 
     </span>
     <span class='ocr_line' id='line_1_31' title="bbox 606 2973 2199 3040; baseline -0.002 -1"><span class='ocrx_word' id='word_1_172' title='bbox 606 2973 842 3039; x_wconf 78' lang='lat' dir='ltr'><strong>functis</strong></span> <span class='ocrx_word' id='word_1_173' title='bbox 890 2983 953 3036; x_wconf 91' lang='lat' dir='ltr'><strong>et</strong></span> <span class='ocrx_word' id='word_1_174' title='bbox 1000 2976 1075 3040; x_wconf 89' lang='lat' dir='ltr'><strong>ad</strong></span> <span class='ocrx_word' id='word_1_175' title='bbox 1125 2973 1553 3038; x_wconf 81' lang='lat' dir='ltr'><strong>visitationem</strong></span> <span class='ocrx_word' id='word_1_176' title='bbox 1602 2975 1776 3040; x_wconf 80' lang='lat' dir='ltr'><strong>SSmi</strong></span> <span class='ocrx_word' id='word_1_177' title='bbox 1813 2973 2199 3039; x_wconf 83' lang='lat' dir='ltr'><strong>sacramenti</strong></span> 
     </span>
     <span class='ocr_line' id='line_1_32' title="bbox 606 3062 2200 3147; baseline -0.002 -20"><span class='ocrx_word' id='word_1_178' title='bbox 606 3062 970 3141; x_wconf 84' lang='lat' dir='ltr'><strong>dumtaxat,</strong></span> <span class='ocrx_word' id='word_1_179' title='bbox 1036 3081 1153 3127; x_wconf 91' lang='lat' dir='ltr'><strong>nec</strong></span> <span class='ocrx_word' id='word_1_180' title='bbox 1211 3081 1339 3128; x_wconf 87' lang='lat' dir='ltr'><strong>non</strong></span> <span class='ocrx_word' id='word_1_181' title='bbox 1391 3062 1452 3127; x_wconf 93' lang='lat' dir='ltr'><strong>in</strong></span> <span class='ocrx_word' id='word_1_182' title='bbox 1515 3062 2031 3127; x_wconf 77' lang='lat' dir='ltr'><strong>Pmcessionibus</strong></span> <span class='ocrx_word' id='word_1_183' title='bbox 2083 3081 2200 3147; x_wconf 87' lang='lat' dir='ltr'><strong>pro</strong></span> 
     </span>
     <span class='ocr_line' id='line_1_33' title="bbox 605 3147 2201 3235; baseline -0.001 -21"><span class='ocrx_word' id='word_1_184' title='bbox 605 3168 784 3214; x_wconf 86' lang='lat' dir='ltr'><strong>causa</strong></span> <span class='ocrx_word' id='word_1_185' title='bbox 835 3147 1087 3235; x_wconf 81' lang='lat' dir='ltr'><strong>publica</strong></span> <span class='ocrx_word' id='word_1_186' title='bbox 1139 3150 1297 3214; x_wconf 79' lang='lat' dir='ltr'><strong>inira</strong></span> <span class='ocrx_word' id='word_1_187' title='bbox 1345 3149 1657 3215; x_wconf 88' lang='lat' dir='ltr'><strong>ambitum</strong></span> <span class='ocrx_word' id='word_1_188' title='bbox 1707 3159 1771 3212; x_wconf 86' lang='lat' dir='ltr'><strong>et</strong></span> <span class='ocrx_word' id='word_1_189' title='bbox 1838 3148 2201 3214; x_wconf 89' lang='lat' dir='ltr'><strong>districtum</strong></span> 
     </span>
     <span class='ocr_line' id='line_1_34' title="bbox 605 3237 2204 3303; baseline -0.001 -1"><span class='ocrx_word' id='word_1_190' title='bbox 605 3237 1032 3303; x_wconf 83' lang='lat' dir='ltr'><strong>Ecclesiarum</strong></span> <span class='ocrx_word' id='word_1_191' title='bbox 1064 3238 1179 3303; x_wconf 84' lang='lat' dir='ltr'><strong>sibi</strong></span> <span class='ocrx_word' id='word_1_192' title='bbox 1216 3237 1651 3303; x_wconf 88' lang='lat' dir='ltr'><strong>subiectarum</strong></span> <span class='ocrx_word' id='word_1_193' title='bbox 1681 3237 2064 3302; x_wconf 85' lang='lat' dir='ltr'><strong>solemniter</strong></span> <span class='ocrx_word' id='word_1_194' title='bbox 2099 3238 2204 3302; x_wconf 88' lang='lat' dir='ltr'><strong>ha-</strong></span> 
     </span>
     <span class='ocr_line' id='line_1_35' title="bbox 609 3324 2203 3405; baseline 0 -16"><span class='ocrx_word' id='word_1_195' title='bbox 609 3325 832 3391; x_wconf 83' lang='lat' dir='ltr'><strong>bendis</strong></span> <span class='ocrx_word' id='word_1_196' title='bbox 863 3372 880 3405; x_wconf 92' lang='lat'><strong>,</strong></span> <span class='ocrx_word' id='word_1_197' title='bbox 932 3324 994 3390; x_wconf 92' lang='lat' dir='ltr'><strong>in</strong></span> <span class='ocrx_word' id='word_1_198' title='bbox 1041 3326 1431 3393; x_wconf 81' lang='lat' dir='ltr'><strong>conferenda</strong></span> <span class='ocrx_word' id='word_1_199' title='bbox 1479 3325 1763 3390; x_wconf 86' lang='lat' dir='ltr'><strong>clericali</strong></span> <span class='ocrx_word' id='word_1_200' title='bbox 1810 3329 2089 3390; x_wconf 85' lang='lat' dir='ltr'><strong>Tonsura</strong></span> <span class='ocrx_word' id='word_1_201' title='bbox 2136 3337 2203 3389; x_wconf 88' lang='lat' dir='ltr'><strong>et</strong></span> 
     </span>
     <span class='ocr_line' id='line_1_36' title="bbox 603 3411 2202 3497; baseline -0.001 -20"><span class='ocrx_word' id='word_1_202' title='bbox 603 3423 878 3497; x_wconf 86' lang='lat' dir='ltr'><strong>quatuor</strong></span> <span class='ocrx_word' id='word_1_203' title='bbox 924 3412 1277 3478; x_wconf 89' lang='lat' dir='ltr'><strong>minoribus</strong></span> <span class='ocrx_word' id='word_1_204' title='bbox 1323 3413 1666 3480; x_wconf 85' lang='lat' dir='ltr'><strong>Ordinibus</strong></span> <span class='ocrx_word' id='word_1_205' title='bbox 1712 3413 2016 3479; x_wconf 87' lang='lat' dir='ltr'><strong>subiectis</strong></span> <span class='ocrx_word' id='word_1_206' title='bbox 2085 3411 2202 3477; x_wconf 89' lang='lat' dir='ltr'><strong>sibi</strong></span> 
     </span>
     <span class='ocr_line' id='line_1_37' title="bbox 609 3500 2204 3588; baseline -0.002 -22"><span class='ocrx_word' id='word_1_207' title='bbox 609 3500 944 3579; x_wconf 69' lang='lat' dir='ltr'><strong>Monac-biS,</strong></span> <span class='ocrx_word' id='word_1_208' title='bbox 998 3500 1061 3565; x_wconf 94' lang='lat' dir='ltr'><strong>in</strong></span> <span class='ocrx_word' id='word_1_209' title='bbox 1107 3501 1598 3567; x_wconf 70' lang='lat' dir='ltr'><strong>consecratione</strong></span> <span class='ocrx_word' id='word_1_210' title='bbox 1648 3501 1955 3566; x_wconf 82' lang='lat' dir='ltr'><strong>Altarium</strong></span> <span class='ocrx_word' id='word_1_211' title='bbox 1995 3512 2204 3588; x_wconf 86' lang='lat' dir='ltr'><strong>porta-</strong></span> 
     </span>
     <span class='ocr_line' id='line_1_38' title="bbox 608 3588 2202 3673; baseline 0.001 -21"><span class='ocrx_word' id='word_1_212' title='bbox 608 3589 840 3669; x_wconf 90' lang='lat' dir='ltr'><strong>tilium,</strong></span> <span class='ocrx_word' id='word_1_213' title='bbox 891 3592 1268 3653; x_wconf 90' lang='lat' dir='ltr'><strong>Patenarum</strong></span> <span class='ocrx_word' id='word_1_214' title='bbox 1318 3602 1384 3653; x_wconf 90' lang='lat' dir='ltr'><strong>et</strong></span> <span class='ocrx_word' id='word_1_215' title='bbox 1430 3589 1740 3669; x_wconf 87' lang='lat' dir='ltr'><strong>calicum,</strong></span> <span class='ocrx_word' id='word_1_216' title='bbox 1776 3588 2045 3673; x_wconf 90' lang='lat' dir='ltr'><strong>aliisque</strong></span> <span class='ocrx_word' id='word_1_217' title='bbox 2097 3590 2202 3654; x_wconf 91' lang='lat' dir='ltr'><strong>be-</strong></span> 
     </span>
     <span class='ocr_line' id='line_1_39' title="bbox 610 3674 2206 3761; baseline -0.002 -19"><span class='ocrx_word' id='word_1_218' title='bbox 610 3674 1084 3742; x_wconf 88' lang='lat' dir='ltr'><strong>nedictionibus</strong></span> <span class='ocrx_word' id='word_1_219' title='bbox 1119 3677 1182 3741; x_wconf 93' lang='lat' dir='ltr'><strong>in</strong></span> <span class='ocrx_word' id='word_1_220' title='bbox 1213 3676 1445 3761; x_wconf 89' lang='lat' dir='ltr'><strong>quibus</strong></span> <span class='ocrx_word' id='word_1_221' title='bbox 1475 3696 1648 3741; x_wconf 89' lang='lat' dir='ltr'><strong>sacra</strong></span> <span class='ocrx_word' id='word_1_222' title='bbox 1681 3679 1818 3742; x_wconf 89' lang='lat' dir='ltr'><strong>olea</strong></span> <span class='ocrx_word' id='word_1_223' title='bbox 1849 3690 1998 3742; x_wconf 88' lang='lat' dir='ltr'><strong>sunt</strong></span> <span class='ocrx_word' id='word_1_224' title='bbox 2030 3675 2206 3742; x_wconf 88' lang='lat' dir='ltr'><strong>adhi-</strong></span> 
     </span>
     <span class='ocr_line' id='line_1_40' title="bbox 613 3764 2202 3848; baseline 0.001 -21"><span class='ocrx_word' id='word_1_225' title='bbox 613 3764 857 3838; x_wconf 86' lang='lat' dir='ltr'><strong>benda;</strong></span> <span class='ocrx_word' id='word_1_226' title='bbox 906 3781 976 3826; x_wconf 91' lang='lat' dir='ltr'><strong>ac</strong></span> <span class='ocrx_word' id='word_1_227' title='bbox 1009 3764 1292 3848; x_wconf 89' lang='lat' dir='ltr'><strong>denique</strong></span> <span class='ocrx_word' id='word_1_228' title='bbox 1328 3775 1420 3847; x_wconf 85' lang='lat' dir='ltr'><strong>ut,</strong></span> <span class='ocrx_word' id='word_1_229' title='bbox 1456 3782 1576 3848; x_wconf 89' lang='lat' dir='ltr'><strong>pro</strong></span> <span class='ocrx_word' id='word_1_230' title='bbox 1610 3784 1726 3828; x_wconf 89' lang='lat' dir='ltr'><strong>usu</strong></span> <span class='ocrx_word' id='word_1_231' title='bbox 1771 3766 2202 3829; x_wconf 89' lang='lat' dir='ltr'><strong>Ecclesiarum</strong></span> 
     </span>
     <span class='ocr_line' id='line_1_41' title="bbox 608 3850 2204 3933; baseline 0.003 -19"><span class='ocrx_word' id='word_1_232' title='bbox 608 3851 722 3915; x_wconf 81' lang='lat' dir='ltr'><strong>sibi</strong></span> <span class='ocrx_word' id='word_1_233' title='bbox 771 3850 1202 3916; x_wconf 83' lang='lat' dir='ltr'><strong>subiectarum</strong></span> <span class='ocrx_word' id='word_1_234' title='bbox 1241 3854 1708 3933; x_wconf 89' lang='lat' dir='ltr'><strong>tantummodo,</strong></span> <span class='ocrx_word' id='word_1_235' title='bbox 1749 3853 1932 3917; x_wconf 85' lang='lat' dir='ltr'><strong>liceat</strong></span> <span class='ocrx_word' id='word_1_236' title='bbox 1973 3854 2062 3917; x_wconf 91' lang='lat' dir='ltr'><strong>eis</strong></span> <span class='ocrx_word' id='word_1_237' title='bbox 2096 3852 2204 3918; x_wconf 91' lang='lat' dir='ltr'><strong>be-</strong></span> 
     </span>
     <span class='ocr_line' id='line_1_42' title="bbox 610 3939 2205 4026; baseline -0.003 -19"><span class='ocrx_word' id='word_1_238' title='bbox 610 3940 915 4007; x_wconf 89' lang='lat' dir='ltr'><strong>nedicere</strong></span> <span class='ocrx_word' id='word_1_239' title='bbox 982 3958 1155 4004; x_wconf 87' lang='lat' dir='ltr'><strong>sacra</strong></span> <span class='ocrx_word' id='word_1_240' title='bbox 1224 3939 1596 4005; x_wconf 86' lang='lat' dir='ltr'><strong>indumenta</strong></span> <span class='ocrx_word' id='word_1_241' title='bbox 1671 3951 1734 4005; x_wconf 90' lang='lat' dir='ltr'><strong>et</strong></span> <span class='ocrx_word' id='word_1_242' title='bbox 1794 3939 2205 4026; x_wconf 86' lang='lat' dir='ltr'><strong>suppellecti-</strong></span> 
     </span>
     <span class='ocr_line' id='line_1_43' title="bbox 615 4027 2208 4113; baseline -0.001 -20"><span class='ocrx_word' id='word_1_243' title='bbox 615 4031 719 4111; x_wconf 85' lang='lat' dir='ltr'><strong>lia,</strong></span> <span class='ocrx_word' id='word_1_244' title='bbox 769 4031 1031 4109; x_wconf 90' lang='lat' dir='ltr'><strong>cruces,</strong></span> <span class='ocrx_word' id='word_1_245' title='bbox 1084 4027 1417 4113; x_wconf 82' lang='lat' dir='ltr'><strong>Imagines,</strong></span> <span class='ocrx_word' id='word_1_246' title='bbox 1472 4030 1621 4093; x_wconf 88' lang='lat' dir='ltr'><strong>Vasa</strong></span> <span class='ocrx_word' id='word_1_247' title='bbox 1689 4048 1860 4092; x_wconf 89' lang='lat' dir='ltr'><strong>sacra</strong></span> <span class='ocrx_word' id='word_1_248' title='bbox 1909 4039 1974 4092; x_wconf 89' lang='lat' dir='ltr'><strong>et</strong></span> <span class='ocrx_word' id='word_1_249' title='bbox 2028 4034 2208 4095; x_wconf 88' lang='lat' dir='ltr'><strong>cam-</strong></span> 
     </span>
     <span class='ocr_line' id='line_1_44' title="bbox 612 4117 2205 4204; baseline -0.001 -24"><span class='ocrx_word' id='word_1_250' title='bbox 612 4136 843 4204; x_wconf 84' lang='lat' dir='ltr'><strong>panas,</strong></span> <span class='ocrx_word' id='word_1_251' title='bbox 913 4135 1034 4181; x_wconf 90' lang='lat' dir='ltr'><strong>nec</strong></span> <span class='ocrx_word' id='word_1_252' title='bbox 1104 4135 1230 4181; x_wconf 91' lang='lat' dir='ltr'><strong>non</strong></span> <span class='ocrx_word' id='word_1_253' title='bbox 1302 4136 1676 4183; x_wconf 85' lang='lat' dir='ltr'><strong>consecrare</strong></span> <span class='ocrx_word' id='word_1_254' title='bbox 1745 4117 2028 4197; x_wconf 89' lang='lat' dir='ltr'><strong>Calices,</strong></span> <span class='ocrx_word' id='word_1_255' title='bbox 2102 4119 2205 4179; x_wconf 91' lang='lat' dir='ltr'><strong>Pa-</strong></span> 
     </span>
     <span class='ocr_line' id='line_1_45' title="bbox 616 4203 2203 4288; baseline -0.002 -18"><span class='ocrx_word' id='word_1_256' title='bbox 616 4221 792 4271; x_wconf 88' lang='lat' dir='ltr'><strong>tenas</strong></span> <span class='ocrx_word' id='word_1_257' title='bbox 856 4215 920 4269; x_wconf 92' lang='lat' dir='ltr'><strong>et</strong></span> <span class='ocrx_word' id='word_1_258' title='bbox 979 4203 1212 4269; x_wconf 76' lang='lat' dir='ltr'><strong>Altaria</strong></span> <span class='ocrx_word' id='word_1_259' title='bbox 1285 4214 1531 4269; x_wconf 86' lang='lat' dir='ltr'><strong>tantum</strong></span> <span class='ocrx_word' id='word_1_260' title='bbox 1593 4203 1951 4288; x_wconf 82' lang='lat' dir='ltr'><strong>portatilia,</strong></span> <span class='ocrx_word' id='word_1_261' title='bbox 2016 4204 2203 4268; x_wconf 89' lang='lat' dir='ltr'><strong>dum—</strong></span> 
     </span>
     <span class='ocr_line' id='line_1_46' title="bbox 613 4290 2205 4375; baseline -0.003 -16"><span class='ocrx_word' id='word_1_262' title='bbox 613 4293 806 4359; x_wconf 89' lang='lat' dir='ltr'><strong>modo</strong></span> <span class='ocrx_word' id='word_1_263' title='bbox 857 4302 1094 4373; x_wconf 89' lang='lat' dir='ltr'><strong>tamen,</strong></span> <span class='ocrx_word' id='word_1_264' title='bbox 1144 4290 1680 4375; x_wconf 81' lang='lat' dir='ltr'><strong>quotiescumque</strong></span> <span class='ocrx_word' id='word_1_265' title='bbox 1735 4290 1906 4356; x_wconf 85' lang='lat' dir='ltr'><strong>iuxta</strong></span> <span class='ocrx_word' id='word_1_266' title='bbox 1953 4291 2205 4356; x_wconf 83' lang='lat' dir='ltr'><strong>Pontifi-</strong></span> 
     </span>
     <span class='ocr_line' id='line_1_47' title="bbox 613 4379 2203 4461; baseline -0.003 -14"><span class='ocrx_word' id='word_1_267' title='bbox 613 4382 747 4448; x_wconf 90' lang='lat' dir='ltr'><strong>cale</strong></span> <span class='ocrx_word' id='word_1_268' title='bbox 795 4385 1146 4446; x_wconf 85' lang='lat' dir='ltr'><strong>Romanum</strong></span> <span class='ocrx_word' id='word_1_269' title='bbox 1193 4399 1362 4444; x_wconf 89' lang='lat' dir='ltr'><strong>sacra</strong></span> <span class='ocrx_word' id='word_1_270' title='bbox 1413 4383 1627 4445; x_wconf 91' lang='lat' dir='ltr'><strong>unctio</strong></span> <span class='ocrx_word' id='word_1_271' title='bbox 1676 4379 2035 4445; x_wconf 86' lang='lat' dir='ltr'><strong>adhibenda</strong></span> <span class='ocrx_word' id='word_1_272' title='bbox 2083 4388 2203 4461; x_wconf 91' lang='lat' dir='ltr'><strong>est,</strong></span> 
     </span>
     <span class='ocr_line' id='line_1_48' title="bbox 618 4466 2206 4551; baseline -0.004 -14"><span class='ocrx_word' id='word_1_273' title='bbox 618 4473 722 4537; x_wconf 80' lang='lat' dir='ltr'><strong>liat</strong></span> <span class='ocrx_word' id='word_1_274' title='bbox 768 4488 913 4535; x_wconf 89' lang='lat' dir='ltr'><strong>cum</strong></span> <span class='ocrx_word' id='word_1_275' title='bbox 975 4469 1142 4534; x_wconf 88' lang='lat' dir='ltr'><strong>Oleis</strong></span> <span class='ocrx_word' id='word_1_276' title='bbox 1189 4478 1254 4532; x_wconf 89' lang='lat' dir='ltr'><strong>et</strong></span> <span class='ocrx_word' id='word_1_277' title='bbox 1301 4467 1654 4534; x_wconf 82' lang='lat' dir='ltr'><strong>chrismate</strong></span> <span class='ocrx_word' id='word_1_278' title='bbox 1714 4467 1792 4531; x_wconf 89' lang='lat' dir='ltr'><strong>ab</strong></span> <span class='ocrx_word' id='word_1_279' title='bbox 1836 4466 2049 4551; x_wconf 89' lang='lat' dir='ltr'><strong>aliquo</strong></span> <span class='ocrx_word' id='word_1_280' title='bbox 2095 4470 2206 4531; x_wconf 88' lang='lat' dir='ltr'><strong>Ca-</strong></span> 
     </span>
     <span class='ocr_line' id='line_1_49' title="bbox 619 4554 2200 4624; baseline -0.006 0"><span class='ocrx_word' id='word_1_281' title='bbox 619 4557 856 4624; x_wconf 85' lang='lat' dir='ltr'><strong>tholico</strong></span> <span class='ocrx_word' id='word_1_282' title='bbox 917 4557 1214 4623; x_wconf 80' lang='lat' dir='ltr'><strong>Antistite</strong></span> <span class='ocrx_word' id='word_1_283' title='bbox 1276 4554 1635 4622; x_wconf 85' lang='lat' dir='ltr'><strong>benedictis</strong></span> <span class='ocrx_word' id='word_1_284' title='bbox 1689 4575 1804 4619; x_wconf 89' lang='lat' dir='ltr'><strong>seu</strong></span> <span class='ocrx_word' id='word_1_285' title='bbox 1869 4554 2200 4620; x_wconf 78' lang='lat' dir='ltr'><strong>conlectis.</strong></span> 
     </span>
     <span class='ocr_line' id='line_1_50' title="bbox 617 4644 2203 4730; baseline -0.003 -19"><span class='ocrx_word' id='word_1_286' title='bbox 617 4654 680 4712; x_wconf 88' lang='lat' dir='ltr'><strong>ln</strong></span> <span class='ocrx_word' id='word_1_287' title='bbox 727 4645 994 4730; x_wconf 89' lang='lat' dir='ltr'><strong>reliquis</strong></span> <span class='ocrx_word' id='word_1_288' title='bbox 1040 4654 1381 4710; x_wconf 89' lang='lat' dir='ltr'><strong>serventur</strong></span> <span class='ocrx_word' id='word_1_289' title='bbox 1427 4649 1727 4729; x_wconf 81' lang='lat' dir='ltr'><strong>Decreta3</strong></span> <span class='ocrx_word' id='word_1_290' title='bbox 1773 4644 1824 4709; x_wconf 92' lang='lat' dir='ltr'><strong>si</strong></span> <span class='ocrx_word' id='word_1_291' title='bbox 1858 4644 2053 4710; x_wconf 79' lang='grc' dir='ltr'>88ῶο</span> <span class='ocrx_word' id='word_1_292' title='bbox 2086 4647 2203 4708; x_wconf 93' lang='lat' dir='ltr'><strong>Do-</strong></span> 
     </span>
     <span class='ocr_line' id='line_1_51' title="bbox 615 4732 2206 4816; baseline -0.002 -17"><span class='ocrx_word' id='word_1_293' title='bbox 615 4734 788 4799; x_wconf 90' lang='lat' dir='ltr'><strong>mino</strong></span> <span class='ocrx_word' id='word_1_294' title='bbox 833 4736 1061 4798; x_wconf 91' lang='lat' dir='ltr'><strong>Nostro</strong></span> <span class='ocrx_word' id='word_1_295' title='bbox 1109 4733 1314 4798; x_wconf 90' lang='lat' dir='ltr'><strong>visum</strong></span> <span class='ocrx_word' id='word_1_296' title='bbox 1364 4733 1556 4799; x_wconf 77' lang='lat' dir='ltr'><strong>fuerit</strong></span> <span class='ocrx_word' id='word_1_297' title='bbox 1589 4752 1650 4795; x_wconf 62' lang='lat' dir='ltr'><strong>a.</strong></span> <span class='ocrx_word' id='word_1_298' title='bbox 1703 4732 1816 4798; x_wconf 93' lang='lat' dir='ltr'><strong>Die</strong></span> <span class='ocrx_word' id='word_1_299' title='bbox 1871 4734 1942 4796; x_wconf 93' lang='grc'><strong>11</strong></span> <span class='ocrx_word' id='word_1_300' title='bbox 1988 4734 2206 4816; x_wconf 81' lang='lat' dir='ltr'><strong>Augu-</strong></span> 
     </span>
     <span class='ocr_line' id='line_1_52' title="bbox 614 4822 942 4886; baseline 0.009 -3"><span class='ocrx_word' id='word_1_301' title='bbox 614 4822 691 4883; x_wconf 86' lang='lat' dir='ltr'><strong>sti</strong></span> <span class='ocrx_word' id='word_1_302' title='bbox 749 4823 942 4886; x_wconf 91' lang='grc'><strong>1770.</strong></span> 
     </span>
    </p>

    <p class='ocr_par' dir='ltr' id='par_1_6' title="bbox 617 4908 2208 5433">
     <span class='ocr_line' id='line_1_53' title="bbox 747 4908 2202 5061; baseline 0 -89"><span class='ocrx_word' id='word_1_303' title='bbox 747 4910 1058 4991; x_wconf 85' lang='lat' dir='ltr'><strong>Factaque</strong></span> <span class='ocrx_word' id='word_1_304' title='bbox 1105 4909 1344 4974; x_wconf 87' lang='lat' dir='ltr'><strong>deinde</strong></span> <span class='ocrx_word' id='word_1_305' title='bbox 1379 4928 1510 5061; x_wconf 55' lang='lat' dir='ltr'><strong>(per</strong></span> <span class='ocrx_word' id='word_1_306' title='bbox 1559 4927 1660 4972; x_wconf 86' lang='lat' dir='ltr'><strong>me</strong></span> <span class='ocrx_word' id='word_1_307' title='bbox 1733 4908 2202 4996; x_wconf 76' lang='lat' dir='ltr'><strong>infrascriptum</strong></span> 
     </span>
     <span class='ocr_line' id='line_1_54' title="bbox 617 4994 2205 5082; baseline 0.001 -22"><span class='ocrx_word' id='word_1_308' title='bbox 617 4994 1047 5060; x_wconf 88' lang='lat' dir='ltr'><strong>Secretarium</strong></span> <span class='ocrx_word' id='word_1_309' title='bbox 1096 4997 1175 5061; x_wconf 92' lang='lat' dir='ltr'><strong>de</strong></span> <span class='ocrx_word' id='word_1_310' title='bbox 1225 5016 1375 5082; x_wconf 89' lang='lat' dir='ltr'><strong>prae</strong></span> <span class='ocrx_word' id='word_1_311' title='bbox 1428 4996 1565 5061; x_wconf 87' lang='lat' dir='ltr'><strong>ictis</strong></span> <span class='ocrx_word' id='word_1_312' title='bbox 1612 4997 1826 5062; x_wconf 90' lang='lat' dir='ltr'><strong>eidem</strong></span> <span class='ocrx_word' id='word_1_313' title='bbox 1861 5000 2055 5064; x_wconf 78' lang='grc' dir='ltr'>88ῶο</span> <span class='ocrx_word' id='word_1_314' title='bbox 2086 4999 2205 5062; x_wconf 91' lang='lat' dir='ltr'><strong>Do·</strong></span> 
     </span>
     <span class='ocr_line' id='line_1_55' title="bbox 618 5080 2203 5166; baseline 0.001 -21"><span class='ocrx_word' id='word_1_315' title='bbox 618 5080 790 5146; x_wconf 87' lang='lat' dir='ltr'><strong>mino</strong></span> <span class='ocrx_word' id='word_1_316' title='bbox 850 5082 1078 5145; x_wconf 90' lang='lat' dir='ltr'><strong>Nostro</strong></span> <span class='ocrx_word' id='word_1_317' title='bbox 1140 5086 1488 5166; x_wconf 80' lang='lat' dir='ltr'><strong>relatione,</strong></span> <span class='ocrx_word' id='word_1_318' title='bbox 1541 5085 1847 5149; x_wconf 85' lang='lat' dir='ltr'><strong>Sanctitas</strong></span> <span class='ocrx_word' id='word_1_319' title='bbox 1907 5088 2030 5151; x_wconf 87' lang='lat' dir='ltr'><strong>Sua</strong></span> <span class='ocrx_word' id='word_1_320' title='bbox 2098 5086 2203 5148; x_wconf 90' lang='lat' dir='ltr'><strong>be·</strong></span> 
     </span>
     <span class='ocr_line' id='line_1_56' title="bbox 622 5168 2206 5256; baseline -0.001 -22"><span class='ocrx_word' id='word_1_321' title='bbox 622 5171 817 5253; x_wconf 82' lang='lat' dir='ltr'><strong>nigne</strong></span> <span class='ocrx_word' id='word_1_322' title='bbox 847 5168 1065 5234; x_wconf 87' lang='lat' dir='ltr'><strong>annuit</strong></span> <span class='ocrx_word' id='word_1_323' title='bbox 1102 5171 1163 5235; x_wconf 90' lang='lat' dir='ltr'><strong>in</strong></span> <span class='ocrx_word' id='word_1_324' title='bbox 1196 5171 1529 5245; x_wconf 85' lang='lat' dir='ltr'><strong>omnibus;</strong></span> <span class='ocrx_word' id='word_1_325' title='bbox 1570 5183 1632 5233; x_wconf 89' lang='lat' dir='ltr'><strong>et</strong></span> <span class='ocrx_word' id='word_1_326' title='bbox 1657 5171 1974 5237; x_wconf 86' lang='lat' dir='ltr'><strong>mandavit</strong></span> <span class='ocrx_word' id='word_1_327' title='bbox 2008 5189 2206 5256; x_wconf 83' lang='lat' dir='ltr'><strong>expe·</strong></span> 
     </span>
     <span class='ocr_line' id='line_1_57' title="bbox 619 5255 2208 5343; baseline -0.001 -20"><span class='ocrx_word' id='word_1_328' title='bbox 619 5258 738 5323; x_wconf 84' lang='lat' dir='ltr'><strong>diri</strong></span> <span class='ocrx_word' id='word_1_329' title='bbox 789 5277 909 5343; x_wconf 89' lang='lat' dir='ltr'><strong>per</strong></span> <span class='ocrx_word' id='word_1_330' title='bbox 939 5255 1201 5323; x_wconf 88' lang='lat' dir='ltr'><strong>Bullam.</strong></span> <span class='ocrx_word' id='word_1_331' title='bbox 1241 5259 1349 5324; x_wconf 90' lang='lat' dir='ltr'><strong>Die</strong></span> <span class='ocrx_word' id='word_1_332' title='bbox 1397 5261 1475 5323; x_wconf 86' lang='grc'>18</span> <span class='ocrx_word' id='word_1_333' title='bbox 1509 5257 1797 5323; x_wconf 86' lang='lat' dir='ltr'><strong>‹iusdem</strong></span> <span class='ocrx_word' id='word_1_334' title='bbox 1832 5258 2057 5322; x_wconf 80' lang='lat' dir='ltr'><strong>Mensis</strong></span> <span class='ocrx_word' id='word_1_335' title='bbox 2090 5262 2208 5322; x_wconf 82' lang='lat' dir='ltr'><strong>Au-</strong></span> 
     </span>
     <span class='ocr_line' id='line_1_58' title="bbox 619 5344 1350 5433; baseline -0.004 -22"><span class='ocrx_word' id='word_1_336' title='bbox 619 5345 784 5433; x_wconf 87' lang='lat' dir='ltr'><strong>gusti</strong></span> <span class='ocrx_word' id='word_1_337' title='bbox 835 5356 898 5409; x_wconf 87' lang='lat' dir='ltr'><strong>et</strong></span> <span class='ocrx_word' id='word_1_338' title='bbox 947 5344 1108 5408; x_wconf 80' lang='lat' dir='ltr'><strong>Anni</strong></span> <span class='ocrx_word' id='word_1_339' title='bbox 1162 5348 1350 5411; x_wconf 94' lang='grc'><strong>1770.</strong></span> 
     </span>
    </p>
   </div>
   <div class='ocr_carea' id='block_1_5' title="bbox 2296 417 3867 2348">
    <p class='ocr_par' dir='ltr' id='par_1_7' title="bbox 2313 417 3839 498">
     <span class='ocr_line' id='line_1_59' title="bbox 2313 417 3839 498; baseline -0.003 -12"><span class='ocrx_word' id='word_1_340' title='bbox 2313 420 2572 489; x_wconf 72' lang='lat'><strong>2489.</strong></span> <span class='ocrx_word' id='word_1_341' title='bbox 2918 417 3309 483; x_wconf 79' lang='lat' dir='ltr'><strong>CONCHEN.</strong></span> <span class='ocrx_word' id='word_1_342' title='bbox 3652 417 3839 498; x_wconf 58' lang='lat'><strong>(2353)</strong></span> 
     </span>
    </p>

    <p class='ocr_par' dir='ltr' id='par_1_8' title="bbox 2296 592 3867 2348">
     <span class='ocr_line' id='line_1_60' title="bbox 2427 592 3843 672; baseline -0.001 -14"><span class='ocrx_word' id='word_1_343' title='bbox 2427 593 2605 659; x_wconf 83' lang='lat' dir='ltr'><strong>Licet</strong></span> <span class='ocrx_word' id='word_1_344' title='bbox 2652 593 2802 656; x_wconf 85' lang='lat' dir='ltr'><strong>alias</strong></span> <span class='ocrx_word' id='word_1_345' title='bbox 2835 615 2863 655; x_wconf 87' lang='lat' dir='ltr'><strong>a</strong></span> <span class='ocrx_word' id='word_1_346' title='bbox 2899 594 2965 658; x_wconf 90' lang='lat' dir='ltr'><strong>S.</strong></span> <span class='ocrx_word' id='word_1_347' title='bbox 3004 596 3077 657; x_wconf 77' lang='lat' dir='ltr'><strong>R.</strong></span> <span class='ocrx_word' id='word_1_348' title='bbox 3114 596 3183 656; x_wconf 91' lang='lat' dir='ltr'><strong>C.</strong></span> <span class='ocrx_word' id='word_1_349' title='bbox 3223 593 3608 657; x_wconf 86' lang='lat' dir='ltr'><strong>declaratum</strong></span> <span class='ocrx_word' id='word_1_350' title='bbox 3656 592 3843 672; x_wconf 80' lang='lat' dir='ltr'><strong>fuerit,</strong></span> 
     </span>
     <span class='ocr_line' id='line_1_61' title="bbox 2299 680 3846 768; baseline 0 -22"><span class='ocrx_word' id='word_1_351' title='bbox 2299 695 2364 746; x_wconf 92' lang='lat' dir='ltr'><strong>et</strong></span> <span class='ocrx_word' id='word_1_352' title='bbox 2409 683 2738 768; x_wconf 77' lang='lat' dir='ltr'><strong>signanter</strong></span> <span class='ocrx_word' id='word_1_353' title='bbox 2783 681 2901 744; x_wconf 90' lang='lat' dir='ltr'><strong>sub</strong></span> <span class='ocrx_word' id='word_1_354' title='bbox 2951 681 3056 744; x_wconf 81' lang='lat' dir='ltr'><strong>die</strong></span> <span class='ocrx_word' id='word_1_355' title='bbox 3103 684 3185 745; x_wconf 87' lang='grc'><strong>27</strong></span> <span class='ocrx_word' id='word_1_356' title='bbox 3237 680 3627 764; x_wconf 83' lang='lat' dir='ltr'><strong>Septembris</strong></span> <span class='ocrx_word' id='word_1_357' title='bbox 3683 684 3846 758; x_wconf 80' lang='grc'>1608,</span> 
     </span>
     <span class='ocr_line' id='line_1_62' title="bbox 2302 767 3850 835; baseline -0.003 0"><span class='ocrx_word' id='word_1_358' title='bbox 2302 789 2524 835; x_wconf 89' lang='lat' dir='ltr'><strong>omnes</strong></span> <span class='ocrx_word' id='word_1_359' title='bbox 2571 769 2653 834; x_wconf 89' lang='lat' dir='ltr'><strong>de</strong></span> <span class='ocrx_word' id='word_1_360' title='bbox 2704 770 2894 834; x_wconf 90' lang='lat' dir='ltr'><strong>Clero</strong></span> <span class='ocrx_word' id='word_1_361' title='bbox 2942 767 3129 831; x_wconf 90' lang='lat' dir='ltr'><strong>etiam</strong></span> <span class='ocrx_word' id='word_1_362' title='bbox 3179 768 3525 833; x_wconf 88' lang='lat' dir='ltr'><strong>canonicos</strong></span> <span class='ocrx_word' id='word_1_363' title='bbox 3588 767 3850 834; x_wconf 84' lang='lat' dir='ltr'><strong>Euchari-</strong></span> 
     </span>
     <span class='ocr_line' id='line_1_63' title="bbox 2298 857 3852 923; baseline -0.003 -1"><span class='ocrx_word' id='word_1_364' title='bbox 2298 859 2481 923; x_wconf 87' lang='lat' dir='ltr'><strong>stiam</strong></span> <span class='ocrx_word' id='word_1_365' title='bbox 2528 876 2787 921; x_wconf 85' lang='lat' dir='ltr'><strong>sumere</strong></span> <span class='ocrx_word' id='word_1_366' title='bbox 2836 857 3083 921; x_wconf 86' lang='lat' dir='ltr'><strong>debere</strong></span> <span class='ocrx_word' id='word_1_367' title='bbox 3134 857 3215 921; x_wconf 88' lang='lat' dir='ltr'><strong>de</strong></span> <span class='ocrx_word' id='word_1_368' title='bbox 3262 875 3447 920; x_wconf 88' lang='lat' dir='ltr'><strong>manu</strong></span> <span class='ocrx_word' id='word_1_369' title='bbox 3499 857 3852 922; x_wconf 73' lang='lat' dir='ltr'><strong>Celebrantis</strong></span> 
     </span>
     <span class='ocr_line' id='line_1_64' title="bbox 2300 943 3854 1016; baseline -0.005 -5"><span class='ocrx_word' id='word_1_370' title='bbox 2300 946 2475 1011; x_wconf 79' lang='lat' dir='ltr'><strong>Feria</strong></span> <span class='ocrx_word' id='word_1_371' title='bbox 2511 948 2561 1010; x_wconf 88' lang='lat' dir='ltr'>V</span> <span class='ocrx_word' id='word_1_372' title='bbox 2598 947 2659 1009; x_wconf 89' lang='lat' dir='ltr'><strong>in</strong></span> <span class='ocrx_word' id='word_1_373' title='bbox 2694 949 2902 1010; x_wconf 90' lang='lat' dir='ltr'><strong>coena</strong></span> <span class='ocrx_word' id='word_1_374' title='bbox 2952 943 3236 1016; x_wconf 84' lang='lat' dir='ltr'><strong>Domini;</strong></span> <span class='ocrx_word' id='word_1_375' title='bbox 3289 955 3499 1009; x_wconf 88' lang='lat' dir='ltr'><strong>tamen</strong></span> <span class='ocrx_word' id='word_1_376' title='bbox 3532 944 3854 1009; x_wconf 76' lang='lat' dir='ltr'><strong>‘modernus</strong></span> 
     </span>
     <span class='ocr_line' id='line_1_65' title="bbox 2299 1031 3853 1121; baseline -0.004 -21"><span class='ocrx_word' id='word_1_377' title='bbox 2299 1035 2654 1121; x_wconf 87' lang='lat' dir='ltr'><strong>Episcopus</strong></span> <span class='ocrx_word' id='word_1_378' title='bbox 2699 1031 3090 1099; x_wconf 81' lang='lat' dir='ltr'><strong>conchensis</strong></span> <span class='ocrx_word' id='word_1_379' title='bbox 3137 1031 3377 1096; x_wconf 89' lang='lat' dir='ltr'><strong>certior</strong></span> <span class='ocrx_word' id='word_1_380' title='bbox 3436 1032 3667 1110; x_wconf 79' lang='lat' dir='ltr'><strong>sactus,</strong></span> <span class='ocrx_word' id='word_1_381' title='bbox 3710 1032 3853 1116; x_wconf 85' lang='lat' dir='ltr'><strong>quod</strong></span> 
     </span>
     <span class='ocr_line' id='line_1_66' title="bbox 2296 1118 3854 1204; baseline -0.004 -17"><span class='ocrx_word' id='word_1_382' title='bbox 2296 1124 2359 1187; x_wconf 90' lang='lat' dir='ltr'><strong>in</strong></span> <span class='ocrx_word' id='word_1_383' title='bbox 2393 1121 2692 1187; x_wconf 88' lang='lat' dir='ltr'><strong>Ecclesiis</strong></span> <span class='ocrx_word' id='word_1_384' title='bbox 2725 1139 2873 1186; x_wconf 83' lang='lat' dir='ltr'><strong>suae</strong></span> <span class='ocrx_word' id='word_1_385' title='bbox 2910 1118 3227 1184; x_wconf 88' lang='lat' dir='ltr'><strong>Dioecesis</strong></span> <span class='ocrx_word' id='word_1_386' title='bbox 3262 1119 3415 1184; x_wconf 83' lang='lat' dir='ltr'><strong>baec</strong></span> <span class='ocrx_word' id='word_1_387' title='bbox 3447 1120 3759 1204; x_wconf 87' lang='lat' dir='ltr'><strong>dispositio</strong></span> <span class='ocrx_word' id='word_1_388' title='bbox 3787 1120 3854 1183; x_wconf 85' lang='lat' dir='ltr'><strong>de</strong></span> 
     </span>
     <span class='ocr_line' id='line_1_67' title="bbox 2298 1206 3855 1277; baseline -0.006 0"><span class='ocrx_word' id='word_1_389' title='bbox 2298 1209 2764 1277; x_wconf 90' lang='lat' dir='ltr'><strong>Communione</strong></span> <span class='ocrx_word' id='word_1_390' title='bbox 2833 1207 3143 1272; x_wconf 87' lang='lat' dir='ltr'><strong>sumenda</strong></span> <span class='ocrx_word' id='word_1_391' title='bbox 3219 1206 3394 1272; x_wconf 87' lang='lat' dir='ltr'><strong>Feria</strong></span> <span class='ocrx_word' id='word_1_392' title='bbox 3449 1211 3497 1273; x_wconf 88' lang='lat' dir='ltr'>V</span> <span class='ocrx_word' id='word_1_393' title='bbox 3570 1208 3629 1273; x_wconf 90' lang='lat' dir='ltr'><strong>in</strong></span> <span class='ocrx_word' id='word_1_394' title='bbox 3679 1211 3855 1274; x_wconf 86' lang='lat' dir='ltr'><strong>Coena</strong></span> 
     </span>
     <span class='ocr_line' id='line_1_68' title="bbox 2302 1294 3858 1381; baseline -0.004 -17"><span class='ocrx_word' id='word_1_395' title='bbox 2302 1299 2556 1364; x_wconf 88' lang='lat' dir='ltr'><strong>Domini·</strong></span> <span class='ocrx_word' id='word_1_396' title='bbox 2599 1316 2726 1363; x_wconf 94' lang='lat' dir='ltr'><strong>non</strong></span> <span class='ocrx_word' id='word_1_397' title='bbox 2759 1294 3240 1376; x_wconf 70' lang='lat' dir='ltr'><strong>observabatur,</strong></span> <span class='ocrx_word' id='word_1_398' title='bbox 3274 1297 3579 1381; x_wconf 89' lang='lat' dir='ltr'><strong>quodque</strong></span> <span class='ocrx_word' id='word_1_399' title='bbox 3612 1296 3858 1381; x_wconf 67' lang='lat' dir='ltr'><strong>privatae</strong></span> 
     </span>
     <span class='ocr_line' id='line_1_69' title="bbox 2300 1383 3859 1468; baseline -0.003 -16"><span class='ocrx_word' id='word_1_400' title='bbox 2300 1386 2491 1452; x_wconf 86' lang='lat' dir='ltr'><strong>etiam</strong></span> <span class='ocrx_word' id='word_1_401' title='bbox 2560 1385 2778 1450; x_wconf 76' lang='lat' dir='ltr'><strong>Missae</strong></span> <span class='ocrx_word' id='word_1_402' title='bbox 2840 1403 2913 1448; x_wconf 88' lang='lat' dir='ltr'><strong>ea</strong></span> <span class='ocrx_word' id='word_1_403' title='bbox 2979 1384 3081 1448; x_wconf 88' lang='lat' dir='ltr'><strong>die</strong></span> <span class='ocrx_word' id='word_1_404' title='bbox 3140 1383 3662 1458; x_wconf 88' lang='lat' dir='ltr'><strong>celebrabantur;</strong></span> <span class='ocrx_word' id='word_1_405' title='bbox 3710 1402 3859 1468; x_wconf 82' lang='lat' dir='ltr'><strong>prae-</strong></span> 
     </span>
     <span class='ocr_line' id='line_1_70' title="bbox 2298 1470 3859 1561; baseline -0.003 -22"><span class='ocrx_word' id='word_1_406' title='bbox 2298 1476 2472 1561; x_wconf 87' lang='lat' dir='ltr'><strong>cepit</strong></span> <span class='ocrx_word' id='word_1_407' title='bbox 2519 1472 2693 1538; x_wconf 90' lang='lat' dir='ltr'><strong>omni</strong></span> <span class='ocrx_word' id='word_1_408' title='bbox 2740 1473 2927 1539; x_wconf 89' lang='lat' dir='ltr'><strong>Clero</strong></span> <span class='ocrx_word' id='word_1_409' title='bbox 2974 1470 3071 1535; x_wconf 90' lang='lat' dir='ltr'><strong>sui</strong></span> <span class='ocrx_word' id='word_1_410' title='bbox 3106 1470 3549 1558; x_wconf 82' lang='lat' dir='ltr'><strong>Episcopatus,</strong></span> <span class='ocrx_word' id='word_1_411' title='bbox 3586 1472 3735 1536; x_wconf 92' lang='lat' dir='ltr'><strong>utin</strong></span> <span class='ocrx_word' id='word_1_412' title='bbox 3768 1491 3859 1555; x_wconf 88' lang='lat' dir='ltr'><strong>po·</strong></span> 
     </span>
     <span class='ocr_line' id='line_1_71' title="bbox 2298 1559 3859 1644; baseline -0.003 -17"><span class='ocrx_word' id='word_1_413' title='bbox 2298 1575 2546 1627; x_wconf 88' lang='lat' dir='ltr'><strong>sterum</strong></span> <span class='ocrx_word' id='word_1_414' title='bbox 2599 1574 2719 1626; x_wconf 91' lang='lat' dir='ltr'><strong>tam</strong></span> <span class='ocrx_word' id='word_1_415' title='bbox 2768 1571 3016 1625; x_wconf 86' lang='lat' dir='ltr'><strong>sanctas</strong></span> <span class='ocrx_word' id='word_1_416' title='bbox 3067 1560 3246 1644; x_wconf 88' lang='lat' dir='ltr'><strong>leges</strong></span> <span class='ocrx_word' id='word_1_417' title='bbox 3276 1570 3341 1623; x_wconf 88' lang='lat' dir='ltr'><strong>et</strong></span> <span class='ocrx_word' id='word_1_418' title='bbox 3375 1561 3655 1625; x_wconf 86' lang='lat' dir='ltr'><strong>mandata</strong></span> <span class='ocrx_word' id='word_1_419' title='bbox 3694 1559 3859 1624; x_wconf 86' lang='lat' dir='ltr'><strong>adim·</strong></span> 
     </span>
     <span class='ocr_line' id='line_1_72' title="bbox 2300 1646 3861 1736; baseline -0.004 -21"><span class='ocrx_word' id='word_1_420' title='bbox 2300 1650 2587 1736; x_wconf 90' lang='lat' dir='ltr'><strong>plerent.</strong></span> <span class='ocrx_word' id='word_1_421' title='bbox 2640 1652 2906 1730; x_wconf 90' lang='lat' dir='ltr'><strong>Verum,</strong></span> <span class='ocrx_word' id='word_1_422' title='bbox 2942 1649 3232 1733; x_wconf 88' lang='lat' dir='ltr'><strong>quamvis</strong></span> <span class='ocrx_word' id='word_1_423' title='bbox 3281 1646 3655 1732; x_wconf 88' lang='lat' dir='ltr'><strong>dispositum</strong></span> <span class='ocrx_word' id='word_1_424' title='bbox 3702 1647 3861 1712; x_wconf 77' lang='lat' dir='ltr'><strong>fuerit</strong></span> 
     </span>
     <span class='ocr_line' id='line_1_73' title="bbox 2298 1734 3864 1823; baseline -0.004 -21"><span class='ocrx_word' id='word_1_425' title='bbox 2298 1762 2329 1802; x_wconf 90' lang='lat' dir='ltr'><strong>a</strong></span> <span class='ocrx_word' id='word_1_426' title='bbox 2379 1738 2697 1823; x_wconf 87' lang='lat' dir='ltr'><strong>capitulo,</strong></span> <span class='ocrx_word' id='word_1_427' title='bbox 2734 1747 2805 1801; x_wconf 88' lang='lat' dir='ltr'><strong>ut</strong></span> <span class='ocrx_word' id='word_1_428' title='bbox 2854 1738 2917 1801; x_wconf 91' lang='lat' dir='ltr'><strong>in</strong></span> <span class='ocrx_word' id='word_1_429' title='bbox 2966 1736 3246 1801; x_wconf 84' lang='lat' dir='ltr'><strong>Ecclesia</strong></span> <span class='ocrx_word' id='word_1_430' title='bbox 3288 1735 3645 1801; x_wconf 70' lang='lat' dir='ltr'><strong>cathedrali</strong></span> <span class='ocrx_word' id='word_1_431' title='bbox 3679 1734 3864 1800; x_wconf 74' lang='lat' dir='ltr'><strong>nissae</strong></span> 
     </span>
     <span class='ocr_line' id='line_1_74' title="bbox 2302 1821 3860 1910; baseline -0.004 -19"><span class='ocrx_word' id='word_1_432' title='bbox 2302 1828 2584 1910; x_wconf 82' lang='lat' dir='ltr'><strong>privatae</strong></span> <span class='ocrx_word' id='word_1_433' title='bbox 2645 1845 2724 1889; x_wconf 92' lang='lat' dir='ltr'><strong>eo</strong></span> <span class='ocrx_word' id='word_1_434' title='bbox 2784 1824 2889 1890; x_wconf 84' lang='lat' dir='ltr'><strong>die</strong></span> <span class='ocrx_word' id='word_1_435' title='bbox 2952 1842 3080 1889; x_wconf 92' lang='lat' dir='ltr'><strong>non</strong></span> <span class='ocrx_word' id='word_1_436' title='bbox 3151 1821 3672 1903; x_wconf 85' lang='lat' dir='ltr'><strong>celebrarentur,</strong></span> <span class='ocrx_word' id='word_1_437' title='bbox 3718 1825 3860 1906; x_wconf 88' lang='lat' dir='ltr'><strong>quod</strong></span> 
     </span>
     <span class='ocr_line' id='line_1_75' title="bbox 2299 1911 3863 1999; baseline -0.004 -19"><span class='ocrx_word' id='word_1_438' title='bbox 2299 1915 2567 1999; x_wconf 89' lang='lat' dir='ltr'><strong>quidem</strong></span> <span class='ocrx_word' id='word_1_439' title='bbox 2639 1933 2802 1979; x_wconf 88' lang='lat' dir='ltr'><strong>anno</strong></span> <span class='ocrx_word' id='word_1_440' title='bbox 2871 1912 3218 1997; x_wconf 82' lang='lat' dir='ltr'><strong>praeterito</strong></span> <span class='ocrx_word' id='word_1_441' title='bbox 3279 1911 3400 1976; x_wconf 78' lang='lat' dir='ltr'><strong>suit</strong></span> <span class='ocrx_word' id='word_1_442' title='bbox 3462 1913 3863 1990; x_wconf 85' lang='lat' dir='ltr'><strong>observatum,</strong></span> 
     </span>
     <span class='ocr_line' id='line_1_76' title="bbox 2302 1998 3867 2089; baseline -0.004 -21"><span class='ocrx_word' id='word_1_443' title='bbox 2302 2014 2603 2089; x_wconf 84' lang='lat' dir='ltr'><strong>respectu</strong></span> <span class='ocrx_word' id='word_1_444' title='bbox 2652 2011 2866 2067; x_wconf 86' lang='lat' dir='ltr'><strong>tamen</strong></span> <span class='ocrx_word' id='word_1_445' title='bbox 2910 1999 3393 2066; x_wconf 74' lang='lat' dir='ltr'><strong>communionis</strong></span> <span class='ocrx_word' id='word_1_446' title='bbox 3432 1998 3497 2063; x_wconf 91' lang='lat' dir='ltr'><strong>in</strong></span> <span class='ocrx_word' id='word_1_447' title='bbox 3531 2000 3701 2065; x_wconf 80' lang='lat' dir='ltr'><strong>Missa</strong></span> <span class='ocrx_word' id='word_1_448' title='bbox 3732 2003 3867 2065; x_wconf 90' lang='lat' dir='ltr'><strong>Con-</strong></span> 
     </span>
     <span class='ocr_line' id='line_1_77' title="bbox 2302 2086 3867 2175; baseline -0.003 -20"><span class='ocrx_word' id='word_1_449' title='bbox 2302 2091 2584 2156; x_wconf 87' lang='lat' dir='ltr'><strong>ventuali</strong></span> <span class='ocrx_word' id='word_1_450' title='bbox 2636 2089 2999 2169; x_wconf 77' lang='lat' dir='ltr'><strong>faciendae,</strong></span> <span class='ocrx_word' id='word_1_451' title='bbox 3064 2089 3229 2151; x_wconf 84' lang='lat' dir='ltr'><strong>varia</strong></span> <span class='ocrx_word' id='word_1_452' title='bbox 3280 2086 3399 2152; x_wconf 78' lang='lat' dir='ltr'><strong>fuit</strong></span> <span class='ocrx_word' id='word_1_453' title='bbox 3454 2087 3867 2175; x_wconf 81' lang='lat' dir='ltr'><strong>capitularium</strong></span> 
     </span>
     <span class='ocr_line' id='line_1_78' title="bbox 2303 2175 3866 2267; baseline -0.005 -23"><span class='ocrx_word' id='word_1_454' title='bbox 2303 2180 2560 2267; x_wconf 90' lang='lat' dir='ltr'><strong>opinio;</strong></span> <span class='ocrx_word' id='word_1_455' title='bbox 2630 2188 2922 2265; x_wconf 88' lang='lat' dir='ltr'><strong>putantes</strong></span> <span class='ocrx_word' id='word_1_456' title='bbox 2985 2175 3156 2241; x_wconf 89' lang='lat' dir='ltr'><strong>enim</strong></span> <span class='ocrx_word' id='word_1_457' title='bbox 3216 2175 3511 2240; x_wconf 90' lang='lat' dir='ltr'><strong>nonnulli</strong></span> <span class='ocrx_word' id='word_1_458' title='bbox 3572 2176 3688 2241; x_wconf 86' lang='lat' dir='ltr'><strong>hoc</strong></span> <span class='ocrx_word' id='word_1_459' title='bbox 3751 2193 3866 2240; x_wconf 78' lang='lat' dir='ltr'><strong>esse</strong></span> 
     </span>
     <span class='ocr_line' id='line_1_79' title="bbox 2299 2262 3866 2348; baseline -0.006 -15"><span class='ocrx_word' id='word_1_460' title='bbox 2299 2268 2670 2333; x_wconf 88' lang='lat' dir='ltr'><strong>mandatum</strong></span> <span class='ocrx_word' id='word_1_461' title='bbox 2719 2282 2957 2331; x_wconf 88' lang='lat' dir='ltr'><strong>novum</strong></span> <span class='ocrx_word' id='word_1_462' title='bbox 3008 2265 3299 2329; x_wconf 88' lang='lat' dir='ltr'><strong>eiusdem</strong></span> <span class='ocrx_word' id='word_1_463' title='bbox 3360 2262 3698 2348; x_wconf 89' lang='lat' dir='ltr'><strong>Episcopi,</strong></span> <span class='ocrx_word' id='word_1_464' title='bbox 3745 2263 3866 2328; x_wconf 83' lang='lat' dir='ltr'><strong>huic</strong></span> 
     </span>
    </p>
   </div>
   <div class='ocr_carea' id='block_1_6' title="bbox 2300 2335 3985 2442">
    <p class='ocr_par' dir='ltr' id='par_1_9' title="bbox 2300 2335 3985 2442">
     <span class='ocr_line' id='line_1_80' title="bbox 2300 2335 3985 2442; baseline -0.005 -20"><span class='ocrx_word' id='word_1_465' title='bbox 2300 2356 2712 2442; x_wconf 83' lang='lat' dir='ltr'><strong>acquiescere</strong></span> <span class='ocrx_word' id='word_1_466' title='bbox 2740 2353 3007 2418; x_wconf 89' lang='lat' dir='ltr'><strong>minime</strong></span> <span class='ocrx_word' id='word_1_467' title='bbox 3032 2352 3405 2416; x_wconf 88' lang='lat' dir='ltr'><strong>voluerunt.</strong></span> <span class='ocrx_word' id='word_1_468' title='bbox 3434 2356 3650 2437; x_wconf 87' lang='lat' dir='ltr'><strong>itaque</strong></span> <span class='ocrx_word' id='word_1_469' title='bbox 3676 2352 3747 2417; x_wconf 90' lang='lat' dir='ltr'><strong>ad</strong></span> <span class='ocrx_word' id='word_1_470' title='bbox 3771 2369 3872 2416; x_wconf 88' lang='lat' dir='ltr'><strong>ma·</strong></span> <span class='ocrx_word' id='word_1_471' title='bbox 3984 2335 3985 2340; x_wconf 6' lang='grc' dir='ltr'>ἵ</span> 
     </span>
    </p>
   </div>
   <div class='ocr_carea' id='block_1_7' title="bbox 2297 2438 3875 2791">
    <p class='ocr_par' dir='ltr' id='par_1_10' title="bbox 2297 2438 3875 2791">
     <span class='ocr_line' id='line_1_81' title="bbox 2304 2438 3872 2529; baseline -0.005 -20"><span class='ocrx_word' id='word_1_472' title='bbox 2304 2448 2507 2509; x_wconf 88' lang='lat' dir='ltr'><strong>iorem</strong></span> <span class='ocrx_word' id='word_1_473' title='bbox 2546 2456 2668 2507; x_wconf 88' lang='lat' dir='ltr'><strong>tam</strong></span> <span class='ocrx_word' id='word_1_474' title='bbox 2698 2441 3000 2529; x_wconf 87' lang='lat' dir='ltr'><strong>Episcopi</strong></span> <span class='ocrx_word' id='word_1_475' title='bbox 3031 2458 3221 2524; x_wconf 89' lang='lat' dir='ltr'><strong>quam</strong></span> <span class='ocrx_word' id='word_1_476' title='bbox 3260 2439 3454 2504; x_wconf 89' lang='lat' dir='ltr'><strong>totius</strong></span> <span class='ocrx_word' id='word_1_477' title='bbox 3482 2438 3752 2527; x_wconf 89' lang='lat' dir='ltr'><strong>Capituli</strong></span> <span class='ocrx_word' id='word_1_478' title='bbox 3780 2442 3872 2503; x_wconf 85' lang='lat' dir='ltr'><strong>Ec·</strong></span> 
     </span>
     <span class='ocr_line' id='line_1_82' title="bbox 2300 2527 3869 2613; baseline -0.005 -15"><span class='ocrx_word' id='word_1_479' title='bbox 2300 2532 2534 2598; x_wconf 89' lang='lat' dir='ltr'><strong>clesiae</strong></span> <span class='ocrx_word' id='word_1_480' title='bbox 2557 2529 2959 2597; x_wconf 84' lang='lat' dir='ltr'><strong>cathedralis</strong></span> <span class='ocrx_word' id='word_1_481' title='bbox 2989 2527 3401 2593; x_wconf 87' lang='lat' dir='ltr'><strong>securitatem</strong></span> <span class='ocrx_word' id='word_1_482' title='bbox 3430 2531 3602 2613; x_wconf 87' lang='lat' dir='ltr'><strong>apud</strong></span> <span class='ocrx_word' id='word_1_483' title='bbox 3639 2530 3700 2593; x_wconf 89' lang='lat' dir='ltr'><strong>S.</strong></span> <span class='ocrx_word' id='word_1_484' title='bbox 3723 2530 3790 2592; x_wconf 83' lang='lat' dir='ltr'><strong>R.</strong></span> <span class='ocrx_word' id='word_1_485' title='bbox 3809 2529 3869 2590; x_wconf 84' lang='lat' dir='ltr'><strong>c.</strong></span> 
     </span>
     <span class='ocr_line' id='line_1_83' title="bbox 2297 2615 3869 2707; baseline -0.004 -21"><span class='ocrx_word' id='word_1_486' title='bbox 2297 2619 2732 2707; x_wconf 87' lang='lat' dir='ltr'><strong>supplicatum</strong></span> <span class='ocrx_word' id='word_1_487' title='bbox 2786 2618 2929 2698; x_wconf 77' lang='lat' dir='ltr'><strong>luit,</strong></span> <span class='ocrx_word' id='word_1_488' title='bbox 2980 2629 3052 2681; x_wconf 89' lang='lat' dir='ltr'><strong>ut</strong></span> <span class='ocrx_word' id='word_1_489' title='bbox 3098 2615 3429 2682; x_wconf 86' lang='lat' dir='ltr'><strong>declarare</strong></span> <span class='ocrx_word' id='word_1_490' title='bbox 3477 2616 3869 2701; x_wconf 77' lang='lat' dir='ltr'><strong>dignaretur:</strong></span> 
     </span>
     <span class='ocr_line' id='line_1_84' title="bbox 2298 2702 3875 2791; baseline -0.006 -18"><span class='ocrx_word' id='word_1_491' title='bbox 2298 2712 2394 2773; x_wconf 81' lang='lat' dir='ltr'><strong>An</strong></span> <span class='ocrx_word' id='word_1_492' title='bbox 2444 2708 2814 2791; x_wconf 86' lang='lat' dir='ltr'><strong>Dignitates,</strong></span> <span class='ocrx_word' id='word_1_493' title='bbox 2867 2704 3192 2782; x_wconf 89' lang='lat' dir='ltr'><strong>canonici,</strong></span> <span class='ocrx_word' id='word_1_494' title='bbox 3246 2705 3622 2769; x_wconf 89' lang='lat' dir='ltr'><strong>Portionarii</strong></span> <span class='ocrx_word' id='word_1_495' title='bbox 3671 2702 3875 2768; x_wconf 87' lang='lat' dir='ltr'><strong>ceteri-</strong></span> 
     </span>
    </p>
   </div>
   <div class='ocr_carea' id='block_1_8' title="bbox 2298 2785 3985 2950">
    <p class='ocr_par' dir='ltr' id='par_1_11' title="bbox 2298 2785 3985 2950">
     <span class='ocr_line' id='line_1_85' title="bbox 2298 2785 3985 2883; baseline -0.005 -22"><span class='ocrx_word' id='word_1_496' title='bbox 2298 2815 2428 2883; x_wconf 87' lang='lat' dir='ltr'><strong>que</strong></span> <span class='ocrx_word' id='word_1_497' title='bbox 2476 2794 2840 2860; x_wconf 87' lang='lat' dir='ltr'><strong>Beneficiati</strong></span> <span class='ocrx_word' id='word_1_498' title='bbox 2896 2792 3219 2858; x_wconf 86' lang='lat' dir='ltr'><strong>Ecclesiae</strong></span> <span class='ocrx_word' id='word_1_499' title='bbox 3280 2790 3678 2858; x_wconf 84' lang='lat' dir='ltr'><strong>cathedralis</strong></span> <span class='ocrx_word' id='word_1_500' title='bbox 3736 2795 3876 2857; x_wconf 87' lang='lat' dir='ltr'><strong>Con·</strong></span> <span class='ocrx_word' id='word_1_501' title='bbox 3984 2785 3985 2840; x_wconf 55' lang='grc' dir='ltr'><strong>ἴ</strong></span> 
     </span>
     <span class='ocr_line' id='line_1_86' title="bbox 2300 2879 3985 2950; baseline -0.007 0"><span class='ocrx_word' id='word_1_502' title='bbox 2300 2883 2554 2950; x_wconf 81' lang='lat' dir='ltr'><strong>chensis</strong></span> <span class='ocrx_word' id='word_1_503' title='bbox 2605 2893 2945 2947; x_wconf 87' lang='lat' dir='ltr'><strong>teneantur</strong></span> <span class='ocrx_word' id='word_1_504' title='bbox 2992 2884 3243 2946; x_wconf 83' lang='lat' dir='ltr'><strong>Sacram</strong></span> <span class='ocrx_word' id='word_1_505' title='bbox 3294 2879 3752 2945; x_wconf 84' lang='lat' dir='ltr'><strong>Eucharistiam</strong></span> <span class='ocrx_word' id='word_1_506' title='bbox 3797 2897 3876 2940; x_wconf 85' lang='lat' dir='ltr'><strong>ac·</strong></span> <span class='ocrx_word' id='word_1_507' title='bbox 3984 2909 3985 2940; x_wconf 57' lang='lat' dir='ltr'>fi</span> 
     </span>
    </p>
   </div>
   <div class='ocr_carea' id='block_1_9' title="bbox 2299 2967 3880 3137">
    <p class='ocr_par' dir='ltr' id='par_1_12' title="bbox 2299 2967 3880 3137">
     <span class='ocr_line' id='line_1_87' title="bbox 2299 2967 3880 3062; baseline -0.006 -24"><span class='ocrx_word' id='word_1_508' title='bbox 2299 2974 2521 3059; x_wconf 87' lang='lat' dir='ltr'><strong>cipere</strong></span> <span class='ocrx_word' id='word_1_509' title='bbox 2572 2971 2654 3036; x_wconf 87' lang='lat' dir='ltr'><strong>de</strong></span> <span class='ocrx_word' id='word_1_510' title='bbox 2702 2990 2891 3036; x_wconf 91' lang='lat' dir='ltr'><strong>manu</strong></span> <span class='ocrx_word' id='word_1_511' title='bbox 2939 2967 3337 3037; x_wconf 86' lang='lat' dir='ltr'><strong>celebrantis</strong></span> <span class='ocrx_word' id='word_1_512' title='bbox 3387 2968 3449 3033; x_wconf 89' lang='lat' dir='ltr'><strong>in</strong></span> <span class='ocrx_word' id='word_1_513' title='bbox 3498 2968 3676 3034; x_wconf 77' lang='lat' dir='ltr'><strong>Missa</strong></span> <span class='ocrx_word' id='word_1_514' title='bbox 3741 2969 3880 3062; x_wconf 52' lang='lat' dir='ltr'><strong>conj</strong></span> 
     </span>
     <span class='ocr_line' id='line_1_88' title="bbox 2302 3056 3878 3137; baseline -0.008 -11"><span class='ocrx_word' id='word_1_515' title='bbox 2302 3059 2587 3126; x_wconf 90' lang='lat' dir='ltr'><strong>ventuali</strong></span> <span class='ocrx_word' id='word_1_516' title='bbox 2638 3058 2851 3124; x_wconf 80' lang='lat' dir='ltr'><strong>Feriae</strong></span> <span class='ocrx_word' id='word_1_517' title='bbox 2902 3061 2952 3124; x_wconf 86' lang='lat' dir='ltr'>V</span> <span class='ocrx_word' id='word_1_518' title='bbox 3001 3057 3063 3122; x_wconf 90' lang='lat' dir='ltr'><strong>in</strong></span> <span class='ocrx_word' id='word_1_519' title='bbox 3113 3061 3324 3122; x_wconf 87' lang='lat' dir='ltr'><strong>Coena</strong></span> <span class='ocrx_word' id='word_1_520' title='bbox 3371 3056 3668 3137; x_wconf 87' lang='lat' dir='ltr'><strong>Domini,</strong></span> <span class='ocrx_word' id='word_1_521' title='bbox 3716 3056 3878 3118; x_wconf 79' lang='lat' dir='ltr'><strong>sicuti</strong></span> 
     </span>
    </p>
   </div>
   <div class='ocr_carea' id='block_1_10' title="bbox 2300 3140 3985 3323">
    <p class='ocr_par' dir='ltr' id='par_1_13' title="bbox 2300 3140 3985 3323">
     <span class='ocr_line' id='line_1_89' title="bbox 2302 3140 3985 3221; baseline -0.011 -3"><span class='ocrx_word' id='word_1_522' title='bbox 2302 3148 2542 3214; x_wconf 75' lang='lat' dir='ltr'><strong>iaciunt</strong></span> <span class='ocrx_word' id='word_1_523' title='bbox 2612 3148 2810 3212; x_wconf 87' lang='lat' dir='ltr'><strong>ceteri</strong></span> <span class='ocrx_word' id='word_1_524' title='bbox 2875 3147 2953 3212; x_wconf 87' lang='lat' dir='ltr'><strong>de</strong></span> <span class='ocrx_word' id='word_1_525' title='bbox 3018 3146 3210 3211; x_wconf 90' lang='lat' dir='ltr'><strong>clero</strong></span> <span class='ocrx_word' id='word_1_526' title='bbox 3260 3145 3323 3209; x_wconf 91' lang='lat' dir='ltr'><strong>in</strong></span> <span class='ocrx_word' id='word_1_527' title='bbox 3367 3145 3498 3209; x_wconf 91' lang='lat' dir='ltr'><strong>suis</strong></span> <span class='ocrx_word' id='word_1_528' title='bbox 3562 3140 3879 3221; x_wconf 86' lang='lat' dir='ltr'><strong>Parocbiis,</strong></span> <span class='ocrx_word' id='word_1_529' title='bbox 3984 3144 3985 3159; x_wconf 64' lang='lat'>¹</span> 
     </span>
     <span class='ocr_line' id='line_1_90' title="bbox 2300 3226 3985 3323; baseline -0.02 1"><span class='ocrx_word' id='word_1_530' title='bbox 2300 3236 2454 3323; x_wconf 68' lang='lat' dir='ltr'>‘1¹¹5ss</span> <span class='ocrx_word' id='word_1_531' title='bbox 2507 3239 2568 3300; x_wconf 69' lang='lat' dir='ltr'><strong>in</strong></span> <span class='ocrx_word' id='word_1_532' title='bbox 2622 3247 2951 3321; x_wconf 88' lang='lat' dir='ltr'><strong>posterum</strong></span> <span class='ocrx_word' id='word_1_533' title='bbox 3003 3234 3189 3298; x_wconf 89' lang='lat' dir='ltr'><strong>liceat</strong></span> <span class='ocrx_word' id='word_1_534' title='bbox 3238 3234 3478 3320; x_wconf 84' lang='lat' dir='ltr'><strong>privata</strong></span> <span class='ocrx_word' id='word_1_535' title='bbox 3531 3232 3749 3301; x_wconf 81' lang='lat' dir='ltr'><strong>Missae</strong></span> <span class='ocrx_word' id='word_1_536' title='bbox 3793 3232 3880 3295; x_wconf 79' lang='lat' dir='ltr'><strong>Sa·</strong></span> <span class='ocrx_word' id='word_1_537' title='bbox 3984 3226 3985 3269; x_wconf 65' lang='grc' dir='ltr'>ἶ</span> 
     </span>
    </p>
   </div>
   <div class='ocr_carea' id='block_1_11' title="bbox 2302 3319 2974 3390">
    <p class='ocr_par' dir='ltr' id='par_1_14' title="bbox 2302 3319 2974 3390">
     <span class='ocr_line' id='line_1_91' title="bbox 2302 3319 2974 3390; baseline -0.006 -1"><span class='ocrx_word' id='word_1_538' title='bbox 2302 3322 2537 3390; x_wconf 87' lang='lat' dir='ltr'><strong>crificia</strong></span> <span class='ocrx_word' id='word_1_539' title='bbox 2587 3322 2919 3388; x_wconf 90' lang='lat' dir='ltr'><strong>celebrare</strong></span> <span class='ocrx_word' id='word_1_540' title='bbox 2942 3319 2974 3385; x_wconf 66' lang='grc' dir='ltr'><strong>’ἓ</strong></span> 
     </span>
    </p>
   </div>
   <div class='ocr_carea' id='block_1_12' title="bbox 2437 3402 3985 3476">
    <p class='ocr_par' dir='ltr' id='par_1_15' title="bbox 2437 3402 3985 3476">
     <span class='ocr_line' id='line_1_92' title="bbox 2437 3402 3985 3476; baseline -0.008 -1"><span class='ocrx_word' id='word_1_541' title='bbox 2437 3414 2517 3475; x_wconf 91' lang='lat' dir='ltr'><strong>Et</strong></span> <span class='ocrx_word' id='word_1_542' title='bbox 2543 3414 2605 3475; x_wconf 91' lang='lat' dir='ltr'><strong>S.</strong></span> <span class='ocrx_word' id='word_1_543' title='bbox 2635 3414 2707 3475; x_wconf 85' lang='lat' dir='ltr'><strong>R.</strong></span> <span class='ocrx_word' id='word_1_544' title='bbox 2740 3413 2812 3476; x_wconf 91' lang='lat' dir='ltr'><strong>C.</strong></span> <span class='ocrx_word' id='word_1_545' title='bbox 2853 3408 3337 3476; x_wconf 87' lang='lat' dir='ltr'><strong>rescribendum</strong></span> <span class='ocrx_word' id='word_1_546' title='bbox 3371 3402 3661 3473; x_wconf 83' lang='lat' dir='ltr'><strong>censuit:</strong></span> <span class='ocrx_word' id='word_1_547' title='bbox 3699 3428 3734 3470; x_wconf 63' lang='grc' dir='ltr'><strong><em>ι</em></strong></span> <span class='ocrx_word' id='word_1_548' title='bbox 3760 3408 3882 3471; x_wconf 89' lang='lat' dir='ltr'><strong>Ser·</strong></span> <span class='ocrx_word' id='word_1_549' title='bbox 3984 3408 3985 3463; x_wconf 61' lang='grc' dir='ltr'>ζ</span> 
     </span>
    </p>
   </div>
   <div class='ocr_carea' id='block_1_13' title="bbox 2303 3492 3896 5412">
    <p class='ocr_par' dir='ltr' id='par_1_16' title="bbox 2304 3492 3885 3828">
     <span class='ocr_line' id='line_1_93' title="bbox 2304 3492 3882 3564; baseline -0.004 -2"><span class='ocrx_word' id='word_1_550' title='bbox 2304 3516 2495 3564; x_wconf 86' lang='lat' dir='ltr'><strong>vetur</strong></span> <span class='ocrx_word' id='word_1_551' title='bbox 2545 3503 2884 3564; x_wconf 87' lang='lat' dir='ltr'><strong>Decretum</strong></span> <span class='ocrx_word' id='word_1_552' title='bbox 2938 3497 3057 3560; x_wconf 93' lang='lat' dir='ltr'><strong>iam</strong></span> <span class='ocrx_word' id='word_1_553' title='bbox 3109 3509 3473 3563; x_wconf 89' lang='lat' dir='ltr'><strong>emanatum</strong></span> <span class='ocrx_word' id='word_1_554' title='bbox 3522 3496 3587 3561; x_wconf 90' lang='lat' dir='ltr'><strong>in</strong></span> <span class='ocrx_word' id='word_1_555' title='bbox 3639 3515 3756 3560; x_wconf 89' lang='lat' dir='ltr'><strong>una</strong></span> <span class='ocrx_word' id='word_1_556' title='bbox 3801 3492 3882 3557; x_wconf 89' lang='lat' dir='ltr'><strong>Ci-</strong></span> 
     </span>
     <span class='ocr_line' id='line_1_94' title="bbox 2306 3584 3885 3672; baseline -0.004 -21"><span class='ocrx_word' id='word_1_557' title='bbox 2306 3588 2573 3653; x_wconf 86' lang='lat' dir='ltr'><strong>vitaten.</strong></span> <span class='ocrx_word' id='word_1_558' title='bbox 2633 3588 2753 3652; x_wconf 88' lang='lat' dir='ltr'><strong>sub</strong></span> <span class='ocrx_word' id='word_1_559' title='bbox 2801 3586 2905 3651; x_wconf 88' lang='lat' dir='ltr'><strong>die</strong></span> <span class='ocrx_word' id='word_1_560' title='bbox 2942 3590 3023 3651; x_wconf 88' lang='grc'><strong>27</strong></span> <span class='ocrx_word' id='word_1_561' title='bbox 3059 3584 3458 3672; x_wconf 87' lang='lat' dir='ltr'><strong>Septembris</strong></span> <span class='ocrx_word' id='word_1_562' title='bbox 3511 3588 3684 3651; x_wconf 84' lang='grc'>1608</span> <span class='ocrx_word' id='word_1_563' title='bbox 3716 3606 3772 3649; x_wconf 66' lang='grc' dir='ltr'><strong>ι.</strong></span> <span class='ocrx_word' id='word_1_564' title='bbox 3822 3585 3885 3645; x_wconf 85' lang='lat' dir='ltr'><strong>Et</strong></span> 
     </span>
     <span class='ocr_line' id='line_1_95' title="bbox 2306 3674 3883 3740; baseline -0.004 -1"><span class='ocrx_word' id='word_1_565' title='bbox 2306 3678 2385 3739; x_wconf 88' lang='lat' dir='ltr'><strong>ita</strong></span> <span class='ocrx_word' id='word_1_566' title='bbox 2440 3675 2503 3739; x_wconf 91' lang='lat' dir='ltr'><strong>in</strong></span> <span class='ocrx_word' id='word_1_567' title='bbox 2553 3676 2832 3740; x_wconf 87' lang='lat' dir='ltr'><strong>Ecclesia</strong></span> <span class='ocrx_word' id='word_1_568' title='bbox 2896 3675 3254 3739; x_wconf 85' lang='lat' dir='ltr'><strong>conchensi</strong></span> <span class='ocrx_word' id='word_1_569' title='bbox 3318 3674 3708 3738; x_wconf 87' lang='lat' dir='ltr'><strong>servandum</strong></span> <span class='ocrx_word' id='word_1_570' title='bbox 3766 3686 3883 3735; x_wconf 76' lang='lat' dir='ltr'><strong>esse</strong></span> 
     </span>
     <span class='ocr_line' id='line_1_96' title="bbox 2308 3761 3618 3828; baseline -0.002 -1"><span class='ocrx_word' id='word_1_571' title='bbox 2308 3763 2656 3828; x_wconf 86' lang='lat' dir='ltr'><strong>mandavit.</strong></span> <span class='ocrx_word' id='word_1_572' title='bbox 2706 3765 2817 3828; x_wconf 88' lang='lat' dir='ltr'><strong>Die</strong></span> <span class='ocrx_word' id='word_1_573' title='bbox 2868 3767 2951 3826; x_wconf 86' lang='grc'><strong>22</strong></span> <span class='ocrx_word' id='word_1_574' title='bbox 3003 3761 3369 3828; x_wconf 88' lang='lat' dir='ltr'><strong>Decembris</strong></span> <span class='ocrx_word' id='word_1_575' title='bbox 3423 3764 3618 3828; x_wconf 92' lang='grc'><strong>1770.</strong></span> 
     </span>
    </p>

    <p class='ocr_par' dir='ltr' id='par_1_17' title="bbox 2312 3851 3887 4021">
     <span class='ocr_line' id='line_1_97' title="bbox 2446 3851 3887 3933; baseline -0.006 -16"><span class='ocrx_word' id='word_1_576' title='bbox 2446 3854 2779 3917; x_wconf 75' lang='lat' dir='ltr'><strong>Decretum</strong></span> <span class='ocrx_word' id='word_1_577' title='bbox 2839 3853 2913 3914; x_wconf 78' lang='lat' dir='ltr'><strong>iu</strong></span> <span class='ocrx_word' id='word_1_578' title='bbox 2965 3853 3319 3916; x_wconf 67' lang='lat' dir='ltr'><strong>Ci&#39;ritateri.</strong></span> <span class='ocrx_word' id='word_1_579' title='bbox 3381 3853 3689 3933; x_wconf 71' lang='lat' dir='ltr'><strong>superius</strong></span> <span class='ocrx_word' id='word_1_580' title='bbox 3745 3851 3887 3911; x_wconf 78' lang='lat' dir='ltr'><strong>cita·</strong></span> 
     </span>
     <span class='ocr_line' id='line_1_98' title="bbox 2312 3942 3098 4021; baseline -0.006 -17"><span class='ocrx_word' id='word_1_581' title='bbox 2312 3952 2449 4004; x_wconf 82' lang='lat' dir='ltr'><strong>tum</strong></span> <span class='ocrx_word' id='word_1_582' title='bbox 2497 3950 2589 4004; x_wconf 82' lang='lat' dir='ltr'><strong>est</strong></span> <span class='ocrx_word' id='word_1_583' title='bbox 2636 3950 2713 4003; x_wconf 82' lang='lat' dir='ltr'><strong>ut</strong></span> <span class='ocrx_word' id='word_1_584' title='bbox 2760 3942 3098 4021; x_wconf 76' lang='lat' dir='ltr'><strong>sequitur.-</strong></span> 
     </span>
    </p>

    <p class='ocr_par' dir='ltr' id='par_1_18' title="bbox 2303 4022 3896 5148">
     <span class='ocr_line' id='line_1_99' title="bbox 2438 4022 3884 4112; baseline -0.008 -19"><span class='ocrx_word' id='word_1_585' title='bbox 2438 4031 2556 4093; x_wconf 89' lang='lat' dir='ltr'><strong>Pro</strong></span> <span class='ocrx_word' id='word_1_586' title='bbox 2607 4039 2788 4112; x_wconf 87' lang='lat' dir='ltr'><strong>parte</strong></span> <span class='ocrx_word' id='word_1_587' title='bbox 2834 4025 3131 4112; x_wconf 88' lang='lat' dir='ltr'><strong>Episcopi</strong></span> <span class='ocrx_word' id='word_1_588' title='bbox 3177 4025 3518 4091; x_wconf 75' lang='lat' dir='ltr'><strong>civitaten.</strong></span> <span class='ocrx_word' id='word_1_589' title='bbox 3553 4047 3584 4089; x_wconf 89' lang='lat' dir='ltr'><strong>a</strong></span> <span class='ocrx_word' id='word_1_590' title='bbox 3622 4027 3688 4090; x_wconf 88' lang='lat' dir='ltr'><strong>S.</strong></span> <span class='ocrx_word' id='word_1_591' title='bbox 3719 4026 3793 4088; x_wconf 84' lang='lat' dir='ltr'><strong>R.</strong></span> <span class='ocrx_word' id='word_1_592' title='bbox 3824 4022 3884 4085; x_wconf 88' lang='lat' dir='ltr'><strong>c.</strong></span> 
     </span>
     <span class='ocr_line' id='line_1_100' title="bbox 2306 4112 3889 4201; baseline -0.006 -21"><span class='ocrx_word' id='word_1_593' title='bbox 2306 4115 2669 4201; x_wconf 85' lang='lat' dir='ltr'><strong>quaesitum</strong></span> <span class='ocrx_word' id='word_1_594' title='bbox 2718 4115 2871 4179; x_wconf 80' lang='lat' dir='ltr'><strong>fuit:</strong></span> <span class='ocrx_word' id='word_1_595' title='bbox 2926 4117 3021 4178; x_wconf 78' lang='lat' dir='ltr'><strong>An</strong></span> <span class='ocrx_word' id='word_1_596' title='bbox 3069 4132 3291 4178; x_wconf 88' lang='lat' dir='ltr'><strong>omnes</strong></span> <span class='ocrx_word' id='word_1_597' title='bbox 3323 4112 3679 4197; x_wconf 86' lang='lat' dir='ltr'><strong>Dignitates</strong></span> <span class='ocrx_word' id='word_1_598' title='bbox 3712 4115 3889 4178; x_wconf 85' lang='lat' dir='ltr'><strong>Gano-</strong></span> 
     </span>
     <span class='ocr_line' id='line_1_101' title="bbox 2306 4197 3890 4285; baseline -0.007 -17"><span class='ocrx_word' id='word_1_599' title='bbox 2306 4203 2456 4285; x_wconf 90' lang='lat' dir='ltr'><strong>nici,</strong></span> <span class='ocrx_word' id='word_1_600' title='bbox 2491 4202 2865 4268; x_wconf 88' lang='lat' dir='ltr'><strong>Portionarii</strong></span> <span class='ocrx_word' id='word_1_601' title='bbox 2918 4214 2982 4267; x_wconf 86' lang='lat' dir='ltr'><strong>et</strong></span> <span class='ocrx_word' id='word_1_602' title='bbox 3030 4202 3131 4265; x_wconf 87' lang='lat' dir='ltr'><strong>alii</strong></span> <span class='ocrx_word' id='word_1_603' title='bbox 3166 4201 3547 4267; x_wconf 85' lang='lat' dir='ltr'><strong>Sacerdotes</strong></span> <span class='ocrx_word' id='word_1_604' title='bbox 3581 4197 3890 4265; x_wconf 78' lang='lat' dir='ltr'><strong>Ecclesiae</strong></span> 
     </span>
     <span class='ocr_line' id='line_1_102' title="bbox 2305 4288 3891 4358; baseline -0.008 0"><span class='ocrx_word' id='word_1_605' title='bbox 2305 4290 2701 4358; x_wconf 88' lang='lat' dir='ltr'><strong>Catbedralis</strong></span> <span class='ocrx_word' id='word_1_606' title='bbox 2726 4290 2904 4356; x_wconf 88' lang='lat' dir='ltr'><strong>Feria</strong></span> <span class='ocrx_word' id='word_1_607' title='bbox 2932 4292 2981 4355; x_wconf 89' lang='lat' dir='ltr'>V</span> <span class='ocrx_word' id='word_1_608' title='bbox 3018 4291 3079 4354; x_wconf 92' lang='lat' dir='ltr'><strong>in</strong></span> <span class='ocrx_word' id='word_1_609' title='bbox 3113 4294 3322 4355; x_wconf 88' lang='lat' dir='ltr'><strong>coena</strong></span> <span class='ocrx_word' id='word_1_610' title='bbox 3345 4288 3593 4354; x_wconf 85' lang='lat' dir='ltr'><strong>Domini</strong></span> <span class='ocrx_word' id='word_1_611' title='bbox 3630 4290 3891 4354; x_wconf 82' lang='lat' dir='ltr'><strong>debeant</strong></span> 
     </span>
     <span class='ocr_line' id='line_1_103' title="bbox 2303 4377 3889 4444; baseline -0.005 -1"><span class='ocrx_word' id='word_1_612' title='bbox 2303 4398 2371 4443; x_wconf 91' lang='lat' dir='ltr'><strong>se</strong></span> <span class='ocrx_word' id='word_1_613' title='bbox 2421 4377 2740 4444; x_wconf 84' lang='lat' dir='ltr'><strong>abstinere</strong></span> <span class='ocrx_word' id='word_1_614' title='bbox 2788 4399 2819 4442; x_wconf 93' lang='lat' dir='ltr'><strong>a</strong></span> <span class='ocrx_word' id='word_1_615' title='bbox 2854 4377 3290 4443; x_wconf 86' lang='lat' dir='ltr'><strong>celebratione</strong></span> <span class='ocrx_word' id='word_1_616' title='bbox 3324 4377 3537 4441; x_wconf 81' lang='lat' dir='ltr'><strong>Missae</strong></span> <span class='ocrx_word' id='word_1_617' title='bbox 3573 4389 3637 4441; x_wconf 93' lang='lat' dir='ltr'><strong>et</strong></span> <span class='ocrx_word' id='word_1_618' title='bbox 3669 4390 3889 4439; x_wconf 86' lang='lat' dir='ltr'><strong>sacram</strong></span> 
     </span>
     <span class='ocr_line' id='line_1_104' title="bbox 2308 4459 3892 4549; baseline -0.006 -19"><span class='ocrx_word' id='word_1_619' title='bbox 2308 4466 2839 4532; x_wconf 90' lang='lat' dir='ltr'><strong>communionem</strong></span> <span class='ocrx_word' id='word_1_620' title='bbox 2895 4484 3152 4531; x_wconf 89' lang='lat' dir='ltr'><strong>sumere</strong></span> <span class='ocrx_word' id='word_1_621' title='bbox 3215 4466 3299 4529; x_wconf 89' lang='lat' dir='ltr'><strong>de</strong></span> <span class='ocrx_word' id='word_1_622' title='bbox 3359 4483 3548 4529; x_wconf 84' lang='lat' dir='ltr'><strong>manu</strong></span> <span class='ocrx_word' id='word_1_623' title='bbox 3608 4459 3892 4549; x_wconf 88' lang='lat' dir='ltr'><strong>Episcopi</strong></span> 
     </span>
     <span class='ocr_line' id='line_1_105' title="bbox 2311 4548 3893 4639; baseline -0.004 -20"><span class='ocrx_word' id='word_1_624' title='bbox 2311 4555 2412 4619; x_wconf 90' lang='lat' dir='ltr'><strong>vel</strong></span> <span class='ocrx_word' id='word_1_625' title='bbox 2463 4554 2727 4619; x_wconf 88' lang='lat' dir='ltr'><strong>alterius</strong></span> <span class='ocrx_word' id='word_1_626' title='bbox 2774 4553 3195 4635; x_wconf 87' lang='lat' dir='ltr'><strong>celebrantis,</strong></span> <span class='ocrx_word' id='word_1_627' title='bbox 3232 4564 3423 4639; x_wconf 90' lang='lat' dir='ltr'><strong>prout</strong></span> <span class='ocrx_word' id='word_1_628' title='bbox 3472 4552 3801 4619; x_wconf 89' lang='lat' dir='ltr'><strong>ordinatur</strong></span> <span class='ocrx_word' id='word_1_629' title='bbox 3841 4548 3893 4612; x_wconf 90' lang='lat' dir='ltr'><strong>in</strong></span> 
     </span>
     <span class='ocr_line' id='line_1_106' title="bbox 2308 4637 3893 4727; baseline -0.008 -18"><span class='ocrx_word' id='word_1_630' title='bbox 2308 4641 2771 4709; x_wconf 87' lang='lat' dir='ltr'><strong>Caeremoniali</strong></span> <span class='ocrx_word' id='word_1_631' title='bbox 2824 4643 3284 4727; x_wconf 89' lang='lat' dir='ltr'><strong>Episcoporum</strong></span> <span class='ocrx_word' id='word_1_632' title='bbox 3323 4653 3387 4705; x_wconf 88' lang='lat' dir='ltr'><strong>et</strong></span> <span class='ocrx_word' id='word_1_633' title='bbox 3422 4653 3612 4725; x_wconf 84' lang='lat' dir='ltr'><strong>prout</strong></span> <span class='ocrx_word' id='word_1_634' title='bbox 3647 4639 3711 4704; x_wconf 92' lang='lat' dir='ltr'><strong>in</strong></span> <span class='ocrx_word' id='word_1_635' title='bbox 3744 4637 3893 4704; x_wconf 86' lang='lat' dir='ltr'><strong>dicta</strong></span> 
     </span>
     <span class='ocr_line' id='line_1_107' title="bbox 2314 4730 3894 4815; baseline -0.004 -19"><span class='ocrx_word' id='word_1_636' title='bbox 2314 4731 2593 4796; x_wconf 88' lang='lat' dir='ltr'><strong>Ecclesia</strong></span> <span class='ocrx_word' id='word_1_637' title='bbox 2641 4732 3051 4805; x_wconf 80' lang='lat' dir='ltr'><strong>servabatur;</strong></span> <span class='ocrx_word' id='word_1_638' title='bbox 3104 4730 3255 4794; x_wconf 88' lang='lat' dir='ltr'><strong>licet</strong></span> <span class='ocrx_word' id='word_1_639' title='bbox 3302 4742 3523 4815; x_wconf 87' lang='lat' dir='ltr'><strong>postea</strong></span> <span class='ocrx_word' id='word_1_640' title='bbox 3583 4746 3702 4812; x_wconf 90' lang='lat' dir='ltr'><strong>per</strong></span> <span class='ocrx_word' id='word_1_641' title='bbox 3760 4742 3894 4789; x_wconf 89' lang='lat' dir='ltr'><strong>con-</strong></span> 
     </span>
     <span class='ocr_line' id='line_1_108' title="bbox 2305 4816 3896 4905; baseline -0.003 -23"><span class='ocrx_word' id='word_1_642' title='bbox 2305 4819 2742 4899; x_wconf 89' lang='lat' dir='ltr'><strong>suetudinem,</strong></span> <span class='ocrx_word' id='word_1_643' title='bbox 2777 4838 2893 4882; x_wconf 91' lang='lat' dir='ltr'><strong>seu</strong></span> <span class='ocrx_word' id='word_1_644' title='bbox 2930 4817 3139 4905; x_wconf 89' lang='lat' dir='ltr'><strong>potius</strong></span> <span class='ocrx_word' id='word_1_645' title='bbox 3186 4816 3715 4896; x_wconf 87' lang='lat' dir='ltr'><strong>desuetudinem,</strong></span> <span class='ocrx_word' id='word_1_646' title='bbox 3759 4831 3896 4877; x_wconf 91' lang='lat' dir='ltr'><strong>con-</strong></span> 
     </span>
     <span class='ocr_line' id='line_1_109' title="bbox 2307 4904 3895 4992; baseline -0.006 -20"><span class='ocrx_word' id='word_1_647' title='bbox 2307 4907 2638 4972; x_wconf 88' lang='lat' dir='ltr'><strong>sueverint</strong></span> <span class='ocrx_word' id='word_1_648' title='bbox 2685 4906 2923 4992; x_wconf 87' lang='lat' dir='ltr'><strong>singuli</strong></span> <span class='ocrx_word' id='word_1_649' title='bbox 2956 4904 3350 4990; x_wconf 74' lang='lat' dir='ltr'><strong>Presbyteri,</strong></span> <span class='ocrx_word' id='word_1_650' title='bbox 3386 4905 3763 4991; x_wconf 84' lang='lat' dir='ltr'><strong>Dignitates,</strong></span> <span class='ocrx_word' id='word_1_651' title='bbox 3794 4904 3895 4966; x_wconf 87' lang='lat' dir='ltr'><strong>ca·</strong></span> 
     </span>
     <span class='ocr_line' id='line_1_110' title="bbox 2309 4990 3894 5080; baseline -0.007 -20"><span class='ocrx_word' id='word_1_652' title='bbox 2309 4996 2520 5061; x_wconf 88' lang='lat' dir='ltr'><strong>nonici</strong></span> <span class='ocrx_word' id='word_1_653' title='bbox 2570 5007 2635 5060; x_wconf 86' lang='lat' dir='ltr'><strong>et</strong></span> <span class='ocrx_word' id='word_1_654' title='bbox 2684 4994 3074 5060; x_wconf 79' lang='lat' dir='ltr'><strong>Mansionarii</strong></span> <span class='ocrx_word' id='word_1_655' title='bbox 3125 5013 3241 5080; x_wconf 91' lang='lat' dir='ltr'><strong>per</strong></span> <span class='ocrx_word' id='word_1_656' title='bbox 3287 5013 3354 5057; x_wconf 88' lang='lat' dir='ltr'><strong>se</strong></span> <span class='ocrx_word' id='word_1_657' title='bbox 3403 4994 3573 5079; x_wconf 88' lang='lat' dir='ltr'><strong>ipsos</strong></span> <span class='ocrx_word' id='word_1_658' title='bbox 3604 4992 3769 5056; x_wconf 89' lang='lat' dir='ltr'><strong>dicta</strong></span> <span class='ocrx_word' id='word_1_659' title='bbox 3801 4990 3894 5054; x_wconf 78' lang='lat' dir='ltr'><strong>die</strong></span> 
     </span>
     <span class='ocr_line' id='line_1_111' title="bbox 2310 5083 2926 5148; baseline 0.002 -1"><span class='ocrx_word' id='word_1_660' title='bbox 2310 5084 2519 5147; x_wconf 79' lang='lat' dir='ltr'><strong>Missas</strong></span> <span class='ocrx_word' id='word_1_661' title='bbox 2566 5083 2926 5148; x_wconf 88' lang='lat' dir='ltr'><strong>celebrare.</strong></span> 
     </span>
    </p>

    <p class='ocr_par' dir='ltr' id='par_1_19' title="bbox 2310 5169 3894 5412">
     <span class='ocr_line' id='line_1_112' title="bbox 2442 5169 3894 5256; baseline -0.006 -21"><span class='ocrx_word' id='word_1_662' title='bbox 2442 5174 2520 5235; x_wconf 88' lang='lat' dir='ltr'><strong>Et</strong></span> <span class='ocrx_word' id='word_1_663' title='bbox 2561 5176 2625 5236; x_wconf 91' lang='lat' dir='ltr'><strong>S.</strong></span> <span class='ocrx_word' id='word_1_664' title='bbox 2656 5176 2729 5236; x_wconf 79' lang='lat' dir='ltr'><strong>R.</strong></span> <span class='ocrx_word' id='word_1_665' title='bbox 2761 5175 2830 5235; x_wconf 90' lang='lat' dir='ltr'><strong>c.</strong></span> <span class='ocrx_word' id='word_1_666' title='bbox 2864 5172 3237 5256; x_wconf 88' lang='lat' dir='ltr'><strong>respondit:</strong></span> <span class='ocrx_word' id='word_1_667' title='bbox 3279 5194 3316 5235; x_wconf 65' lang='grc' dir='ltr'>ς</span> <span class='ocrx_word' id='word_1_668' title='bbox 3344 5169 3731 5236; x_wconf 87' lang='lat' dir='ltr'><strong>Servandam</strong></span> <span class='ocrx_word' id='word_1_669' title='bbox 3770 5184 3894 5231; x_wconf 85' lang='lat' dir='ltr'><strong>esse</strong></span> 
     </span>
     <span class='ocr_line' id='line_1_113' title="bbox 2310 5255 3894 5358; baseline -0.003 -38"><span class='ocrx_word' id='word_1_670' title='bbox 2310 5261 2599 5342; x_wconf 89' lang='lat' dir='ltr'><strong>regulam</strong></span> <span class='ocrx_word' id='word_1_671' title='bbox 2635 5261 3091 5358; x_wconf 87' lang='lat' dir='ltr'><strong>praescriptam</strong></span> <span class='ocrx_word' id='word_1_672' title='bbox 3129 5259 3192 5323; x_wconf 92' lang='lat' dir='ltr'><strong>in</strong></span> <span class='ocrx_word' id='word_1_673' title='bbox 3225 5255 3712 5338; x_wconf 84' lang='lat' dir='ltr'><strong>caeremoniali,</strong></span> <span class='ocrx_word' id='word_1_674' title='bbox 3746 5272 3894 5340; x_wconf 84' lang='lat' dir='ltr'><strong>quae</strong></span> 
     </span>
     <span class='ocr_line' id='line_1_114' title="bbox 2310 5342 3893 5412; baseline -0.003 -5"><span class='ocrx_word' id='word_1_675' title='bbox 2310 5347 2683 5411; x_wconf 83' lang='lat' dir='ltr'><strong>universalis</strong></span> <span class='ocrx_word' id='word_1_676' title='bbox 2722 5346 3039 5411; x_wconf 87' lang='lat' dir='ltr'><strong>Ecclesiae</strong></span> <span class='ocrx_word' id='word_1_677' title='bbox 3076 5344 3526 5412; x_wconf 88' lang='lat' dir='ltr'><strong>consuetudini</strong></span> <span class='ocrx_word' id='word_1_678' title='bbox 3565 5342 3893 5411; x_wconf 71' lang='lat' dir='ltr'><strong>conformis</strong></span> 
     </span>
    </p>
   </div>
   <div class='ocr_carea' id='block_1_14' title="bbox 3979 27 3990 1048">
    <p class='ocr_par' dir='ltr' id='par_1_20' title="bbox 3979 27 3990 1048">
     <span class='ocr_line' id='line_1_115' title="bbox 3979 27 3990 1048; baseline 0 0"><span class='ocrx_word' id='word_1_679' title='bbox 3979 27 3990 1048; x_wconf 95' lang='lat' dir='ltr'><strong> </strong></span> 
     </span>
    </p>
   </div>
   <div class='ocr_carea' id='block_1_15' title="bbox 3973 1265 3996 3623">
    <p class='ocr_par' dir='ltr' id='par_1_21' title="bbox 3973 1265 3996 3623">
     <span class='ocr_line' id='line_1_116' title="bbox 3973 1265 3996 3623; baseline 0 0"><span class='ocrx_word' id='word_1_680' title='bbox 3973 1265 3996 3623; x_wconf 95' lang='lat' dir='ltr'><strong> </strong></span> 
     </span>
    </p>
   </div>
  </div>
 </body>
</html>
