4042 5950
2023 278 2494 356 —464—

624 435 927 504 Dominus
972 435 1315 507 cardinalis
1359 435 1651 504 Nicolaus
1690 434 1945 504 clarelli
1989 440 2204 504 Parac-

624 524 822 608 ciani,
874 525 1016 594 loco
1064 536 1129 591 et
1185 523 1327 594 vice
1372 524 1511 591 Emi
1559 534 1624 590 et
1668 523 1808 591 limi
1860 524 2208 593 cardinalis

621 614 1010 682 Constantini
1053 611 1275 680 Patrizi
1323 612 1629 681 Praefecti
1674 611 1985 697 absentis,
2035 611 2208 680 idem

627 703 958 788 proposuit
1003 700 1313 785 dubium3

754 792 834 856 Et
881 791 1018 858 Emi
1080 809 1150 856 ac
1203 791 1340 857 Rmi
1399 793 1613 856 Patres
1681 789 1887 857 Sacris
1951 788 2208 857 tuendis

624 877 867 945 Ritibus
931 877 1313 966 praepositi,
1363 897 1432 944 re
1480 889 1727 945 mature
1792 887 2213 965 accurateque

626 984 938 1055 perpensa
984 966 1175 1034 etiam
1218 967 1426 1052 quoad
1475 965 2059 1053 opportunitatem,
2110 985 2210 1032 re-

622 1055 1061 1154 sponderunt:
1109 1076 1148 1120 ι
1180 1054 1572 1123 Affirmative
1603 1073 1720 1121 seu
1753 1072 1939 1142 posse
1972 1054 2036 1122 in
2067 1053 2209 1120 His·

621 1161 708 1208 sis
774 1142 1222 1211 defunctorum
1247 1192 1264 1227 ,
1326 1161 1472 1209 cum
1534 1140 1917 1230 paramentis
1985 1141 2208 1228 nigris,

626 1233 877 1299 Sacram
920 1232 1447 1300 communionem
1493 1229 1792 1298 fidelibus
1838 1230 2207 1314 ministrari,

625 1319 816 1386 etiam
863 1338 945 1386 ex
995 1319 1318 1406 particulis
1384 1318 1953 1405 praeconsecratis,
2006 1327 2211 1384 extra·

625 1407 839 1474 hendo
898 1406 1204 1496 Pyxidem
1248 1429 1282 1474 a
1329 1408 1758 1476 tabernaculo.
1822 1409 2009 1473 Posse
2053 1404 2211 1473 item

625 1495 689 1561 in
760 1496 1143 1583 paramentis
1210 1495 1445 1584 nigris,
1508 1493 1851 1562 ministrari
1918 1497 2213 1562 commu·

625 1583 884 1651 nionem
931 1583 1300 1651 immediate
1357 1594 1503 1670 post
1570 1581 1814 1649 Missam
1872 1582 2211 1649 defuncto-

626 1687 806 1749 rum;
856 1673 997 1740 data
1040 1684 1256 1739 autem
1312 1669 1664 1738 rationabili
1708 1689 1889 1737 causa
1919 1719 1938 1753 ,
1987 1670 2212 1737 imme-

625 1760 794 1828 diate
826 1778 1085 1847 quoque
1116 1769 1264 1828 ante
1296 1760 1590 1827 eamdem
1620 1758 1903 1838 Missam;
1939 1760 2003 1826 in
2037 1769 2211 1826 utro·

625 1867 751 1934 que
797 1859 1010 1915 tamen
1064 1868 1208 1915 casu
1266 1848 1681 1916 omittendam
1739 1865 1877 1914 esse
1948 1845 2212 1916 benedi·

624 1935 930 2003 ctionem.
963 1935 1170 2003 Missas
1198 1955 1355 2004 vero
1386 1935 1845 2005 defunctorum
1884 1934 2211 2002 celebran-

624 2024 734 2092 das
781 2042 917 2090 esse
949 2024 1207 2091 omnino
1240 2025 1304 2091 in
1351 2025 1731 2113 paramentis
1761 2021 1997 2126 nigris;
2047 2023 2208 2091 adeo

627 2121 697 2179 ut
741 2111 1017 2180 violacea
1062 2112 1347 2181 adhiberi
1393 2123 1744 2198 nequeant,
1793 2112 1907 2179 msi
1941 2110 2005 2178 in
2036 2129 2207 2197 casu,

624 2218 754 2286 quo
800 2199 905 2268 die
962 2205 1001 2268 2
1047 2201 1423 2270 Novembris
1481 2200 1921 2271 Sanctissimae
1974 2201 2215 2267 Eucha-

623 2287 837 2355 ristiae
885 2292 1360 2357 Sacramentum
1398 2289 1693 2377 publicae
1725 2287 2017 2355 fidelium
2066 2288 2213 2355 ado·

625 2377 846 2458 rationi
890 2378 969 2445 sit
1016 2378 1381 2467 expositum
1426 2397 1543 2466 pro
1589 2375 1862 2445 solemni
1916 2375 2211 2443 Oratione

622 2465 1036 2554 Quadraginta
1086 2469 1392 2533 Horarum
1425 2490 1489 2532 ι.

754 2558 836 2620 Et
881 2557 961 2621 ita
1008 2554 1437 2623 decreverunt
1481 2575 1552 2621 ac
1597 2552 1835 2641 ubique
1892 2551 2207 2635 locorum,

625 2641 677 2705 si
710 2642 1109 2711 Sanctissimo
1139 2641 1408 2708 Domino
1438 2645 1668 2710 Nostro
1703 2639 2046 2727 placuerit,
2077 2659 2210 2706 ser·

626 2730 756 2796 vari
803 2730 1201 2797 mandarunt.

756 2817 870 2884 Die
916 2821 999 2885 27
1045 2818 1204 2885 lunii
1260 2821 1453 2886 1868.

758 2910 936 2974 Facta
960 2916 1173 2974 autem
1205 2926 1323 2996 per
1352 2907 1781 2977 secretarium
1806 2905 2210 2975 Sanctissimo

629 2996 895 3063 Domino
926 2999 1151 3063 Nostro
1197 2997 1305 3064 Pio
1350 3001 1548 3086 Papae
1580 3001 1660 3066 lx
1695 2996 2030 3079 relatione,
2063 2997 2212 3061 San-

627 3085 806 3151 ctitas
852 3088 975 3153 Sua
1021 3088 1363 3159 Decretum
1411 3089 1636 3154 Sacrae
1695 3083 2214 3172 congregationis

628 3172 996 3261 approbavit
1044 3182 1109 3240 et
1155 3174 1576 3257 confirmavit,
1611 3174 1715 3242 die
1755 3178 1839 3242 23
1871 3172 2014 3239 Iulii
2049 3171 2216 3239 eius·

628 3263 779 3330 dem
825 3261 972 3331 anni
1026 3266 1226 3332 1868.
1993 3262 1998 3273 ’

627 3402 874 3473 31⁷8.
1252 3405 1579 3471 saman.
1982 3402 2212 3489 (stoa)

758 3529 951 3594 Rmus
1018 3530 1090 3594 D.
1146 3531 1582 3595 Donaventura
1651 3528 1801 3594 nizo
1861 3526 2215 3615 Episcopus

628 3613 868 3682 Salten.
919 3618 1255 3683 Sacrorum
1287 3615 1550 3684 Rituum
1579 3613 2067 3703 congregationi
2106 3634 2214 3681 ex-

630 3701 841 3787 posuit
887 3702 1056 3788 quod
1089 3703 1323 3769 Altaria
1360 3703 1786 3771 Ecclesiarum
1834 3703 2214 3771 Dioeceseos

629 3788 746 3856 sibi
778 3788 1175 3875 commissae,
1211 3792 1274 3858 in
1320 3793 1549 3878 quihus
1597 3792 1852 3860 FeriaV
1901 3792 1961 3858 in
2003 3795 2213 3858 coena

565 3902 574 3907 ·
628 3877 876 3945 Domini
924 3880 1189 3947 SSmum
1239 3874 1664 3948 Eucharistiae
1734 3883 2213 3948 Sacramentum

628 3978 1021 4051 asservatur,
1068 3966 1463 4055 perpulchre
1517 3967 1782 4054 quidem
1841 3967 2051 4035 ornari
2118 3986 2215 4033 so-

632 4054 841 4135 leant;
903 4066 1178 4122 attamen
1237 4055 1474 4142 absque
1532 4056 1790 4141 statuis,
1840 4054 2216 4143 imaginibus

630 4142 898 4229 aliisque
941 4143 1661 4233 repraesentationibus.
1723 4147 1961 4212 Verum
2006 4148 2217 4228 Regu·

632 4231 795 4298 lares
863 4232 1227 4299 Missionarii
1296 4232 1544 4301 Ordinis
1612 4236 1763 4301 Sera
1813 4232 1937 4299 hici
2007 4229 2217 4298 Sancti

633 4319 942 4387 Francisci
987 4320 1053 4386 in
1100 4321 1215 4390 hac
1261 4321 1529 4391 civitate
1574 4343 1604 4386 a
1652 4324 1781 4389 duo
1830 4340 1902 4387 us
1948 4319 2052 4386 vel
2112 4318 2219 4384 tri-

635 4406 751 4474 bus
796 4409 972 4476 annis
1001 4419 1232 4478 statuas
1280 4420 1345 4479 et
1388 4411 1504 4476 alia
1535 4410 1759 4477 similia
1790 4427 2034 4497 ponere
2073 4425 2217 4474 coe·

633 4507 870 4586 perunt
917 4496 980 4564 in
1027 4499 1198 4568 hunc
1245 4499 1546 4586 modum3
1595 4497 1938 4565 videlicet:
1988 4497 2219 4565 Passio-

632 4586 730 4652 nis
776 4585 1134 4655 Dominicae
1181 4589 1419 4673 aliquas
1462 4606 1681 4656 scenas
1713 4593 2218 4671 repraesentant,

634 4672 940 4758 imagines
970 4686 1035 4743 et
1066 4686 1300 4743 statuas
1329 4675 1413 4742 de
1458 4695 1626 4743 novo
1656 4674 1891 4759 absque
1922 4673 2216 4761 Episcopi

633 4762 1088 4852 approbatione
1133 4762 1471 4842 collocant,
1507 4763 1634 4830 imo
1666 4763 1860 4829 etiam
1891 4762 2014 4829 hoc
2045 4780 2223 4850 prae·

634 4862 817 4918 sente
863 4871 1024 4919 anno
1055 4854 1404 4940 Imaginem
1448 4855 1520 4918 D.
1563 4853 1637 4918 N.
1691 4853 1740 4917 1.
1789 4853 1863 4919 c.
1919 4850 1982 4917 in
2031 4849 2219 4917 horto

637 4939 868 5006 orantis
916 4951 980 5006 et
1011 4941 1313 5028 angelum
1361 4940 1569 5026 ipsum
1599 4938 2063 5006 confortantem
2109 4958 2220 5026 po·

635 5038 944 5114 suerunt;
993 5030 1079 5097 ita
1108 5041 1324 5097 tamen
1355 5039 1452 5111 ut,
1486 5027 1705 5116 positis
1751 5027 2050 5115 genibus,
2091 5046 2220 5095 ma-

636 5114 821 5182 nibus
866 5120 943 5187 ad
990 5119 1244 5185 coelum
1290 5117 1594 5201 extensis,
1636 5117 1846 5183 tunica
1892 5126 2110 5204 aperta
2157 5124 2224 5182 et

635 5214 898 5291 pectore
966 5204 1369 5295 discooperto
1416 5218 1481 5271 et
1527 5204 1850 5271 denudato
1896 5214 2221 5291 appareat,

636 5292 812 5360 nulla
856 5294 1062 5363 habita
1110 5295 1350 5361 ratione
1382 5292 1751 5359 narrationis
1789 5290 2221 5380 Evangelista·

637 5398 806 5466 rum,
854 5400 1090 5468 nempe
1136 5384 1202 5448 S.
1257 5379 1547 5447 Matthaei
1592 5397 1731 5465 cap.
1783 5381 1976 5447 XXVI
2022 5398 2088 5445 v.
2134 5383 2217 5449 32

2307 455 2510 525 usque
2534 438 2611 506 ad
2637 441 2759 517 473
2792 440 2863 506 S.
2887 443 3098 508 Lucae
3121 459 3261 529 cap.
3290 442 3461 509 nil
3482 461 3552 509 v.
3580 444 3665 509 u
3690 460 3897 527 usque

2308 525 2387 593 ad
2422 529 2540 603 473
2576 528 2639 594 S.
2669 528 2854 594 Marci
2886 547 3025 614 cap.
3052 532 3190 598 XIV
3213 549 3277 596 v.
3307 534 3394 596 23
3429 549 3633 617 usque
3665 530 3747 596 ad
3784 533 3897 608 43ς

2310 617 2375 682 S.
2427 614 2670 681 loannis
2728 634 2867 701 cap.
2926 619 3117 685 xvm
3164 638 3230 683 v.
3283 620 3321 684 4
3369 628 3436 684 et
3479 633 3671 705 seq.;
3730 618 3906 685 unde

2309 702 2535 769 accidit
2585 714 2656 770 ut
2702 702 2963 790 quidam
3008 704 3301 772 litteralis
3331 705 3709 773 narrationis
3754 709 3905 775 San-

2311 790 2395 857 cti
2440 790 2726 879 Evagelii
2759 792 3169 860 veracitatem
3215 794 3400 861 alteri
3448 793 3703 861 cuidam
3744 793 3905 860 libro

2314 888 2803 967 postponerent,
2837 881 3008 966 quod
3057 881 3297 950 mirum
3326 900 3458 949 non
3490 892 3586 949 est
3618 881 3685 949 in
3732 881 3904 949 hisce

2313 966 2720 1055 regionibus,
2785 969 2847 1034 in
2908 968 3138 1054 quibus
3207 968 3554 1038 Bibliorum
3624 969 3905 1037 studium

2313 1073 2440 1122 non
2486 1055 2766 1122 multum
2812 1068 3096 1124 curatur.
3158 1058 3340 1126 ludas
3397 1057 3589 1124 etiam
3642 1076 3907 1147 appare·

2313 1142 2416 1209 hat
2461 1142 2537 1209 ad
2585 1143 2922 1210 Dominum
2972 1145 3286 1214 accedens
3332 1163 3482 1212 cum
3527 1146 3801 1213 cohorte
3846 1146 3905 1211 in

2312 1240 2455 1297 actu
2498 1229 2639 1317 ipso
2700 1230 2996 1302 orationis
3054 1242 3121 1300 et
3178 1232 3692 1317 confortationis,
3740 1235 3903 1320 Apo·

2309 1318 2624 1385 stolorum
2684 1317 3144 1387 dormientium
3196 1320 3419 1390 statuis
3486 1320 3745 1408 longius
3803 1342 3904 1410 ap-

2316 1406 2685 1494 parentibus
2704 1457 2721 1491 ,
2771 1417 2840 1474 ut
2888 1407 2939 1473 is
2983 1410 3324 1476 Dominum
3372 1409 3436 1475 in
3481 1418 3630 1475 actu
3684 1409 3907 1475 oratio-

2316 1494 2412 1561 nis
2457 1505 2731 1582 repente
2776 1494 3158 1575 invenisset;
3205 1498 3381 1584 quod
3435 1496 3667 1587 procul
3717 1496 3907 1566 dubio

2313 1582 2522 1650 textui
2590 1583 2960 1670 evangelico
3034 1585 3456 1670 contradicit,
3516 1602 3676 1651 cum
3740 1585 3911 1652 iuxta

2313 1670 2549 1754 ipsum,
2600 1673 2899 1739 Dominus
2944 1677 3120 1740 lesus
3149 1683 3488 1760 postquam
3532 1673 3770 1755 oravit,
3818 1670 3909 1738 di·

2312 1759 2573 1847 scipulis
2635 1760 3102 1827 annuntiaverit
3156 1761 3503 1849 proditoris
3555 1761 3905 1829 adventum

2315 1859 2379 1914 et
2409 1846 2791 1935 processerit
2823 1848 3017 1916 Iudae
3049 1861 3114 1915 et
3158 1849 3407 1917 cohorti
3439 1848 3506 1916 in
3537 1867 3905 1916 occursum.

2315 1938 2507 2006 Porro
2554 1935 2711 2003 haec
2758 1936 2967 2003 omnia
3014 1935 3211 2004 fidem
3255 1936 3323 2003 in
3368 1937 3801 2025 Evangelium
3845 1949 3905 2002 et

2320 2023 2663 2091 litteralem
2708 2025 2808 2091 Ss.
2856 2024 3412 2111 Evangelistarum
3476 2025 3905 2093 narrationem

2315 2112 2577 2179 minime
2631 2125 2919 2196 servant,
2968 2114 3083 2181 sed
3147 2113 3358 2201 potius
3418 2111 3906 2190 contradicunt;

2316 2218 2463 2270 cum
2511 2201 2773 2286 plures,
2822 2210 3030 2287 prout·
3079 2212 3631 2289 repraesentatum
3694 2210 3802 2268 est
3850 2211 3908 2266 et

2314 2307 2444 2355 non
2490 2299 2683 2374 prout
2728 2299 3018 2356 narratur
3065 2288 3127 2355 in
3174 2289 3555 2377 Evangelio,
3606 2288 3909 2356 accidisse

2317 2376 2736 2444 crediderint.
2804 2376 3071 2444 Accedit
3128 2378 3301 2465 quod
3366 2380 3633 2445 SSmum
3698 2380 3909 2445 Sacra·

2314 2476 2608 2533 mentum
2651 2464 2771 2532 sub
2817 2462 3048 2532 talibus
3094 2465 3313 2532 statuis
3360 2478 3426 2534 et
3460 2466 3777 2533 arborum
3820 2464 3907 2552 pi-

2315 2552 2511 2621 cturis
2557 2551 2621 2618 in
2665 2553 2937 2640 quadam
2983 2573 3212 2640 parvae
3258 2555 3606 2640 speluncae
3653 2554 3907 2642 specie,

2317 2651 2384 2708 et
2428 2660 2622 2728 super
2666 2637 2855 2728 plan'o
2920 2640 3302 2731 presbyterii
3364 2642 3759 2710 collocatum
3809 2643 3904 2724 sit,

2312 2728 2468 2814 quin
2499 2730 2923 2798 collocaretur
2953 2749 3073 2800 nec
3106 2730 3403 2799 collocari
3436 2729 3633 2819 possit
3666 2731 3907 2812 Altare,

2316 2827 2384 2884 et
2413 2835 2611 2905 super
2633 2837 2784 2885 eum
2816 2838 2932 2886 sex
2957 2818 3332 2888 candelabra
3363 2830 3490 2886 etc.
3519 2817 3697 2886 iuxta
3784 2837 3909 2885 rae·

2311 2905 2617 2994 scriptum
2651 2907 3144 2975 Caeremonialis
3172 2906 3638 2995 Episcoporum
3670 2838 3823 2975 ΒΞ.
3846 2911 3906 2991 2,

2315 3014 2454 3081 cap.
2505 2997 2616 3080 23,
2666 2997 2705 3080 g
2753 3000 2792 3063 2
2839 3008 2903 3063 et
2950 2996 3365 3064 Rubricarum
3420 2994 3681 3062 nissatis
3750 2996 3907 3063 dicta

2314 3080 2493 3150 Feria
2540 3087 2592 3153 V
2654 3084 2718 3150 in
2786 3088 2994 3151 coena
3053 3084 3329 3152 Domini.
3398 3087 3607 3171 Super
3674 3084 3907 3151 dictam

2316 3169 2508 3238 etiam
2552 3171 2899 3262 speluncae
2940 3173 3225 3259 speciem
3270 3185 3336 3240 et
3393 3191 3590 3260 super
3637 3175 3905 3240 SSmum

2318 3262 2827 3345 Sacramentum,
2848 3261 3068 3329 Laicus
3090 3261 3346 3346 quidam
3372 3264 3753 3329 conventus
3776 3279 3910 3328 con-

2317 3347 2496 3414 tinuo
2542 3349 2919 3418 ascendebat
2963 3358 3030 3414 et
3077 3347 3545 3430 deambulabat,
3584 3348 3905 3436 lampades

2315 3454 2480 3522 quae
2526 3446 2709 3504 erant
2775 3455 2990 3504 coram
3058 3437 3278 3504 statuis
3347 3434 3609 3503 curandi
3684 3436 3901 3523 gratia,

2317 3541 2529 3591 coram
2574 3526 2814 3613 populo
2863 3525 3343 3593 circumstante.

2448 3615 2779 3679 Praeterea
2826 3612 3105 3700 populus
3175 3612 3375 3699 magis
3419 3612 3498 3680 ad
3558 3618 3803 3680 statuas
3848 3620 3905 3677 et

2318 3700 2593 3788 picturas
2640 3718 2828 3786 quam
2884 3702 2961 3769 ad
3021 3699 3500 3769 sanctissimum
3544 3703 3901 3769 Sacramen-

2321 3803 2456 3856 tum
2502 3789 2795 3874 attendit,
2845 3797 2910 3856 'et
3004 3788 3274 3857 lurimae
3322 3789 3785 3857 irreverentiae
3817 3790 3900 3855 lo·

2318 3896 2467 3945 cum
2528 3878 2786 3962 hahent,
2853 3879 2917 3945 in
3007 3878 3139 3945 isce
3195 3877 3900 3967 repraesentationibus,

2318 3985 2482 4053 quae
2532 3965 2722 4034 etiam
2772 3985 2974 4053 usque
3020 3975 3167 4054 post
3211 3970 3513 4036 Sanctum
3580 3964 3761 4032 diem
3806 3968 3903 4031 Pa·

2320 4055 2508 4121 schae
2556 4064 2983 4122 asservantur.

2451 4142 2729 4209 Attentis
2775 4143 3079 4231 expositis
3125 4156 3189 4210 et
3245 4142 3552 4210 scandalis
3596 4161 3764 4229 quae
3814 4161 3904 4207 oc·

2321 4230 2568 4298 casione
2616 4230 2981 4297 huiusmodi
3017 4231 3679 4318 repraesentationum
3730 4230 3901 4297 vitari

2322 4338 2449 4387 non
2478 4329 2767 4420 possunt,
2816 4319 2892 4386 ab
2926 4319 3150 4386 eadem
3182 4321 3368 4387 Sacra
3399 4319 3903 4405 congregatione

2322 4407 2683 4561 hugullime
2714 4406 3060 4495 postulavit
3090 4407 3475 4485 solutionem
3501 4408 3899 4493 sequentium

2323 4499 2413 4564 du
2460 4495 2705 4563 iorum:

2451 4583 2726 4651 Dubium
2758 4588 2806 4651 1.
2857 4586 3085 4650 Utrum
3125 4583 3491 4652 huiusmodi
3540 4602 3903 4673 repraesen-

2328 4673 2592 4740 tationes
2640 4672 2704 4738 in
2749 4671 3021 4758 Sacello,
3079 4672 3144 4739 in
3191 4692 3319 4758 quo
3367 4674 3544 4741 Feria
3576 4677 3629 4742 V
3660 4672 3904 4739 maioris

2324 4761 2770 4830 Hebdomadae
2804 4779 2872 4826 re
2961 4761 3026 4827 ni
3057 4761 3255 4829 debet
3284 4760 3490 4827 Hostia
3524 4772 3898 4843 consecrata,

2326 4849 2581 4917 tolerari
2631 4779 3029 4938 possintgoet
3072 4860 3383 4935 quatenus
3427 4849 3765 4936 negative,

2453 4936 2727 5006 Dubium
2772 4942 2847 5005 ΙΙ.
2906 4942 3001 5005 An
3070 4941 3418 5026 Regulares
3464 4940 3543 5005 ab
3596 4936 3899 5025 Episcopo

2323 5026 2606 5094 coerceri
2655 5027 2896 5114 possint
2941 5026 3019 5095 ad
3058 5024 3423 5093 huiusmodi
3477 5036 3899 5115 repraesenta·

2324 5115 2530 5183 tiones
2577 5133 2705 5181 non
2753 5113 3118 5188 iaciendas?

2451 5204 2658 5284 Quum
2705 5216 2922 5273 autem
2969 5202 3125 5269 haec
3172 5202 3389 5287 dubia,
3439 5220 3637 5289 super
3683 5200 3896 5290 quibus

2325 5303 2547 5359 votum
2597 5311 2787 5360 suum
2835 5294 3001 5384 typis
3045 5310 3268 5358 cusum
3316 5290 3597 5358 exaravit
3641 5293 3799 5358 alter
3827 5305 3896 5385 ex

2323 5378 2831 5469 Apostolicarum
2874 5380 3429 5450 caeremoniarum
3478 5379 3807 5468 Magistris,
3839 5392 3894 5441 m
