4042 5950
1639 219 1757 311 -’
1794 250 1900 329 47
1954 295 2058 311 -

354 414 418 476 2.
452 412 549 475 An
572 409 745 475 idem
773 409 1119 476 dicendum
1147 408 1211 474 in
1242 405 1793 494 semiduplicibuS‚

228 509 288 563 et
331 518 477 564 casu
522 517 649 583 quo
694 497 759 562 in
809 498 940 562 istis
986 496 1186 562 Festis
1217 495 1485 562 dicenda
1516 494 1597 559 sit
1620 494 1795 559 Missa

222 586 303 661 de
348 590 598 668 Sancto,
630 585 823 670 possit
870 604 949 648 ex
996 602 1178 649 causa
1221 582 1641 649 ordinationis
1664 582 1796 668 legi

224 672 389 737 Missa
454 673 535 738 de
599 681 927 758 tempore,
997 672 1162 736 sicut
1219 679 1433 757 potest
1495 689 1575 735 ex
1634 669 1794 736 iusta

224 779 395 824 causa
441 758 748 825 celebrari
818 759 992 825 Missa
1047 758 1256 825 votiva
1324 759 1386 822 in
1455 756 1796 843 praedictis

220 845 457 912 Fastis?
1411 875 1419 885 ·

342 938 409 1000 3.
458 935 559 998 An
604 934 656 999 si
701 934 877 1000 Missa
925 933 1305 999 celebranda
1352 931 1435 996 sit
1489 931 1572 998 de
1633 940 1793 997 tem·

222 1040 395 1107 pore,
444 1020 680 1087 debeat
726 1020 869 1087 fieri
903 1020 1424 1087 commemoratio
1445 1019 1540 1101 ’116
1570 1022 1799 1085 Sancto

220 1108 389 1173 cuius
434 1108 512 1174 fit
555 1107 870 1192 Officium,
898 1128 975 1173 an
1004 1127 1159 1173 vero
1191 1107 1425 1174 debeat
1456 1106 1579 1172 dici
1602 1115 1797 1192 prout

218 1195 276 1260 in
316 1196 685 1279 ordinario,
734 1195 897 1261 sicut
941 1196 1007 1260 in
1054 1196 1350 1261 Ecclesiis
1413 1193 1797 1260 cathedrali-

216 1283 346 1365 bus,
393 1283 507 1348 ubi
554 1283 718 1349 duae
766 1283 980 1348 Missae
1028 1282 1440 1349 celebrantur
1497 1283 1560 1348 in
1613 1300 1795 1366 prae-

218 1369 343 1434 latis
389 1368 668 1436 diebus?

337 1462 396 1523 4.
452 1460 555 1523 An
602 1456 919 1545 Episcopo
962 1456 1403 1523 Ordinationes
1439 1465 1701 1522 tenente
1733 1455 1798 1521 in

214 1544 571 1610 Catbedrali
605 1547 709 1610 vel
741 1545 1119 1630 collegiata,
1147 1546 1255 1612 ubi
1290 1554 1603 1611 canuntur
1634 1543 1797 1610 duae

216 1631 421 1696 Missae
468 1633 555 1698 de
585 1635 769 1698 Festo
818 1645 880 1699 et
927 1634 1011 1697 de
1057 1632 1262 1714 Feria,
1295 1632 1493 1719 possit
1536 1631 1796 1698 Ordina-

216 1719 443 1785 tionem
498 1718 736 1785 babere
782 1721 846 1786 in
895 1718 1071 1785 Missa
1117 1721 1199 1787 de
1248 1723 1469 1802 Festo,
1518 1738 1595 1784 an
1640 1738 1797 1785 vero

212 1806 433 1872 debeat
484 1807 626 1872 fieri
674 1807 739 1873 in
786 1807 966 1873 Missa
1010 1807 1097 1872 de
1144 1805 1377 1872 Feria‘?

330 1896 398 1958 S.
454 1898 534 1959 R.
587 1897 705 1978 C.,
753 1894 972 1962 audito
1031 1904 1183 1959 voto
1259 1898 1334 1962 R.
1393 1898 1458 1959 P.
1502 1898 1573 1959 D.
1617 1893 1796 1961 Reali

208 1981 713 2077 Apostolicorum
761 1983 1317 2049 caeremoniarum
1364 1982 1666 2068 Magistri,
1698 2000 1796 2047 re-

206 2067 617 2135 scnbendum
644 2070 916 2137 censuit:
947 2092 984 2134 ‹
1002 2074 1181 2135 quta
1196 2079 1418 2137 votum
1437 2092 1501 2152 »,
1528 2088 1791 2156 nempe:

326 2157 423 2223 Ad
482 2161 545 2222 1.
594 2179 631 2221 ‹
666 2158 911 2223 Missam
957 2176 1076 2244 pro
1126 2157 1443 2245 explenda
1508 2156 1796 2242 generali

206 2242 609 2310 ordinatione
655 2264 795 2310 esse
842 2246 1178 2314 dicendam
1204 2246 1288 2311 de
1318 2254 1638 2332 tempore,
1667 2260 1794 2310 non

205 2328 417 2395 omissa
470 2341 712 2415 tamen,
748 2333 921 2398 iuxta
965 2332 1386 2400 Rubricarum
1431 2332 1793 2419 dispositio·

208 2433 370 2501 uem,
420 2418 537 2483 illa
582 2420 669 2486 de
713 2423 901 2487 Festo
933 2431 1317 2487 occurrente
1345 2442 1412 2485 ν.

328 2507 423 2570 Ad
482 2510 547 2573 2.
602 2529 640 2572 ‹
672 2510 752 2573 Ut
790 2509 865 2574 ad
912 2508 1194 2595 primum
1227 2530 1291 2572 ».

327 2594 421 2660 Α11
481 2599 549 2661 3.
598 2616 636 2659 ι
670 2596 1003 2663 Provisum
1049 2596 1114 2662 in
1161 2596 1442 2662 secundo
1469 2616 1531 2659 ».

327 2682 422 2748 Ad
479 2686 543 2748 4.
599 2703 637 2746 ‹
670 2683 1148 2750 ordinationem
1175 2683 1529 2750 habendam
1557 2702 1697 2748 esse
1728 2681 1790 2746 in

206 2767 369 2833 Missa
417 2769 507 2835 de
554 2770 731 2835 Feria
762 2793 823 2835 ».

326 2863 403 2922 Et
453 2857 540 2922 ita
587 2857 934 2923 declaravit
1003 2870 1067 2924 et
1134 2859 1372 2924 servari
1442 2858 1786 2924 mandavit.

208 2944 307 3010 Die
355 2949 442 3012 30
496 2945 758 3011 Ianuarii
814 2950 1008 3015 1731.

209 3122 465 3193 2295.

867 3127 1120 3190 nnsis.
1560 3120 1787 3208 (3996)

327 3301 495 3365 Cum
548 3316 630 3362 ex
676 3296 1050 3363 calendario
1083 3295 1409 3362 Ecclesiae
1435 3295 1788 3382 Sapientiae

200 3384 375 3450 Urbis
426 3385 900 3472 praescriptum
946 3385 1025 3449 sit
1071 3384 1340 3471 singulis
1387 3385 1563 3449 annis
1605 3385 1784 3450 Feria

202 3474 301 3554 w,
329 3477 407 3541 Vl
442 3483 509 3537 et
547 3472 816 3537 Sabbato
846 3471 1281 3537 hebdomadae
1313 3472 1782 3557 sexagesimae,

203 3571 494 3647 tempore
544 3560 940 3624 vacationum
968 3579 998 3622 a
1023 3560 1276 3641 31611113,
1307 3569 1433 3624 1163
1457 3559 1789 3624 6616111664

200 3646 303 3722 das
349 3667 493 3712 esse
545 3648 879 3732 exequias3
931 3666 1206 3732 cumque
1254 3646 1558 3728 eaedem,
1606 3646 1782 3712 iuxta

198 3734 683 3823 dispositionem
732 3739 1176 3818 Decretorum,
1241 3733 1587 3799 enunciatis
1646 3733 1782 3799 die-

204 3821 309 3886 bus
354 3823 439 3888 ob
485 3824 955 3888 occurrentiam
999 3824 1375 3888 Sanctorum
1421 3820 1778 3908 duplicium

200 3909 460 3974 minime
504 3910 756 3996 peragi,
785 3929 906 3974 nec
951 3910 1029 3975 ad
1076 3910 1260 3974 aliam
1310 3909 1486 3976 diem
1533 3908 1776 3974 ratione

200 3997 587 4062 assistentiae
637 4007 763 4062 tam
810 4001 934 4073 DD.
964 3996 1434 4062 Advocatorum
1465 3996 1781 4061 Consisto-

200 4083 472 4167 rialium,
512 4102 705 4169 quam
753 4083 1022 4148 aliorum
1057 4084 1251 4170 ipsius
1282 4082 1779 4167 Archigymnasii

200 4171 660 4252 Professorum,
714 4170 1040 4236 transferri
1106 4171 1394 4257 possint3
1446 4180 1782 4257 propterea

202 4278 277 4324 ex
324 4270 511 4344 parte
542 4259 897 4325 Custodum
932 4258 1138 4324 dictae
1172 4259 1493 4324 Ecclesiae
1525 4256 1785 4341 Sapien-
1845 4328 1859 4342 ,

202 4346 363 4428 tiae,
429 4366 550 4432 pro
616 4346 869 4412 indulto
925 4345 1062 4410 illas
1121 4345 1186 4410 in
1234 4355 1563 4431 posterum
1612 4343 1780 4409 cele·

202 4432 421 4500 brandi
454 4435 519 4499 in
547 4434 842 4521 praefatis
874 4432 1132 4516 diebus,
1172 4435 1361 4498 etiam
1409 4436 1635 4497 Sancto
1670 4432 1783 4498 du-

200 4520 349 4604 plici
398 4532 777 4586 occurrente
827 4522 889 4586 in
923 4525 991 4586 S.
1024 4524 1099 4585 R.
1129 4525 1201 4588 C.
1240 4521 1601 4587 humillime
1631 4537 1779 4604 sup-

202 4608 503 4694 plicatum
553 4608 699 4675 fuit.

328 4700 409 4760 Et
454 4700 521 4763 S.
559 4696 787 4761 eadem
821 4701 897 4763 R.
934 4700 1036 4779 C.,
1063 4696 1320 4762 attentis
1369 4695 1776 4761 circumstan-

201 4782 299 4847 tiis
351 4783 411 4849 in
454 4781 738 4871 supplici
787 4783 1009 4850 libello
1064 4783 1418 4871 expressis:
1481 4802 1519 4846 α
1552 4779 1776 4846 Huius-

196 4871 369 4937 modi
414 4870 744 4936 instantiae
780 4870 950 4936 iuxta
973 4870 1167 4959 petita
1200 4871 1611 4937 annuendum
1637 4887 1777 4933 esse

200 4962 444 5024 censuit
479 4981 542 5023 ».
581 4959 696 5023 Die
730 4963 813 5024 20
859 4959 1182 5024 Februarii
1238 4962 1429 5024 1731.

201 5095 458 5164 2296.
840 5100 1158 5176 IANUEN.

330 5220 809 5288 Reluctantibus
856 5222 1175 5288 nonnullis
1199 5220 1599 5310 cappellanis
1630 5225 1775 5285 Pre-

202 5308 494 5392 sbyteris,
530 5309 909 5395 nuncupatis
940 5310 1023 5375 de
1054 5313 1266 5391 Massa,
1299 5308 1618 5374 Ecclesiae
1648 5310 1774 5373 Me-

1550 5097 1772 5183 (6667)

1897 407 2313 494 tropolitanae
2361 411 2649 491 Ianuen.,
2708 419 2924 474 contra
2990 407 3318 492 antiquum
3371 426 3468 472 so·

1895 494 2085 560 litum
2117 515 2322 580 usque
2354 497 2430 562 ad
2460 515 2693 565 annum
2724 499 2889 561 1729
2913 504 3256 576 servatum,
3291 515 3469 560 acce·

1896 582 2052 647 dere
2086 601 2206 647 una
2234 601 2377 648 cum
2403 582 2730 650 canonicis
2751 583 2921 649 illius
2954 583 3467 668 Metropolitanae

1896 670 1971 735 ad
2007 670 2213 735 aulam
2237 670 2450 735 Palatii
2474 669 3041 758 Archiepiscopalis
3065 668 3465 751 destinatam,

1897 757 1972 823 ad
2023 757 2321 823 effectum
2367 758 2712 824 associandi
2759 760 2984 823 Rffium
3030 756 3465 842 Archiepisco-

1898 863 2054 932 pum
2079 862 2273 930 cappa
2297 843 2593 912 indutum
2624 844 3071 932 pontificaliter
3113 845 3465 927 celebratu-¹

1897 952 2043 998 rum
2115 934 2220 999 vel
2281 932 2687 998 celebrationi
2749 932 3018 998 solemni
3082 931 3464 998 adstiturum

1895 1038 2096 1105 usque
2143 1022 2219 1087 ad
2264 1020 2611 1085 Ecclesiam
2643 1069 2660 1102 ‚
2712 1031 2777 1085 et
2844 1021 2921 1087 ab
2969 1039 3040 1086 ea
3108 1019 3184 1086 ad
3233 1020 3463 1088 dictam

1897 1110 2104 1175 aulam
2135 1107 2496 1193 respective
2537 1106 2930 1186 reducendi;
2964 1127 3085 1173 nec
3109 1126 3261 1191 non,
3290 1127 3464 1173 occa-

1895 1196 2073 1262 sione
2119 1195 2485 1261 huiusmodi
2531 1193 2974 1279 associationis,
3023 1194 3464 1281 genuflectere

1900 1294 1963 1349 et
2011 1285 2074 1348 in
2119 1281 2401 1348 Ecclesia
2457 1302 2624 1355 sacra
2683 1293 3044 1369 paramenta
3101 1282 3176 1349 ad
3238 1281 3461 1348 Cathe-

1894 1372 2072 1437 dram
2103 1370 2389 1445 delerre;
2433 1380 2496 1434 et
2525 1391 2557 1435 a
2587 1369 2881 1455 praefatis
2913 1367 3463 1469 praetensionibus

1894 1458 2206 1543 aliquibus
2235 1476 2313 1533 ex
2345 1456 2532 1523 dictis
2561 1455 2985 1543 cappellanis,
3018 1476 3144 1524 non
3177 1457 3462 1523 obstante

1894 1545 2083 1611 etiam
2131 1545 2356 1611 Edicto
2403 1544 2543 1611 Ruti
2588 1543 3090 1631 Arcbiepiscopi,
3140 1546 3462 1612 occasione

1894 1633 2163 1720 vigiliae
2210 1643 2275 1697 et
2318 1630 2696 1698 Festivitatis
2743 1631 3024 1697 omnium
3088 1635 3460 1700 Sanctorum

1894 1741 2056 1788 anno
2102 1718 2430 1806 praedicto
2478 1717 2820 1806 publicato,
2854 1718 3115 1785 minime
3161 1721 3464 1787 receden-

1896 1809 2095 1893 tibus;
2146 1809 2317 1874 idem
2359 1810 2554 1872 Rmus
2612 1804 2841 1871 Arcbie
2892 1807 3142 1893 iscopus
3200 1808 3462 1875 devenit

1895 1892 2112 1962 contra
2157 1894 2500 1962 nonnullos
2544 1912 2624 1958 ex
2677 1911 2830 1979 prae
2860 1894 2976 1959 atis
3037 1896 3114 1962 ad
3169 1914 3464 1962 censuras
3579 1962 3584 1973 ,

1893 1982 2322 2070 suspensionis
2368 2001 2402 2045 a
2459 1980 2716 2047 Divinis.
2789 1983 3028 2047 Verum
3080 1983 3156 2048 ad
3213 2002 3463 2050 eorum-

1895 2072 2045 2138 dem
2093 2067 2447 2135 instantiam
2494 2067 2568 2133 ab
2612 2067 2922 2135 Auditore
2969 2070 3170 2153 ssmi,
3210 2071 3463 2154 praevia

1894 2158 2286 2225 absolutione
2350 2176 2381 2220 a
2443 2155 2724 2221 censuris
2786 2173 2931 2220 cum
3001 2157 3459 2240 reincidentia,

1893 2245 2167 2312 remissis
2212 2244 2288 2310 ad
2350 2247 2413 2311 S.
2467 2247 2541 2308 R.
2593 2246 2667 2309 C.
2722 2243 3209 2327 controversiiS,
3268 2246 3461 2310 etiam

1893 2334 2102 2419 quoad
2148 2351 2481 2413 66636163,
2531 2339 2596 2396 61
2643 2331 2707 2395 in
2757 2349 2828 2394 ea
2871 2329 3288 2418 infrascriptis
3347 2333 3465 2398 du-

1893 2421 2010 2487 biis
2081 2438 2293 2486 coram
2359 2423 2515 2484 Emo
2571 2427 2636 2482 et
2681 2420 2836 2483 nmo
2883 2422 2954 2484 D.
3005 2419 3195 2485 Card.
3249 2418 3462 2485 Porzia

1888 2514 2168 2576 Ponente
2213 2507 2380 2573 inter
2423 2517 2638 2592 partes
2683 2507 3079 2574 concordatis
3136 2506 3459 2590 discussis,

1890 2614 2038 2662 nem
2088 2615 2170 2661 e:

2025 2615 2084 2749 111
2136 2688 2229 2748 An
2273 2680 2643 2768 Cappellani
2689 2680 3211 2769 Metropolitanae
3241 2683 3466 2749 Eccle-

1885 2772 2041 2854 siae,
2091 2772 2175 2837 de
2220 2773 2410 2835 Massa
2457 2770 2843 2855 nuncupati,
2891 2770 3305 2864 ad·eamdem
3352 2774 3464 2836 Ar·

1885 2859 2297 2945 cbiepiscopo
2342 2858 2720 2938 accedente,
2774 2858 3017 2923 Missam
3074 2857 3322 2944 aliaque
3369 2857 3463 2922 di-

1886 2947 2027 3014 vina
2089 2945 2298 3013 Officia
2368 2942 2821 3031 pontificaliter
2882 2943 3335 3032 celebraturo,
3384 2964 3462 3011 ex

1860 3036 2025 3102 *aula
2067 3033 2589 3120 archiepiscopali
2622 3032 2697 3097 ad
2741 3033 3084 3099 Ecclesiam
3127 3045 3190 3100 et
3221 3034 3299 3098 ab
3345 3038 3463 3099 Ec-

1884 3122 2074 3190 clesia
2119 3122 2196 3187 ad
2236 3122 2472 3186 dictam
2505 3120 2711 3186 aulam
2760 3120 3044 3185 comitari
3092 3108 3476 3187 teneantur?

2015 3213 2081 3273 2.
2111 3210 2206 3273 An
2232 3208 2456 3274 eadem
2482 3205 2811 3274 associatio
2843 3205 3182 3290 debeatur,
3208 3209 3462 3293 quando

1882 3295 2416 3382 Archiepiscopus
2463 3313 2658 3379 cappa
2692 3293 2953 3361 indutus
2986 3294 3345 3379 descendit,
3381 3295 3457 3361 ad

1882 3384 2183 3450 effectum
2231 3383 2589 3468 praestandi
2636 3382 3051 3447 assistentiam
3087 3382 3146 3447 in
3181 3381 3376 3449 casu?

2014 3476 2080 3538 3.
2131 3472 2227 3535 An
2271 3471 2534 3555 praefati
2601 3469 2969 3555 Cappellani
3037 3471 3102 3535 in
3163 3473 3302 3538 aula
3365 3491 3462 3536 ar-

1884 3558 2358 3646 chiepiscopali,
2429 3568 2553 3623 tam
2601 3558 2666 3623 in
2713 3577 2966 3624 accessu
3012 3576 3203 3642 quam
3251 3560 3313 3624 in
3363 3578 3460 3624 re-

1883 3666 2132 3734 gressu,
2175 3656 2513 3711 teneantur
2546 3645 3099 3712 Reverendissimo
3133 3646 3459 3734 Archiepi-

1882 3753 2077 3822 scopo
2124 3731 2612 3820 genuflectere?

2011 3826 2075 3888 4.
2131 3824 2226 3886 An
2273 3821 2536 3907 praefati
2572 3820 2941 3907 cappellani
2975 3831 3314 3888 teneantur
3345 3824 3460 3888 Ar-

1878 3907 2295 3996 chiepiscopo
2351 3908 2805 3993 pontificaliter
2869 3908 3273 3974 celebraturo
3342 3911 3457 3977 de-

1876 3997 2050 4062 ferre
2118 4016 2290 4061 sacra
2351 4005 2713 4081 paramenta
2781 3995 2857 4060 ad
2918 3996 3301 4062 Catbedram
3345 4018 3457 4063 -ar-

1875 4083 2446 4169 cbiepiscopalem;
2500 4093 2563 4148 et
2609 4084 2943 4150 actualiter
2973 4083 3320 4150 celebranti
3362 4094 3457 4151 te·

1879 4190 2036 4237 nere
2084 4171 2319 4237 librum
2364 4179 2429 4235 et
2473 4168 2951 4255 palmatoriam‘?

2010 4262 2074 4323 δ.
2108 4262 2204 4323 An
2238 4277 2547 4324 censurae
2582 4258 3017 4324 sustineantur
3048 4258 3111 4324 in
3144 4279 3289 4325 casu
3312 4259 3344 4325 ¹?

2010 4349 2075 4411 S.
2113 4350 2187 4412 R.
2225 4349 2326 4428 C.,
2374 4344 2450 4410 ad
2498 4345 2876 4412 relationem
2922 4347 3060 4410 Ειῖιί
3094 4357 3159 4412 61
3205 4348 3347 4412 Pani
3379 4353 3451 4414 D.

1874 4436 2061 4502 Card.
2112 4433 2312 4516 Picbi,
2356 4434 2495 4498 loco
2542 4433 2700 4499 dicti
2749 4433 2884 4499 Emi
2931 4433 3253 4516 Ponentis,
3286 4443 3456 4500 utra-

1879 4542 2006 4607 que
2051 4532 2234 4608 parte
2295 4521 2547 4607 scriptis
2599 4531 2663 4587 et
2705 4540 2863 4586 voce
2919 4520 3298 4585 informante
3349 4541 3454 4586 au·

1875 4610 2030 4694 dita,
2084 4608 2570 4674 rescribendum
2619 4607 2906 4674 censuit:

2006 4696 2099 4761 Ad
2159 4699 2218 4760 1.
2253 4715 2306 4759 »α
2340 4695 2734 4760 Affirmative
2767 4718 2829 4758 ».

2007 4783 2103 4848 Ad
2153 4787 2220 4847 Ξ.
2271 4805 2308 4847 1(
2341 4782 2732 4849 Affirmative
2765 4803 2832 4846 ».

2010 4870 2102 4936 ad
2154 4875 2218 4936 3.
2266 4890 2304 4933 «
2339 4868 2732 4935 Affirmative
2765 4890 2827 4934 ».

2008 4958 2100 5023 Ad
2148 4962 2213 5023 4.
2264 4979 2301 5021 ‹
2332 4957 2550 5035 Quoad
2644 4967 2962 5023 aramenta
3008 4978 3179 5025 sacra
3213 4978 3341 5027 666
3360 4972 3455 5028 16·

1874 5045 2040 5127 neri,
2101 5044 2221 5109 nisi
2280 4977 2731 5111 deficientibus
2801 5045 3166 5134 Acolytbis3
3241 5049 3449 5133 quoad

1880 5133 2113 5198 librum
2163 5141 2227 5197 et
2270 5132 2729 5220 palmatoriam,
2781 5132 3168 5200 Affirmative
3201 5155 3265 5201 ».

2006 5220 2102 5285 Ad
2154 5224 2217 5284 5.
2270 5242 2307 5284 ‹
2343 5221 2538 5285 Petita
2586 5221 2796 5304 venia,
2840 5232 3169 5287 recurrant
3227 5222 3303 5288 ad
3338 5225 3450 5288 Ar·

1881 5308 2358 5395 cbiepiscopum
2420 5308 2497 5375 ad
2565 5320 2852 5375 mentem
2884 5324 2960 5384 »ς
3020 5319 3085 5374 61
3130 5325 3310 5376 mens
3355 5320 3450 5376 est
