4042 5950
1546 278 1858 360 —399
1914 324 2017 339 —

159 438 718 509 Administrationis
742 440 1141 529 Apostolicae
1163 439 1526 597 prudenter
1548 437 1730 527 sequi

162 528 310 595 banc
340 548 515 596 suam
551 528 1146 616 interpretationem

280 615 603 685 Eiusmodi
635 635 827 704 porro
861 615 1050 684 dubia
1088 635 1289 703 quum
1336 615 1732 704 subscriptus

157 704 535 772 Secretarius
557 704 1085 806 congregationis
1108 707 1445 772 Sacrorum
1468 705 1726 771 Rituum

158 792 444 859 retulerit
478 791 539 860 in
570 792 912 861 ordinariis
957 791 1240 859 comitiis
1282 793 1362 858 ad
1409 790 1728 869 Quirinale

158 879 456 947 hodierna
501 881 610 949 die
655 879 1045 962 coadunatis,
1097 883 1281 948 Sacra
1314 878 1537 946 eadem
1567 882 1731 946 con·

157 967 432 1055 gregatio
477 967 723 1057 singula
771 980 1018 1035 mature
1059 968 1429 1069 expendere
1462 966 1728 1049 curavit,

157 1067 216 1124 et
245 1056 581 1123 inhaerens
623 1055 908 1124 Decretis
954 1053 1103 1123 alias
1149 1075 1211 1123 in
1257 1054 1570 1123 similibus
1604 1053 1734 1122 edi-

159 1144 254 1228 tis,
299 1144 678 1230 praesertim
739 1147 801 1211 in
856 1163 980 1210 una
1041 1143 1418 1212 Sarsinaten.
1469 1142 1598 1210 diei
1646 1146 1730 1209 22

159 1230 415 1319 Augusti
468 1234 666 1317 1722,
714 1232 1068 1300 rescribere
1116 1241 1245 1301 rata
1291 1242 1433 1299 estt

277 1341 313 1383 «
350 1318 659 1406 Negative
706 1319 770 1387 iu
817 1318 1155 1400 omnibus;
1219 1318 1390 1386 iuxta
1439 1318 1733 1387 enuncia-

158 1419 285 1474 tum
331 1411 678 1475 Decretum
736 1408 801 1476 in
861 1427 986 1475 una
1039 1408 1420 1476 sarsinaten.
1472 1407 1603 1475 diei
1649 1412 1732 1475 22

158 1495 415 1583 Augusti
472 1499 639 1563 1722
671 1518 738 1563 ».

282 1588 495 1670 Atque
563 1583 646 1650 ita
712 1583 1082 1673 rescripsit,
1145 1583 1595 1674 propositaque
1655 1584 1733 1650 ab

156 1671 465 1758 Episcopo
535 1671 1063 1740 Administratore
1125 1670 1491 1761 Apostolico
1553 1672 1734 1740 Peki-

157 1760 330 1825 nensi
376 1758 567 1827 dubia
617 1757 994 1827 declaravit.

277 1847 390 1914 Die
437 1851 479 1916 9
528 1847 665 1914 maii
719 1851 910 1916 ¹857.

159 1986 416 2057 3048.
762 1990 1116 2056 sntocsN.
1503 1986 1729 2075 (sato)

278 2108 410 2176 Etsi
442 2107 616 2176 iuxta
647 2109 1110 2177 declarationes
1134 2110 1281 2176 alias
1313 2110 1484 2178 datas
1512 2108 1590 2175 ab
1622 2108 1733 2176 bac

159 2200 372 2265 Sancta
419 2196 590 2265 Sede
634 2200 687 2264 A
736 2196 1021 2282 ostolica,
1072 2198 1330 2265 nomine
1377 2197 1586 2267 sancti
1628 2201 1734 2264 Pa-

160 2283 315 2352 troni
360 2285 513 2351 Loci
561 2285 694 2352 inte
726 2284 835 2372 ligi
882 2283 1114 2352 debeat
1160 2287 1465 2368 Sanctus,
1514 2285 1625 2371 qui
1670 2285 1735 2352 in

157 2373 587 2440 determinato
626 2373 791 2459 loco,
839 2370 1107 2441 civitate
1152 2374 1256 2441 vel
1306 2374 1554 2462 Oppido
1584 2371 1735 2439 coli-

158 2473 254 2528 tur
297 2461 484 2528 velut
529 2460 822 2528 delectus
867 2462 967 2528 ad·
1008 2465 1208 2528 Deum
1268 2465 1592 2544 Patronus,
1650 2460 1733 2526 ita

156 2560 221 2615 ut
248 2552 556 2616 Patronus
602 2548 917 2617 Dioecesis
963 2568 1088 2616 non
1120 2550 1202 2616 sit
1246 2550 1554 2618 colendus
1587 2566 1732 2616 cum

156 2641 330 2704 Festo
376 2638 463 2705 de
509 2649 853 2727 praecepto
900 2636 975 2704 iis
1023 2636 1086 2704 iu
1135 2637 1508 2727 locis,‚quae
1539 2652 1733 2726 pecu·

158 2724 367 2793 liarem
420 2725 701 2813 aliquem
746 2728 1045 2794 Sanctum
1092 2737 1480 2795 venerantur
1524 2729 1732 2792 Patro·

157 2832 349 2902 num3
403 2824 683 2883 attamen
729 2814 1010 2883 vicarius
1054 2814 1380 2881 Generalis
1420 2812 1734 2881 Dioecesis

158 2902 442 2970 Briocen.
498 2902 771 2973 ulterius
815 2923 846 2968 a
893 2905 1080 2971 Sacra
1135 2901 1395 2971 Rituum
1455 2905 1734 2987 congre·

159 2992 404 3077 gatione
454 2990 810 3079 requisivit,
873 3010 1028 3060 num
1089 2990 1207 3058 iste
1267 2994 1531 3060 Sanctus
1587 2989 1735 3057 Loci

162 3081 458 3148 Patronus
489 3080 570 3147 sit
602 3080 713 3147 ille
745 3078 1117 3147 Parochialis
1140 3077 1468 3148 Civitatis?
1497 3091 1561 3146 et
1591 3097 1739 3165 qua·

164 3174 340 3234 tenus
385 3166 785 3251 affirmative,
810 3167 1163 3256 'postulavit
1199 3167 1488 3253 quisnam
1516 3164 1599 3234 sit
1629 3170 1735 3233 Pa·

164 3267 376 3321 tronus
404 3254 691 3322 Civitatis
724 3255 892 3323 illius
925 3256 988 3322 in
1012 3275 1135 3343 qua
1165 3258 1386 3342 plures
1417 3255 1735 3324 Ecclesiae

163 3343 549 3410 Parochiales
596 3340 865 3411 extant?

283 3432 443 3499 Huic
488 3450 680 3518 porro
713 3430 1095 3518 quaestioni,
1143 3451 1177 3497 a
1221 3431 1580 3521 subscripto
1626 3433 1736 3497 Se-

163 3521 429 3585 cretario
492 3520 728 3585 relatae
789 3519 851 3587 in
910 3517 1252 3587 ordinariis
1317 3518 1599 3586 comitiis
1657 3519 1735 3587 ad

157 3605 471 3683 Quirinale
536 3606 844 3675 hodierna
910 3608 1021 3675 die
1082 3607 1481 3693 coadunatis,
1551 3610 1734 3675 Sacra

162 3694 579 3783 Congregatio
645 3695 1003 3764 rescribere
1062 3707 1192 3763 rata
1250 3705 1393 3772 est:
1454 3717 1494 3762 ι
1526 3700 1738 3764 cessat

166 3799 348 3850 omne
408 3783 679 3851 dubium
738 3783 791 3851 si
849 3783 1141 3851 'titularis
1205 3783 1564 3869 Ecclesiae,
1625 3783 1736 3870 qui

166 3869 348 3937 etiam
410 3871 720 3961 appellari
777 3873 1159 3958 quandoque
1218 3874 1384 3940 solet
1435 3876 1736 3940 Patronus

164 3959 505 4045 Ecclesiae,
538 3958 964 4048 distinguatur
993 3980 1025 4025 a
1057 3964 1319 4029 Patrono
1348 3959 1521 4047 Loci,
1546 3971 1733 4048 puta:

161 4046 472 4132 civitatis,
539 4047 937 4133 Provinciae,
1002 4049 1204 4138 Regni
1251 4061 1374 4116 etc.
1443 4048 1734 4116 Titularis

164 4132 331 4200 enim
375 4136 511 4203 sive
557 4139 859 4204 Patronus
887 4137 1210 4204 Ecclesiae
1254 4137 1305 4203 is
1351 4137 1589 4204 dicitur
1616 4136 1737 4204 sub

163 4222 338 4290 cuius
396 4225 654 4292 nomine
713 4243 831 4292 seu
892 4223 1077 4291 titulo
1139 4224 1419 4292 Ecclesia
1478 4223 1735 4292 fundata

164 4323 257 4376 est
300 4323 368 4379 et
426 4332 459 4378 a
519 4332 644 4400 quo
710 4313 1094 4402 appellatur.
1158 4318 1460 4381 Patronus
1518 4324 1734 4382 autem

164 4399 305 4465 Loci
367 4397 640 4490 proprie
688 4400 739 4468 is
797 4412 928 4486 est,
991 4419 1186 4488 quem
1244 4414 1416 4469 certa
1479 4402 1733 4486 Civitas,

165 4485 501 4576 Dioecesis‚
548 4488 894 4574 Provincia,
941 4493 1233 4574 Regnum
1279 4502 1433 4558 etc.·
1456 4489 1574 4558 sibi
1621 4490 1735 4558 de-

168 4573 320 4661 legit
349 4578 532 4644 velut
574 4577 965 4664 singularem
996 4580 1074 4645 ad
1106 4583 1309 4646 Deum
1354 4583 1728 4663 Petronium,

165 4665 422 4732 servatis
484 4665 550 4733 in
609 4666 922 4734 eiusmodi
988 4667 1307 4734 electione
1370 4665 1615 4754 regulis
1672 4665 1735 4732 in

168 4752 433 4821 Decreto
498 4774 552 4823 s.
610 4773 696 4821 m.
746 4753 979 4825 Urbani
1048 4757 1178 4823 vlu
1246 4754 1375 4822 diei
1435 4759 1519 4823 23
1579 4756 1734 4820 Har-

168 4839 233 4905 tii
283 4844 451 4910 1630
494 4842 743 4910 statutis
774 4866 836 4909 ν.

290 4932 501 5017 Atque
556 4932 639 4999 ita
699 4932 1049 5022 rescripsit.

291 5020 403 5085 Die
447 5024 490 5090 9
534 5019 671 5088 Maii
723 5023 913 5089 1857.

169 5158 429 5231 3049.
452 5217 459 5228 .
724 5166 1168 5233 CADURCEN.

296 5284 721 5353 Calendarista
773 5287 1086 5355 Dioecesis
1131 5285 1544 5355 cadurcensis
1588 5287 1738 5354 San·

171 5381 302 5440 ctae
331 5373 480 5442 Sedi
514 5376 912 5466 Apostolicae
940 5374 1250 5467 supplicia
1281 5384 1422 5442 vota
1452 5393 1561 5442 sua
1590 5391 1737 5465 por-

1507 5160 1737 5251 (5241)

1832 438 2023 523 rexit,
2072 449 2144 505 ut
2188 436 2515 525 sequeutia
2574 434 2762 505 dubia
2823 436 3150 505 declarare
3196 435 3414 524 digna·

1835 538 2040 610 retur,
2090 525 2441 592 nimirumz

1963 619 2012 682 l.
2054 618 2142 680 Ex
2173 613 2428 680 indulto
2459 613 2606 681 dato
2636 614 2743 683 die
2776 617 2815 680 2
2848 613 3212 681 Decembris
3248 616 3413 680 1852

1832 722 1950 791 pro
1997 699 2281 770 Dioecesi
2314 701 2719 785 cadurcensi,
2751 712 2976 788 quater
3007 701 3071 769 in
3099 720 3264 769 anno
3307 722 3413 790 ap·

1834 792 2182 881 probantur
2225 795 2544 892 vesperae
2591 790 3042 890 defunctorum
3105 800 3246 878 post
3293 793 3413 858 Ve-

1832 899 2050 1035 {iffi
2061 877 3413 1065 „3330'2'11035’123‘3‘52“mmm

1832 1074 1938 1122 sae
1969 1055 2291 1122 solemnes
2321 1054 2405 1122 de
2426 1054 2669 1140 Requie
2700 1072 2820 1143 pro
2844 1051 3200 1139 defunct1s3
3235 1053 3415 1121 dum-

1833 1144 2026 1211 modo
2050 1161 2178 1212 non
2201 1140 2408 1210 obstet
2433 1141 2674 1230 duplex
2701 1142 2945 1229 primae
2966 1142 3072 1209 vel
3094 1141 3411 1210 secundae

1836 1231 2083 1317 classis,
2147 1234 2405 1298 Festum
2451 1229 2533 1297 de
2586 1239 2930 1329 praecepto
2986 1231 3365 1298 servandum
3391 1276 3409 1312 ,

1835 1319 2039 1403 Feria,
2089 1318 2315 1407 Vigilia
2360 1318 2466 1384 vel
2499 1318 2726 1385 Octava
2756 1316 3177 1406 privilegiata.
3208 1319 3413 1396 Quum

1836 1426 1993 1476 vero
2025 1406 2181 1474 ritus
2215 1405 2309 1472 illi
2340 1422 2460 1495 pro
2490 1407 2786 1474 omnibus
2808 1406 3160 1493 generatim
3187 1405 3414 1473 deiun-

1836 1495 1952 1562 ctis
1997 1494 2438 1577 celebrentur,
2486 1493 2843 1561 humillime
2890 1493 3263 1580 quaeritur:

1970 1587 2032 1649 1.
2081 1585 2178 1650 An
2241 1582 2445 1649 dictae
2509 1584 2829 1669 vesperae
2887 1583 3232 1650 cantandae
3291 1582 3416 1649 sint

1838 1673 1963 1739 ritu
2008 1668 2307 1757 duplici?

1968 1763 2039 1827 2.
2084 1761 2181 1825 An
2251 1758 2314 1825 in
2382 1757 2508 1825 illis
2575 1757 2887 1827 dicendus
2943 1757 3026 1825 sit
3086 1759 3410 1828 Psalmus:

1837 1848 2067 1916 Lauda
2109 1849 2339 1914 anima
2384 1844 2576 1914 mea!

1969 1939 2037 2004 3.
2083 1939 2182 2002 An
2227 1934 2497 2003 dicenda
2523 1934 2606 2001 sit
2635 1934 2817 2002 unica
2860 1934 3071 2004 Oratio
3101 1936 3416 2004 fidetium

1837 2028 2003 2092 Deus
2021 2047 2050 2107 ‚-
2095 2022 2201 2090 vel
2249 2022 2460 2112 potius
2491 2031 2624 2090 tres
2649 2021 2975 2091 Orationes
3002 2021 3067 2090 in
3101 2024 3419 2092 Breviario

1839 2108 2225 2180 adnotatae?
3057 2144 3066 2155 ·

1969 2203 2033 2267 t.
2080 2202 2395 2278 Quaenam
2450 2200 2628 2267 Missa
2679 2199 3056 2267 solemniter
3112 2198 3416 2268 cantanda

1835 2288 1916 2354 sit
1961 2287 2324 2375 insequenti
2372 2288 2515 2372 die,
2562 2288 2768 2375 prima
2821 2287 3174 2369 nimirum3
3227 2308 3306 2356 an
3352 2288 3416 2356 in

1838 2373 2272 2463 quotidianis?

1968 2468 2042 2533 11.
2096 2468 2191 2531 Ex
2236 2464 2360 2531 alio
2405 2462 2658 2532 indulto
2703 2465 3096 2566 Apostolico,
3128 2465 3276 2533 dato
3309 2481 3416 2531 eo-

1837 2552 1986 2620 dem
2032 2571 2193 2619 anno
2239 2552 2454 2620 eidem
2501 2550 2782 2619 Dioecesi
2828 2552 3235 2639 cadurcensi,
3268 2570 3416 2620 con·

1837 2641 2122 2727 ceditur,
2172 2651 2243 2710 ut
2290 2640 2356 2707 in
2406 2639 2674 2730 singulis
2737 2638 3036 2708 Ecclesiis
3091 2640 3419 2742 parochia-

1839 2728 2005 2797 libus
2034 2728 2320 2797 civitatis
2363 2741 2555 2815 atque
2602 2726 2920 2796 Dioecesis
2967 2740 3064 2797 ter
3109 2749 3173 2797 m
3218 2729 3417 2815 quali·

1840 2816 1949 2883 bet
1979 2816 2378 2885 hebdomada
2412 2818 2623 2884 locum
2657 2817 2891 2885 habere
2923 2818 3172 2884 valeant
3199 2818 3418 2886 nissae

1837 2906 1918 2974 de
1949 2905 2194 2993 Requie
2226 2924 2372 2971 cum
2406 2915 2620 2990 cautu,
2653 2905 2806 2973 dum
2832 2902 3043 2973 Officia
3073 2915 3417 2975 occurrunt

1838 2994 1997 3061 ritus
2029 2993 2338 3082 duplicis;
2378 3005 2659 3060 attamen
2693 2993 2967 3060 exclusis
3004 3013 3264 3084 semper
3307 2995 3418 3062 du·

1885 3081 2108 3150 licibus
2158 3082 2396 3170 primae
2443 3092 2510 3148 et
2554 3081 2872 3148 secundae
2923 3083 3171 3168 classiS,
3218 3082 3416 3151 Festis

1836 3102 3416 3345 {aex}secessassaturatas?

1839 3344 2006 3412 brica
2075 3346 2299 3413 diebus
2367 3346 2647 3413 secunda
2675 3392 2693 3428 ,
2762 3346 2947 3413 tertia
2975 3394 2993 3431 ,
3064 3355 3282 3433 quarta
3351 3357 3417 3413 et

1837 3432 2055 3521 quinta
2102 3433 2366 3503 ianuarii
2411 3433 2631 3534 Elissae
2677 3434 2761 3501 de
2806 3436 3050 3535 Requie
3101 3433 3415 3537 celebrari

1837 3523 3415 3709 ffl‘zaflsptxzffisrsstflfftzssstffittz

1838 3698 2026 3766 liceat
2056 3700 2263 3765 Missas
2291 3699 2374 3765 de
2404 3698 2676 3785 Requie,
2702 3718 2770 3765 ac
2802 3699 3176 3788 praesertim
3206 3698 3415 3769 Hissas

1837 3786 1920 3854 de
1967 3785 2192 3855 diebus
2237 3785 2457 3870 tertio,
2494 3787 2795 3877 septimo,
2831 3787 3158 3874 trigesimo
3203 3795 3271 3855 et
3312 3806 3416 3855 an·

1837 3874 2185 3942 niversario
2206 3872 2240 3942 ⁸?

1970 3965 2076 4030 ΙΙΙ.
2111 3966 2177 4030 ln
2208 3961 2494 4030 Dioecesi
2522 3963 2909 4031 cadurcensi
2938 3964 3114 4031 nulla
3143 3974 3250 4030 aut
3279 3964 3417 4031 iere

1838 4049 2014 4119 nulla
2061 4061 2279 4118 extant
2314 4051 2753 4119 Anniversaria
2776 4051 3043 4152 proprie
3076 4050 3267 4136 dicta,
3298 4051 3410 4119 sed

1838 4138 1944 4208 die
1976 4138 2230 4206 circiter
2259 4149 2480 4207 octavo
2511 4139 2616 4207 vel
2648 4139 3074 4208 anmversario
3102 4137 3180 4205 ab
3211 4138 3413 4225 obitu,

1839 4227 2057 4295 Missae
2087 4228 2305 4314 plures
2336 4227 2741 4295 celebrantur
2773 4246 2891 4317 pro
2920 4226 3227 4295 defuncto
3270 4246 3417 4294 cum

1840 4333 2071 4403 magno
2116 4334 2429 4383 concursu
2475 4324 2887 4403 cognatorum
2933 4326 3000 4383 et
3034 4314 3415 4384 amicorum.

1837 4402 1995 4470 Hinc
2041 4403 2394 4490 quaeritur.

1974 4495 2034 4557 1.
2089 4493 2183 4559 An
2232 4491 2296 4559 in
2341 4492 2512 4562 dicto
2557 4512 2702 4559 casu
2748 4492 2980 4560 cantari
3011 4490 3209 4591 possit
3238 4492 3416 4562 Kissa

1839 4578 1923 4646 de
1954 4580 2200 4666 Requie
2244 4579 2549 4667 assignata
2626 4600 2698 4647 ro
2730 4580 2839 4648 die
2867 4593 3141 4670 septimo
3171 4580 3278 4648 vel
3309 4600 3417 4648 an-

1837 4666 2213 4752 niversario,
2245 4668 2367 4736 sub
2395 4669 2524 4737 ritu
2600 4667 2829 4757 uplici3
2877 4670 2984 4737 vel
3018 4669 3230 4759 potius
3260 4671 3414 4738 baec
3491 4693 3501 4708 ·

1837 4756 2015 4822 Missa
2060 4775 2143 4824 ex
2187 4755 2568 4843 quotidianis
2611 4757 2921 4825 sumenda
2965 4757 3046 4826 sit
3065 4755 3102 4824 ‘t‘

1970 4846 2039 4909 2.
2087 4846 2184 4911 An
2239 4863 2462 4912 omnes
2504 4845 2725 4912 nissae
2754 4845 3064 4913 celebrari
3111 4857 3218 4914 aut
3270 4863 3415 4913 can·

1841 4931 1955 4997 tari
1982 4931 2224 5019 possint
2255 4932 2336 5002 de
2369 4934 2638 5021 Requie,
2664 4933 2823 5002 dum
2854 4932 3130 5004 occurrit
3159 4938 3416 5002 Festum

1836 5020 2131 5107 duplex;
2178 5039 2256 5088 an
2301 5041 2457 5089 vero
2503 5021 2921 5089 celebrandae
2950 5022 3077 5090 sint
3106 5022 3190 5090 de
3228 5027 3414 5091 Festo

1838 5107 2271 5176 occurrente?

1969 5199 2076 5265 tv.
2111 5201 2181 5265 ln
2211 5196 2504 5266 omnibus
2536 5197 2742 5267 ferme
2773 5198 3070 5270 Ecclesiis
3099 5199 3415 5268 Dioecesis

1839 5285 2198 5356 Cadurcen.
2260 5286 2464 5356 tribus
2529 5298 2675 5356 ante
2738 5286 2968 5355 diebus
3032 5287 3276 5356 Feriam
3333 5291 3416 5356 tv

1841 5375 2144 5446 Cinctum
2188 5374 2553 5446 celebratur
2591 5376 2799 5445 Oratio
2841 5376 3257 5464 Quadraginta
3295 5379 3415 5446 Ho-
