4042 5950
1670 279 2143 359 ...347·-

243 443 483 509 saltem
511 443 636 510 sint
681 441 747 509 in
790 441 1026 510 Ordine
1074 442 1360 511 clericali
1413 453 1478 509 et
1527 441 1591 508 in
1638 448 1842 506 aetate

244 550 565 598 annorum
629 530 1000 619 quindecim
1057 531 1433 615 constituti3
1493 529 1568 595 ad
1624 528 1846 594 Archi-

246 620 710 708 presbyterum
758 621 1020 707 insuper
1062 628 1357 707 spectare
1397 618 1708 706 privative
1742 635 1844 681 ce·

248 707 681 774 lebrationem
728 707 1047 774 Missarum
1096 725 1244 773 cum
1285 718 1472 773 cantu
1503 725 1574 771 ac
1608 708 1844 792 Vespe-

246 814 472 861 rarum
506 796 569 862 in
594 794 1119 879 solemnioribus,
1149 807 1214 861 et
1248 795 1312 861 in
1343 795 1479 861 aliis
1504 794 1701 862 Festis
1729 811 1848 881 per

247 894 523 950 turnum
554 903 704 950 cum
736 883 872 949 aliis
901 882 1256 967 canonicis,
1282 883 1515 968 quibus
1548 900 1669 948 una
1694 899 1847 966 quo·

247 971 524 1038 tidianas
554 971 830 1073 percipit
860 970 1346 1040 distributiones
1380 981 1444 1037 et
1473 970 1548 1036 ad
1585 979 1847 1058 puncta·

249 1071 428 1126 turas
470 1062 773 1148 ad1gitur.
822 1060 1036 1138 Quoad
1085 1080 1239 1126 vero
1286 1058 1845 1140 consuetudinem,

246 1146 393 1234 ipse
436 1148 991 1216 Eminentissimns
1023 1157 1091 1214 et
1118 1146 1714 1215 Reverendissimus
1746 1145 1844 1211 Ti-

247 1236 479 1303 tularis
525 1239 784 1305 adnotat
829 1255 1036 1322 usque
1082 1236 1160 1304 ad
1205 1234 1611 1302 collationem
1644 1236 1845 1299 Bene-

248 1322 580 1409 ficiorum,
618 1327 699 1392 de
735 1323 968 1411 quibus
1016 1326 1082 1393 in
1129 1343 1276 1390 casn
1321 1322 1555 1410 agitur,
1589 1339 1849 1408 semper

247 1411 313 1476 in
362 1412 567 1480 Bullis
613 1413 967 1479 collationis
1009 1411 1520 1481 Praebendarum
1572 1409 1847 1476 adbibita

250 1499 450 1566 fnisse
499 1502 718 1584 verba,
771 1519 853 1567 ex
899 1503 1129 1587 quibus
1176 1499 1315 1566 erui
1366 1509 1579 1588 posset
1624 1498 1844 1565 Archi·

246 1588 708 1676 presbyterum
756 1588 1157 1678 potissimum
1215 1586 1538 1674 designari
1590 1586 1668 1653 ad
1733 1586 1847 1654 bu-

249 1677 531 1744 iusmodi
580 1676 1011 1765 possessiones
1056 1677 1333 1752 dandas;
1368 1674 1542 1762 quod
1578 1675 1673 1740 ius
1705 1675 1847 1740 nul-

251 1765 503 1833 limode
540 1776 1022 1833 controversum
1055 1765 1203 1848 fuit,
1235 1766 1326 1831 uti
1360 1774 1621 1852 apparet
1652 1764 1843 1829 etiam

249 1872 331 1920 ex
385 1855 854 1921 recentioribus
900 1853 1369 1921 collationibus,

385 1943 557 2019 Quae
604 1943 851 2029 singula
896 1944 1292 2032 subscriptus
1330 1939 1725 2008 secretarius
1756 1938 1847 2006 in·

252 2041 355 2096 ter
390 2042 607 2096 cetera
640 2030 923 2098 fideliter
954 2031 1241 2097 referens
1275 2030 1337 2096 in
1366 2027 1710 2096 ordinariis
1740 2029 1846 2096 sa-

252 2138 404 2185 crae
438 2117 697 2185 Rituum
725 2120 1248 2207 congregationis
1281 2116 1567 2185 comitiis
1596 2117 1673 2183 ad
1705 2113 1849 2194 Qui-

254 2209 461 2273 rinale
489 2207 789 2274 hodierna
817 2208 921 2273 die
952 2206 1200 2290 habitis,
1228 2209 1410 2274 Sacra
1435 2205 1661 2271 eadem
1688 2208 1848 2272 con-

253 2295 579 2382 gregatio,
613 2295 906 2361 omnibus
939 2307 1188 2360 maturo
1234 2294 1659 2379 diligentique
1707 2311 1852 2359 exa-

259 2383 435 2449 mine
485 2382 843 2471 perpensis,
892 2382 968 2449 ab
1013 2382 1317 2471 expositis
1367 2381 1632 2449 indubie
1676 2399 1851 2447 com-

253 2471 434 2558 perit
459 2471 523 2536 in
554 2470 810 2537 Basilica
842 2473 1107 2539 Sanctae
1137 2469 1363 2536 Mariae
1411 2470 1477 2536 in
1509 2469 1847 2537 cosmedin

254 2560 449 2626 Urbis
495 2579 577 2625 ex
624 2559 1026 2626 Institutione
1072 2572 1138 2627 et
1182 2561 1432 2626 Statuto
1485 2557 1847 2644 digniorem

258 2647 431 2714 inter
477 2646 821 2715 canonicos
875 2666 1015 2713 esse
1062 2646 1731 2735 archipresbyterum,
1780 2666 1853 2711 ac

258 2737 537 2823 proinde
584 2735 921 2802 decrevit:
972 2756 1010 2800 α
1045 2738 1492 2803 qutavotum
1553 2735 1851 2801 Eminen-

260 2824 484 2891 tissimi
533 2821 879 2892 cardinalis
922 2822 1249 2901 Titularis;
1284 2842 1560 2911 nempe:
1608 2823 1684 2889 ad
1733 2825 1848 2888 Ar-

258 2912 820 3001 cbipresbyterum
878 2922 1286 2999 praesentem
1346 2924 1637 3000 spectare
1699 2929 1850 2990 exe-

261 3004 590 3068 cutionem
634 3000 1015 3067 Litterarum
1060 3019 1178 3087 pro
1229 3000 1645 3068 immittendis
1675 3001 1852 3082 novis

259 3089 725 3177 Capitularibus
784 3089 859 3155 ad
923 3089 1436 3155 Praebendarum
1490 3089 1848 3156 cuiuscum-

259 3197 389 3264 que
423 3178 658 3264 gradus
691 3189 756 3243 et
788 3179 1044 3264 generis
1078 3177 1566 3265 possessionem,
1601 3177 1851 3262 quoties

261 3268 544 3353 ipsarum
591 3265 974 3332 Litterarum
1024 3264 1374 3351 exequutio
1419 3264 1745 3333 canonicis
1788 3263 1852 3330 in

261 3373 507 3441 genere
552 3366 618 3420 et
647 3374 775 3421 non
820 3354 1192 3420 nominatim
1242 3353 1666 3420 committitur
1696 3375 1761 3418 ».

393 3449 605 3529 Atque
636 3441 719 3508 ita
748 3442 1072 3541 rescripsit
1101 3442 1472 3528 servarique
1502 3441 1849 3507 mandavit.

398 3531 511 3597 Die
543 3534 626 3598 27
661 3530 984 3598 Februarii
1025 3533 1219 3597 1847.

267 3671 521 3744 293⁷.
591 3707 598 3718 -
888 3674 1234 3740 ramus.
1627 3672 1854 3760 (so-76)

398 3799 602 3877 Quum
629 3797 692 3864 in
714 3798 843 3863 suis
865 3800 1245 3888 Apostolicis
1267 3799 1525 3865 Litteris
1557 3800 1620 3865 in
1652 3798 1853 3864 forma

266 3886 483 3953 Brevis
512 3906 567 3950 s.
604 3905 691 3952 m.
728 3886 1071 3973 Gregorius
1100 3891 1259 3974 Papa
1290 3891 1430 3957 xvl
1462 3887 1853 3955 commiserit

265 3972 822 4042 Reverendissimo
893 3976 1200 4042 Andrien.
1268 3979 1584 4064 Episcopo
1655 3975 1855 4042 admi-

264 4062 701 4128 nistrationem
752 4063 1255 4130 Archidioecesis
1312 4064 1643 4131 Tranensis
1704 4082 1850 4129 cum

269 4150 515 4216 adiecta
540 4150 819 4216 Ecclesia
842 4151 1197 4238 Vigiliensi;
1234 4153 1370 4240 ipse
1394 4153 1513 4219 sibi
1536 4152 1855 4218 Vicarium

268 4238 649 4305 ceneralem
717 4248 944 4324 utpote
1009 4257 1197 4305 suum
1276 4245 1853 4308 Locumtenentem

160 4357 169 4370 ·
271 4326 633 4409 constituit,
682 4328 784 4393 cui
833 4326 1161 4394 interdum
1206 4331 1283 4396 ad
1338 4331 1618 4398 Chorum
1677 4347 1853 4393 acce-

270 4413 447 4482 denti
484 4416 934 4503 praecedentia
967 4417 1329 4502 denegatur
1358 4418 1566 4504 quoad
1600 4417 1855 4483 stallum

272 4504 345 4569 ab
403 4503 865 4570 Archidiacono
925 4504 1128 4591 prima
1190 4506 1461 4591 Capituli
1523 4504 1855 4572 Tranensis

272 4590 611 4678 Dignitate.
668 4591 845 4669 Quod
911 4595 1133 4659 Sacrae
1187 4594 1448 4659 Rituum
1495 4596 1858 4679 Congrega·

274 4678 423 4745 tioni
503 4697 833 4765 exponens
909 4680 1084 4747 idem
1152 4682 1433 4749 vicarius
1500 4683 1855 4766 Generalis,

275 4767 463 4834 enixe
521 4766 771 4854 rogavit
819 4779 887 4835 ut
935 4768 1225 4835 formiter
1284 4769 1649 4836 declaretur
1677 4791 1696 4836 ε
1760 4774 1856 4837 An

274 4855 553 4922 vicarius
582 4858 903 4924 Generalis
938 4859 1000 4924 in
1032 4858 1240 4924 choro
1281 4876 1596 4946 occupare
1629 4858 1856 4925 debeat

273 4945 549 5027 primum
575 4945 830 5011 stallum
853 4965 923 5012 ac
947 4945 1219 5033 proinde
1245 4947 1635 5033 praecedere
1662 4947 1857 5012 omni·

276 5029 387 5096 bus
417 5031 888 5118 Dignitatibus?

402 5124 480 5185 Et
526 5124 709 5187 Sacra
770 5121 1030 5189 Rituum
1077 5123 1538 5209 congregatio,
1587 5123 1664 5189 ad
1711 5123 1857 5201 Qui-

276 5204 469 5275 rinale
513 5208 871 5297 subsignata
905 5211 1011 5278 die
1041 5214 1384 5278 coadunata
1415 5211 1481 5277 in
1511 5210 1855 5279 Ordinariis

274 5295 587 5381 Comitiis,
653 5298 979 5365 referente
1045 5299 1401 5385 subscripto
1471 5299 1852 5383 secretario,

278 5395 520 5451 maturo
552 5386 848 5454 examine
878 5387 1208 5474 perpensis
1239 5386 1543 5475 expositis
1572 5407 1642 5453 ac
1677 5386 1740 5453 in
1771 5386 1851 5453 si-

1946 437 2203 504 milibus
2225 435 2373 503 alias
2396 437 2677 505 decretis
2700 438 3223 523 respondendum
3249 436 3534 504 censuit:

1949 548 1984 588 ι
2020 529 2197 591 quta
2250 526 2398 592 alias
2452 530 2716 592 Decreta
2765 524 3049 594 Vicarius
3095 522 3421 593 Generalis
3468 525 3535 592 in

1946 613 2155 682 choro
2203 625 2270 679 et
2316 614 2379 680 in
2427 614 2643 681 babitu
2690 612 2975 680 Vicariali
3014 612 3309 680 omnibns
3344 611 3536 679 etiam

1946 700 2364 787 Dignitatibus
2412 720 2540 769 non
2589 701 2819 789 paratis
2865 699 3220 789 praecedit,
3271 702 3536 769 excluso

1952 802 2162 856 tamen
2206 788 2713 858 Hebdomadario
2747 812 2810 855 ι.

2079 881 2286 965 Atque
2335 878 2416 944 ita
2462 877 2789 965 rescripsit
2826 898 2896 943 ac
2945 877 3010 945 in
3057 877 3535 966 metropolitana

1951 967 2249 1034 Tranensi
2298 965 2579 1034 Ecclesia
2622 967 2861 1035 servari
2909 966 3255 1033 mandavit.

2084 1054 2198 1121 Die
2242 1058 2323 1121 27
2374 1052 2700 1121 Februarii
2752 1057 2948 1122 1847.

1952 1199 2216 1268 2933.
2506 1200 2969 1266 ΤοιΕΝΤιΝΑ.
3311 1198 3538 1286 (5077)

2080 1326 2285 1403 Quum
2319 1323 2624 1392 Sacerdos
2655 1326 2880 1389 Petrus
2904 1325 3151 1392 Bonelli
3188 1327 3538 1394 canonicus

1949 1411 2474 1480 poenitentiarius
2533 1411 2926 1480 cathedralis
2992 1413 3368 1480 Tolentinae
3429 1417 3536 1482 Sa·

1948 1518 2122 1566 cram
2188 1500 2449 1567 Rituum
2528 1501 3105 1588 congregationem
3174 1502 3538 1568 humillime

1953 1588 2224 1675 rogavit,
2268 1599 2339 1656 ut
2382 1587 2706 1655 declarare
2752 1588 3174 1675 dignareturt
3224 1592 3391 1657 Num
3423 1595 3541 1657 Ec·
3633 1594 3638 1599 ’

1950 1677 2142 1742 clesia
2189 1688 2578 1759 consecrata,
2623 1695 2786 1762 quae
2833 1676 3209 1744 militaribus
3256 1678 3540 1744 stationi·

1951 1763 2069 1833 bus
2118 1774 2181 1830 et
2229 1764 2516 1830 excubiis
2549 1784 2665 1853 per
2699 1764 2964 1831 biduum
2999 1764 3357 1850 inservivit,
3390 1785 3540 1833 ceu-

1948 1853 2145 1919 senda
2189 1853 2269 1918 sit
2315 1852 2685 1938 profanata3
2743 1873 2812 1920 ac
2872 1865 3216 1941 propterea
3261 1853 3542 1942 indigeat

1954 1939 2471 2095 reconciliatione
2515 1961 2544 2005 a
2593 1939 2958 2007 Pontificale
3013 1944 3298 2010 Romano
3361 1961 3543 2030 prae·

1954 2028 2185 2116 scripta

2085 2120 2166 2182 Et
2212 2119 2395 2184 Sacra
2442 2116 2704 2184 Rituum
2752 2118 3216 2206 congregatio,
3265 2119 3343 2186 ad
3397 2118 3542 2197 Qui·

1956 2204 2154 2272 rinale
2187 2204 2547 2290 subsignata
2592 2205 2702 2272 die
2740 2206 3087 2273 coadunata
3122 2206 3184 2273 in
3214 2205 3542 2275 Ordinatio

1952 2296 2183 2376 coetu,
2233 2291 2557 2360 referente
2604 2295 2983 2379 Secretario,
3019 2295 3542 2382 respondendum

1942 2380 2252 2468 censuit:
2317 2402 2356 2445 «
2387 2381 2484 2449 Ad
2549 2382 2862 2449 cautelam
2922 2403 3062 2450 esse
3126 2382 3542 2450 reconcilian-

1956 2471 2102 2538 dam
2135 2491 2200 2536 ».

2089 2558 2202 2625 Die
2249 2561 2331 2626 27
2379 2556 2704 2625 Februarii
2757 2561 2952 2626 1847.

1959 2719 2223 2789 2939.
2515 2717 2982 2787 vchmA'rus
3316 2719 3542 2805 (3079)

2344 2826 3161 2894 RUREMUNDENSIS

2455 2933 2535 3000 IN
2582 2931 3045 3000 HOLLANDIA.

2089 3089 2396 3159 Sacerdos
2414 3088 2760 3156 Bollandus
2775 3089 3088 3157 Henricus
3105 3094 3260 3158 Oom
3269 3111 3347 3157 en
3368 3095 3547 3158 Prae·

1955 3201 2057 3248 ses
2089 3176 2422 3246 Seminarii
2454 3177 3004 3245 Ruremundensis
3034 3197 3235 3264 quum
3282 3200 3314 3243 a
3359 3182 3545 3248 Sacra

1958 3270 2220 3337 Rituum
2268 3265 2779 3351 congregatione
2818 3265 3006 3333 enixe
3041 3266 3417 3353 exquisierit
3445 3286 3544 3333 so·

1961 3356 2272 3425 lutionem
2300 3352 2775 3440 insequentium
2809 3352 3184 3433 dubiorum
3212 3354 3542 3421 nimirum:

2098 3448 2160 3511 1.
2192 3445 2355 3509 Num
2404 3452 2549 3529 post
2594 3441 2837 3508 Missam
2886 3441 3326 3529 depositionis,
3369 3454 3546 3510 extra

1961 3534 2135 3600 diem
2167 3530 2455 3614 tertium,
2481 3528 2828 3631 septimum
2856 3542 2921 3597 et
2952 3529 3374 3616 trigesimum,
3403 3550 3546 3598 can-

1963 3621 2078 3687 tari
2110 3619 2308 3706 possit
2339 3619 2517 3685 Missa
2565 3638 2628 3684 in
2674 3616 2800 3687 ritu'
2846 3618 3125 3705 duplicis
3158 3618 3438 3701 maioris,
3473 3630 3545 3686 ut

1963 3711 2027 3775 in
2059 3709 2167 3775 die
2198 3707 2407 3774 obitus
2438 3726 2584 3774 cum
2616 3707 2798 3776 unica
2821 3707 3144 3792 Oratione,
3172 3708 3364 3775 modo
3397 3726 3547 3774 con·

1959 3795 2291 3883 sanguinei
2338 3795 2625 3863 defuncti
2668 3797 2745 3863 ad
2795 3816 2935 3864 eam
2987 3793 3420 3863 conveniant?

2094 3890 2159 3952 2.
2212 3885 2378 3950 Num
2427 3885 2738 3952 Parocbus
2798 3895 3095 3952 teneatur
3125 3884 3217 3951 ‚ad
3263 3894 3545 3950 octavam

1962 3974 2170 4041 Sancti
2198 3971 2488 4039 Titularis
2522 3972 2785 4038 alicuius
2810 3973 3180 4061 cappellae,
3207 3973 3271 4039 in
3294 3991 3419 4058 qua
3446 3973 3548 4038 bic

1962 4074 2029 4129 et
2077 4081 2245 4128 nunc
2292 4061 2658 4127 celebratur
2699 4061 2917 4127 Missae
2964 4058 3413 4128 Sacrificium?

2095 4154 2163 4218 3.
2225 4151 2387 4215 Num
2450 4148 2839 4214 Professores
2896 4168 3017 4216 nec
3077 4168 3206 4216 non
3267 4148 3549 4216 Semina·

1962 4239 2150 4305 ristae
2199 4238 2263 4304 in
2312 4237 2650 4304 maioribus
2694 4237 3023 4303 constituti
3070 4236 3410 4305 Ordinibus
3459 4248 3550 4302 te·

1963 4340 2233 4394 neantur
2278 4325 2353 4391 ad
2412 4336 2697 4393 octavam
2758 4325 3008 4391 Patroni
3063 4323 3384 4392 Ecclesiae
3441 4328 3548 4392 Se-

1964 4414 2232 4498 minarii,
2284 4433 2445 4500 quae
2486 4414 2776 4480 omnibus
2825 4423 3000 4500 patet
3046 4413 3392 4500 fidelibus,
3442 4412 3549 4479 vel

1964 4502 2174 4591 potius
2223 4506 2507 4570 retinere
2554 4507 2888 4569 Patronum
2934 4502 3238 4586 civitatis,
3302 4501 3362 4568 in
3427 4520 3553 4587 qua

1962 4591 2383 4659 Seminarium
2428 4598 2621 4658 situm
2670 4588 2819 4658 est?

2100 4682 2162 4744 4.
2212 4680 2400 4763 Num,
2450 4680 2596 4766 quia
2645 4680 2952 4747 Parocbus
2997 4680 3097 4747 hic
3144 4689 3208 4744 et
3241 4697 3410 4744 nunc
3443 4676 3552 4744 ali-

1962 4785 2155 4853 quem
2216 4765 2584 4851 substituit,
2634 4767 2740 4854 qui
2799 4767 2903 4835 die
2963 4766 3287 4835 Dominica
3346 4776 3554 4833 cantat

1962 4855 2292 4922 Sollemne
2341 4858 2640 4942 Sacrum3
2689 4856 2862 4942 quod
2895 4856 2997 4922 hic
3029 4875 3214 4944 posse
3249 4865 3554 4921 censetur

1962 4962 2082 5031 per
2112 4944 2688 5024 consuetudinem3
2738 4945 3051 5012 Parocbus
3082 4944 3218 5031 ipse
3251 4942 3547 5030 privatim

1960 5030 2293 5098 celebrans
2339 5033 2536 5116 possit
2581 5032 2906 5119 applicare
2953 5051 3069 5119 pro
3101 5032 3271 5119 snis;
3320 5032 3424 5098 vel
3460 5042 3552 5097 te-

1959 5130 2190 5186 neatur
2233 5118 2554 5208 applicare
2600 5121 2812 5186 facere
2873 5139 2993 5206 pro
3049 5123 3290 5210 populo
3345 5121 3554 5187 Solle-

1961 5226 2115 5273 mne
2162 5203 2479 5275 Sacrum?

2094 5299 2157 5362 li.
2209 5297 2372 5362 Num
2408 5297 2471 5363 in
2508 5296 2784 5363 Ecclesia
2817 5297 3150 5363 Seminarii
3191 5302 3551 5366 Ruremun·

1958 5385 2197 5469 densis,
2245 5404 2409 5471 quae
2467 5385 2754 5472 quamvis
2813 5381 3191 5471 parochialis
3251 5404 3378 5452 non
3442 5386 3548 5472 sit,
