4042 5950
2003 275 2473 354 ...454-

733 445 836 513 X:
863 440 1234 522 Quaeritur:
1285 442 1380 507 An
1425 434 1747 506 observari
1780 436 1978 521 possit
2008 453 2183 517 usus,

601 532 711 620 qui
749 529 928 619 viget
961 530 1025 597 in
1053 527 1251 615 Belgii
1283 524 1717 607 Dioecesibus,
1751 522 2186 611 campanulam

600 617 892 709 pulsandi
941 618 1102 685 intra
1148 614 1425 698 Missam,
1473 613 1745 681 durante
1801 607 2186 680 sanctissimi

602 706 986 777 Sacramenti
1036 725 1117 771 ex
1166 699 1481 771 ositione?
1507 703 1731 768 saltem
1776 699 1843 766 in
1874 718 2021 766 casu
2058 716 2186 784 quo

605 796 817 863 Altare
875 791 986 861 ubi
1043 813 1117 860 ce
1149 790 1407 859 ebratur
1457 790 1672 872 Missa,
1735 789 1812 856 ad
1869 788 2064 853 latera
2108 784 2190 850 sit

605 882 836 952 Altaria
880 880 1137 949 maioris
1187 877 1298 946 ubi
1341 878 1416 946 fit
1461 876 1798 965 expositio,
1850 885 1915 942 et
1958 874 2043 939 ita
2087 891 2188 938 re-

608 980 940 1038 moveatur
971 967 1333 1060 periculum
1367 964 1824 1033 irreverentiae
1855 979 2006 1049 erga
2039 963 2189 1028 San-

609 1057 960 1126 ctissimum
999 1062 1435 1126 Saramentum
1468 1063 1762 1140 patenter
1798 1048 2183 1138 expositum.

608 1146 885 1213 Pariter:
922 1149 1015 1212 An
1047 1143 1246 1233 possit
1274 1141 1573 1210 sustineri
1605 1139 1814 1230 praxis
1848 1139 1922 1205 iis
1948 1136 2011 1203 in
2035 1134 2192 1203 locis

610 1233 837 1320 vigens
883 1232 1013 1322 pias
1056 1231 1366 1333 pecuniae
1405 1228 1817 1297 collectiones
1848 1223 2082 1314 agendi
2131 1223 2193 1291 in

611 1320 1094 1475 Ecclesiis,?ub1
1140 1318 1319 1386 adest
1363 1315 1745 1387 sanctissimi
1806 1310 2193 1382 Sacramenti

615 1429 696 1475 ex
749 1408 933 1476 ositio

699 1427 852 1565 PXI.
902 1495 1276 1575 Quaeritur:
1325 1500 1420 1561 An
1466 1492 1728 1559 facultas
1765 1486 2194 1559 benedicendi

617 1595 1024 1669 ornamenta,
1087 1602 1257 1650 sacra
1304 1581 1667 1647 linteamina
1713 1589 1871 1664 etc.,
1925 1576 2110 1644 nobis
2163 1596 2195 1641 a

616 1675 839 1741 Sancta
887 1671 1058 1740 Sede
1108 1670 1387 1755 benigne
1445 1687 1763 1751 concessa,
1811 1674 2039 1753 utpote
2087 1682 2195 1752 ge-

617 1760 877 1844 neralis,
925 1761 1131 1826 valeat
1187 1756 1392 1842 quoad
1460 1765 1827 1823 ornamenta
1875 1771 2004 1820 non
2065 1763 2198 1819 tan-

617 1856 754 1914 tum
802 1857 1162 1914 nostrarum
1192 1845 1646 1928 Ecclesiarum,
1677 1844 1790 1912 sed
1826 1842 2017 1909 etiam
2050 1839 2199 1906 alie-

621 1931 897 2006 narum?
940 1946 1005 2000 et
1051 1943 1361 2020 quatenus
1391 1930 1720 2018 negative3
1758 1928 2201 1997 extensionem

621 2021 825 2090 dictae
886 2020 1199 2089 facultatis
1254 2019 1328 2086 ad
1386 2029 1753 2086 ornamenta
1811 2016 2088 2104 gratuito
2134 2034 2199 2080 o-

622 2108 841 2178 mnino
888 2107 1325 2177 distribuenda
1377 2106 1679 2174 Ecclesiis
1721 2102 2204 2194 pauperioribus

624 2197 1161 2266 desideraremus.

755 2288 888 2354 ΧΠ.
945 2285 1328 2364 Quaeritur:
1396 2285 1491 2351 An
1560 2278 2084 2351 commemoratio
2139 2299 2204 2346 o-

626 2372 869 2440 mnium
901 2372 1353 2463 Apostolorum
1385 2371 1491 2438 die
1514 2375 1599 2440 29
1631 2369 1789 2438 Iunii
1821 2378 1886 2434 et
1918 2366 2206 2434 omnium

627 2463 972 2548 Martyrum
1019 2460 1148 2527 diei
1194 2462 1282 2527 26
1329 2456 1730 2540 Decembris,
1777 2455 1951 2523 iuxta
1996 2456 2207 2522 Indul-

629 2558 768 2615 tum
808 2567 924 2635 pro
971 2547 1349 2615 reductione
1394 2550 1726 2614 Festorum
1773 2544 1838 2610 in
1887 2542 2209 2609 territorio

631 2635 981 2703 Gallicanae
1038 2634 1471 2723 Reipublicae,
1532 2653 1649 2700 nos
1709 2630 2043 2719 respiciat,
2143 2628 2210 2696 ui

629 2724 875 2789 utimur
914 2720 1279 2792 calendario
1312 2717 1550 2790 Urbis?
1593 2733 1657 2788 et
1699 2734 2017 2807 quatenus
2048 2739 2079 2784 a
2185 2754 2210 2766 ·

633 2809 904 2877 mative:
945 2811 1042 2878 An
1072 2810 1237 2878 dicta
1266 2809 1787 2877 commemoratio
1818 2808 1899 2875 sit
1928 2806 2212 2874 facienda

633 2897 997 2965 immediate
1136 2909 1194 2964 st
1249 2897 1609 2966 Orationem
1655 2896 1825 2964 Festi
1869 2894 2047 2982 diei,
2108 2893 2211 2960 vel

635 2984 848 3075 potins
890 3005 1004 3054 suo
1077 3005 1192 3054 oco
1236 3006 1301 3053 v.
1353 3005 1419 3074 g.
1468 2996 1612 3073 post
1667 2982 2213 3054 commemoratio-

635 3091 787 3141 nem
845 3074 1204 3142 Dominicae
1267 3075 1656 3141 occurrentis
1716 3074 1822 3143 die
1883 3076 1969 3141 29
2021 3069 2207 3155 lunii,

638 3172 703 3229 et
749 3172 1006 3230 octavae
1048 3161 1398 3230 Nativitatis
1443 3163 1552 3229 die
1596 3165 1681 3230 26
1724 3156 2149 3229 Decembris?

768 3253 933 3317 Haec
989 3270 1180 3352 porro
1239 3250 1456 3333 dubia,
1503 3269 1700 3337 super
1744 3248 1974 3335 quibus
2033 3250 2213 3316 Sacra

639 3340 1065 3425 Congregatto
1109 3337 1339 3421 voluit,
1385 3346 1459 3404 ut
1503 3337 1668 3404 alter
1712 3356 1793 3404 ex
1839 3335 2218 3424 Apostolica·

640 3444 786 3491 rum
831 3427 1386 3493 caeremoniarum
1418 3424 1724 3511 magistris
1764 3443 1941 3492 suam
1971 3422 2039 3490 in
2068 3421 2221 3490 scri-

642 3512 771 3600 ptis
833 3515 1210 3581 sententiam
1256 3513 1613 3599 proferret,
1668 3531 1867 3599 quum
1912 3514 2109 3577 Emus
2156 3520 2220 3578 et

643 3603 836 3666 Rmus
899 3604 973 3667 D.
1023 3601 1207 3669 Gard.
1255 3600 1534 3668 Barnabo
1593 3600 1887 3668 retulerit
1938 3601 2002 3667 in
2044 3597 2221 3666 Ordi-

631 3685 834 3763 ,nariis
879 3689 1213 3756 Sacrorum
1269 3688 1530 3756 Rituum
1579 3687 1860 3757 comitiis
1917 3686 2222 3755 hodierna

646 3774 753 3841 die
798 3775 877 3842 ad
924 3774 1291 3843 Vaticanum
1337 3775 1588 3861 habitis,
1636 3776 1777 3844 Emi
1824 3786 1889 3842 et
1932 3774 2073 3842 Rmi
2117 3778 2223 3841 Pa·

648 3873 781 3930 tres
814 3863 1012 3929 Sacris
1040 3863 1295 3930 tuendis
1325 3862 1570 3930 Ritibus
1619 3863 1984 3953 praepositi,
2019 3861 2224 3929 omni-

647 3949 766 4017 bus
812 3961 1100 4018 accurate
1145 3951 1501 4045 perpensis,
1551 3950 2029 4019 rescribendum
2078 3968 2223 4018 cen·

650 4050 966 4105 suerunt:

783 4127 879 4195 Ad
924 4130 972 4194 Ι.
1022 4147 1061 4193 α
1093 4125 1520 4212 Affirmative,
1581 4126 1660 4195 ad
1722 4125 1995 4212 primam
2051 4125 2225 4193 dubii

652 4224 902 4301 partem
947 4234 1065 4303 pro
1112 4220 1375 4282 Patrono
1424 4214 1544 4281 loci
1592 4214 1998 4304 particulari;
2046 4212 2226 4281 Affir-

654 4301 911 4385 mative,
943 4302 1020 4371 ad
1054 4302 1395 4370 secundam
1426 4324 1444 4387 3
1495 4302 1590 4371 Ad
1635 4301 1888 4370 tertiam
1920 4321 2100 4387 vero,
2133 4322 2230 4369 su·

652 4399 863 4455 matur
916 4391 1431 4458 commemoratio
1478 4409 1558 4457 ex
1602 4390 1818 4459 Officio
1872 4392 2132 4478 proprio
2176 4390 2230 4456 si

655 4476 962 4560 habetur;
993 4498 1200 4562 secus,
1228 4478 1309 4547 de
1340 4477 1699 4562 Communi,
1731 4478 1987 4546 mutatis
2018 4477 2231 4545 verbis

655 4582 815 4650 quae
869 4567 1224 4634 natalitium
1270 4576 1376 4633 aut
1425 4567 1892 4634 solemnitatem
1954 4567 2231 4634 indicant

655 4651 722 4718 in
766 4651 842 4720 iis
886 4673 1051 4740 quae
1095 4655 1468 4722 memoriam
1515 4654 1981 4743 exprimunt».

786 4741 882 4808 Ad
929 4747 1007 4810 11.
1054 4762 1093 4808 ⁴:
1123 4741 1536 4826 Affirmative,
1583 4742 1660 4809 ad
1710 4740 1987 4830 primum
2041 4760 2232 4829 quae-

655 4828 885 4909 situm;
931 4830 1009 4897 ad
1076 4830 1427 4899 secundum
1497 4845 1689 4908 vero;
1758 4830 2104 4917 Negative,
2152 4830 2227 4896 ad

658 4917 926 5005 primam
970 4929 1253 5007 partem:
1303 4917 1717 5002 Affirmative,
1750 4919 1828 4986 ad
1860 4920 2226 4988 secundam.

656 5004 752 5071 Ad
790 5006 1173 5159 petitionem
1217 5016 1457 5089 autem,
1504 5007 1810 5094 Negative
1845 5028 1907 5073 ».

842 5092 885 5161 d
931 5099 1033 5163 ΙΙΙ.
1086 5116 1124 5159 ‹
1154 5093 1579 5178 affirmative,
1627 5093 1703 5160 ad
1753 5094 2022 5182 primam
2093 5112 2234 5183 par-

659 5189 830 5261 tem;
876 5183 991 5251 sed
1051 5182 1279 5249 omisso
1341 5183 1538 5248 verbo
1593 5183 1985 5249 miraculoso
2044 5184 2109 5250 in
2159 5182 2234 5246 ti-

800 5374 881 5445 (ι)
917 5376 978 5430 n.
1015 5377 1154 5432 nuh.
1192 5378 1215 5430 1
1251 5385 1307 5432 ei
1340 5376 1434 5432 1v.

2281 431 2423 499 tulo
2446 454 2464 497 :
2490 430 2570 499 ad
2592 428 2965 514 secundam,
2993 427 3226 529 pariter
3245 424 3677 503 Affirmative;
3710 422 3867 490 facto

2286 520 2485 586 verbo
2532 537 2678 586 cum
2727 517 3127 586 Sanctissuno
3160 537 3222 582 ».

2416 607 2513 674 Ad
2562 609 2666 675 IV.
2719 628 2757 671 ι
2788 604 3223 692 Depingantur
3270 602 3508 670 iterum
3535 603 3781 669 Cruces
3810 599 3874 666 in

2287 695 2596 780 Ecclesia,
2645 711 2914 780 quarum
2959 712 3072 759 sex
3104 692 3169 760 in
3200 702 3381 778 parte
3427 689 3731 771 dextera,
3763 706 3871 752 sex

2288 782 2446 849 aliae
2510 783 2576 850 in
2633 780 2882 849 sinistra
2940 790 3320 869 appareant:
3372 778 3459 845 ita
3518 789 3741 844 tamen
3807 787 3874 840 ut

2287 870 2453 939 duae
2497 870 2623 937 sint
2664 888 2867 969 prope
2898 869 3114 935 Altare
3142 868 3344 935 maius
3374 876 3439 933 et
3472 866 3640 933 duae
3671 880 3874 951 prope

2286 957 2611 1058 Ecclesiae
2672 977 2954 1042 ianuam,
3004 956 3230 1023 omissa
3283 952 3603 1022 unctionis
3668 969 3876 1018 caere-

2290 1064 2500 1113 monia
2530 1069 2599 1113 ι.

2421 1133 2519 1200 Ad
2566 1137 2644 1203 V.
2694 1156 2732 1199 ‹
2764 1133 3070 1220 Negative
3099 1155 3165 1199 ι.

2425 1222 2518 1288 Ad
2555 1226 2661 1290 vl.
2695 1243 2733 1286 ‹
2764 1219 3154 1289 Affirmative
3183 1220 3250 1286 in
3281 1217 3606 1303 omnibus,
3641 1217 3719 1284 ad
3753 1215 3878 1305 pri-

2294 1328 2465 1378 mam
2511 1320 2796 1399 partem,
2845 1308 2922 1377 ad
2970 1310 3317 1376 secundam
3349 1325 3533 1390 vero,
3568 1306 3751 1372 color
3782 1323 3878 1370 re-

2295 1397 2608 1489 spondeat
2650 1396 2866 1466 Officio
2912 1396 3138 1464 diei».

2428 1487 2524 1554 Ad
2555 1489 2686 1555 Vll.
2737 1506 2775 1549 ‹
2810 1483 3232 1572 Affirmativ03
3270 1480 3623 1552 dummodo
3658 1500 3881 1569 preces

2294 1574 2586 1641 dicantur
2631 1573 3013 1640 assentiente
3058 1570 3387 1640 ordinario
3421 1592 3482 1638 ».

2428 1662 2525 1730 Ad
2555 1666 2714 1730 vm.
2760 1683 2798 1726 ι
2831 1659 3255 1739 Affirmative;
3281 1658 3634 1728 dummodo
3666 1667 3888 1744 agatur

2298 1750 2382 1819 de
2427 1748 2722 1838 precibus
2768 1747 3130 1837 approbatis
3160 1769 3225 1815 ».

2431 1839 2529 1906 Ad
2576 1841 2684 1905 IX.
2735 1860 2773 1903 ‹
2803 1837 3111 1925 Negative
3142 1859 3211 1903 ι.

2431 1925 2526 1993 Ad
2574 1928 2658 1993 X.
2704 1946 2743 1992 α
2774 1925 3107 2011 Negative,
3153 1925 3233 1993 ad
3278 1923 3547 2012 primam
3590 1932 3887 2010 partem;

2302 2013 2713 2098 Affirmative,
2746 2013 2825 2080 ad
2856 2013 3226 2097 secundam,
3259 2030 3464 2100 prope
3495 2010 3745 2079 scilicet
3776 2012 3891 2076 Ec·

2304 2102 2533 2169 clesiae
2579 2102 2829 2169 ianuam
2875 2110 2941 2167 et
2984 2099 3223 2187 absque
3269 2117 3528 2167 rumore
3559 2122 3626 2166 ι.

2434 2190 2532 2257 Ad
2577 2193 2685 2257 XI.
2736 2210 2774 2253 ‹
2804 2190 2899 2255 Ne
2944 2188 3112 2255 ative
3158 2188 3224 2255 in
3270 2186 3563 2254 omnibus
3592 2210 3659 2252 ».

2438 2278 2534 2345 Ad
2576 2281 2709 2345 ΧΗ.
2758 2297 2797 2343 α
2836 2283 2888 2343 Α
2982 2277 3251 2364 primam
3281 2274 3757 2362 quaestionem,
3791 2272 3895 2339 Al·

2308 2365 2662 2446 firmative;
2709 2366 2788 2433 ad
2823 2364 3171 2431 secundam
3201 2383 3397 2431 vero:
3446 2363 3789 2452 Negative,
3822 2361 3899 2428 ad

2308 2454 2574 2541 primam
2597 2464 2884 2542 partem:
2911 2451 3330 2536 Affirmative,
3355 2452 3433 2518 ad
3456 2451 3813 2519 secundam
3833 2471 3894 2512 ι.

2438 2546 2648 2630 Atque
2711 2541 2795 2609 ita
2852 2543 3039 2610 Sacra
3082 2540 3508 2628 Congregatio
3566 2536 3901 2625 rescripsit

2312 2641 2377 2700 et
2422 2629 2660 2697 servari
2709 2628 3050 2697 mandavit.

2441 2716 2555 2785 Die
2603 2722 2682 2786 31
2734 2717 3003 2804 Augusti
3053 2720 3249 2785 1867.

2441 2809 2624 2873 Facta
2670 2806 3079 2893 postmodum
3140 2805 3224 2872 de
3274 2807 3347 2872 ΙΙΙ
3408 2823 3487 2870 ex
3556 2800 3906 2892 praedictis

2313 2894 2525 2964 dubiis
2571 2894 2975 2962 sanctissimo
3035 2893 3303 2960 Domino
3357 2893 3583 2959 Nostro
3636 2891 3746 2957 Pio
3792 2892 3907 2956 Pa-

2316 3005 2435 3074 pae
2480 2985 2564 3050 IX
2624 2982 2803 3050 fideli
2864 2981 3212 3066 relatione,
3263 2980 3369 3049 die
3414 2984 3454 3047 5
3499 2979 3910 3065 Septembris

2317 3072 2604 3139 eiusdem
2649 3070 2820 3156 anni,
2867 3069 3171 3139 Sanctitas
3216 3072 3339 3137 Sua
3382 3068 3767 3135 sententiam
3798 3069 3911 3134 Sa-

2318 3179 2460 3228 crae
2483 3158 3004 3247 Congregationis
3024 3166 3221 3224 r‘atam
3246 3155 3509 3241 babens,
3530 3174 3649 3242 pro
3676 3159 3911 3240 qratia

2318 3249 2596 3335 benigne
2641 3266 2923 3314 annuere
2970 3246 3221 3333 dignata
3268 3255 3389 3313 est.

2320 3387 2572 3457 3158.
2904 3387 3332 3453 aunuum.
3672 3382 3913 3471 (aasz)

2451 3512 2645 3577 Rmns
2689 3513 2766 3576 D.
2815 3508 3096 3577 vicarius
3142 3506 3466 3575 Generalis
3526 3505 3917 3573 Dioeceseos

2322 3598 2694 3665 Ambianen.
2743 3598 2900 3664 baec
2943 3615 3109 3683 quae
3154 3604 3514 3682 sequuntur
3560 3592 3756 3661 dubia
3800 3595 3913 3661 Sa·

2321 3703 2577 3754 crorum
2642 3684 2903 3752 Rituum
2964 3681 3454 3774 congregationi
3516 3681 3912 3749 enucleanda

2329 3771 2664 3852 exhibuit;
2713 3772 3057 3840 nimirum:
3107 3771 3204 3860 (1)
3764 3785 3769 3790 ·

2457 3865 2500 3928 Ι.
2552 3863 2691 3927 Non
2737 3880 2877 3926 raro
2920 3861 3175 3944 accidit,
3223 3859 3395 3946 quod
3443 3856 3669 3945 aliquis
3730 3857 3915 3924 adul·

2327 3960 2427 4018 tus
2473 3968 2509 4015 e
2552 3947 2921 4049 parentibus
2966 3949 3301 4017 Catholicis
3349 3958 3527 4015 ortus
3572 3958 3640 4012 et
3667 3945 3739 4012 in
3782 3944 3915 4013 fide

2326 4036 2641 4115 catholica
2718 4035 3064 4104 instructus
3138 4036 3441 4126 omnique
3521 4044 3738 4101 sectae
3807 4033 3914 4099 vel

2321 4125 2558 4213 impiae
2607 4124 2895 4212 pravitati
2925 4125 3195 4209 alienus,
3233 4122 3647 4210 baptizandus
3674 4120 3804 4201 sit;
3838 4140 3917 4187 eo

2328 4213 2499 4301 quod
2545 4211 2783 4279 incuria
2828 4223 3169 4299 parentum
3215 4211 3414 4303 infans
3455 4228 3584 4277 non
3632 4209 3759 4276 fuit
3814 4209 3917 4276 ba-

2331 4300 2601 4391 ptizatus
2624 4351 2642 4387 ,
2690 4301 2795 4367 vel
2855 4299 3030 4386 quod
3075 4300 3276 4367 subsit
3324 4295 3665 4388 probabilis
3732 4297 3918 4365 dubi·

2334 4389 2484 4456 tatio
2560 4388 2641 4456 de
2716 4386 3040 4455 validitate
3124 4387 3450 4477 Baptismi.
3525 4386 3915 4464 Quaeritur:

2332 4480 2560 4546 Utrum
2606 4478 2671 4543 in
2717 4495 2794 4543 eo
2842 4496 2988 4544 casu
3031 4475 3431 4544 adhibendus
3474 4474 3554 4541 sit
3601 4472 3770 4539 ordo
3813 4477 3922 4540 Ba·

2333 4563 2550 4653 ptismi
2608 4564 3020 4653 parvulorum
3077 4563 3287 4652 primo
3345 4563 3487 4631 loco
3544 4561 3800 4649 positus
3859 4562 3919 4627 in

2334 4652 2602 4734 Rituali3
2672 4672 2749 4719 an
2821 4653 3035 4739 potius
3097 4652 3257 4719 ordo
3307 4649 3610 4738 Baptismi
3668 4649 3921 4717 adulto·

2334 4737 2520 4809 rum?
2544 4747 2621 4809 Et
2656 4744 2968 4830 quatenus
3004 4740 3467 4828 respondeatur
3494 4735 3919 4805 ordinemBa-
4014 4772 4015 4855 1

2337 4829 2551 4919 ptismi
2611 4828 2978 4896 adultorum
3025 4847 3166 4895 esse
3213 4825 3689 4896 adhibendum:
3756 4827 3919 4892 Num
4014 4876 4015 4885 ,

2337 4917 2687 4986 omittenda
2717 4916 2842 4982 sint
2875 4935 2999 4984 non
3030 4915 3241 4983 solum
3288 4914 3565 4982 monita:
3612 4914 3921 4980 Hormo:

2336 5005 2534 5087 idola,
2584 5004 2698 5072 sed
2747 5003 2936 5071 etiam
2986 5005 3127 5071 Colo
3174 5006 3369 5070 Deum
3402 5014 3469 5071 et
3495 5000 3711 5070 Oratio
3761 5020 3919 5089 quae

2330 5093 2621 5181 sequitur
2674 5096 2751 5160 To
2806 5091 3150 5180 deprecor!

2468 5186 2540 5248 11.
2590 5185 2820 5250 Utrum
2850 5182 3247 5249 consuetudo
3278 5177 3674 5247 ministrandi
3712 5181 3919 5247 Sacra·
4014 5252 4015 5275 χ
