4042 5950
1923 232 2394 311 -220-

517 408 767 456 versam
798 389 1067 457 formam
1097 389 1479 477 suscipiant:
1522 390 1695 458 unde
1728 409 1888 478 opus
1918 389 1998 457 sit
2029 401 2102 457 ut

517 477 890 545 obliteratus
915 478 965 544 si
992 497 1119 544 non
1145 479 1343 563 omni,
1367 479 1576 564 aliqua
1604 479 1829 546 saltem
1861 479 1924 547 in
1956 498 2097 566 par·

519 577 607 649 te,
635 566 809 653 rigor
842 566 920 632 ad
946 566 1410 633 observantiam
1442 578 1808 652 revocetur,
1845 568 1906 634 id
1943 586 2097 653 quo·

515 672 643 740 que
674 653 902 721 accidit
932 653 997 720 in
1030 654 1327 742 praefatis
1365 655 1577 723 causis
1610 654 2094 743 pertractandis,

515 760 679 827 quae
725 762 758 807 a
805 746 1001 830 Papae
1059 741 1291 809 Urbani
1344 744 1490 830 lege
1543 743 1974 828 excipiuntur.
2031 748 2098 809 ln

516 829 614 896 bis
644 829 887 916 quippe
918 849 1124 896 novus
1168 831 1499 918 paullatim
1533 833 1726 917 longe
1757 831 2002 898 facilior
2038 839 2101 896 et

516 917 883 1004 expeditior
914 917 1214 986 inductus
1247 930 1341 986 est
1373 920 1533 987 ordo
1592 917 1712 986 sub
1751 938 1823 984 ea
1855 919 2098 1007 specie,

514 1005 687 1091 quod
735 1007 1029 1092 antiquus
1075 1007 1251 1095 rigor
1299 1007 1674 1075 retinendus
1719 1007 1801 1074 sit
1846 1008 2099 1074 dumta-

519 1105 653 1178 xat,
702 1094 787 1178 si,
835 1094 1151 1161 sententia
1210 1095 1379 1162 dicta
1439 1098 1523 1162 de
1586 1115 1733 1162 casu
1795 1105 2096 1183 excepto,

514 1182 822 1269 progredi
870 1200 1051 1249 mens
1096 1183 1179 1250 sit
1225 1184 1302 1250 ad
1362 1184 1701 1251 formalem
1763 1182 2098 1251 canoniza-

518 1271 782 1357 tionem,
831 1290 960 1338 non
1007 1280 1251 1353 autem,
1300 1273 1351 1340 si
1399 1283 1469 1338 ut
1517 1271 1840 1357 legitimus
1873 1272 2096 1339 cultus

513 1357 852 1444 approbari
899 1371 1152 1447 petatur
1197 1361 1273 1427 ad
1308 1360 1426 1426 boc
1461 1370 1732 1444 tantum,
1760 1359 1835 1426 ad
1869 1368 2098 1447 peten-

513 1447 672 1513 dum
720 1465 957 1534 nempe
1004 1446 1294 1515 Officium
1343 1458 1409 1514 et
1455 1449 1726 1515 Missam.
1813 1482 1821 1489 -

643 1536 1066 1613 Quamobrem
1114 1536 1272 1602 hanc
1320 1536 1557 1602 veteris
1594 1535 1968 1625 disciplinae
1998 1554 2100 1602 re-

515 1622 899 1691 laxationem
945 1642 1075 1690 non
1118 1623 1255 1690 sine
1301 1623 1510 1711 aliqua
1571 1623 1970 1712 indulgentia
2032 1632 2098 1689 et

514 1711 954 1780 moderatione
1001 1731 1301 1780 coercere
1363 1723 1737 1799 exoptantes
1797 1712 1932 1779 Emi
1989 1717 2098 1779 Pa-

516 1811 646 1865 tres
691 1800 895 1866 Sacris
947 1799 1201 1866 tuendis
1268 1800 1510 1868 Ritibus
1578 1799 1950 1888 praepositi,
1999 1819 2099 1866 se·

513 1888 738 1970 rioque
785 1888 1210 1975 recogitantes
1255 1889 1518 1974 decere,
1568 1899 1639 1955 ut
1689 1909 1804 1975 pro
1836 1905 2096 1955 casuum

514 1975 910 2061 diversitate,
959 1977 1252 2044 diversus
1296 1975 1376 2043 sit
1433 1978 1661 2043 modus
1701 1976 2096 2062 'diversaque

511 2061 828 2132 iudicandi
853 2066 1038 2149 ratio,
1069 2085 1137 2131 re
1170 2076 1416 2132 mature
1447 2065 1927 2153 diligenterque
1951 2083 2096 2152 per·

511 2169 704 2237 pensa
753 2151 815 2220 in
861 2153 1202 2230 ordinariis
1234 2154 1518 2221 comitiis
1550 2154 1669 2220 sub
1698 2154 1983 2220 infrascri
2041 2163 2098 2218 ta

510 2239 617 2305 die
666 2240 921 2328 habitis,
973 2241 1303 2310 unanimes
1351 2243 1612 2309 fuerunt
1660 2242 1725 2308 in
1771 2252 1946 2326 voto,
2033 2260 2098 2307 e-

511 2343 883 2398 cernentes:
935 2351 1015 2398 ne
1060 2330 1127 2398 in
1173 2342 1506 2420 posterum
1555 2330 1968 2398 admittantur
1998 2334 2097 2396 ln-

504 2417 769 2484 stantiae
819 2440 933 2507 pro
983 2419 1393 2486 concessione
1439 2417 1637 2486 Officii
1671 2428 1738 2484 et
1780 2417 1997 2486 Missae
2032 2418 2097 2483 in

506 2505 816 2573 honorem
866 2507 1130 2573 illorum
1178 2507 1288 2573 Dei
1345 2510 1729 2592 Servorum,
1773 2505 1884 2592 qui
1946 2516 2096 2573 sunt

494 2588 715 2677 'aliquo
764 2615 844 2662 ex
909 2593 1237 2662 recensitis
1296 2594 1500 2661 modis
1564 2595 1625 2660 i‘n
1692 2593 2094 2683 possessione

504 2680 744 2765 publici
794 2694 860 2749 ot
908 2682 1319 2750 ecclesiastici
1378 2683 1623 2766 cultus,
1689 2683 1802 2748 nisi
1866 2681 2098 2749 ordine

504 2771 806 2852 sequenti
851 2782 1128 2838 servato.

638 2858 917 2926 Primum
950 2861 1013 2926 in
1047 2861 1560 2945 congregatione
1591 2860 1918 2928 Ordinaria
1951 2877 2099 2948 pro-

386 3022 394 3029 ·
505 2948 880 3032 ponendum
927 2960 991 3015 et
1052 2947 1531 3017 discutiendum
1594 2950 1719 3016 erit
1783 2948 2094 3016 dubium:

503 3053 542 3097 ι
574 3038 672 3101 An
718 3047 972 3129 constet
1017 3041 1099 3107 de
1150 3056 1294 3104 casu
1342 3049 1614 3127 excepto
1661 3059 1694 3104 a
1727 3037 2011 3105 Decretis
2042 3057 2097 3103 s.

506 3139 592 3187 m.
631 3125 863 3194 Urbani
890 3131 1000 3195 ΡΡ.
1039 3128 1169 3195 Vlll
1204 3147 1270 3205 s.
1318 3127 1554 3193 Audito
1591 3141 1801 3195 tamen
1850 3128 1913 3191 in
1945 3124 2100 3192 scri·

507 3212 629 3300 ptis
675 3218 1051 3282 Promotore
1100 3215 1315 3299 Fidei,
1377 3214 1479 3280 cui
1541 3215 1849 3283 tradenda
1909 3223 2101 3280 erunt

504 3301 831 3388 originalia
868 3315 933 3371 et
968 3305 1193 3392 legalia
1226 3304 1651 3389 documenta,¹
1674 3316 1746 3371 ut
1778 3324 1919 3372 suas
1954 3321 2100 3368 exa·

506 3399 604 3455 ret
652 3393 1281 3476 Animadversiones,
1333 3391 1588 3478 quibus,
1638 3392 1691 3458 si
1738 3390 2101 3479 opusfue-

508 3477 624 3561 rit,
684 3492 996 3565 poterunt
1056 3478 1512 3548 postulatores
1554 3481 1978 3569 respondere.
2038 3477 2098 3545 Si

503 3568 717 3632 Patres
766 3570 902 3634 Emi
938 3569 1141 3637 Sacris
1174 3567 1423 3636 Ritibus
1456 3568 1799 3657 praepositi
1847 3570 1908 3635 in
1941 3568 2102 3635 affir-

504 3655 800 3721 mativam
824 3656 1138 3723 abeuntes
1160 3657 1545 3725 sententiam
1565 3656 1873 3723 dixerint.
1895 3662 2104 3725 «con-

503 3756 668 3807 stare
717 3744 799 3810 de
849 3762 995 3811 casu
1044 3756 1320 3832 excepto
1357 3759 1419 3824 »3
1472 3747 1649 3811 locus
1696 3746 1820 3811 erit
1855 3745 1919 3812 in
1950 3744 2099 3812 sub-

503 3831 801 3915 sequenti
849 3835 1363 3919 congregatione
1396 3852 1597 3899 novae
1630 3834 1964 3900 instantiae
1997 3853 2102 3899 su-

504 3937 622 4005 per
670 3921 1081 3987 concessione
1124 3920 1325 3989 Officii
1375 3931 1439 3987 et
1473 3921 1715 4004 Missae,
1741 3921 1960 3989 audito
1992 3941 2099 4009 pa-

506 4007 666 4073 riter
712 4009 775 4075 in
820 4009 1077 4096 scriptis
1124 4014 1498 4076 Promotore
1549 4009 1744 4095 Fidei,
1780 4010 1964 4077 velut
1995 4028 2102 4075 su-

508 4115 617 4183 pra
664 4097 913 4165 dictum
964 4108 1088 4165 est.

635 4187 956 4264 Quatenus
1005 4207 1160 4254 vero
1207 4186 1273 4253 in
1334 4187 1540 4273 aliqua
1605 4206 1685 4253 ex
1742 4185 1983 4271 causis,
2036 4185 2101 4251 in

505 4273 740 4358 quibus
786 4273 1174 4363 approbatus
1222 4276 1837 4362 auctusque-cultus
1871 4285 1968 4340 est
2000 4294 2103 4340 ac-

507 4362 798 4429 cessione
842 4364 1041 4432 Officii
1092 4376 1155 4430 et
1215 4364 1460 4448 Missae,
1510 4364 1775 4451 procedi
1835 4373 2099 4453 optetur

504 4451 584 4517 ad
630 4451 966 4519 formalem
1012 4451 1596 4537 canonizationem,
1646 4455 1799 4519 Acta
1828 4450 2099 4517 strictim

506 4538 793 4607 iteranda
842 4553 1032 4608 erunt
1079 4562 1149 4608 ac
1198 4540 1574 4608 retinendus
1607 4542 1903 4627 antiquus
1937 4538 2104 4605 iudi-

506 4626 683 4693 cialis
729 4629 917 4714 ordo,
967 4629 1076 4715 qui
1141 4629 1204 4696 in
1262 4630 1580 4697 similibus
1647 4628 2107 4696 inviolabiliter

504 4728 795 4782 servatus
842 4719 987 4784 fuit.
1043 4724 1121 4785 Et
1169 4718 1251 4784 ita
1298 4718 1733 4786 decreverunt
1780 4731 1846 4790 et
1893 4717 2105 4784 decla-

502 4817 748 4889 rarunt,
780 4807 1252 4894 praecipientes
1285 4805 1687 4895 infrascripto
1712 4804 2101 4889 Secretario,

504 4901 573 4956 ut
619 4894 934 4962 Generale
984 4899 1326 4963 Decretum
1378 4896 1632 4979 ederet,
1684 4895 1848 4963 facto
1897 4895 2100 4961 verbo

507 4998 653 5045 cum
702 4984 924 5049 SSmo.
979 4983 1090 5049 Die
1146 4988 1224 5050 16
1274 4983 1643 5051 Decembris
1697 4988 1891 5053 1826.

573 5153 583 5166 ι
635 5072 723 5134 De
771 5071 1006 5154 quibus
1037 5071 1333 5140 omnibus
1367 5084 1433 5139 et
1463 5072 1735 5160 singulis
1761 5073 1921 5139 facta
1953 5073 2102 5137 San-

504 5156 783 5222 ctissimo
812 5160 1078 5224 Domino
1110 5161 1338 5226 Nostro
1364 5163 1557 5227 Leoni
1587 5163 1695 5227 xit
1720 5165 1899 5227 Pont.
1931 5162 2091 5224 Max.

507 5243 842 5331 relatione,
877 5245 982 5313 die
1028 5249 1113 5315 20
1145 5246 1519 5314 Decembris
1563 5251 1755 5330 1826,
1790 5245 2096 5317 Sanctitas

502 5340 626 5406 Sua
671 5336 894 5404 Sacrae
933 5333 1219 5402 eiusdem
1267 5332 1790 5424 congregationis
1834 5343 2089 5401 senten·

2205 391 2353 457 tiam
2414 410 2445 455 a
2540 389 2784 456 robavit
2842 397 2909 457 et
2966 389 3400 474 confirmavit,
3453 389 3786 477 ipsumque

2200 481 2522 635 {zzelrpvpt
2561 482 2904 546 Decretum
2943 478 3161 566 praelo
3196 479 3360 546 tradi
3402 489 3471 544 et
3503 477 3786 563 evulgari

2202 704 2462 774 2652.
2767 708 3239 774 VELITERNA.
3561 705 3785 792 (teas)

2330 830 2641 898 Sodalitas
2688 831 3182 926 Vexillariomm
3230 841 3446 897 erecta
3491 827 3790 897 Kalendis

2197 919 2485 985 Octobris
2538 922 2728 1006 1348,
2777 921 3049 987 sedente
3095 920 3432 987 clemente
3491 921 3653 1005 Papa
3685 919 3788 998 Vl,

2201 1006 2264 1073 in
2298 1007 2581 1075 Ecclesia
2612 1010 2708 1075 sui
2739 1009 2894 1074 luris
2925 1012 3058 1075 Deo
3084 1008 3148 1074 in
3176 1009 3488 1075 bonorem
3513 1008 3584 1073 S.
3617 1010 3790 1071 loan-

2146 1136 2152 1143 ·
2198 1094 2295 1160 nis
2343 1096 2629 1182 Apostoli
2677 1096 2880 1165 dicata
2926 1095 3124 1184 vulgo
3170 1097 3236 1161 in
3267 1095 3475 1181 Plagis
3507 1092 3790 1161 civitatis

2199 1183 2612 1268 Velitrarum,
2663 1196 2857 1271 atque
2901 1184 3195 1251 adiuncta
3246 1184 3405 1250 Albo
3437 1181 3790 1249 Arcbicon·

2202 1272 2612 1339 fraternitatis
2657 1273 2845 1341 Urbis
2888 1283 3114 1360 quarto
3160 1275 3364 1338 Nonas
3398 1270 3537 1336 Maii
3591 1272 3788 1352 ¹585,

2197 1379 2229 1424 a
2276 1378 2399 1446 qua
2451 1361 2772 1444 superiori
2833 1380 2998 1428 anno
3067 1360 3371 1448 piaculari
3436 1358 3551 1425 bos
3605 1355 3789 1423 itinn

2197 1448 2474 1536 recepit,
2526 1449 2773 1536 fuitque
2822 1468 2941 1538 per
2970 1452 3207 1517 Urbem
3239 1448 3317 1515 ad
3352 1447 3532 1513 visen
3583 1465 3648 1511 ss
3682 1449 3790 1510 Ba·

2196 1536 2404 1602 silicas
2451 1537 2732 1604 deducta
2778 1556 2895 1623 pro
2956 1536 3381 1623 indulgentiis
3435 1532 3792 1616 lucrandis,

2197 1625 2263 1690 in
2308 1644 2416 1690 sua
2467 1625 2938 1693 consuetudine
2983 1635 3175 1713 atque
3243 1644 3365 1691 usu
3423 1620 3798 1711 privilegio·

2200 1730 2344 1777 rum
2369 1713 2750 1781 deturbatur
2780 1735 2812 1779 a
2842 1713 3269 1781 Parocborum
3294 1711 3588 1798 collegio
3621 1712 3796 1776 eins·

2199 1798 2354 1866 dem
2402 1803 2712 1888 Civitatis,
2763 1804 2872 1889 qui
2927 1801 3238 1891 privative
3296 1799 3415 1867 sibi
3462 1798 3798 1866 vindicare

2200 1888 2425 1955 volunt
2472 1891 2684 1956 Stolae
2731 1890 3124 1958 delationem
3173 1888 3450 1978 publicis
3511 1888 3578 1953 in
3611 1904 3799 1974 sup—

2196 1976 2669 2065 plicationibus,
2719 1980 3104 2046 cadaverum
3150 1976 3562 2044 associatione
3624 1985 3797 2058 etc„

2198 2083 2414 2150 neque
2461 2066 2526 2132 in
2575 2066 2802 2135 iisdem
2853 2087 2923 2134 ea
2975 2067 3065 2133 uti
3114 2065 3471 2134 sodalitatis
3517 2063 3801 2149 cappel-

2200 2154 2340 2219 lano
2391 2156 2798 2240 permittunt.
2863 2162 2973 2223 Ast
3019 2173 3222 2241 quum
3267 2153 3547 2220 alienum
3592 2151 3657 2217 id
3713 2150 3803 2216 sit

2193 2261 2225 2305 a
2276 2243 2448 2329 praxi
2499 2242 3233 2310 Arcbiconfraternitatis
3266 2240 3450 2310 Urbis
3481 2257 3628 2305 cum
3659 2257 3800 2323 qna

2196 2331 2618 2413 consociatur,
2666 2332 3105 2417 scandalisque
3153 2351 3223 2397 ac
3284 2325 3804 2397 dissensionibus

2194 2436 2385 2517 saepe
2432 2418 2683 2504 saepius
2730 2420 2894 2487 viam
2940 2420 3223 2505 aperiat;
3275 2415 3625 2500 recensitae
3677 2417 3806 2480 So-

2196 2505 2475 2573 dalitatis
2518 2507 2948 2576 Moderatores
3002 2507 3326 2595 supplices
3368 2501 3804 2572 humillimas-

2194 2611 2323 2679 que
2390 2598 2614 2662 Sacrae
2681 2595 2942 2664 Rituum
3001 2591 3493 2683 congregationi
3551 2609 3802 2679 preces

2196 2681 2545 2766 dederunt,
2609 2687 2923 2769 quatenus
2981 2683 3178 2771 ipsius
3248 2678 3802 2751 consuetudinem

2197 2781 2263 2836 et
2312 2771 2671 2858 privilegia,
2706 2773 3086 2858 praesertim
3116 2772 3325 2859 quoad
3360 2768 3569 2837 Stolae
3602 2765 3804 2832 dela-

2195 2857 2437 2924 tionem
2470 2879 2502 2924 a
2534 2860 2947 2947 cappellano,
2978 2858 3358 2927 confirmare
3380 2857 3798 2952 dignaretur.

2330 2950 2410 3013 Et
2471 2950 2652 3015 Sacra
2710 2950 2936 3016 eadem
2998 2952 3260 3016 Rituum
3327 2950 3799 3031 congregatio,

2202 3034 2265 3099 in
2308 3034 2634 3104 Ordinario
2681 3042 2885 3106 coetu
2930 3037 3049 3104 sub
3080 3035 3474 3123 infrascripta
3504 3031 3609 3098 die
3637 3050 3804 3130 qoa-

2198 3123 2439 3190 dunato
2484 3127 2654 3211 apud
2702 3126 3097 3209 Vaticanum,
3145 3124 3359 3192 audita
3406 3118 3802 3207 infrascripti

2202 3213 2541 3279 Secretarii
2590 3213 2928 3297 relatione,
2979 3212 3181 3301 probe
3231 3230 3498 3279 noscens
3540 3207 3806 3274 decere

2203 3311 2267 3365 et
2291 3301 2681 3389 conveniens
2708 3321 2871 3385 esse,
2897 3313 2966 3368 ut
2999 3299 3595 3370 confraternitatum
3624 3299 3806 3384 cap·

2199 3387 2492 3473 pellanus
2539 3410 2571 3454 a
2619 3389 3010 3477 simplicibus
3041 3388 3305 3457 clericis
3336 3386 3802 3470 distinguatur,

2202 3475 2376 3542 bisce
2434 3476 2737 3563 precibus
2803 3477 3163 3564 rescripsit:
3232 3497 3269 3541 ι
3303 3481 3500 3542 Detur
3553 3477 3806 3539 Decre-

2204 3574 2340 3629 tum
2391 3565 2452 3630 in
2511 3566 2842 3633 Veliterna
2895 3562 3621 3632 Arcbiconfraternitatis
3677 3563 3802 3628 Sa-

2201 3671 2458 3719 crorum
2492 3656 2892 3742 Stygmatum
2926 3658 2995 3722 S.
3030 3652 3340 3721 Francisci
3373 3652 3479 3719 die
3512 3654 3591 3717 27
3625 3652 3802 3715 Mar·

2201 3740 2270 3807 tii
2324 3744 2493 3809 1824
2527 3765 2589 3808 ».
2643 3746 2721 3808 Et
2770 3744 2851 3807 ita
2911 3741 3150 3808 servari
3209 3738 3528 3808 mandavit
3591 3737 3803 3805 etiam

2196 3851 2228 3895 a
2279 3831 2624 3898 Sodalitate
2672 3830 3164 3898 vexillariorum
3212 3827 3500 3897 eiusdem
3558 3826 3804 3895 eivita-

2201 3918 2302 3984 tis.
2360 3919 2469 3986 Die
2523 3922 2601 3985 16
2648 3917 3018 3986 Decembris
3068 3921 3260 3984 1826.

2200 4060 2462 4129 2653.
2755 4058 3232 4127 vEeranA.
3553 4055 3797 4145 (4626)

2330 4183 2640 4251 Sodalitas
2685 4186 2913 4249 Beatae
2960 4182 3188 4248 Mariae
3225 4180 3503 4268 Virginis
3534 4200 3565 4245 a
3600 4181 3800 4247 Cart·-

2199 4283 2331 4339 tate
2377 4283 2443 4338 et
2473 4292 2505 4338 a
2540 4273 2740 4340 Morte
2771 4281 3136 4358 nuncupata
3171 4269 3364 4337 modo
3398 4279 3607 4335 erecta
3641 4288 3799 4355 pro·

2198 4360 2333 4448 pria
2368 4361 2429 4427 in
2463 4359 2745 4427 Ecclesia
2776 4363 2840 4428 S.
2878 4360 3253 4446 Apolloniae
3285 4358 3463 4444 Virg.
3503 4367 3568 4423 et
3608 4358 3792 4425 Mart.

2197 4448 2478 4516 Civitatis
2528 4449 2941 4531 Velitrarum,
2976 4447 3083 4513 vel
3120 4448 3228 4514 uni
3257 4445 3541 4513 secunda
3582 4447 3797 4530 quoad

2194 4547 2635 4624 pervetustam
2662 4536 3056 4605 erectionem
3079 4553 3285 4619 suam,
3309 4552 3585 4619 namque
3608 4552 3797 4600 rece-

2196 4625 2484 4713 ptionem
2518 4625 2580 4691 in
2604 4625 2767 4692 Albo
2799 4620 3534 4691 Arcbiconfraternitatis
3559 4624 3624 4689 S.
3647 4620 3798 4688 Hie·

2201 4715 2447 4801 ronymi
2481 4734 2515 4779 a
2550 4715 2845 4780 Caritate
2892 4711 3077 4779 Urbis
3124 4712 3351 4778 factam
3398 4710 3678 4794 agnoscit
3716 4709 3796 4775 ab

2200 4820 2363 4868 anno
2394 4805 2561 4869 1519
2586 4821 2656 4866 ac
2680 4800 3096 4887 postmodum
3127 4818 3292 4866 anno
3321 4801 3490 4865 1748
3521 4797 3791 4864 alteram

2206 4890 2267 4955 in
2300 4890 2459 4957 Albo
2491 4888 3222 4956 Arcbiconfraternitatis
3251 4909 3285 4954 a
3312 4890 3513 4955 Morte
3543 4904 3793 4952 nuncu·

2201 4989 2380 5064 patae
2417 4977 2773 5064 requisivit,
2809 4997 2840 5042 a
2873 4995 2994 5063 qua
3024 4975 3340 5063 superiori
3382 4992 3547 5040 anno
3580 4972 3792 5060 piacu-

2199 5064 2310 5131 lari
2360 5065 2706 5153 hospitium
2755 5064 3025 5152 recepit,
3075 5062 3450 5150 fuitque'ad
3498 5060 3790 5128 visendas

2198 5171 2317 5239 per
2362 5155 2603 5222 Urbem
2663 5154 2978 5221 Ecclesias
3034 5152 3352 5231 deducta,
3402 5170 3436 5216 a
3489 5149 3794 5216 Parecbo·

2200 5259 2341 5307 rum
2391 5242 2682 5309 eiusdem
2730 5241 3014 5310 Civitatis
3045 5240 3336 5329 collegio
3376 5259 3489 5307 sna
3536 5240 3601 5304 in
3648 5255 3790 5304 con·

2195 5329 2542 5397 suetudine
2586 5349 2656 5395 ac
2689 5328 3042 5417 privilegiis
3075 5349 3157 5397 ex
3188 5326 3522 5409 recensitis
3554 5324 3784 5395 adscri-
