4042 5950
1566 283 2033 362 -123-

174 455 285 521 que
325 435 392 503 in
435 438 819 524 exemplum
867 457 995 506 non
1039 437 1420 521 adductura,
1454 436 1744 522 indulsit,

173 524 669 612 quibuscumque
716 526 780 592 in
825 525 1217 594 contrarium
1269 545 1399 604 nou
1448 525 1746 593 obstanti-

175 610 298 679 bus.
347 612 460 679 Die
515 617 597 680 12
644 613 1012 680 Decembris
1064 617 1258 681 1761.

175 750 411 820 2464.
676 753 1220 831 carmanum.
1516 753 1745 840 (4308)

283 875 601 961 Exposuit
650 875 819 962 apud
869 877 935 941 S.
971 878 1046 941 R.
1089 878 1159 943 c.
1216 874 1754 962 Archipresbyter

173 960 279 1025 loci
323 961 480 1027 dicti
529 965 697 1029 Novi
753 966 1195 1050 caputaquen.
1245 964 1563 1030 Dioecesis
1614 983 1757 1040 6611-

171 1048 575 1116 suetudinem
641 1051 983 1118 inolevisse
1045 1051 1107 1118 in
1169 1072 1280 1118 sua
1341 1052 1629 1118 Ecclesia
1693 1053 1755 1118 in

169 1147 293 1201 actu
338 1137 776 1214 benedicendi
824 1140 1141 1226 populum
1190 1160 1338 1206 cum
1388 1141 1583 1208 SSmo
1627 1144 1753 1207 Eu-

172 1220 489 1291 charistiae
540 1229 981 1310 sacramento,
1034 1238 1103 1294 ut
1149 1228 1431 1315 populus
1490 1228 1595 1294 vel
1645 1229 1754 1293 ni-

170 1310 327 1376 1116111
355 1311 592 1380 ΑΙι61-16
624 1327 932 1381 canerent
960 1315 1352 1382 versiculum
1387 1316 1609 1384 Psalmi
1637 1320 1748 1383 68:

170 1399 492 1467 Benedicat
543 1420 660 1466 nos
707 1406 901 1482 Deus,
957 1406 1123 1470 Dm
1166 1415 1383 1470 noster
1413 1416 1533 1471 etc.
1585 1408 1754 1472 Hanc

171 1505 306 1551 vero
349 1490 901 1557 consuetudinem
948 1490 1269 1558 adversari
1302 1492 1593 1560 creditur
1624 1493 1753 1580 opi-

173 1573 446 1642 nionibus
483 1580 580 1642 Ex
671 1579 942 1645 sitorum
977 1598 1306 1647 sacrorum
1340 1581 1608 1664 rituum,
1646 1580 1756 1665 qui

173 1661 387 1728 docent
418 1684 556 1731 non
614 1665 787 1732 icere
816 1667 882 1733 iu
911 1679 1055 1751 actu
1090 1666 1557 1736 benedictionis
1579 1687 1758 1755 prae-

171 1749 358 1846 dictae
391 1762 649 1839 partem
680 1755 909 1840 Hymni
935 1758 1153 1840 Panye
1182 1757 1420 1841 linqua
1442 1766 1566 1822 etc.
1592 1776 1754 1843 quae

174 1838 372 1934 incipit
411 1843 719 1908 Genitori
765 1841 888 1909 etc.
938 1862 1195 1927 canere,
1249 1853 1312 1909 et
1359 1863 1436 1909 ex
1488 1845 1755 1931 paritate

173 1936 339 1990 etiam
385 1927 661 1995 rationis
720 1931 1118 1997 versiculum
1178 1930 1584 2019 praedictum
1644 1953 1755 1998 ex-

175 2013 421 2081 cludere
470 2015 810 2084 videntur.
861 2020 1064 2097 Quare
1093 2018 1239 2108 ipse
1273 2021 1437 2107 petit
1468 2032 1538 2087 ut
1571 2023 1753 2088 Sacra

171 2102 590 2188 congregatio
650 2104 980 2173 declarare
1041 2108 1387 2194 dignetur:
1452 2109 1549 2175 An
1609 2127 1758 2175 con-

171 2189 428 2342 61686111516
477 2193 814 2278 praedicta
861 2195 952 2260 uti
999 2194 1231 2263 abusus
1279 2195 1598 2263 eliminari
1643 2197 1757 2264 de-

249 2287 306 2341 al

210 2449 218 2459 ·
288 2367 359 2463 Et
407 2370 475 2434 S.
515 2372 593 2437 R.
632 2371 737 2451 c.,
787 2370 1006 2438 audito
1067 2385 1217 2437 voto
1266 2370 1457 2440 unius
1505 2392 1588 2438 ex
1633 2375 1756 2438 Ma·

170 2459 360 2535 gistris
404 2458 981 2525 caeremoniarum
1029 2459 1322 2545 factaque
1355 2479 1475 2546 per
1504 2480 1613 2526 me
1645 2463 1758 2528 Se·

55 2565 58 2632 3
172 2542 500 2610 cretarium
537 2544 877 2629 relatione,
908 2566 1009 2614 res
1061 2547 1436 2614 ondendum
1469 2548 1752 2614 censuit:

172 2645 201 2686 ‹
232 2631 292 2693 111
336 2629 795 2709 benedicendo
844 2654 1018 2721 popu
1050 2654 1159 2701 um
1207 2654 1356 2702 cum
1406 2639 1598 2724 SSmo
1648 2638 1756 2703 Sa·

173 2729 514 2802 eramento,
565 2721 915 2788 celebrans
961 2721 1119 2790 nihil
1160 2723 1408 2808 dicere,
1457 2728 1759 2792 cantores

173 2813 226 2866 et
268 2806 483 2873 Musici
535 2806 700 2874 nibil
748 2828 1008 2895 quoque
1057 2830 1292 2878 canere
1341 2811 1604 2879 interim
1642 2813 1755 2879 de-

176 2887 352 2970 bent;
422 2915 560 2962 non
627 2895 919 2964 obstante
979 2918 1386 2986 quacumque
1443 2899 1754 2988 contraria

55 2980 56 3007 ³
173 2984 659 3067 cousuetudine,
693 3004 856 3071 quae
904 3000 1000 3052 est
1037 2999 1254 3053 contra
1286 2988 1755 3075 praescriptum

171 3065 413 3136 Ritualis
460 3073 733 3140 Romani
782 3084 847 3138 et
879 3071 1378 3141 caeremonialis
1409 3076 1639 3177 Episco
1733 3112 1758 3124 ·

55 3142 56 3169 l
175 3173 300 3219 rum
334 3182 394 3222 ».
451 3163 535 3224 Et
585 3159 668 3225 ita
715 3161 1065 3228 declaravit
1112 3184 1182 3229 ac
1228 3183 1470 3242 servari
1501 3182 1645 3231 man
1695 3186 1758 3230 a·

177 3241 278 3308 vit.
327 3247 438 3312 Die
485 3250 530 3315 9
578 3246 906 3316 Februarii
953 3240 1150 3317 1762.

55 3476 58 3507 ᾧ
180 3388 420 3458 2165.
798 3392 1142 3458 VENETA.
1499 3382 1753 3482 ’(4369)

286 3512 500 3587 Quoad
542 3510 868 3578 indultum
892 3512 1223 3578 celebrare
1250 3513 1522 3583 faciendi
1555 3514 1621 3581 in
1646 3520 1760 3583 Ec·
1789 3580 1804 3587 -

173 3598 342 3664 clesia
390 3598 739 3684 parochiali
799 3601 866 3665 S.
916 3603 1294 3686 Margaritae
1337 3602 1755 3672 venetiarum
1811 3612 1814 3615 ’

173 3687 332 3750 Feria
365 3690 414 3753 V
465 3688 535 3753 111
581 3690 794 3754 Coena
839 3687 1088 3754 Domini
1139 3690 1359 3777 plures
1404 3691 1614 3759 Missas
1664 3692 1754 3756 le-

55 3822 56 3837 ,
174 3782 284 3837 ctas
337 3786 489 3841 ante
551 3776 1050 3844 conventualem
1095 3788 1221 3843 etc.
1285 3780 1348 3844 S.
1399 3782 1479 3846 R.
1527 3782 1598 3845 c·
1649 3799 1750 3845 re-

170 3850 447 3958 spondit:
501 3882 542 3962 ς
577 3864 1099 3961 5611616101111116
1135 3865 1457 3931 Ecclesiae
1491 3867 1748 3933 uuiver-

171 3948 297 4013 salis
327 3974 388 4013 ».
447 3954 566 4016 Dte
614 3952 708 4017 20
746 3952 948 4016 Martii
1002 3953 1197 4019 1762.

177 4089 417 4160 2166.
721 4093 1197 4172 AoumArEN.
1519 4095 1748 4181 (1316)

285 4218 454 4281 lutei·
505 4218 946 4281 Promotorem
994 4214 1275 4283 fiscalem
1321 4216 1550 4284 curiae
1599 4218 1754 4305 Epi-

176 4304 421 4389 scopalis
453 4302 743 4370 Civitatis
788 4303 1019 4388 Aquini
1054 4316 1120 4382 et
1153 4305 1589 4372 Alexandrum
1634 4309 1755 4371 Ma·

178 4404 352 4472 guum
392 4391 799 4477 capozzella,
837 4402 1058 4458 exorta
1091 4392 1522 4459 controversia
1557 4413 1759 4480 super

180 4474 300 4543 iure
343 4477 615 4546 sedendi
664 4478 728 4544 in
775 4477 994 4544 maiori
1040 4479 1224 4546 stallo
1272 4480 1483 4565 posito
1524 4481 1755 4547 iume-

180 4563 269 4628 dio
312 4566 504 4635 chori
563 4566 885 4633 Ecclesiae
941 4567 1365 4651 cathedralia,
1426 4588 1630 4655 eaque
1679 4568 1754 4635 ad

180 4654 235 4715 S.
269 4655 335 4719 R.
373 4656 444 4722 c.
492 4655 729 4737 delata,
781 4654 1256 4742 infrascriptum
1304 4655 1601 4740 dubium,
1652 4675 1757 4722 co-

182 4758 296 4806 ram
339 4742 739 4809 celsitudine
772 4742 970 4831 Regia
1005 4741 1143 4808 Emi
1184 4755 1249 4809 et
1281 4743 1418 4811 Rmi
1453 4748 1525 4811 D.
1561 4744 1753 4815 card.

185 4828 347 4893 Ducis
417 4830 831 4896 Eboracensis
894 4835 1180 4897 Ponente
1253 4832 1708 4899 concordatum
1738 4878 1759 4914 ,

185 4912 599 4985 decidendum
656 4917 1057 5006 propositum
1115 4917 1273 5001 luit,
1329 4938 1608 5007 nempe:
1660 4921 1755 4984 An

185 5016 482 5098 competat
509 5006 1087 5093 Archipresbytero
1117 5007 1515 5074 cathedralis
1541 5008 1758 5075 Eccle-

184 5106 292 5156 siae
321 5094 701 5178 Aquinaten.
739 5094 836 5161 ius
880 5094 1152 5162 sedendi
1202 5095 1265 5160 in
1313 5093 1534 5161 maiori
1567 5095 1753 5160 stallo

184 5178 364 5259 posito
397 5184 461 5247 in
494 5182 712 5248 medio
747 5182 936 5249 Cbori
970 5182 1177 5249 dictae
1213 5181 1591 5249 Ecclesiae?

297 5270 370 5332 Et
408 5274 473 5338 S.
507 5273 577 5337 R.
607 5272 709 5354 c.,
744 5269 953 5335 audita
993 5281 1266 5355 utraque
1298 5280 1478 5355 parte
1509 5271 1749 5357 scripto

189 5362 243 5415 et
295 5374 443 5423 voce
503 5357 888 5424 informante
951 5355 1230 5443 visisque
1292 5357 1537 5425 iuribus
1601 5357 1749 5424 hinc

1863 438 2018 507 inde
2064 439 2390 522 deductis,
2424 439 2499 508 ad
2551 439 2933 506 relationem
2962 440 3286 527 praefatae
3313 440 3454 506 cel·

1864 526 2162 594 situdinis
2182 526 2417 613 Regiae
2451 527 2589 594 Emi
2619 527 2940 611 Ponentis,
2971 526 3456 594 rescribendum

1866 615 2188 684 censuitz.
2222 636 2260 676 ι
2297 615 2606 701 Negative
2640 637 2704 678 ν.
2756 618 2835 679 Et
2898 617 2976 681 ita
3039 615 3329 683 decrevit
3393 627 3457 682 et

1866 702 2105 769 servari
2154 703 2502 771 mandavit.
2550 704 2662 769 Die
2711 708 2752 770 8
2799 703 2957 769 lunii
3012 706 3203 770 1762.

1858 878 2111 947 2467.
2535 881 2762 948 URBlS
3080 945 3089 950 ,
3215 877 3441 966 14311)
3478 983 3495 1016 x

2186 986 2478 1052 BASlLlC
2488 989 2588 1052 AB
2633 987 3107 1053 VATOEANAE.

1989 1140 2305 1206 Porrectis
2348 1140 2416 1207 111
2462 1143 2529 1207 S.
2564 1145 2642 1208 R.
2674 1143 2749 1208 C.
2798 1140 3100 1226 precibus
3145 1162 3225 1208 ex
3261 1152 3444 1228 parte

1853 1227 2267 1296 celsitudinis
2304 1229 2539 1315 Regiae
2577 1229 2710 1294 Emi
2745 1239 2811 1294 et
2842 1229 2979 1296 Rmi
3013 1233 3194 1295 Dom-
3231 1229 3447 1297 Cardi-

1853 1314 2012 1380 nalis
2060 1318 2246 1383 Ducis
2296 1318 2650 1384 Eboracen.
2684 1315 3244 1404 Archipresbyteri
3279 1317 3449 1382 Vati-

1856 1422 2048 1469 canae
2109 1403 2409 1470 Basilicas
2477 1423 2594 1490 pro
2658 1403 3035 1472 definitione
3105 1403 3451 1471 dubiorum

1855 1491 2296 1575 sequentium,
2325 1490 2808 1578 respicientium
2839 1488 3269 1558 ministerium
3292 1492 3453 1557 Aco-

1859 1579 2019 1666 lythi
2045 1578 2344 1645 Basilicae
2374 1580 2437 1645 in
2463 1579 2956 1664 pontificatibus,
2983 1598 3100 1646 seu
3125 1598 3244 1667 per
3274 1598 3454 1646 eum-

1857 1666 2010 1733 dem
2044 1672 2275 1733 Emum
2324 1667 2973 1754 Archipresbyterum
3003 1686 3120 1733 seu
3151 1686 3269 1753 per
3302 1664 3451 1753 Epi·

1857 1773 2125 1839 scopum
2187 1752 2264 1821 ab
2309 1774 2386 1820 eo
2447 1756 2595 1823 dele
2647 1768 2821 1822 atum
2876 1754 3295 1841 peragendis,
3353 1773 3454 1818 re-

1859 1844 2177 1928 missaque
2225 1843 2515 1908 instantia
2563 1865 2596 1908 a
2712 1848 2938 1909 Emum
2986 1856 3047 1908 et
3092 1846 3324 1910 Rfiium
3376 1845 3449 1907 D.

1856 1929 2263 1997 cardinalem
2310 1930 2467 1997 Galli
2516 1935 2873 1998 Poneutem
2911 1951 3027 1996 seu
3058 1931 3455 2011 Relatorem,

1854 2018 2178 2105 proposita
2206 2019 2472 2085 fuerunt
2503 2018 2836 2104 sequentia
2861 2016 3077 2102 dubia,
3107 2016 3453 2086 videlicet:

1996 2109 2055 2170 1.
2108 2107 2202 2170 An
2263 2106 2613 2192 Acolythus
2671 2104 3091 2172 Beneficiatus
3135 2124 3251 2173 seu
3312 2104 3459 2171 cle·-

1857 2194 2029 2260 ricus
2074 2193 2500 2260 Beneficiatus
2546 2191 2846 2260 Basilicae
2894 2193 3232 2262 vaticanae
3271 2191 3456 2258 susti·

1857 2301 2015 2348 neus
2050 2281 2286 2348 librum
2312 2281 2629 2349 cardinali
2655 2279 3259 2368 Archipresbytero,
3296 2281 3451 2348 dum

1861 2368 1964 2436 hic
2007 2371 2244 2436 sedens
2288 2367 2449 2455 legit
2495 2368 3051 2456 praeparationem
3095 2370 3173 2435 ad
3202 2370 3451 2436 Missam

1857 2457 2245 2541 solemnem,
2277 2466 2572 2523 teneatur
2602 2455 3074 2542 genuflectere,
3096 2468 3290 2542 prout
3313 2461 3456 2524 car-

1857 2543 2051 2611 dinali
2099 2543 2455 2611 celebranti
2505 2546 2847 2630 placuerit,
2905 2543 3124 2612 eiusve
3172 2563 3454 2611 commo·

1859 2632 2020 2700 ditas
2067 2630 2550 2720 postulaverit?

1988 2725 2054 2785 2.
2094 2724 2189 2785 Au
2224 2720 2400 2787 idem
2428 2721 2668 2788 -modus
2698 2719 3056 2788 sustinendi
3107 2719 3348 2787 librum
3382 2720 3460 2786 ad

1857 2810 2272 2875 commodum
2326 2807 2750 2890 celebrantis,
2798 2807 3036 2872 servari
3092 2807 3323 2898 debeat
3381 2806 3463 2872 ab

1856 2896 2091 2962 eodem
2115 2896 2432 2983 Acolytbo
2459 2896 2523 2962 in
2556 2895 2855 2963 omnibus
2878 2894 3016 2962 aliis
3047 2894 3238 2961 sacris
3267 2893 3460 2961 actio-

1859 2983 2073 3068 11111116,
2125 2986 2187 3052 111
2233 2983 2466 3070 quibus
2511 2983 2859 3051 Cardinalis
2917 2983 3459 3071 Archipresbyter

1861 3073 2095 3141 sedens
2144 3073 2303 3160 legit
2351 3071 2592 3157 aliquid
2643 3072 2743 3137 vel
2796 3069 3063 3137 cantat2

1994 3166 2060 3228 3.
2093 3166 2192 3227 An
2226 3161 2401 3228 idem
2436 3160 2667 3227 modus
2710 3158 3072 3225 sustinendi
3125 3158 3361 3226 librum
3395 3159 3459 3225 in

1860 3248 2157 3315 omnibus
2206 3246 2606 3334 supradictis
2675 3246 3028 3313 actionibus
3090 3245 3322 3317 debeat
3384 3249 3462 3314 ad

1861 3336 2279 3404 commodum
2334 3335 2737 3404 celebrantis
2791 3335 3031 3420 pariter
3086 3335 3329 3401 servari
3385 3333 3464 3399 ab

1859 3425 2092 3492 eodem
2138 3424 2485 3511 AcolytbO,
2526 3423 3068 3508 quotiescumque
3103 3420 3461 3509 Episcopus

1860 3511 2219 3589 canonicus
2286 3511 2578 3578 eiusdem
2650 3509 2946 3591 Basilicae
3011 3510 3109 3576 vel
3170 3510 3461 3595 quicum-

1857 3619 1987 3686 que
2032 3599 2199 3666 alter
2246 3599 2602 3688 Episcopus
2649 3599 2733 3665 de
2783 3598 3079 3663 mandato
3111 3598 3463 3667 cardinalis

1859 3686 2420 3774 Archipresbyteri
2479 3699 2746 3753 exercet
2801 3686 3012 3751 munia
3075 3685 3461 3753 Pontificatia

1860 3776 1924 3842 in
1972 3775 2141 3842 dicta
2187 3773 2504 3842 Basilica?
3140 3840 3147 3847 ,

1990 3865 2058 3930 S.
2095 3865 2175 3928 R.
2211 3866 2312 3947 c.,
2357 3862 2507 3929 visis
2570 3861 2826 3929 iuribus·
2875 3881 2957 3928 ex
3065 3873 3203 3927 arte
3251 3860 3457 3928 dictae

1857 3949 2278 4033 celsitudinis
2322 3951 2558 4038 Regiae
2610 3950 2822 4017 Emin.
2875 3970 2993 4037 pro
3043 3947 3227 4032 uotis,
3263 3962 3459 4033 atque

1859 4039 2025 4105 votis
2087 4057 2233 4124 pro‘
2270 4038 2544 4109 veritate
2597 4059 2631 4104 a
2689 4038 2941 4105 duobus
3006 4057 3086 4105 ex
3148 4035 3461 4123 Magistris

1855 4128 2371 4215 Apostolicarum
2419 4126 3009 4209 caeremoniarum,
3046 4144 3167 4190 nec
3216 4124 3341 4191 ulla
3375 4126 3460 4191 de

1859 4214 2056 4301 petita
2122 4215 2198 4282 ab
2248 4215 2577 4301 Acolythis
2637 4214 2948 4281 dilatione
3013 4214 3075 4280 in
3139 4213 3460 4299 praesenti

1860 4301 2097 4367 iudicio
2163 4302 2374 4370 habita
2435 4302 2719 4384 ratione,
2782 4315 2847 4367 et
2893 4312 3074 4387 parte
3131 4300 3311 4366 unica
3364 4301 3464 4366 iu-

1860 4390 2211 4473 l'ormante,
2276 4390 2528 4457 censuit
2592 4387 3131 4457 rescribendum:
3203 4408 3241 4448 ι
3276 4387 3465 4453 Affir-

1859 4478 2095 4545 mative
2145 4477 2209 4543 in
2256 4476 2553 4545 omnibus
2585 4500 2650 4542 ιι.
2720 4482 2796 4543 Et
2845 4476 2928 4541 ita
2984 4474 3336 4541 declaravit
3392 4496 3461 4541 ac

1857 4566 2099 4632 servari
2146 4566 2494 4633 mandavit.
2548 4565 2659 4630 Die
2692 4569 2732 4632 9
2766 4563 3091 4631 Februarii
3134 4565 3325 4629 1762.

1997 4657 2237 4722 Verum
2289 4654 2486 4722 iidem
2531 4650 2901 4718 Beneficiati
2951 4661 3016 4717 et
3061 4650 3295 4717 clerici
3347 4654 3463 4716 Be·

1855 4741 2134 4809 ueliciati
2183 4740 2564 4808 resolutioni
2631 4740 2894 4805 minime
2950 4739 3462 4824 acquiescentes,

1858 4831 2118 4896 nemine
2151 4829 2372 4912 citato,
2407 4830 2714 4895 adversus
2746 4845 2884 4893 eam
2916 4826 3036 4893 sub
3070 4826 3173 4893 die
3212 4828 3248 4891 7
3287 4826 3465 4913 Apri⁴

1864 4918 1940 4983 lis
2004 4921 2303 5003 proxime
2368 4914 2701 5004 praeteriti
2767 4914 2831 4980 in
2893 4913 3048 4980 actis
3105 4914 3465 4980 emiserunt

1863 5004 2423 5093 protestationem3
2462 5003 2622 5070 116116
2652 5012 2864 5068 autem
2896 5003 3058 5068 iacto
3081 5003 3284 5068 verbo
3313 5021 3459 5067 cum

1861 5095 1972 5160 SS.
2025 5092 2295 5159 Domino
2367 5094 2594 5157 Nostro
2664 5091 3003 5157 clemente
3073 5093 3231 5175 Papa
3296 5092 3459 5174 Xlll,

1863 5182 1999 5247 eius
2046 5184 2125 5247 R.
2166 5183 2232 5246 P.
2272 5183 2347 5247 D.
2397 5177 2667 5245 Auditor
2716 5197 2836 5264 per
2881 5196 3068 5245 suum
3116 5179 3453 5244 decretum

1862 5269 1944 5335 de
1979 5270 2191 5337 medio
2238 5267 2521 5351 sustulit,
2557 5284 2627 5332 ac
2664 5267 3005 5333 terminum
3046 5265 3238 5332 trium
3271 5284 3453 5331 men-

1862 5357 2028 5423 sium
2060 5358 2136 5425 ad
2173 5357 2475 5423 effectum
2507 5352 2786 5422 adeundi
2827 5357 2891 5420 S.
2930 5356 3005 5420 R.
3043 5358 3114 5421 c.
3152 5351 3302 5441 ipsis
3332 5356 3450 5420 Be·
