4042 5950
538 402 705 469 aeris
746 402 1199 489 intemperiem
1227 403 1339 469 diu
1371 413 1863 487 commorantur,
1895 402 2118 488 vigore

542 491 900 642 primaevae
945 506 1137 576 aggre
1186 490 1432 575 ationis»,
1469 490 1978 578 praetensionem
2010 490 2116 556 ha·

585 590 818 644 uerunt
867 578 1088 647 defore
1184 578 1196 590 ‘
1247 576 1530 645 habitum
1578 579 2000 645 canonicalem
2047 598 2116 644 ac

540 665 970 751 praecedendi
1019 663 1083 731 in
1128 666 1422 732 omnibus
1476 664 1914 731 ecclesiasticis
1974 664 2116 732 fun-

543 751 877 835 ctionibus,
911 771 1077 838 quae
1125 763 1247 819 tam
1296 752 1455 819 intra
1505 752 1735 818 dictam
1769 752 2118 819 Ecclesiam

540 858 729 925 quam
775 839 839 906 in
883 839 1392 906 Processionibus
1424 850 1601 906 extra
1639 842 1927 907 eamdem
1973 858 2119 927 per·

539 937 854 1010 aguntum
926 925 1213 1012 ortisque
1270 945 1466 1012 super
1531 926 1892 1013 praemissis
1955 926 2119 992 inter

546 1013 1209 1100 archipresbyterum,
1244 1017 1579 1081 Cantorem
1615 1024 1681 1079 et
1710 1014 1970 1081 Clerum
2002 1017 2120 1079 Ec·

540 1100 772 1166 clesiae
820 1100 1092 1167 matricis
1136 1105 1368 1167 Terrae
1420 1100 1781 1187 praedictae
1828 1121 1908 1166 ex
1955 1119 2116 1183 una,

545 1200 609 1275 et
642 1187 1039 1255 Franciscum
1077 1190 1461 1255 Provenzale
1494 1208 1566 1255 ac
1611 1186 1971 1273 Scipionem
2003 1190 2121 1254 Ur·

541 1295 684 1362 saya
742 1275 1086 1342 canonicos
1148 1274 1465 1342 Ecclesiae
1523 1275 1915 1343 cathedralis
1959 1274 2119 1341 Poli-

544 1374 817 1430 castren.
959 1361 1160 1430 rtibus
1216 1382 1294 1429 ex
1348 1363 1583 1445 altera,
1631 1361 2118 1446 controversiis,

543 1449 800 1536 illisque
843 1382 956 1516 aga
968 1452 1036 1517 S.
1070 1454 1144 1517 R.
1178 1453 1251 1517 c.
1287 1449 1545 1527 delatis3
1578 1453 1774 1516 Exitus
1820 1460 1884 1517 et
1927 1453 2124 1516 Rmus

544 1543 616 1605 D.
653 1538 837 1605 card.
874 1536 1230 1603 Gualterius
1263 1536 1655 1623 infrascripta
1686 1536 1876 1604 dubia
1906 1538 2122 1604 decla-

546 1628 735 1693 randa
829 1624 1160 1712 reposuit:
1462 1662 1472 1685 .

681 1718 742 1780 1.
777 1644 872 1779 ΞΒ
907 1711 1233 1779 canonicis
1264 1712 1649 1780 cathedralis
1679 1713 2119 1796 Policastren.,

546 1799 897 1867 existentes
929 1800 991 1865 in
1024 1800 1178 1866 locis
1210 1799 1528 1866 Dioecesis
1558 1801 1652 1867 uti
1680 1800 1945 1885 singuli,
1979 1819 2122 1886 pos-

544 1887 670 1954 sint
715 1906 1039 1955 assumere
1085 1888 1373 1953 habitum
1419 1887 1907 1955 canonicalem?

676 1979 743 2039 2.
791 1975 886 2040 An
919 1974 981 2041 in
1015 1973 1313 2043 Ecclesiis
1343 1974 1549 2041 dictae
1595 1974 1910 2042 Dioecesis
1937 1993 2120 2061 prae·

545 2062 815 2129 tendere
860 2064 1100 2150 possint
1162 2064 1371 2129 locum
1437 2073 1500 2129 et
1556 2058 2126 2149 praecedentiam?

675 2154 752 2215 Et
798 2152 861 2217 S.
899 2154 972 2216 R.
1008 2154 1110 2233 c.,
1138 2138 1483 2217 canonicis
1529 2149 1851 2217 Ecclesiae
1896 2149 2123 2218 cathe-

544 2236 734 2305 dralis
780 2237 1141 2322 praedictae
1197 2237 1447 2325 pluries,
1496 2237 1699 2303 citatis
1757 2247 1825 2302 et
1888 2258 1969 2305 ne
2017 2234 2122 2303 ua-

544 2344 734 2410 quam
761 2324 1300 2411 comparentibus„
1326 2323 1604 2411 visisque
1637 2333 1847 2391 tamen
1885 2328 2003 2390 iuri
2051 2344 2125 2389 us

548 2431 625 2476 ex
678 2422 854 2499 parte
898 2410 1451 2498 Archipresbyteri
1499 2422 1565 2478 et
1595 2413 1765 2480 cleri
1800 2412 2120 2480 Ecclesiae

548 2498 825 2564 matricis
888 2502 1117 2565 Terrae
1182 2503 1248 2571 S.
1288 2499 1527 2567 loannis
1586 2500 1663 2571 ad
1712 2503 1972 2586 Pyrum,
2022 2519 2125 2565 eo-

551 2604 820 2672 rumque
850 2590 1263 2653 Procuratore
1297 2598 1418 2653 tam
1466 2586 1716 2674 scriptis
1744 2605 1935 2673 quam
1966 2605 2124 2653 voce

550 2673 935 2739 informante
980 2674 1221 2756 audito,
1282 2674 1763 2742 rescribendum
1834 2675 2120 2742 censuit:

547 2783 586 2825 ι
620 2760 923 2847 Negative
969 2760 1043 2826 ad
1094 2770 1439 2848 utrumque
1471 2784 1534 2828 ».

682 2851 761 2913 Et
784 2848 869 2913 ita
893 2848 1239 2914 declaravit
1271 2861 1337 2915 et
1364 2851 1602 2917 servari
1632 2851 1978 2918 mandavit.
2010 2849 2125 2916 Die

556 2940 634 3003 12
666 2934 1059 3023 Septembris
1093 2938 1285 3003 1716.

553 3113 816 3183 2240.
884 3115 1307 3181 oscnsrun
1357 3115 1800 3179 censeam.
1897 3115 2124 3201 (sees)

680 3294 840 3357 cum
890 3294 1146 3357 Festum
1192 3290 1417 3354 SSmae
1464 3286 1969 3356 Annuntiationis
2026 3307 2127 3353 se·

552 3376 774 3466 quenti
823 3396 985 3444 anno
1038 3380 1201 3443 1717
1253 3375 1487 3442 incidat
1532 3374 1594 3439 in
1639 3373 1882 3441 Feriam
1917 3379 1969 3443 V
2000 3393 2130 3441 ma-

553 3466 699 3532 ioris
767 3465 1208 3531 Hebdomadas
1277 3484 1309 3527 a
1378 3462 1701 3529 nonnullis
1769 3462 2127 3547 quaesitum

553 3553 709 3620 fuit:
761 3555 855 3618 An
914 3561 1329 3650 praeceptum
1387 3548 1687 3616 audiendi
1756 3552 2001 3617 Missam
2063 3562 2130 3615 et

552 3639 811 3705 vacandi
857 3638 935 3704 ab
982 3638 1280 3723 operibus
1326 3636 1663 3702 servilibus
1692 3639 1770 3704 ad
1805 3638 2051 3704 Feriam
2081 3639 2126 3701 11

554 3737 697 3814 post
742 3724 1130 3793 Dominicam
1179 3727 1242 3792 in
1273 3724 1448 3791 Albis
1498 3724 1590 3809 (in
1620 3744 1771 3809 qua,
1806 3725 1979 3791 iuxta
2009 3730 2129 3792 De-

553 3823 803 3881 cretum
833 3817 903 3881 S.
928 3816 1005 3878 R.
1036 3817 1105 3879 c.
1160 3812 1263 3880 die
1300 3817 1379 3879 12
1410 3810 1732 3878 Februarii
1763 3831 1924 3881 anno
1963 3815 2130 3880 1690

555 3902 826 3984 editum,
878 3902 1048 3968 idem
1098 3904 1353 3967 Festum
1401 3900 1712 3968 celebrari
1760 3901 1984 3986 debet)
2048 3901 2132 3966 sit

558 3989 1104 4067 transferendum;
1153 4008 1229 4054 an
1275 4007 1429 4055 vero
1474 3988 1858 4055 servandum
1923 3989 2002 4054 sit
2067 3988 2130 4054 in

558 4078 687 4166 ipsa
733 4078 909 4142 Feria
956 4080 1008 4144 V
1058 4075 1303 4142 maioris
1347 4077 1835 4160 Hebdomadae,
1887 4086 1950 4142 et
2013 4095 2131 4163 per

559 4166 843 4231 locorum
888 4163 1247 4232 ordinarios
1292 4163 1762 4251 providendum
1813 4174 1883 4231 ut
1914 4183 1990 4229 eo
2021 4163 2131 4230 die

556 4252 802 4338 aliquae
849 4251 1065 4318 Missae
1108 4250 1390 4338 privatae
1436 4263 1582 4319 ante
1627 4254 2127 4319 conventualem

556 4358 677 4428 pro
721 4340 1048 4425 praecepti
1112 4339 1607 4424 adimplemento
1668 4335 2137 4408 celebrentur?

636 4481 645 4490 .
688 4430 752 4494 S.
805 4431 882 4494 R.
927 4430 1027 4510 c.‚
1079 4446 1148 4492 re
1195 4438 1441 4493 mature
1487 4427 1795 4512 discussa,
1843 4427 2129 4494 censuit:

557 4538 594 4581 ‹
628 4521 856 4582 Praece
908 4525 1040 4582 tum
1074 4513 1373 4582 audiendi
1406 4515 1647 4581 Missam
1682 4525 1746 4579 et
1777 4514 2132 4581 abstinendi

555 4627 587 4669 a
646 4604 862 4670 servili
912 4623 984 4669 us
1050 4622 1176 4678 non
1237 4621 1374 4668 esse
1437 4603 1973 4685 transferendum,
2020 4599 2134 4667 sed

558 4694 812 4758 omnino
857 4692 1242 4758 servandum
1286 4709 1423 4757 esse
1457 4690 1519 4756 in
1557 4690 1688 4779 ipsa
1720 4691 1899 4756 Feria
1928 4693 1980 4756 V
2014 4708 2138 4755 ma·

559 4778 707 4843 ioris
753 4779 1221 4862 Hebdomadae,
1270 4779 1558 4864 adeoque
1602 4798 1724 4867 per
1777 4776 2137 4845 ordinarios

562 4866 847 4931 locorum
897 4867 1367 4953 providendum
1415 4878 1486 4933 ut
1533 4885 1608 4932 eo
1655 4867 1762 4933 die
1809 4885 1926 4953 pro
1970 4863 2136 4933 Civi-

561 4962 757 5018 tatum
806 4963 869 5018 et
916 4956 1223 5038 Pagorum
1270 4955 1571 5040 qualitate
1615 4975 1683 5021 ac
1744 4954 2136 5021 cbristilide·

561 5040 717 5108 lium
749 5038 813 5104 in
848 5039 920 5106 iis
951 5039 1323 5123 degentium
1348 5062 1643 5125 numero,
1671 5042 1890 5128 plures
1922 5041 2137 5107 Missae

558 5126 835 5217 privatae
867 5137 1012 5193 ante
1060 5128 1564 5195 celebrationem
1593 5128 1811 5195 Missae
1844 5132 2134 5196 conven-

564 5216 746 5282 tualis
778 5234 897 5302 pro
929 5216 1252 5301 praecepti
1285 5216 1785 5301 adimplemento
1814 5216 2139 5285 celebran-

560 5304 678 5371 dae
724 5323 852 5371 non
898 5302 1145 5380 desint;
1194 5303 1307 5369 sed
1372 5313 1587 5370 tamen
1645 5302 1941 5387 antiquus
2004 5324 2140 5373 mos

2221 402 2693 471 Communionis
2738 403 2905 470 Cleri
2967 403 3033 470 in
3091 401 3266 469 mssa
3327 403 3596 470 solemni
3653 402 3790 470 eius

2222 491 2375 574 diei,
2425 506 2550 576 quo
2595 489 2879 556 Ecclesia
2926 493 3149 558 SSmae
3197 490 3623 557 Eucharistiae
3687 494 3788 557 Sa·

2222 577 2524 645 cramenti
2556 577 3016 645 institutionem
3042 587 3108 642 et
3133 579 3505 643 memoriam
3537 578 3787 655 recolit,

2220 683 2468 733 summa
2498 663 2813 751 religione
2843 665 3147 737 hactenus
3186 665 3580 748 observatus,
3613 666 3791 731 nullo

2223 752 2415 818 modo
2462 752 2790 818 omittatur
2821 772 2882 818 ν.
2934 756 3016 818 Et
3060 751 3141 815 ita
3186 751 3530 818 declaravit
3574 772 3642 816 ac
3673 755 3791 818 De·

2223 850 2471 906 cretum
2496 838 2856 906 huiusmodi
2884 837 3189 926 publicari
3219 849 3287 904 et
3309 837 3586 925 imprimi
3620 858 3794 905 man-

2224 927 2420 1009 davit,
2453 927 2502 991 si
2536 929 2726 995 SSmo
2772 925 3036 992 Domino
3080 926 3304 993 Nostro
3337 924 3540 993 visum
3574 925 3791 994 fuerit.

2223 1014 2334 1080 Die
2370 1018 2447 1081 12
2481 1013 2875 1100 Septembris
2910 1016 3103 1081 1716.

2354 1105 2664 1187 Factaque
2710 1118 2828 1185 per
2873 1120 2976 1167 me
3020 1101 3449 1169 secretarium
3495 1102 3576 1168 de
3615 1122 3798 1191 prae·

2224 1189 2406 1255 dictis
2455 1189 2667 1257 eidem
2711 1191 2902 1256 SSmo
2950 1192 3026 1254 D.
3059 1189 3139 1255 N.
3187 1189 3523 1271 relatione,
3574 1210 3611 1253 α
3645 1193 3799 1258 San-

2224 1274 2405 1341 ctitas
2435 1279 2557 1343 Sua
2587 1274 2868 1361 benigne
2897 1277 3116 1342 annuit
3148 1298 3211 1341 ».

2355 1364 2466 1428 Die
2494 1367 2577 1430 27
2610 1362 3005 1448 Septembris
3056 1366 3245 1430 1716.

2226 1539 2468 1608 2241.
2762 1541 3266 1607 SEGOBRlcEN.
3569 1539 3800 1627 (3895)

2357 1717 2516 1781 cum
2563 1714 2787 1800 vigore
2834 1715 2993 1802 tegis
3036 1714 3099 1780 in
3145 1715 3617 1782 caeremoniale
3653 1717 3801 1804 Epi·

2224 1801 3209 1958 ῗέᾆουᾜῗηὲ”·εἶῑ-ἔί,ἳῆἶῖκῗι
3232 1802 3806 1957 ’ὲώἷᾈΜὲἓὲἒὲ

2228 1975 2446 2043 madae
2492 1978 2764 2063 praescri
2818 1986 2944 2060 tae,
2978 1999 3012 2042 a
3041 1980 3200 2044 Rmo
3243 1975 3554 2065 Episcopo
3603 1980 3806 2064 Sego—

2227 2061 2470 2129 bricen.
2499 2080 2701 2148 usque
2734 2086 2766 2131 a
2840 2082 3000 2131 anno
3025 2066 3189 2131 1713
3214 2063 3577 2130 mandatum
3609 2064 3807 2130 fuerit

2229 2161 2298 2215 ut
2364 2149 2761 2218 Gubernator
2820 2150 2992 2217 illius
3049 2151 3370 2235 Civitatis,
3415 2152 3534 2218 sub
3591 2170 3807 2239 poena

2228 2256 2662 2321 censurarum,
2698 2238 3112 2326 imposterum
3158 2237 3504 2305 abstineret
3531 2260 3566 2304 a
3595 2238 3807 2305 serico

2229 2335 2296 2390 et
2340 2322 2523 2411 nigro
2569 2325 2882 2413 pulvinari
2932 2325 3237 2392 hactenus
3281 2326 3359 2390 ab
3408 2327 3544 2414 ipso
3591 2326 3656 2391 in
3691 2328 3808 2392 Fe-

2231 2412 2318 2478 ria
2350 2415 2402 2479 V
2433 2423 2499 2478 et
2527 2417 2606 2480 Vl
2637 2412 2889 2481 maioris
2920 2411 3359 2482 Hebdomadae
3406 2414 3471 2480 in
3500 2413 3805 2500 cappella

2226 2499 2443 2565 maiori
2489 2501 2807 2568 Ecclesiae
2838 2499 3254 2584 cathedralis,
3289 2510 3415 2566 tam
3460 2508 3807 2588 praesente

2225 2604 2414 2672 quam
2459 2586 2721 2655 absente
2763 2586 3132 2674 Episcopo,
3176 2586 3256 2652 ab
3319 2585 3809 2654 immemorabili

2229 2684 2299 2738 ut
2347 2674 2786 2760 praetenditur
2844 2685 3135 2754 retento;
3186 2684 3252 2739 et
3295 2674 3581 2761 quamvis
3629 2674 3804 2740 idem

2229 2761 2663 2845 Gubernator,
2718 2780 2914 2849 super
2973 2762 3462 2830 comminatione
3514 2779 3810 2829 censura·

2231 2866 2373 2914 rum
2421 2849 2496 2915 ad
2545 2850 3098 2936 Metropolitanum
3156 2867 3487 2930 recursum
3528 2848 3654 2915 iam
3706 2849 3811 2913 ha-

2231 2933 2477 3015 buerit;
2525 2956 2698 3005 nunc
2744 2956 2825 3004 ex
2883 2949 3063 3025 parte
3110 2935 3400 3004 moderni
3463 2935 3809 3025 Episcopi,

2233 3024 2513 3090 unanimi
2574 3024 2903 3113 ipsiusmet
2960 3025 3411 3093 Gubernatoris
3456 3042 3810 3106 consensu,

2230 3111 2439 3177 delata
2483 3112 2560 3179 ad
2608 3117 2674 3182 S.
2709 3118 2785 3181 R.
2819 3118 2891 3182 c.
2939 3112 3304 3181 huiusmodi
3350 3110 3810 3193 controversia,

2232 3219 2349 3287 pro
2419 3199 2848 3268 declaratione
2927 3200 3308 3287 infrascripti
3369 3198 3544 3267 dubii
3619 3198 3815 3264 enixe

2233 3286 2663 3375 supplicatum
2712 3288 2870 3354 fuit:

2360 3379 2456 3441 An
2502 3375 2921 3443 Gubernatori
2950 3376 3133 3443 Urbis
3177 3375 3622 3462 Segobricen„
3657 3374 3814 3441 Duci

2232 3462 2726 3548 medina-coeli,
2775 3464 2960 3530 liceat
3003 3465 3181 3530 Feria
3228 3468 3280 3532 V
3325 3475 3392 3529 et
3436 3465 3511 3530 Vl
3560 3461 3815 3529 maioris

2234 3549 2678 3617 Hebdomadae
2723 3550 2959 3618 babere
3004 3572 3190 3619 usum
3234 3549 3582 3639 pulvinaris
3626 3548 3814 3616 serici

2233 3649 2300 3704 et
2342 3637 2545 3722 nigri,
2595 3638 2729 3703 sive
2776 3652 3112 3725 praesente
3174 3640 3310 3705 sive
3355 3641 3616 3706 absente
3664 3636 3817 3723 Epi·

2231 3743 2462 3810 scopo,
2513 3725 2575 3791 in
2622 3728 2922 3812 cappella
2968 3727 3187 3793 maiori
3248 3725 3638 3794 cathedralis
3697 3729 3819 3791 Ec·

2233 3812 2461 3878 clesiae
2493 3811 2700 3879 dictae
2747 3814 3029 3881 civitatis
3076 3810 3514 3901 Segobricae‘?

2364 3903 2444 3965 Et
2489 3902 2556 3965 S.
2591 3905 2668 3968 R.
2696 3904 2800 3985 c.,
2847 3903 2924 3968 ad
2975 3901 3354 3968 relationem
3399 3902 3541 3968 Emi
3574 3912 3640 3968 et
3671 3904 3811 3968 Rmi

2234 3992 2417 4053 Dom.
2494 3989 2677 4056 card.
2754 3989 3108 4072 Gualterii,
3186 3999 3314 4056 tam
3389 4009 3546 4055 voce
3617 4010 3812 4076 quam

2232 4074 2482 4162 scriptis
2557 4079 2966 4144 Procuratore
3025 4076 3474 4144 Gubernatoris
3533 4078 3819 4144 civitatis

2237 4162 2648 4250 Segobricen.
2700 4164 3076 4231 informante
3132 4165 3390 4247 audito,
3437 4186 3507 4230 ac
3567 4178 3819 4232 mature

2233 4250 2569 4337 perpensis
2614 4251 2868 4319 iuribus
2917 4252 3131 4319 favore
3192 4252 3641 4319 Gubernatoris
3703 4254 3820 4320 de·

2235 4336 2484 4418 ductis,
2538 4340 3019 4406 rescribendum
3078 4340 3373 4406 censuit:
3425 4361 3465 4404 ε
3504 4342 3644 4406 Non
3704 4343 3820 4409 de-

2236 4443 2385 4490 cere
2421 4447 2485 4489 ».
2537 4425 2647 4491 Die
2696 4431 2736 4491 δ
2780 4429 3148 4494 Decembris
3200 4429 3390 4493 1716.
3475 4505 3484 4522 ·

2244 4602 2495 4671 2242.
2867 4605 3197 4671 SORANA.
3584 4603 3819 4690 (3896)

2371 4783 2539 4847 inter
2584 4783 3019 4846 Promotorem
3066 4779 3369 4848 Fiscalem
3419 4781 3643 4849 curiae
3675 4781 3824 4879 epi-

2239 4887 2345 4934 sco
2432 4866 2530 4950 lis,
2578 4868 2939 4955 capitulum
2990 4880 3055 4934 et
3099 4869 3445 4936 canonicos
3500 4870 3820 4934 Ecclesiae

2240 4958 2352 5023 Cat
2401 4955 2629 5021 edralis
2675 4956 2955 5023 civitatis
3001 4959 3272 5022 Soranae
3319 4976 3400 5023 ex
3445 4975 3594 5039 una,
3629 4968 3823 5040 atque

2241 5043 2605 5130 capitulum
2649 5053 2716 5109 et
2764 5045 3106 5112 canonicos
3151 5043 3472 5110 Ecclesiae
3517 5044 3824 5129 collegia-

2243 5141 2342 5195 tae
2373 5132 2442 5197 S.
2472 5131 2820 5197 Restitutae
2866 5151 2986 5198 nec
3035 5150 3160 5198 non
3207 5131 3569 5217 Capitulum
3599 5141 3665 5197 et
3704 5135 3820 5199 ca-

2242 5217 2503 5284 nonicos
2534 5219 2920 5305 collegiatae
2951 5223 3020 5287 S.
3053 5219 3510 5286 Bartholomaei
3542 5218 3821 5285 civitatis

2244 5304 2525 5391 partibus
2558 5323 2636 5370 ex
2668 5306 2904 5391 altera‚=
2924 5326 3120 5395 super
3151 5305 3291 5372 iure
3332 5320 3459 5375 tam
3492 5305 3820 5372 assistendi
