4042 5950
2084 290 2499 366 -20-

668 444 886 512 Crucis
949 455 1014 510 et
1058 444 1259 511 Villae
1320 447 1548 512 Drvani
1596 446 1985 534 .Spoletanae
2051 445 2238 525 Dioe·

668 531 829 597 cesis
876 550 955 597 ex
1002 550 1150 616 una,
1191 542 1255 597 et
1299 536 1558 601 Petrum
1601 538 1974 600 Buccettum
2022 533 2239 599 Pleba·

668 637 823 684 num
879 623 1105 686 Terrae
1164 622 1470 686 Fematris
1527 639 1595 686 ac
1652 625 2082 687 Promotou-em
2142 619 2238 685 Fi-

665 708 898 772 scalem
944 706 1168 772 Curiae
1228 707 1600 796 episcopalis
1646 709 1889 794 Spoleti
1956 706 2237 794 partibus

666 812 747 859 ex
793 794 1013 878 altera,
1062 798 1258 861 Emus
1304 804 1370 861 et
1410 799 1605 862 {imus
1653 800 1724 862 D.
1759 795 1948 864 Card.
1996 795 2238 862 Priolus

666 880 730 945 in
777 883 842 948 S.
878 887 955 950 R.
987 885 1058 949 C.
1110 882 1504 969 infrascripta
1548 884 1741 952 dubia
1800 885 1968 949 inter
2026 894 2237 970 partes

665 972 1037 1037 concordata
1082 970 1456 1038 declaranda
1501 971 1883 1059 proposuit:

799 1062 859 1123 1.
909 1064 1004 1123 An
1050 1059 1304 1125 Parochi
1338 1060 1568 1124 -Castri
1626 1058 1848 1127 Crucis
1909 1070 1974 1124 et
2036 1060 2235 1126 Villae

658 1145 887 1211 Orvani
937 1155 1273 1213 teneantur
1312 1147 1625 1213 accedere
1656 1148 1735 1213 ad
1764 1148 2236 1213 Processionem

665 1231 839 1300 ssmi
884 1232 1179 1386 (gorperis
1220 1233 1458 1301 Christi
1502 1253 1666 1319 quae
1715 1235 1787 1300 fit
1832 1236 1898 1299 in
1929 1234 2093 1300 villa
2123 1238 2234 1300 Fe-

663 1320 877 1385 matris
1186 1360 1195 1368 ·
1876 1362 1887 1371 -

794 1412 862 1473 2.
914 1413 1005 1474 An
1057 1408 1243 1474 liceat
1304 1410 1578 1474 parocho
1634 1412 1698 1474 8.
1748 1408 1966 1476 Crucis
2025 1410 2234 1476 iacere

660 1496 1137 1561 processionem
1184 1496 1246 1561 in
1291 1496 1397 1561 die
1442 1496 1824 1563 Festivitatis
1866 1497 2046 1565 88ῶί
2091 1500 2237 1565 Gor-

660 1582 835 1669 poris
866 1582 1096 1651 Christi
1128 1603 1272 1649 cum
1309 1583 1675 1651 interventu
1720 1586 1988 1651 aliorum
2016 1589 2237 1652 Sacer-

661 1672 886 1736 dotum
932 1670 1241 1737 incedere
1283 1670 1692 1739 volentium?

791 1762 852 1825 3.
905 1762 1001 1825 An
1050 1758 1233 1824 liceat
1279 1759 1555 1829 Parocho
1600 1762 1798 1826 castri
1852 1762 2084 1828 Orsaei
2151 1765 2236 1828 fa-

662 1863 809 1911 cere
868 1847 1344 1915 processionem
1406 1847 1471 1914 in
1524 1847 1637 1914 die
1695 1849 2015 1917 Dominica
2075 1848 2236 1916 infra

660 1943 941 1998 octavam
990 1933 1276 2001 eiusdem
1323 1934 1802 2004 solemnitatis?

792 2024 859 2087 4.
916 2023 1011 2087 An
1079 2022 1312 2089 electio
1382 2023 1750 2113 cappellani
1826 2024 1889 2091 in
1956 2025 2257 2091 Ecclesia*

659 2113 728 2176 Β.
774 2111 852 2173 Μ.
904 2106 1070 2175 dicta
1098 2108 1578 2191 demersum,
1617 2112 1734 2177 sita
1782 2112 1844 2177 in
1890 2111 2236 2178 Territorio

661 2197 908 2279 Crucis,
938 2195 1138 2263 libere
1168 2210 1417 2285 spectet
1440 2201 1511 2265 ad
1544 2201 1835 2267 homines
1857 2201 2056 2267 Castri
2077 2202 2237 2267 Cru-
2317 2213 2321 2217 ’

660 2284 749 2350 cis
796 2284 982 2351 villae
1029 2287 1254 2353 Orvani
1301 2307 1368 2352 ac
1418 2288 1748 2371 Fematris,
1784 2287 1866 2352 ita
1898 2300 1970 2354 ut
2002 2287 2235 2354 electio

658 2371 799 2437 fleri
820 2372 1023 2457 possit
1034 2373 1120 2438 de
1140 2376 1487 2441 Sacerdote
1508 2376 1778 2441 aliorum
1804 2372 2233 2463 locorum?(1)

790 2463 870 2526 Et
910 2462 978 2526 S.
1035 2462 1110 2525 R.
1168 2464 1283 2541 C.,
1342 2473 1467 2527 tam
1524 2480 1682 2528 voce
1742 2483 1929 2550 quam
1986 2465 2236 2549 scriptis

657 2546 939 2630 partibus
984 2546 1465 2615 informantibus
1528 2549 1785 2632 auditis,
1842 2553 2236 2639 responden·

652 2635 814 2700 dum
860 2635 1151 2700 censuit:

788 2721 884 2789 Ad
939 2725 998 2786 1.
1049 2742 1087 2787 s
1121 2723 1509 2791 Affirmative
1542 2746 1606 2791 ›.

787 2807 883 2874 Ad
918 2811 983 2873 2.
1034 2830 1072 2873 s
1107 2811 1444 2897 Negativ03
1475 2822 1540 2879 et
1569 2824 1865 2880 servetur
1888 2819 2228 2882 Decretum

659 2895 1061 2982 Episcopi».

787 2984 882 3050 Ad
934 2988 1002 3052 3.
1048 3005 1085 3048 α
1132 2986 1227 3052 Ad
1300 3001 1591 3055 mentem
1637 3011 1706 3056 ».
1768 2994 1849 3055 Et
1910 3009 2090 3056 mens
2137 3004 2232 3057 est

653 3092 693 3135 s
725 3071 900 3157 quod
945 3091 1150 3157 usque
1196 3075 1352 3141 dum
1401 3076 1679 3142 Ecclesia
1710 3095 1840 3142 nou
1872 3076 2095 3144 habeat
2126 3098 2233 3165 pa-

655 3169 936 3238 ramenta
983 3169 1050 3226 et
1094 3161 1210 3227 alia
1256 3163 1548 3229 decentia
1597 3163 1898 3248 requisita
1947 3164 2023 3231 ab
2084 3166 2231 3265 Epi-

653 3263 847 3335 scopo
874 3297 890 3329 ,
939 3266 1070 3314 non
1134 3249 1319 3316 liceat
1379 3251 1442 3317 in
1497 3271 1569 3318 ea
1616 3250 1823 3318 facere
1884 3257 2233 3318 Processu)-

655 3352 805 3400 nem
838 3357 905 3400 ».

783 3422 878 3487 Ad
930 3424 994 3488 4.
1047 3442 1084 3485 α
1119 3424 1508 3494 Affirmative
1542 3448 1608 3492 a».
1710 3471 1715 3478 -

787 3513 865 3572 Et
910 3508 994 3572 ita
1041 3510 1356 3577 decrevit.
1408 3512 1518 3578 Die
1559 3518 1639 3580 21
1676 3514 1907 3601 Aprilis
1944 3519 2137 3583 17¹4.

657 3682 911 3751 2226.
1236 3687 1657 3756 novamen.
1999 3689 2227 3775 (sevo)

783 3865 992 3949 Super
1036 3859 1227 3927 modo
1274 3860 1630 3961 recipiendi
1675 3883 1708 3928 a
1753 3864 2080 3932 Canonicis
2111 3855 2256 3933 Re?

653 3948 980 4035 gularibus
1025 3949 1548 4016 Lateranenslbus
1594 3953 1657 4016 S.
1709 3952 1932 4017 Mariae
1993 3954 2229 4019 Gratia-

658 4056 797 4102 rum
844 4037 1126 4103 Civitatis
1171 4036 1474 4102 Novar-iae
1521 4038 1881 4125 Capitulum
1928 4052 1994 4105 et
2039 4043 2233 4107 Cano-

651 4125 828 4191 nicos
872 4123 1197 4190 Ecclesiae
1242 4124 1636 4192 Cathedralis
1681 4145 1802 4192 una
1852 4145 1996 4192 cum
2029 4132 2227 4195 Decu-

513 4259 517 4264 ·
652 4211 937 4278 tionibus
983 4209 1262 4276 Civitatis
1304 4212 1672 4297 praedictae
1717 4215 1781 4280 in
1816 4217 2012 4280 Festo
2058 4216 2227 4281 Nati-

654 4298 861 4364 vitatis
919 4302 987 4364 B.
1038 4300 1118 4363 Μ.
1170 4301 1277 4379 V.,
1340 4300 1417 4364 ad
1489 4301 1835 4366 Ecclesiam
1907 4301 2226 4368 dictorum

652 4384 1112 4455 Canonicorum
1156 4385 1568 4470 Regula-ium
1614 4388 2019 4471 accedentes,
2073 4390 2227 4455 ortis

651 4473 1138 4555 controversiis,
1201 4471 1403 4557 iisque
1459 4475 1536 4541 ad
1591 4480 1658 4543 S.
1707 4480 1781 4543 R.
1832 4479 1902 4542 G.
1955 4475 2223 4560 delatis,

656 4568 845 4629 Effius
904 4570 970 4626 et
1030 4563 1223 4627 R‘ffius
1285 4564 1358 4626 D.
1408 4562 1593 4629 Card.
1645 4565 1712 4630 S.
1762 4560 1979 4630 vitalis
2035 4563 2224 4631 infra·

570 4699 583 4714 .
651 4651 880 4737 scripta
926 4648 1120 4716 dubia
1166 4648 1524 4715 decidenda
1570 4649 1947 4736 proposuit:

787 4742 846 4803 1.
897 4740 990 4802 An
1037 4736 1484 4803 accedentibus
1516 4737 2071 4824 processionaliter
2102 4755 2224 4805 una
2301 4766 2304 4770 ·

651 4844 798 4890 cum
867 4828 1071 4891 cruce
1141 4834 1205 4890 et
1258 4825 1448 4892 Glero
1508 4837 1699 4910 atque
1766 4826 2226 4894 Demrionibus

649 4911 952 4994 Civitatis,
1000 4912 1290 4998 Capitulo
1339 4922 1404 4977 et
1449 4912 1772 4981 canonicis
1828 4915 2226 4983 cathedralis

650 5000 723 5064 ad
778 4997 1122 5064 Ecclesiam
1163 5000 1229 5065 S.
1265 5001 1348 5064 Μ.
1381 4999 1731 5067 Gratiarum
1781 5001 1841 5067 in
1890 5007 2076 5069 Festo
2108 5005 2223 5068 Na—

654 5085 907 5150 tivitatis
954 5091 1020 5150 Β.
1075 5089 1155 5149 Μ.
1209 5088 1318 5170 V.,
1371 5098 1709 5154 teneantur
1753 5089 2048 5157 canonici
2099 5091 2217 5157 Re·

650 5174 900 5260 gulares
948 5176 1402 5239 Lateranenses
1446 5175 1651 5244 dictae
1697 5177 2016 5243 Ecclesiae
2062 5177 2224 5242 reci—

785 5366 868 5437 (1)
904 5369 964 5424 e,
1004 5368 1140 5424 nub.
1178 5368 1212 5423 5
1247 5374 1300 5425 et
1337 5367 1386 5423 s

2342 464 2498 533 pere
2557 446 2802 513 dictum
2863 447 3229 531 Capitulum
3287 458 3351 513 et
3413 442 3808 514 canonicos?
3855 459 3916 511 et

2339 543 2652 618 quatenus
2698 533 3095 617 affirmative,

2425 700 2442 716 .
2472 626 2539 688 2.
2583 626 2653 689 In
2701 641 2827 706 quo
2878 625 3015 689 loco
3064 624 3270 691 dictae
3303 622 3622 709 Ecclesiae
3655 631 3925 688 tenean-

2340 717 2446 773 tur
2491 708 2784 795 recipere
2830 725 2895 778 et
2941 730 3300 797 quousque,
3353 724 3476 776 tam
3537 709 3596 774 in
3658 729 3922 775 accessu

2339 815 2529 880 quam
2578 795 2642 861 in
2686 815 2942 865 recessu
2987 801 3331 877 associare;
3379 808 3445 865 et
3488 817 3567 863 an
3613 796 3926 880 collegia-

2342 882 2490 949 liter
2538 894 2603 950 et
2647 903 2795 951 cum
2840 887 3310 1041 superpelliceo
3358 888 3460 952 vel
3507 885 3640 950 sine
3695 903 3923 972 super-

2341 970 2619 1059 pelliceo
2666 983 3005 1040 teneantur

2465 1063 2543 1125 Et
2589 1063 2658 1125 S.
2691 1065 2765 1127 R.
2799 1064 2900 1145 C.,
2951 1073 3218 1147 utraque
3265 1072 3444 1148 parte
3491 1073 3616 1126 tam
3664 1058 3929 1146 scriptis

2337 1167 2525 1232 quam
2550 1167 2709 1213 voce
2731 1148 3110 1217 informante
3131 1149 3368 1233 audita,
3397 1146 3764 1234 respondit:

2470 1236 2565 1302 Ad
2618 1239 2677 1301 1.
2728 1259 2766 1299 ι
2801 1237 3191 1304 Affirmative
3225 1262 3290 1303 ι».
3349 1309 3357 1318 ,

2467 1322 2564 1387 Ad
2616 1328 2680 1389 2.
2726 1346 2766 1389 s
2797 1324 3037 1407 Dilata,
3089 1336 3155 1391 et
3201 1325 3628 1395 concedantur
3693 1323 3928 1391 literae

2337 1410 2850 1489 Remissoriales;
2901 1424 2965 1477 et
3012 1413 3294 1495 interim,
3328 1431 3444 1497 per
3480 1413 3745 1479 modum
3781 1430 3934 1498 pro·

2339 1496 2618 1582 visionis,
2667 1497 2801 1563 sine
2849 1498 3238 1585 praeiudicio
3296 1500 3525 1565 iurium
3588 1498 3930 1564 ambarum

2341 1586 2641 1684 partium,
2697 1586 3003 1672 recipiant
3051 1587 3113 1653 in
3162 1587 3476 1673 ingressu,
3511 1586 3932 1667 etassocient

2342 1693 2407 1772 in
2451 1690 2752 1759 regressu
2801 1674 3032 1741 eodem
3081 1676 3273 1741 modo
3304 1674 3666 1761 Capitulum
3697 1686 3767 1739 et
3805 1676 3933 1739 ua-

2341 1771 2675 1846 gistratum
2709 1774 2770 1826 ».
3607 1838 3614 1841 .

2476 1852 2552 1913 Et
2598 1852 2679 1914 ita
2734 1850 3048 1915 decrevit.
3093 1850 3204 1915 Die
3266 1853 3345 1915 18
3397 1849 3663 1935 Augusti
3721 1852 3928 1915 1714.

2346 2007 2587 2075 2227.
2741 2009 2966 2075 uasis
3010 2010 3158 2076 sco
3205 2006 3523 2075 nomm
3572 2097 3582 2107 .
3682 2002 3927 2092 (3871)

2489 2132 2759 2196 mamm
2805 2134 2904 2196 er
2949 2128 3780 2196 PRAEEmNEerAnuu.

2470 2295 2676 2379 Super
2724 2291 2860 2357 iure
2909 2290 3245 2367 deferendi
3278 2295 3552 2359 Crucem
3580 2299 3647 2355 et
3675 2288 3930 2358 Stolam

2340 2399 2460 2466 per
2504 2380 2836 2445 Sacristam
2882 2379 3018 2445 sive
3072 2379 3527 2478 Cappellanum
3591 2378 3933 2444 Ecclesiae

2340 2466 2724 2553 collegiatae
2785 2468 2851 2532 S.
2901 2470 3297 2548 anastasiae,
3364 2465 3690 2546 occasione
3753 2485 3933 2530 asso-

2338 2552 2622 2620 ciationis
2669 2553 2991 2619 cadaveris
3038 2554 3100 2618 in
3147 2553 3310 2619 dicta
3360 2553 3638 2619 Ecclesia
3705 2562 3931 2619 tumu-

2341 2640 2535 2725 landi,
2581 2640 2751 2706 inter
2797 2641 3143 2709 Parochum
3184 2640 3561 2720 SS.Quirici
3593 2650 3658 2707 et
3694 2639 3932 2707 lulitae

2338 2748 2421 2794 ex
2466 2747 2613 2809 una,
2647 2737 2839 2813 atque
2879 2732 2960 2795 Ca
3013 2728 3241 2797 itulum
3273 2738 3338 2793 et
3369 2728 3713 2796 canonicos
3748 2727 3929 2794 eius-

2337 2816 2489 2882 dem
2535 2815 2857 2881 Ecclesiae
2890 2819 2979 2884 Go
3011 2817 3276 2903 legistae
3309 2819 3375 2883 S.
3404 2814 3758 2883 Anastasiae
3803 2819 3928 2881 Ur·

2338 2902 2433 2969 bis
2478 2901 2760 2989 partibus
2808 2922 2884 2968 ex
2932 2904 3154 2982 altera,
3202 2923 3412 2993 nuper
3456 2902 3611 2978 ortis
3656 2912 3925 2967 contro-

2337 2992 2559 3057 versiis
2608 2991 2861 3076 illisque
2917 2991 2998 3060 ad
3059 2995 3123 3059 S.
3173 2996 3245 3060 R.
3291 2995 3361 3062 C.
3411 2990 3671 3075 delatis,
3723 2990 3924 3058 infra-

2335 3080 2565 3233 scriptis
2589 3078 2777 3232 dulljiia
2804 3079 2973 3234 iutgr
2995 3078 3612 3234 pinnas-‚concordata
3628 3077 3720 3231 ff
3753 3081 3924 3231 Ιὲῶο

2337 3187 2377 3232 e
2567 3185 2606 3231 o
2719 3185 2849 3234 om.
2949 3186 3017 3232 ar
3071 3213 3086 3232 .
3201 3183 3324 3256 ongo
3389 3183 3643 3252 proposi
3801 3185 3924 3234 ue-

2336 3265 2535 3322 runt:

2472 3345 2532 3407 1.
2581 3343 2678 3408 An
2726 3340 2786 3405 in
2833 3339 3237 3412 associatione
3300 3341 3675 3409 cadaverum
3795 3362 3925 3412 uae

2334 3427 2650 3494 humanda
2695 3427 3077 3498 deferuntur
3122 3429 3200 3496 ad
3249 3427 3594 3500 Ecclesiam
3639 3431 3710 3494 S.
3745 3360 3920 3496 Kna-

2334 3514 2552 3581 stasiae
2599 3516 2682 3582 sit
2727 3515 2863 3583 eius
2903 3519 3076 3582 Crux
3125 3515 3483 3602 erigenda?
3749 3588 3755 3594 ,

2465 3607 2532 3669 2.
2579 3606 2674 3670 An
2707 3603 2771 3668 in
2803 3603 3030 3672 eadem
3074 3606 3481 3670 associatione
3513 3603 3710 3689 possit
3741 3603 3920 3669 eius·

2331 3689 2482 3757 dem
2515 3689 2838 3758 Ecclesiae
2867 3691 3131 3758 Sacrista
3161 3710 3275 3758 seu
3306 3691 3728 3777 cappellanus
3758 3708 3918 3758 cum

2336 3778 2507 3846 Stola
2553 3796 2674 3844 una
2722 3796 2868 3843 cum
2912 3778 3186 3845 Parocho
3217 3779 3534 3860 defuncti,
3566 3777 3791 3844 saltem
3832 3780 3913 3845 ad

2330 3865 2672 3947 sinistram,
2723 3862 3079 3934 incedere?
3253 3887 3260 3892 ²

2463 3959 2541 4018 Et
2587 3956 2651 4021 S.
2702 3957 2775 4020 R.
2819 3955 2924 4037 0.,
2996 3965 3266 4039 utraque
3329 3965 3507 4041 parte
3559 3963 3688 4018 tam
3748 3955 3918 4020 scri-

2332 4040 2459 4140 ptis
2490 4059 2680 4141 quarn
2726 4061 2883 4140 voce
2935 4041 3311 4108 informante
3349 4041 3592 4142 audita,
3626 4039 3919 4126 visisque

2329 4126 2599 4313 {3323
2607 4128 2829 4281 1233·ss
2837 4129 2983 4280 Ἓξ.
2990 4130 3320 4283 lawa
3334 4128 3919 4300 2¹1¹3Y⁸eif33¹g³1ssn¹2³3ss

2327 4302 2449 4368 sub
2476 4302 2586 4369 dle
2615 4308 2655 4372 9
2689 4304 2952 4387 Augusti
2990 4308 3181 4387 1681,
3215 4305 3429 4371 favore
3462 4303 3751 4370 eiusdem
3784 4307 3916 4369 Ec-

2329 4388 2561 4488 clesiae
2619 4393 2686 4456 S.
2729 4390 3084 4464 Anastasius
3108 4440 3125 4475 ,
3171 4391 3694 4480 respondendum
3752 4409 3914 4458 cen-

2330 4487 2500 4544 sulti

2457 4567 2552 4632 Ad
2592 4570 2622 4632 1
2657 4578 2725 4631 et
2762 4572 2826 4633 2.
2876 4589 2916 4632 s
2950 4568 3336 4635 Affirmative
3369 4591 3434 4633 ».
3484 4566 3595 4634 Die
3650 4569 3729 4632 18
3775 4572 3912 4633 Au-

2331 4654 2500 4739 gusti
2553 4657 2746 4721 1714.
3400 4685 3406 4690 ·

2457 4744 2793 4808 Decretum
2835 4744 3064 4810 datum
3107 4744 3208 4810 die
3252 4741 3296 4809 9
3347 4746 3622 4828 Aaou-stt·
3671 4739 3898 4822 1681,

2325 4840 2416 4896 est
2464 4840 2538 4896 nt
2582 4834 2916 4912 sequitur.-

2459 4916 2834 4984 lnstantibus
2882 4919 3170 5007 capitulo
3217 4930 3283 4985 et
3323 4917 3656 4988 Canonicis
3714 4928 3903 4984 vetu-

2324 5004 2630 5070 stissimae
2661 5007 3046 5091 Collegiatae
3080 5009 3396 5076 Ecclesiae
3443 5009 3510 5074 S.
3546 5005 3905 5072 Anastasiae

2323 5091 2406 5158 de
2443 5094 2649 5175 Urbe,
2684 5096 2865 5161 Sacra
2912 5094 3168 5162 Rituum
3197 5093 3650 5181 congregatio,
3685 5094 3905 5161 inhae-

2322 5180 2526 5248 rendo
2575 5182 2857 5248 Decretis
2903 5182 3048 5247 alias
3078 5183 3293 5265 editis,
3329 5179 3706 5251 declaravit:
3757 5203 3794 5246 ‹
3831 5186 3900 5247 ln
