4042 5950
53 3168 56 3251 Ji

1601 168 2072 246 —119—

193 326 428 405 nentis,
481 323 970 391 rescribendum
1018 323 1311 390 censuit:
1361 346 1399 386 ι
1433 321 1777 409 Negative3

192 425 250 478 et
293 413 372 478 ad
424 423 768 478 mentem:
817 424 884 477 et
927 432 1108 478 mens
1145 421 1269 493 est,
1305 411 1475 496 quod
1526 412 1777 496 quando

191 500 612 584 praepositus·
639 499 889 566 accedit
934 500 1008 566 ad
1057 499 1432 581 Ecclesiam,
1470 498 1532 565 in
1561 499 1778 566 habitu

187 587 454 674 proprio
502 599 568 652 et
618 588 879 675 praevio
924 586 1183 670 nunci0,
1221 586 1602 653 exhibeatur
1634 586 1776 673 pul·

187 675 364 739 vinar
409 675 631 742 eidem
677 676 1043 763 Praeposito
1075 696 1141 739 ν.

312 766 395 827 Et
419 762 516 827 ita
561 762 856 829 decrevit
904 775 968 829 et
1014 763 1249 828 servari
1283 761 1627 828 mandavit.
1666 761 1780 827 Die

105 935 110 938 .
191 855 225 916 t
268 851 683 936 Septembris
733 854 924 918 1756.

311 943 594 1024 Verum,
665 955 813 1008 cum
877 942 1208 1005 Promotor
1261 936 1512 1005 Fiscalis
1571 937 1778 1003 dictae

188 1030 420 1091 Terrae
469 1047 669 1114 super
715 1027 946 1094 eodem
1011 1027 1339 1114 proposito
1389 1037 1451 1091 et
1498 1019 1780 1090 resoluto

188 1114 380 1180 dubio
431 1134 664 1180 novam
706 1115 1093 1180 audientiam
1142 1113 1556 1197 expetiverit,
1589 1124 1778 1198 atque

188 1202 569 1285 obtinuerit,
620 1204 680 1268 in
729 1206 794 1268 S.
829 1205 902 1268 R.
940 1206 1011 1269 C.
1064 1202 1465 1289 propositum
1512 1201 1632 1266 fuit
1677 1218 1775 1266 se-

186 1308 386 1373 queus
452 1289 772 1356 dubium:
824 1291 918 1354 An
964 1289 1042 1354 sit
1088 1289 1384 1356 standum
1435 1289 1537 1353 vel
1601 1306 1778 1353 rece-

189 1378 477 1443 dendum
527 1398 558 1441 a
609 1374 896 1444 decisis?

311 1468 391 1529 Et
427 1469 495 1532 S.
522 1469 600 1532 R.
622 1470 722 1548 C.‚
752 1476 1022 1550 utraque
1056 1475 1236 1551 parte
1265 1464 1504 1550 scripto
1530 1474 1594 1530 et
1621 1483 1775 1529 voce

191 1552 576 1619 informante
608 1553 819 1618 audita
855 1552 1132 1638 visisque
1166 1554 1407 1619 iuribus
1441 1551 1588 1618 hinc
1621 1551 1773 1617 inde

187 1641 509 1725 deductis,
537 1642 621 1710 ad
657 1641 1029 1708 relationem
1065 1640 1329 1728 praefati
1361 1641 1501 1706 Emi
1535 1643 1775 1705 Ponen-

191 1729 284 1810 tis,
322 1729 816 1795 rescribendum
858 1730 1152 1795 censuit:
1202 1749 1240 1794 ι
1281 1735 1343 1794 ln
1391 1727 1661 1806 decisis;
1712 1737 1776 1793 et

188 1816 462 1902 amplius
496 1840 566 1882 ι».

314 1908 391 1969 Et
427 1907 512 1970 ita
543 1905 835 1971 decrevit
876 1925 946 1968 ac
992 1904 1230 1970 servari
1279 1903 1627 1970 mandavit.
1663 1902 1778 1968 Die

193 1993 225 2055 7
259 1992 397 2057 lulii
440 1996 635 2061 1759.

191 2167 444 2237 2453.
751 2170 1213 2234 MANTUANA.
1544 2168 1772 2254 (4284)

308 2345 473 2406 Cum
514 2340 796 2407 Ecclesia
834 2341 1206 2428 parochialis
1239 2339 1444 2408 Villae
1472 2339 1776 2406 Gabianae

189 2428 502 2495 Dioecesis
549 2432 865 2511 Mantuae,
901 2428 1020 2504 iam
1054 2427 1172 2494 sub
1206 2429 1416 2495 Titulo
1449 2433 1515 2495 S.
1549 2426 1775 2494 Mariae

191 2527 590 2602 nuncupatae
637 2539 668 2580 a
716 2518 1017 2600 Nemore,
1061 2518 1215 2582 olim
1263 2527 1554 2583 extructa
1584 2527 1777 2600 atque

189 2627 214 2667 a
262 2604 572 2691 temporis
620 2603 1048 2670 diuturnitate
1082 2606 1339 2690 penitus
1378 2604 1774 2680 labefactata,

190 2692 374 2757 fuerit
405 2691 738 2768 demolita:
774 2713 844 2760 ac
876 2694 1140 2759 demum
1171 2710 1411 2758 novum
1437 2692 1774 2776 Templum

191 2801 218 2842 a
272 2780 712 2846 laudamentis
775 2782 1123 2846 excitatum
1185 2800 1253 2848 ac
1313 2779 1584 2848 solemni
1649 2778 1774 2843 ritu

193 2871 309 2932 Deo
344 2869 409 2933 in
443 2869 823 2934 memoriam
864 2871 972 2935 SS.
1009 2867 1298 2934 Nominis
1327 2872 1515 2933 Bt‘nae
1550 2865 1774 2932 Mariae

195 2955 463 3041 Virginis
485 2955 857 3023 dedicatum
891 2956 1120 3033 fuerit;
1146 2959 1385 3023 Rector
1408 2966 1474 3020 et
1500 2954 1778 3041 populus

192 3044 480 3110 eiusdem
513 3044 836 3110 Ecclesiae
879 3044 1251 3131 parochialis
1282 3063 1314 3108 a
1349 3045 1415 3109 S.
1445 3046 1520 3109 R.
1557 3046 1632 3108 C.
1666 3060 1777 3126 pe-

197 3132 431 3199 tierunt
475 3132 785 3200 declarari
818 3155 835 3198 :
1125 3140 1131 3155 ’
1330 3204 1339 3214 ,

317 3224 414 3285 An
461 3220 526 3285 in
573 3233 902 3319 posterum
951 3221 1417 3288 instituendum
1457 3228 1628 3285 esset
1660 3221 1776 3282 Fe-

196 3317 354 3372 stum
390 3319 627 3373 veteris
654 3307 847 3374 Tituli
881 3311 945 3375 S.
977 3308 1199 3375 Mariae
1228 3309 1309 3375 de
1335 3309 1645 3390 Nemore,
1674 3305 1775 3370 vel

197 3397 299 3461 SS.
335 3395 621 3548 unguinis
670 3395 922 3481 Mariae,
972 3397 1071 3462 cui
1122 3416 1282 3462 nova
1329 3394 1612 3461 Ecclesia
1658 3393 1778 3459 fuit

196 3482 391 3549 dicata

319 3576 399 3636 Et
445 3574 513 3637 S.
547 3575 625 3638 R.
660 3575 764 3655 C.‚
807 3573 1016 3638 audita
1066 3572 1242 3660 prius
1288 3570 1426 3635 Rmi
1479 3567 1770 3654 Episcopi

198 3659 657 3741 informatione,
707 3662 783 3727 ad
837 3659 1213 3726 relationem
1258 3660 1393 3725 Emi
1425 3667 1493 3723 et
1523 3657 1662 3723 Rmi
1696 3659 1768 3722 D.

197 3748 374 3813 card.
411 3747 599 3813 Marci
644 3749 898 3815 Antonii
934 3749 1282 3815 Columnae
1316 3745 1640 3827 Ponentis,
1676 3762 1772 3809 re·

196 3836 476 3920 scripsit:
512 3854 550 3899 (
576 3837 1046 3902 celebrandum
1075 3855 1213 3901 esse
1237 3837 1492 3900 Festum
1521 3834 1636 3900 SS.
1655 3835 1774 3898 No·

200 3922 374 3990 minis
413 3931 483 3992 B.
525 3926 601 3989 M.
645 3927 722 3989 V.
757 3925 859 3991 die
905 3923 1227 3989 Dominica
1277 3923 1448 3989 infra
1484 3932 1773 3985 octavam

199 4010 540 4077 Nativitatis
586 4012 876 4078 eiusdem
925 4016 997 4078 B.
1033 4015 1115 4077 M.
1155 4014 1228 4077 V.
1268 4034 1327 4076 ».

319 4105 397 4165 Et
445 4102 526 4166 ita
585 4100 931 4167 declaravit
992 4121 1062 4165 ac
1121 4097 1360 4163 servari
1427 4095 1770 4161 mandavit.

201 4188 302 4253 Die
346 4191 432 4254 29
480 4186 679 4253 Martii
733 4191 900 4254 1760
937 4208 998 4251 ».

204 4365 452 4434 2454.
475 4394 480 4399 ·
817 4367 1147 4432 PACTEN.
1548 4363 1773 4449 (4285)

319 4539 610 4606 canonici
663 4540 984 4605 Ecclesiae
1033 4539 1425 4608 cathedralis
1455 4543 1705 4605 Pacten.
1744 4562 1775 4604 a

204 4631 257 4691 S.
293 4631 363 4693 R.
402 4632 476 4693 C.
511 4627 911 4713 postularunt
956 4627 1260 4696 declarari
1294 4650 1312 4692 :
1364 4630 1455 4692 An
1505 4626 1581 4692 ab
1629 4627 1775 4715 ipsis

201 4713 499 4780 debeatur
566 4714 915 4781 assistentia
961 4718 1117 4781 ano
1170 4735 1396 4780 eorum
1455 4715 1773 4815 Episcopo

205 4804 439 4869 Pacten.
480 4821 714 4888 pueros
755 4804 1141 4954 plebemque
1190 4802 1449 4870 docenti
1480 4803 1775 4869 Christia-

203 4908 331 4955 nam
379 4889 741 4956 Doctrinam

317 4983 396 5044 Et
443 4982 513 5043 S.
553 4980 627 5043 R.
667 4982 770 5062 C.‚
810 4978 1020 5044 audita
1072 4979 1249 5064 prius
1298 4978 1584 5047 eiusdem
1633 4980 1768 5044 Risi

209 5066 481 5153 Episcopi
535 5066 1017 5148 informatione,
1068 5066 1142 5131 ad
1210 5066 1584 5131 relationem
1635 5066 1770 5133 Emi

206 5165 260 5215 et
307 5154 441 5220 navi
505 5156 685 5219 Dom.
738 5155 922 5221 Card.
975 5155 1327 5219 Columnae
1386 5154 1471 5219 de
1531 5154 1772 5220 Sciarra

205 5242 508 5323 Ponentis,
556 5241 923 5327 rescripsit:
978 5263 1018 5305 ε
1047 5246 1116 5307 ln
1162 5260 1306 5307 casu
1353 5241 1436 5307 de
1485 5261 1611 5327 quo
1644 5242 1773 5327 agi-

1888 321 2483 477 turi7iggistentiam
2513 341 2643 389 non
2674 321 2901 389 deberi
2935 347 2996 386 s.
3048 323 3162 389 Die
3195 325 3279 389 29
3312 326 3466 389 atar-

1918 432 1956 475 ιι
2177 459 2194 477 .

1886 550 2144 618 2455.
2487 552 2854 617 abinoen.
3236 553 3459 637 (4287)

2013 675 2172 738 Rfito
2219 671 2531 759 Episcopo
2574 673 2878 740 Adiacen.
2913 674 3322 758 postulante:
3372 677 3469 742 An

1883 760 2067 828 liceat
2128 759 2454 826 Canonicis
2500 779 2653 828 suae
2699 761 3096 828 Cathedralis
3153 762 3467 829 circulum

1883 847 2045 914 circa
2089 847 2298 946 ipsum
2328 847 2706 914 solemniter
2737 849 3194 936 celebrantem,
3231 849 3469 936 pileo‘lo

1884 935 1949 1001 in
2006 945 2213 1023 capite
2279 946 2567 1020 retento,
2625 935 2971 1021 conficere,
3033 938 3188 1005 dum
3243 937 3467 1004 Gloria

1881 1023 2128 1090 canitur
2178 1034 2242 1088 et
2293 1023 2512 1105 Credo,
2562 1025 3011 1092 consuetudini
3075 1026 3324 1093 cuidam
3378 1025 3468 1091 in-

1883 1107 2101 1177 nixis?

2014 1201 2083 1265 S.
2116 1201 2189 1264 R.
2227 1203 2329 1281 C.‚
2362 1201 2436 1266 ad
2485 1201 2858 1267 relationem
2907 1200 3271 1284 Secretarii,
3320 1220 3469 1266 cen·

1880 1285 2053 1351 suit:
2104 1307 2142 1352 ι
2175 1290 2351 1352 quta
2398 1307 2657 1354 sensum
2690 1287 3179 1356 caeremonialis
3210 1288 3469 1376 Episco-

1881 1392 2114 1460 porum
2138 1376 2483 1440 Canonicos
2517 1378 2720 1442 teneri
2752 1377 2829 1443 ad
2863 1375 3469 1462 discooperiendum

1882 1475 2073 1547 caput
2137 1463 2196 1527 in
2258 1461 2512 1529 circulis
2558 1465 2931 1551 praedictis,
2988 1484 3117 1530 non
3178 1463 3466 1530 obstante

1884 1568 2292 1635 quacumque
2337 1552 2806 1619 consuetudine
2840 1574 2901 1617 ν.

2012 1641 2092 1702 Et
2140 1638 2224 1702 ita
2278 1638 2626 1706 declaravit
2685 1660 2753 1704 ac
2822 1640 3058 1705 servari
3120 1640 3465 1706 mandavit.

1887 1725 1996 1791 Die
2051 1729 2125 1792 17
2174 1726 2311 1791 Maii
2373 1729 2565 1811 1760.

1885 1901 2148 1970 2456.
2563 1904 2789 1968 unsis
3236 1902 3465 1987 (4289)

2128 2009 2549 2074 ‚essinicAE
2584 2009 3203 2076 LArnnANeNsis.

2013 2167 2267 2232 Exortis
2290 2166 2610 2233 nonnullis
2635 2166 3084 2232 controversiis
3106 2187 3305 2253 super
3330 2167 3468 2236 iure

1881 2275 2004 2343 sup
2056 2254 2230 2321 leudi
2277 2253 2449 2319 vices
2492 2253 3032 2328 Beneficiatorum
3094 2255 3155 2319 in
3210 2256 3468 2323 Patriar-

1881 2342 2044 2408 chai
2092 2342 2352 2409 Basilica
2409 2341 2848 2426 Lateranensi,
2902 2352 3025 2407 tam
3086 2343 3149 2409 in
3204 2343 3468 2409 servitio

1880 2431 2112 2496 Altaris
2170 2449 2356 2516 quam
2418 2432 2483 2496 in
2540 2430 2969 2496 functionibus
3022 2430 3249 2514 ebori,
3301 2429 3468 2497 inter

1881 2519 2166 2586 Clericos
2198 2517 2613 2584 Beneficiatos
2660 2518 3025 2603 praedictae
3054 2517 3348 2585 Basilicae
3381 2539 3467 2585 ex

1884 2626 2031 2690 una,
2078 2617 2270 2692 atque
2326 2607 2744 2693 Cappellanos
2804 2607 3090 2674 eiusdem
3139 2625 3220 2671 ex
3266 2606 3465 2672 altera

1879 2694 2184 2782 partibus,
2237 2693 2456 2780 eisque
2504 2694 2578 2760 ad
2630 2697 2693 2760 S.
2738 2699 2819 2761 R.
2867 2695 2938 2762 G.
2988 2694 3240 2775 delatis,
3277 2691 3466 2761 infra-

1877 2783 1998 2848 scri
2055 2795 2189 2847 tum
2249 2782 2517 2848 dubium
2579 2801 2790 2848 coram
2848 2786 3006 2849 Emo
3063 2795 3127 2848 et
3182 2786 3339 2849 Rmo
3385 2787 3458 2848 D.

1879 2875 1997 2936 Car
2051 2916 2067 2934 .
2098 2869 2480 2935 Tamburino
2513 2869 2726 2936 eidem
2756 2871 3250 2955 congregationi
3281 2873 3467 2936 Prae-

1880 2958 2049 3023 fecto
2082 2969 2149 3023 et
2177 2960 2459 3045 Ponente
2500 2958 2979 3040 concordatum,
3031 2957 3465 3025 decidendum

1879 3045 2282 3133 propositum
2326 3044 2471 3129 fuit,
2522 3064 2799 3132 nempe:

2012 3136 2110 3199 An
2158 3145 2222 3198 et
2269 3132 2501 3218 quibus
2557 3144 2879 3219 competat
2939 3133 3244 3220 supplere
3293 3134 3466 3199 vices

1877 3221 2411 3288 Beneficiatorum
2460 3221 2520 3285 in
2569 3221 2823 3289 Basilica
2870 3221 3302 3304 Lateranensi,
3341 3230 3466 3284 tam

1880 3310 1942 3376 in
2008 3309 2272 3461 segvitio
2340 3308 2573 3373 Altaris
2639 3327 2830 3393 quam
2899 3307 2963 3373 in
3035 3308 3466 3373 functionibus

1879 3396 2070 3464 Chori
2200 3452 2205 3460 .

2011 3490 2090 3551 Et
2131 3488 2193 3549 S.
2223 3487 2301 3550 R.
2328 3488 2429 3566 Gt,
2466 3486 2677 3552 audita
2709 3494 2978 3568 utraque
3014 3495 3191 3571 parte
3221 3482 3465 3569 scripto

1881 3585 1944 3639 et
1996 3591 2155 3637 voce
2225 3572 2605 3638 informante
2665 3571 2943 3657 visisque
3008 3571 3247 3641 iuribus
3318 3571 3461 3636 binc

1882 3661 2032 3728 inde
2080 3660 2378 3728 deductis
2428 3672 2805 3745 matureque
2848 3659 3182 3747 perpensis
3214 3679 3282 3724 ac
3315 3679 3465 3725 con-

1875 3749 2195 3831 sideratiS,
2230 3749 2307 3814 ad
2358 3748 2737 3814 relationem
2785 3746 2924 3813 Emi
2972 3758 3037 3814 et
3080 3745 3221 3816 limi
3269 3747 3458 3812 Card.

1859 3839 2202 3919 ·l'onentis,
2252 3836 2741 3902 rescribendum
2788 3836 3076 3902 censuit:
3128 3840 3461 3919 ‹Compe-

1880 3936 2017 3989 tere
2065 3923 2327 3991 clericis
2371 3924 2809 4001 Beneliciatis;
2860 3936 2926 3989 et
2971 3924 3330 4010 amplius».
3386 3927 3462 3987 Et

1878 4012 1962 4077 ita
2007 4012 2323 4079 decrevit.
2376 4012 2487 4078 Die
2536 4015 2572 4078 7
2622 4013 2760 4078 lulii
2816 4015 3009 4078 1753.

2011 4101 2330 4166 Adversus
2386 4118 2539 4164 vero
2587 4100 2770 4167 istam
2831 4099 3327 4180 resolutionem,
3380 4118 3459 4164 ex

1879 4199 2059 4275 parte
2123 4187 2506 4253 eorumdem
2573 4188 3109 4275 cappellanorum
3177 4186 3461 4286 expetita

1880 4287 1944 4339 et
1993 4274 2250 4341 obtenta
2298 4293 2458 4340 nova
2504 4274 2953 4358 audientia,·et
2990 4274 3177 4341 huius
3211 4291 3458 4358 vigore,

1880 4362 2277 4449 reproposita
2325 4383 2443 4449 per
2488 4363 2797 4429 eumdem
2848 4366 3073 4428 Emum
3125 4373 3188 4428 et
3232 4366 3462 4429 Rmum

1876 4454 1948 4516 1).
2001 4452 2188 4518 Card.
2238 4449 2691 4518 Tamburinum
2749 4455 3098 4517 Ronentem
3146 4448 3458 4517 eiusmodi

1875 4539 2307 4605 controversia
2366 4558 2561 4627 super
2606 4559 2773 4605 novo
2821 4537 3053 4619 dubio,
3104 4536 3456 4603 videlicet:

1879 4629 1971 4691 Au
2019 4628 2101 4692 sit
2155 4628 2454 4695 standum
2498 4627 2605 4692 vel
2666 4626 3107 4694 recedendum
3153 4645 3187 4689 a
3231 4624 3461 4690 decisis

1878 4715 1984 4781 die
2035 4718 2070 4779 7
2122 4715 2260 4781 lulii
2314 4712 2534 4781 17:53⁴?

2009 4804 2073 4868 S.
2110 4807 2184 4869 R.
2221 4806 2321 4885 C.‚
2355 4802 2593 4888 scripto
2626 4802 2866 4887 pariter
2900 4812 2964 4868 et
2998 4819 3151 4866 voce
3189 4809 3461 4883 utraque

1879 4900 2058 4976 parte
2106 4890 2252 4956 hinc
2302 4891 2452 4955 inde
2501 4891 2878 4957 informante
2942 4888 3173 4955 iterum
3218 4887 3458 4969 audita,

1877 4989 1941 5042 et
1975 4996 2055 5041 ex
2088 4977 2339 5044 noviter
2385 4978 2700 5061 deductiS,
2754 4976 3123 5063 rescripsit:
3174 4996 3212 5041 ι
3249 4980 3314 5041 ln
3349 4976 3460 5041 de-

1877 5063 2051 5149 cisis,
2102 5065 2267 5129 salva
2318 5065 2865 5150 praeintonatione
2919 5065 3457 5152 antiphonarum:

1878 5165 1941 5216 et
2007 5154 2280 5238 amplius
2337 5175 2401 5219 ».
2481 5157 2560 5219 Et
2636 5154 2719 5219 ita
2794 5153 3112 5220 decrevit.
3194 5150 3305 5221 nie
3383 5154 3458 5216 17

1879 5241 2015 5307 Maii
2072 5244 2264 5309 1760.
3432 5274 3445 5287 ·
