4042 5950
2088 248 2559 338 ...320—

681 501 695 515 ι
807 414 903 483 Ad
936 411 1372 518 quaestionem
1403 420 1468 483 2.
1507 426 1571 483 et
1601 416 1666 486 3.
1701 437 1742 483 ‹
1772 414 1898 484 lam
1927 413 2260 503 provisum

676 521 744 570 m
786 504 1347 694 1,Arii‘'unffidboinuing’1⁰1.
1393 614 1434 659 ι
1468 598 1753 681 Integras
1815 611 1957 661 esse
2013 591 2262 681 persol-

672 680 910 748 vendas
956 679 1041 747 de
1072 680 1482 749 Dedicatione
1514 681 1687 749 iuxta
1717 682 1867 750 alias
1897 681 2160 749 decreta
2194 700 2258 745 ».

806 768 901 835 Ad
949 767 1222 837 Dubium
1268 773 1368 838 111.
1423 792 1460 835 «ι
1488 769 1693 839 Prima
1737 772 1905 857 vice,
1935 768 2263 854 integrum

677 856 1023 944 legendum
1068 861 1191 924 Res
1240 858 1605 939 onsorium;
1652 868 1799 947 post
1835 875 2126 939 versum,
2160 875 2264 923 us-

672 964 800 1031 que
845 944 922 1012 ad
970 964 1168 1012 secun
1218 964 1329 1013 um
1373 945 1783 1016 asteriscum·
1882 956 1981 1013 ost
2039 944 2264 1012 Gloria

670 1036 891 1116 Patri,
943 1053 977 1100 a
1022 1035 1308 1103 secundo
1353 1034 1655 1105 asterisco
1702 998 1785 1105 ad’
1827 966 2050 1119 Euam,
2084 1034 2263 1101 iuxta

669 1121 818 1190 alias
864 1123 1127 1191 decreta
1172 1134 1237 1190 et
1282 1134 1355 1191 ut
1400 1132 1661 1192 notatur
1718 1124 1784 1191 iii
1839 1121 2159 1192 Breviario
2194 1142 2257 1186 ».

802 1211 899 1280 Ad
946 1210 1226 1279 Dubium
1271 1215 1375 1280 iv.
1426 1234 1465 1279 ‹
1498 1212 1629 1278 Nisi
1673 1220 1925 1280 constet
1976 1211 2065 1278 de
2117 1227 2264 1297 spe-

671 1298 814 1367 ciali
858 1299 1111 1367 indulto
1158 1300 1368 1386 quoad
1419 1301 1581 1368 ritus
1626 1300 2085 1382 elevationem,
2133 1300 2263 1365 ritu

670 1397 918 1456 tantum
966 1389 1057 1456 du
1107 1387 1217 1455 lici
1262 1389 1486 1456 maiori
1532 1390 1775 1492 gaudet
1806 1409 1862 1457 ».

803 1476 900 1545 Ad
962 1480 1052 1544 Du
1098 1475 1141 1544 ii
1186 1480 1267 1545 V.
1328 1487 1767 1564 quaestionem
1831 1483 1893 1546 1.
1954 1498 1993 1543 ‹
2035 1478 2261 1577 Marty-

673 1566 994 1654 rologium
1042 1565 1396 1653 legendum
1443 1585 1582 1633 esse
1641 1567 1737 1633 uti
1798 1567 1995 1634 iacet:
2048 1563 2261 1653 pridie

669 1665 911 1739 autem,
961 1653 1054 1721 uti
1100 1673 1181 1721 ex
1229 1652 1694 1722 cousuetudine
1740 1654 2003 1721 aliarum
2036 1650 2259 1720 Eccle-

667 1743 941 1827 siarum,
1004 1740 1425 1811 annunciatur
1484 1744 1746 1810 Festum
1806 1743 2039 1810 Sancti·
2106 1740 2261 1807 Tlo-

671 1850 812 1898 mae
856 1841 972 1898 etc.
1023 1832 1097 1898 ds
1141 1849 1267 1915 qino
1313 1835 1546 1917 aqitur
1589 1840 1711 1899 etc.
1749 1854 1816 1897 9.

799 1922 1048 1999 Quaest.
1098 1923 1163 1986 2.
1214 1939 1255 1985 ‹
1285 1921 1492 1998 Quum
1561 1920 1770 2009 primo
1837 1918 2253 1987 inserendum

669 2008 749 2164 {it
778 2009 904 2115 ¹¹⁰5:
932 2008 1258 2094 Elogium,
1305 2009 1682 2095 ponendum
1714 2027 1853 2076 esse
1887 2007 1992 2076 die
2023 2012 2107 2075 23
2139 2010 2258 2073 Fe-

715 2117 906 2165 ruarii
940 2116 1003 2163 a.

802 2186 900 2254 Ad
946 2184 1221 2254 Dubium
1268 2188 1371 2254 VI.
1423 2208 1462 2253 ‹
1495 2185 1977 2254 inclinationem
2039 2181 2259 2273 capitis

670 2293 797 2345 non
846 2293 985 2342 esse
1033 2272 1389 2342 taciendam
1423 2296 1488 2342 ».

801 2363 897 2430 Ad
931 2361 1115 2430 Dubii
1147 2366 1278 2431 Vll.
1312 2362 1751 2449 quaestionem
1792 2367 1851 2429 1.
1890 2371 1955 2430 et
1984 2367 2050 2430 2.
2085 2383 2124 2428 ‹
2156 2364 2257 2428 lu-

670 2463 775 2519 xta
821 2451 1199 2538 qualitatem
1245 2450 1430 2536 ritus,
1478 2460 1777 2517 servetur
1820 2449 2097 2517 Rubrica
2128 2470 2194 2513 ».

798 2543 1009 2627 Atque
1077 2539 1162 2605 ita
1230 2539 1558 2626 rescripsit
1625 2558 1696 2605 ac
1762 2537 2001 2605 servari
2080 2555 2255 2605 man·

672 2627 866 2696 davit.

800 2714 914 2783 Die
962 2718 1000 2783 7
1047 2713 1414 2783 Decembris
1465 2719 1660 2784 1844.

673 2857 923 2926 2873.
1277 2856 1651 2923 Ninnius.
2025 2854 2255 2944 (isse)

800 2980 1108 3050 Sacerdos
1155 2987 1416 3049 loannes
1461 2979 1733 3049 Giubilei
1764 2979 2116 3048 canonicus
2143 2981 2257 3048 ca-

672 3069 981 3138 tbedralis
1025 3069 1348 3137 Ecclesiae
1409 3068 1808 3154 Narniensis,
1858 3068 2124 3157 cupiens
2184 3078 2258 3135 ut

671 3158 739 3226 iii
807 3156 1249 3226 ecclesiasticis
1318 3156 1747 3226 functionibus
1812 3157 2020 3224 omnia
2075 3167 2258 3224 recte

669 3255 1063 3335 peragantur
1104 3266 1174 3313 ac
1218 3246 1511 3313 nonnulli
1558 3247 1811 3331 abusus,
1845 3245 1899 3312 si
1942 3245 2053 3332 qui
2100 3247 2257 3312 irre·

670 3339 942 3424 pserint,
976 3334 1060 3402 de
1094 3334 1309 3402 medio
1342 3333 1676 3420 tollantur,
1712 3337 1964 3403 Sacram
1992 3335 2256 3402 Rittium

672 3422 1248 3513 congregationem
1297 3422 1654 3491 humillime
1703 3422 1948 3511 rogavit
1994 3442 2111 3524 pro
2157 3441 2255 3488 so·

672 3513 921 3581 lutione
967 3512 1382 3597 sequentium
1426 3511 1808 3591 dubiorum;
1867 3510 2209 3578 nimirum:

811 3604 872 3667 1.
904 3603 1073 3668 Num
1102 3600 1338 3688 apponi
1369 3600 1578 3668 valeat
1605 3599 1906 3688 Sigillum
1933 3600 1995 3666 in
2026 3600 2255 3668 ostiolo

673 3687 782 3755 ubi
842 3689 1021 3756 Beria
1068 3690 1122 3755 V
1178 3688 1241 3754 in
1301 3690 1511 3755 Coena
1568 3688 1818 3757 Domini
1879 3688 2257 3755 reconditur

674 3775 1151 3844 Sanctissimum
1198 3775 1630 3844 Eucharistiae
1678 3774 2203 3847 Sacramentum?

806 3869 872 3932 2.
923 3865 1113 3948 Num,
1149 3875 1222 3931 ut
1259 3864 1684 3933 communiter
1728 3864 2113 3954 appellatur,
2146 3884 2258 3931 no·

672 3953 1047 4023 minandum
1091 3954 1173 4020 sit
1215 3952 1659 4041 Sepulcrum?

805 4046 873 4111 3.
922 4043 1113 4127 Num,
1182 4042 1516 4110 recondito
1561 4044 1682 4111 boc
1727 4043 1921 4110 modo
1983 4041 2255 4111 Sanctis·

671 4131 834 4199 simo
896 4134 1337 4215 Sacramento,
1402 4130 1634 4198 cantari
1695 4131 1930 4220 possit:
1995 4130 2255 4218 Sepulto

674 4222 944 4288 Domino
985 4217 1166 4287 stc.)

807 4312 871 4376 4.
919 4307 1183 4375 cuinam
1231 4307 1534 4376 tradenda
1563 4306 1644 4375 sit
1687 4306 1892 4376 clavis
1923 4306 2130 4375 ostioli
2160 4329 2258 4376 su·

673 4394 989 4487 pradicti'?

807 4489 870 4553 it.
922 4488 1090 4553 Num
1149 4487 1396 4551 Lumen
1461 4484 1734 4571 christi,
1796 4483 2054 4574 expleta
2107 4485 2259 4553 Sab-
2305 4513 2314 4525 ·

674 4572 823 4729 bati¹
851 4572 1057 4730 Sancti
1103 4573 1468 4658 functione,
1515 4574 1984 4642 removendum
2041 4572 2123 4639 sit
2180 4573 2256 4640 ab

672 4666 799 4731 Ecc
828 4662 954 4731 esia

805 4756 871 4821 6.
899 4754 1152 4836 Utrum,
1174 4770 1294 4819 nec
1316 4769 1424 4835 ne,
1445 4751 1792 4820 servandae
1814 4750 1942 4818 sint
1964 4750 2257 4838 antiquae

675 4839 1174 4910 consuetudines
1235 4839 1545 4925 cuiusque
1598 4839 1953 4924 Ecclesiae,
2002 4840 2258 4927 quando

676 4934 796 5000 bae
839 4949 970 4999 non
1014 4928 1139 4997 sint
1183 4927 1472 4998 Rubricis
1516 4926 1913 4996 contrariae?

778 5023 888 5087 'Et
934 5021 1121 5087 Sacra
1178 5019 1436 5087 Rituum
1502 5019 1965 5106 congregatio,
2014 5018 2093 5086 ad
2142 5019 2260 5084 Va-

678 5108 911 5174 ticanas
959 5105 1169 5173 Aedes
1212 5104 1558 5174 ordinariis
1602 5104 1667 5173 in
1711 5106 1994 5174 comitiis
2028 5103 2259 5173 coadu-

672 5204 842 5274 nata,
876 5195 1086 5265 audita
1133 5193 1441 5264 relatione
1470 5194 1548 5261 ab
1594 5193 1993 5283 infrascripto
2039 5196 2261 5262 Secre-

674 5282 834 5353 tario
879 5283 1040 5351 facta
1086 5294 1153 5349 et
1199 5283 1492 5350 omnibus
1537 5291 1780 5349 attente
1819 5280 2256 5362 consideratis,

676 5371 1161 5443 rescribendum
1209 5370 1504 5439 censuit:

2494 413 2593 484 Ad
2646 420 2705 484 1.
2757 438 2798 484 ‹
2829 414 3140 504 Negative
3169 436 3238 484 9.

2494 503 2590 571 Ad
2639 508 2704 571 2.
2756 527 2797 573 ‹
2830 509 3004 572 luxta
3052 505 3585 574 consuetudinem
3615 526 3682 572 a.

2491 591 2589 659 Ad
2637 595 2702 661 3.
2754 616 2793 661 ‹
2821 595 3131 681 Negative
3165 614 3228 661 ».

2495 679 2591 747 Ad
2639 685 2703 749 4.
2755 704 2794 749 ‹
2825 686 3003 751 quta
3061 681 3210 750 alias
3267 682 3567 766 decreta,
3632 685 3924 751 Canonico

2362 767 2466 835 vel
2516 769 2844 837 Sacerdoti
2893 769 2958 835 in
3002 769 3344 837 crastinum
3391 770 3800 839 celebraturo
3828 796 3886 840 a.

2491 855 2589 924 Ad
2635 861 2701 929 li.
2750 879 2791 924 ι
2823 857 3217 926 Affirmative
3248 879 3315 927 »-

2493 944 2589 1012 Ad
2638 948 2704 1015 6.
2754 968 2795 1013 ι
2825 946 3123 1036 Explicet
3167 965 3329 1033 quae
3371 947 3499 1016 sint
3539 949 3922 1017 consuetudi·

2361 1051 2499 1120 nes,
2536 1043 2602 1101 et
2630 1045 2918 1103 recurrat
2962 1035 3029 1103 in
3075 1037 3318 1106 casibus
3363 1035 3845 1124 particularibus
3866 1062 3918 1103 ›.

2494 1129 2701 1209 Atque
2733 1123 2818 1190 ita
2847 1123 3176 1230 rescripsit
3205 1123 3573 1212 servarique
3599 1127 3917 1196 mandavit.

2493 1209 2608 1277 Die
2654 1215 2692 1278 7
2740 1210 3111 1279 Decembris
3159 1216 3355 1283 1844.

2365 1386 2613 1459 2874.
2989 1390 3325 1461 numus

2822 1496 3106 1564 muris
3159 1498 3484 1565 CASSINI.

3718 1389 3920 1478 (issi)

2490 1653 2697 1731 Quum
2739 1656 3334 1724 Reverendissimus
3379 1660 3449 1724 P.
3497 1653 3712 1724 Abbas
3766 1657 3924 1725 Ordi-

2358 1741 2571 1809 narius
2600 1742 2852 1811 Nullius
2884 1744 3109 1812 Montis
3142 1745 3375 1814 cassini
3400 1748 3656 1813 Sacram
3686 1744 3920 1812 Ritnum

2355 1828 2933 1918 congregationem
2978 1833 3170 1900 enixe
3217 1833 3480 1919 rogarit,
3514 1842 3589 1899 ut
3618 1832 3922 1900 declarare

2358 1919 2736 2006 dignaretur
2763 1938 2919 1986 uum
2948 1921 3299 2009 Regulares
3328 1921 3511 1991 acciti
3542 1921 3621 1989 ad
3656 1918 3924 2022 publicas

2355 2006 2857 2095 supplicationes
2903 2017 2970 2075 et
3015 2009 3265 2094 funera,
3302 2029 3339 2076 e
3384 2009 3731 2078 coenobiis
3761 2026 3925 2096 egre-

2356 2094 2608 2165 dientes
2653 2104 2720 2162 et
2766 2096 2921 2164 illuc
2967 2096 3343 2182 redeuntes,
3389 2095 3638 2185 possint
3684 2095 3802 2165 sub
3837 2096 3926 2163 lia-

2356 2193 2515 2251 stata
2560 2186 2766 2251 cruce
2815 2183 3174 2252 incedere?

2485 2272 2983 2341 Eminentissimi
3032 2283 3096 2340 et
3141 2273 3688 2343 Reverendissimi
3737 2278 3926 2341 Patres

2355 2362 2560 2462 Sacris
2606 2362 2863 2429 tuendis
2906 2360 3154 2463 Ritibus
3187 2363 3556 2465 praepositi,
3590 2383 3668 2430 re
3697 2373 3926 2430 maturo

2354 2467 3078 2639 titularis&
3103 2451 3566 2624 asfanez
3615 2451 3928 2607 &ait-iit

2354 2626 2739 2712 Secretario,
2763 2625 3251 2695 rescribendum
3280 2640 3717 2695 censuerunt:
3747 2650 3787 2692 ι
3810 2629 3929 2694 Non

2354 2713 2604 2781 obstant
2627 2718 2932 2794 Decreta3
2968 2714 3318 2783 dummodo
3343 2718 3513 2785 crux
3546 2736 3579 2782 a
3611 2715 3930 2804 Religiosis

2357 2802 2419 2868 in
2465 2801 2708 2872 funeris
2751 2821 2988 2891 pompa
3032 2821 3161 2871 nou
3207 2804 3508 2872 afferatur
3540 2824 3604 2872 ii.

2485 2889 2597 2961 Die
2647 2894 2683 2957 7
2731 2891 3108 2959 Decembris
3157 2895 3353 2961 1844.

2359 3032 2609 3102 2875.
2969 3033 3343 3102 REATINA.
3720 3032 3932 3124 (iasa)

2486 3156 2787 3224 Precibus
2833 3156 3195 3226 Sacerdotis
3240 3156 3589 3226 Sebastiani
3632 3156 3806 3226 Ricci
3836 3161 3933 3225 Ca·

2356 3244 2569 3345 nonici
2614 3244 3012 3347 cathedralis
3066 3245 3364 3313 Reatinae
3423 3244 3788 3331 Ecclesiae,
3838 3264 3934 3311 ex-

2355 3344 3103 3522 &53215233152‘2313
3110 3334 3936 3514 tztssaelittffmt:

2354 3511 2522 3578 sorio
2568 3529 2758 3596 quam
2817 3509 3136 3579 nobilibus
3193 3510 3331 3580 aliis
3382 3509 3933 3598 suppellectilibus

2357 3619 2390 3665 a
2434 3616 2504 3664 se
2550 3599 2799 3666 donatis
2859 3598 3218 3667 cathedrali
3280 3598 3396 3687 ipsi
3461 3599 3827 3686 Ecclesiae,
3873 3609 3931 3664 ut

2356 3686 2672 3775 expositio
2719 3686 3109 3755 sanctissimi
3153 3687 3541 3776 sacramenti
3588 3687 3655 3755 iii
3723 3687 3932 3756 Cathe-

2357 3773 2517 3843 drali
2581 3775 2716 3864 ipsa
2773 3776 3144 3844 solemniori
3196 3787 3500 3876 apparatu
3559 3775 3707 3860 liat,
3757 3791 3930 3862 quani

2355 3862 2621 3950 quidem
2648 3863 3074 4018 remotionem
3101 3864 3330 3934 indixit
3351 3864 3930 3933 Reverendissimus

2359 3956 2407 4018 E
2460 3952 2590 4018 isco
2637 3972 2713 4019 us

2414 3970 2456 4039 p
2486 3972 2670 4108 Saclr'a
2717 4040 2980 4109 Rituum
3010 4040 3463 4131 congregatio,
3494 4059 3617 4143 pro
3649 4040 3928 4109 intorm-

2361 4127 2536 4195 tione
2567 4140 2632 4196 et
2661 4140 2811 4197 voto
2855 4129 3075 4199 audito
3122 4131 3353 4198 eodem
3397 4133 3747 4218 Episcopo,
3784 4138 3849 4198 et
3874 4146 3927 4192 o·

2360 4217 2615 4285 mnibus
2660 4228 2909 4285 maturo
2947 4218 3242 4286 examine
3270 4216 3637 4306 perpensis,
3669 4218 3752 4285 ad
3787 4215 3927 4283 rela-

2359 4303 2598 4373 tionem
2641 4304 2983 4395 subscripti
3014 4304 3379 4389 Secretarii,
3422 4303 3926 4395 respondendum

2358 4393 2644 4462 censuitz
2694 4415 2733 4460 ‹
2761 4396 2969 4474 Quum
3013 4413 3144 4462 non
3173 4394 3428 4463 obstent
3458 4398 3754 4479 Decreta,
3788 4388 3925 4460 nibil

2360 4500 2500 4548 esse
2546 4482 2978 4551 innovandum
3010 4503 3075 4552 ii.

2491 4570 2604 4637 Die
2652 4575 2688 4638 7
2736 4571 3107 4638 Decembris
3156 4575 3349 4640 1844.

2362 4713 2621 4782 2876.

2491 4835 2872 4904 Pastoralem
2887 4837 3327 4905 visitationem
3344 4836 3772 4905 Ecclesiarum
3795 4853 3929 4903 suae

2361 4925 2680 4993 Dioecesis
2711 4926 2979 5015 explens
3009 4925 3597 4995 Reverendissimus
3618 4924 3925 4994 Vivarieu.

2365 5015 2743 5104 Episcopus.
2790 5013 3238 5083 animadvertit
3282 5033 3411 5082 non
3442 5032 3639 5100 pauca
3673 5011 3928 5100 reperiri

2361 5102 2595 5170 Altaria
2661 5103 2977 5190 portatilia
3044 5122 3315 5189 quorum
3378 5104 3669 5193 sepulcra
3735 5109 3928 5168 tractu

2364 5191 2672 5277 temporis
2718 5192 3032 5261 confracta
3065 5192 3272 5275 fuere,
3309 5212 3378 5259 ac
3407 5190 3666 5258 insimul
3700 5188 3930 5275 reperit

2360 5279 2590 5348 similia
2634 5281 2955 5367 portatilia
2999 5280 3231 5348 Altaria
3278 5280 3341 5349 in
3386 5278 3738 5346 novissimis
3795 5295 3929 5368 per·

2369 5366 2833 5436 turbationibus
2879 5387 2994 5456 per
3039 5369 3366 5457 simplices
3394 5367 3768 5438 Sacerdotes
3797 5383 3929 5433 con·

2962 4715 3363 4782 vivAmnN.
3716 4709 3925 4799 (iaso)
