4042 5950
2040 256 2511 343 -242—

631 419 979 492 Canonicos
1025 420 1265 488 habere
1293 420 1523 508 debet,
1559 439 1835 508 namque
1877 421 2042 487 facto
2072 439 2212 504 suo,

631 511 697 577 in
745 511 857 578 illo
902 509 1008 577 vel
1054 510 1255 577 altero
1303 529 1476 595 casu,
1524 507 1988 597 parochialibus
2021 509 2216 596 privi-

635 599 818 686 legiis
873 597 1218 682 valedixit,
1270 608 1334 664 et
1379 616 1448 664 se
1498 616 1634 664 esse
1682 608 2057 665 contentum
2109 597 2219 663 de-

634 686 891 753 claravit
945 686 1148 753 veluti
1208 685 1593 753 canonicum
1663 697 1906 753 tantum
1968 685 2220 753 censeri

631 775 938 842 voluisse.
989 779 1070 842 Et
1113 773 1198 840 ita
1241 772 1538 859 dicimus,
1570 774 1909 858 sancimus,
1940 793 2223 874 pronun-

537 869 547 878 “
634 864 875 931 ciamus
934 874 1000 930 et
1061 862 1460 930 declaramus
1519 863 1690 930 omni
1759 861 2011 929 meliori
2082 880 2218 928 mo-

631 951 718 1018 do
751 973 812 1018 ».
865 953 1075 1037 Atque
1121 952 1206 1018 ita
1250 962 1598 1018 sanxerunt
1643 949 1748 1018 die
1801 955 1880 1018 19
1926 953 2222 1037 Septem·

631 1038 765 1106 bris
819 1044 1014 1107 1831.
1945 1056 1953 1069 ’

762 1129 970 1207 Quum
1017 1139 1234 1195 autem
1287 1146 1483 1216 super
1535 1145 1609 1193 re
1662 1138 2102 1217 percuperent
2156 1146 2221 1194 o-

635 1235 818 1284 mnes
863 1228 934 1284 ut
982 1226 1419 1304 opportunum
1483 1216 1795 1283 ederetur
1852 1221 2220 1301 Decretum,

634 1316 702 1373 et
747 1305 826 1371 ad
876 1325 975 1388 ea,
1016 1325 1178 1391 quae
1227 1304 1295 1370 in
1339 1301 1620 1369 arbitrali
1665 1305 1979 1372 sententia
2027 1304 2225 1372 conti-

633 1405 898 1478 nentur,
949 1403 1313 1481 opportune
1353 1391 1691 1476 servanda,
1724 1403 1914 1479 atque
1962 1403 2037 1460 ut
2080 1411 2223 1459 sen-

635 1481 837 1548 tentia
882 1481 1016 1570 ipsa
1064 1478 1358 1547 omnibus
1414 1490 1628 1566 pateat
1675 1491 1740 1546 et
1786 1481 2227 1549 authenticum

636 1570 1099 1637 documentum
1136 1569 1202 1635 in
1235 1567 1532 1635 Archivio
1581 1571 1956 1637 earumdem
2003 1570 2229 1637 Eccle-

635 1658 872 1724 siarum
919 1657 1159 1724 servari
1205 1667 1434 1743 queat;

768 1748 953 1812 Sacra
997 1745 1259 1811 Rituum
1305 1745 1758 1832 congregatio,
1793 1747 1857 1814 in
1900 1746 2230 1816 ordinario

638 1837 844 1902 coetu
900 1834 978 1900 ad
1040 1831 1412 1900 Vaticanum
1480 1833 1599 1899 sub
1666 1834 2064 1924 infrascripta
2126 1834 2232 1902 die

640 1922 1033 1989 coadunatas
1092 1942 1131 1985 ‹
1164 1925 1467 1989 Praesens
1529 1926 1872 1990 Decretum
1934 1924 2232 2011 expediri

637 2009 841 2096 iussit,
875 2020 1068 2096 atque
1115 2029 1148 2074 a
1195 2010 1489 2096 capitulo
1538 2020 1603 2075 et
1648 2013 1979 2079 canonicis
2022 2012 2231 2079 Colle-

639 2098 843 2183 giatae
893 2099 1214 2167 Ecclesiae
1261 2101 1523 2167 Sanctae
1555 2101 1780 2167 Mariae
1826 2101 2232 2187 magdalenae

641 2195 706 2252 et
737 2189 1015 2255 Parocho
1048 2187 1258 2255 Sancti
1288 2187 1506 2255 Hilarii
1552 2189 1731 2255 Ereti
1776 2188 2098 2255 Dioecesis
2129 2192 2235 2256 Sa·

539 2312 546 2319 ·
640 2275 859 2343 binen.
911 2276 1050 2343 sine
1093 2276 1221 2342 ulla
1269 2277 1698 2365 appellatione
1759 2277 1998 2343 servari
2060 2297 2233 2344 man-

641 2363 911 2432 davit».
962 2364 1076 2431 Die
1130 2367 1209 2431 12
1254 2364 1632 2431 Novembris
1684 2369 1876 2432 1831.

647 2506 909 2575 2686.
1205 2506 1680 2573 TARENTINA.

775 2632 947 2696 Inter
994 2640 1209 2696 cetera
1252 2628 1840 2701 sanctimonialium
1887 2631 2235 2716 Asceteria,

643 2734 806 2803 quae
850 2716 1396 2784 Archidioecesim
1461 2718 1860 2786 Tarentinam
1921 2721 2236 2787 condeco-

642 2813 823 2888 rant,
887 2805 1163 2873 alterum
1220 2805 1633 2874 clarissarum
1700 2808 1918 2875 existit
1977 2807 2045 2875 in
2104 2809 2237 2896 ipsa

643 2890 940 2980 Civitate,
976 2913 1138 2982 quae
1185 2913 1470 2984 semper,
1504 2896 1598 2962 uti
1644 2895 1722 2961 ab
1750 2896 1904 2986 ipsis
1935 2897 2238 2964 asseritur

647 2982 1177 3071 constantissime,
1228 2987 1491 3072 expleto
1550 2984 2089 3073 vigesimoquinto
2137 3006 2236 3052 ae·

642 3069 787 3136 tatis
842 3090 1006 3138 anno
1067 3083 1134 3139 et
1197 3073 1420 3140 emissa
1483 3073 1879 3162 professione
1933 3074 2235 3160 solemni,

644 3159 876 3228 Velum
925 3159 1394 3230 benedictionis
1432 3162 1507 3228 ab
1538 3163 2032 3250 Archipraesule
2077 3165 2238 3231 reci-

646 3247 903 3338 piebant
948 3249 1023 3316 ad
1073 3250 1338 3317 formam
1371 3251 1753 3318 Pontificalis
1782 3252 2070 3319 Romani.
2116 3256 2235 3318 Ho-

646 3338 910 3405 diernus
934 3349 1149 3405 autem
1167 3338 1728 3428 Archiepiscopus,
1745 3342 1947 3427 probe
1970 3360 2238 3410 noscens

647 3446 809 3512 quae
854 3446 889 3492 a
931 3447 983 3491 s.
1022 3444 1109 3493 m.
1151 3428 1501 3496 Benedicto
1537 3432 1678 3498 XIV
1726 3448 1835 3495 sua
1881 3430 1947 3495 in
1992 3432 2237 3497 consti-

647 3523 774 3580 tut.
809 3517 1114 3598 LXXXV,
1149 3520 1345 3582 Tomo
1389 3519 1455 3601 2,
1506 3517 1719 3584 Titulo
1765 3516 1849 3583 de
1896 3520 2241 3586 consecra-

648 3602 824 3668 tione
873 3601 1207 3689 virginum
1256 3603 1665 3691 referuntur,
1715 3605 1885 3672 istud
1932 3606 2238 3674 nimirum

647 3688 1065 3843 privilegium
1133 3691 1282 3756 solis
1349 3704 1724 3781 competere
1787 3695 2242 3762 sanctimonia-

675 3776 812 3844 ibus
856 3776 1106 3845 Ordinis
1153 3779 1365 3846 Sancti
1412 3782 1791 3862 Benedicti;
1843 3781 2240 3851 benedictio-

646 3866 745 3932 nis
806 3865 1174 3934 huiusmodi
1237 3887 1355 3955 per
1415 3870 1855 3957 Apostolicum
1908 3872 2239 3941 indultum

647 3954 799 4044 ipsis
844 3953 1127 4022 Clarissis
1185 3974 1523 4023 concessae
1577 3957 2019 4027 authenticum
2066 3962 2244 4028 testi-

647 4042 935 4111 monium
980 4043 1340 4128 requisivit,
1372 4056 1712 4131 antequam
1761 4050 1992 4116 Velum
2028 4050 2241 4137 ipsum

650 4132 1241 4200 sanctimonialibus
1317 4134 1705 4223 imponeret.
1785 4139 1929 4221 Ast,
2001 4148 2243 4205 attenta

651 4230 1016 4322 temporum
1076 4220 1554 4307 vicissitudine,
1618 4242 1820 4310 quum
1888 4228 2089 4293 multa
2158 4246 2238 4293 ex

651 4308 1002 4397 privilegiis
1027 4310 1352 4378 Asceterio
1375 4311 1741 4399 supradicto
1765 4315 2083 4381 concessis
2106 4315 2242 4382 fue·

650 4398 779 4464 rint
822 4398 956 4486 igni
1006 4398 1259 4483 tradita,
1299 4399 1471 4487 (lege
1521 4402 1695 4467 enim
1740 4402 1814 4468 ab
1849 4402 2083 4471 eodem
2133 4425 2244 4471 ex-

652 4486 998 4553 trahendae
1061 4498 1239 4553 erant
1287 4488 1871 4576 SanctimonialeS);
1920 4492 2134 4560 forsan
2181 4505 2246 4560 et

656 4573 780 4640 tale
826 4574 1152 4643 indultum
1207 4593 1468 4663 quoque
1515 4578 1782 4645 flammis
1827 4581 2245 4668 deperditum

651 4661 795 4729 fuit.
844 4664 1150 4743 Quoniam
1197 4675 1414 4732 autem
1460 4664 1537 4731 ab
1582 4677 1814 4732 asserta
1848 4670 2247 4738 observantia

654 4749 751 4817 ius
781 4752 1030 4820 destrui
1075 4752 1323 4840 nequit,
1372 4765 1718 4843 propterea
1770 4759 2112 4826 Sacrorum
2144 4759 2248 4827 Ri-

651 4846 837 4904 tuum
863 4841 1357 4929 congregationi
1387 4844 1984 4913 Reverendissimus
2015 4851 2248 4915 Taren·

656 4925 824 4993 tinus
859 4930 1395 5020 Archiepiscopus
1441 4932 1802 5000 humillime
1833 4936 2244 5022 supplicavit,

652 5024 968 5112 quatenus
1014 5018 1374 5086 decernere
1435 5021 1806 5108 dignaretur
1864 5024 2021 5110 quid
2079 5035 2247 5092 esset

652 5119 718 5166 1n
777 5120 850 5168 re
911 5106 1281 5189 agendum:
1355 5111 1584 5175 Utrum
1643 5111 1949 5179 nimirum
2011 5112 2243 5180 Velum

652 5187 1116 5260 benedictionis
1174 5196 1507 5263 recensitis
1551 5198 1832 5264 clarissis
1886 5202 2249 5268 conceden-

654 5276 861 5363 dum;
909 5298 990 5346 an
1031 5300 1188 5348 vero
1235 5282 1747 5371 denegandum?

782 5368 864 5438 Et
885 5369 1072 5435 Sacra
1096 5369 1320 5436 eadem
1342 5371 1792 5458 CongregatiO,
1819 5374 1895 5440 ad
1920 5374 2239 5450 Quirinale

2001 2506 2269 2596 <467e)·

2316 419 2382 485 in
2412 418 2741 487 ordinario
2771 423 2974 488 coetu
3021 415 3367 487 coadunata
3398 416 3510 486 die
3550 423 3629 485 16
3666 414 3881 506 Aprilis

2316 507 2632 574 vertentis
2661 507 2834 593 anni,
2863 507 3345 576 rescribendum
3377 507 3661 574 censuit:
3686 528 3725 571 ‹
3746 506 3884 574 Scri-

2318 594 2504 662 batur
2536 595 2748 662 eidem
2777 595 3340 664 Reverendissimo
3369 595 3881 684 Archiepiscopo;

2321 684 2463 770 qui,
2514 685 2745 751 auditis
2798 685 2863 751 in
2917 685 3167 774 scriptis
3220 684 3626 766 monialibus,
3675 683 3885 749 referat

2318 791 2515 860 super
2559 773 2917 839 transmissa
2973 774 3345 841 earumdem
3408 771 3772 838 monialium
3810 772 3883 835 al-

2322 860 2647 949 legatione
2680 883 2744 926 ».

2457 950 2552 1017 Ad
2598 950 2976 1036 scrupulum
3012 967 3214 1036 usque
3245 949 3533 1016 muneris
3565 948 3667 1014 sui
3697 957 3884 1036 partes

2323 1038 2778 1125 Archipraesul
2811 1037 3123 1127 explevit,
3155 1037 3511 1123 harumque
3542 1055 3765 1104 rerum
3791 1054 3884 1101 no-

2324 1126 2465 1192 titia
2524 1125 2850 1192 instructis
2907 1125 3278 1195 monialibus
3330 1125 3655 1208 clarissis,
3712 1123 3882 1210 ipsae,

2327 1214 2542 1282 habito
2587 1214 2930 1302 capitulari
2990 1225 3344 1299 conventu,
3394 1215 3459 1281 in
3512 1212 3766 1301 scriptis
3802 1230 3886 1276 re·

2330 1302 2620 1369 tulerunt
2671 1323 2703 1368 a
2741 1301 3064 1389 primaeva
3107 1302 3413 1370 Asceterii
3468 1302 3722 1403 origine
3762 1301 3885 1366 San-

2332 1389 2727 1458 ctimoniales
2759 1409 2983 1458 omnes
3013 1393 3244 1458 Velum
3278 1389 3766 1472 benedicuonis,
3796 1406 3886 1453 ex·

2324 1481 2510 1569 ‘pleto
2535 1478 3076 1566 vigesimoquinto
3106 1479 3325 1545 aetatis
3347 1497 3535 1561 anno,
3562 1477 3887 1565 recepisse,

2329 1569 2423 1636 uti
2472 1568 2721 1635 eruitur
2767 1587 2847 1633 ex
2902 1567 3128 1633 tabulis
3176 1567 3612 1635 renovationis
3660 1569 3891 1632 Ascete-

2332 1657 2436 1740 rii,
2483 1675 2646 1742 quae
2693 1654 2960 1742 contigit
3017 1674 3179 1723 auno
3232 1659 3443 1723 1695:
3508 1655 3777 1741 insuper
3825 1672 3892 1718 ex

2325 1745 2668 1812 traditione
2725 1762 3113 1832 pernoscere
3174 1742 3646 1811 benedictionis
3704 1741 3895 1809 huius-

2331 1834 2505 1901 modi
2528 1832 2967 1921 Apostolicum
2991 1829 3337 1899 obtinuisse
3366 1831 3720 1911 indultum;
3744 1829 3893 1918 quod

2330 1922 2383 1989 si
2423 1941 2551 1989 non
2596 1920 2819 1988 fuisset
2866 1938 3087 1987 revera
3134 1939 3533 2006 concessum,
3570 1931 3705 1986 tam
3734 1916 3897 1986 multi

2331 2011 2573 2097 antiqui
2620 2009 3175 2096 Archipraesules,
3225 2007 3331 2095 qui
3379 2026 3501 2095 per
3547 2009 3765 2076 secula
3804 2011 3896 2074 Ta-

2332 2100 2644 2167 rentinam
2669 2098 3193 2165 administrarant
3218 2097 3593 2182 Ecclesiam,
3628 2097 3896 2187 profecto

2330 2190 2553 2255 velum
2599 2186 3191 2255 sanctimonialibus
3235 2205 3364 2252 non
3409 2187 3897 2270 concessissent,

2331 2296 2401 2344 ac
2432 2275 2775 2343 novissime
2806 2273 3363 2343 Sanctimonialem
3394 2277 3623 2340 Rosam
3655 2272 3900 2341 Fanuazi

2335 2384 2418 2431 ex
2464 2364 2934 2452 dispensatione
2977 2362 3337 2451 Apostolica
3382 2362 3545 2430 illud
3602 2361 3901 2450 recepisse

2334 2464 2481 2521 ante
2512 2471 2751 2520 annum
2782 2450 3489 2538 vigesimamquintum.
3517 2451 3763 2529 Quibus
3788 2469 3902 2516 om·

2334 2543 2520 2609 nibus
2578 2544 2916 2609 Sacrorum
2972 2539 3235 2607 Rituum
3291 2538 3791 2625 congregationi
3843 2536 3904 2601 ab

2335 2630 2834 2718 Archiepiscopo
2881 2629 3221 2695 Tarentino
3269 2627 3617 2714 expositis3
3672 2628 3905 2694 haecin
3990 2706 3991 2709 Ἴ

2331 2739 2500 2787 novo
2532 2717 2860 2788 Ordinatio
2907 2721 3136 2801 coetu,
3171 2716 3463 2783 omnibus
3492 2727 3751 2783 mature
3779 2734 3905 2803 per·
3990 2794 3991 2807 χ

2334 2807 2553 2896 pensis
2619 2829 2691 2875 ac
2757 2805 2881 2872 rite
2950 2805 3223 2889 libratis,
3286 2805 3664 2892 rescripsit:
3728 2825 3768 2869 ‹
3808 2809 3905 2870 Pro

2334 2895 2533 2986 gratia
2580 2894 3074 2963 confirmationis
3135 2893 3508 2982 Privilegii3
3569 2905 3635 2960 et
3684 2893 3764 2959 ad
3806 2897 3905 2958 Do·

2335 2987 2578 3054 minum
2624 2984 3054 3054 secretarium
3111 3003 3260 3051 cum
3316 2983 3754 3050 Sanctissimo.
3812 2981 3908 3048 Die

2342 3080 2420 3143 12
2466 3073 2844 3143 Novembris
2897 3078 3059 3141 1831
3096 3094 3163 3140 ».

2466 3167 2678 3252 Super
2709 3161 2943 3249 quibus
2987 3162 3282 3228 omnibus
3322 3161 3483 3229 facta
3515 3161 3907 3230 Sanctissimo

2332 3255 2602 3321 Domino
2648 3253 2877 3319 Nostro
2924 3248 3230 3336 Gregorio
3277 3252 3416 3317 XVI
3459 3250 3753 3319 Pontifici
3806 3252 3911 3315 Ma·

2335 3343 2509 3409 ximo
2549 3340 2727 3409 fideli
2777 3338 3087 3407 relatione
3124 3356 3244 3425 per
3291 3338 3772 3429 infrascriptum
3816 3341 3911 3405 Se-

2337 3430 2706 3514 cretarium,
2754 3429 2862 3496 die
2917 3432 2998 3495 18
3034 3429 3329 3495 eiusdem
3377 3428 3615 3494 mensis
3649 3437 3719 3495 et
3755 3427 3909 3508 anni,

2334 3541 2374 3585 ‹
2407 3519 2717 3586 Sanctitas
2764 3521 2887 3585 Sua
2932 3517 3214 3603 benigne
3267 3516 3531 3603 annuit;
3584 3527 3649 3584 et
3696 3516 3912 3583 Velum

2337 3606 2839 3690 benedictionis,
2907 3606 3131 3672 emissa
3187 3605 3461 3672 solemni
3528 3604 3912 3692 professione

2335 3706 2482 3784 post
2512 3713 2749 3762 annum
2780 3694 3166 3782 vigesimum
3210 3694 3533 3779 quintum,
3570 3695 3749 3760 iuxta
3780 3698 3914 3759 Pon-

2338 3785 2572 3851 tificale
2610 3788 2964 3851 Romanum
3011 3781 3604 3851 sanctimonialibus
3648 3780 3911 3849 clarissis

2335 3871 2648 3941 Asceterii
2694 3872 2978 3940 Civitatis
3025 3870 3399 3938 Tarentinae
3443 3872 3850 3937 concessit».

2341 4018 2593 4088 2687.
2982 4019 3281 4084 risam.
3703 4010 3911 4104 (4678)

2472 4140 3075 4207 Reverendissimus
3119 4139 3653 4227 Archiepiscopus
3680 4138 3913 4206 Pisanus

2337 4228 2577 4296 servari
2611 4228 2876 4316 cupiens
2908 4228 2972 4296 in
3002 4228 3446 4295 ecclesiasticis
3475 4224 3912 4304 functionibuS‚

2339 4336 2502 4402 quae
2549 4337 2582 4382 a
2636 4317 2926 4385 Rubricis
2983 4317 3375 4404 praescripta
3436 4326 3609 4401 sunt,
3656 4334 3776 4404 pro
3821 4330 3913 4378 sua

2338 4404 2678 4471 Primatiali
2723 4404 3005 4472 Ecclesia
3036 4426 3068 4471 a
3100 4408 3438 4472 Sacrorum
3482 4405 3744 4474 Rituum
3770 4406 3914 4469 con·

2342 4492 2717 4579 gregatione
2765 4494 3074 4561 declarari
3121 4494 3346 4581 petiit:

2482 4587 2542 4649 1.
2577 4585 2674 4648 An
2706 4582 2892 4649 liceat
2923 4602 3182 4649 manere
3222 4583 3599 4670 genuflexos
3627 4584 3695 4650 in
3726 4582 3915 4650 cboro

2344 4681 2451 4737 aut
2487 4670 2719 4737 sedere
2768 4681 3093 4758 tempore,
3129 4689 3257 4757 quo
3305 4672 3604 4739 standum
3653 4679 3773 4754 est,
3803 4683 3918 4735 non

2344 4759 2636 4825 obstante
2684 4759 3152 4826 consuetudine
3199 4756 3744 4828 immemorabili?
3994 4763 3995 4778 ¹

2475 4852 2539 4914 2.
2592 4850 2687 4914 An
2754 4847 2942 4914 liceat
3006 4848 3069 4913 in
3132 4848 3238 4914 die
3310 4851 3375 4916 S.
3427 4846 3617 4915 Marci
3687 4853 3919 4913 cantare

2341 4936 2588 5002 Missam
2633 4938 2718 5004 de
2762 4934 3220 5023 Rogationibus
3282 4936 3347 5003 in
3392 4935 3732 5003 Primatiali
3787 4939 3919 5021 post

2342 5025 2644 5110 Tertiam,
2680 5025 2823 5113 quia
2871 5026 2938 5091 in
2982 5024 3242 5090 Litaniis
3286 5024 3630 5092 maioribus
3663 5023 3794 5112 ipso
3823 5019 3919 5086 die

2341 5111 2470 5178 itur
2516 5112 3078 5202 processionaliter
3137 5114 3215 5181 ad
3280 5113 3633 5180 Ecclesiam
3679 5115 3919 5180 Sanctae

2343 5203 2646 5285 Marthae,
2696 5212 2761 5268 et
2808 5202 2892 5268 ibi
2941 5211 3232 5268 cantatur
3276 5201 3585 5269 solemnis
3633 5201 3803 5267 Missa
3844 5195 3917 5260 de

2344 5296 2571 5361 Sancto
2620 5293 2864 5375 Marco,
2914 5291 3024 5377 qui
3088 5290 3380 5358 eiusdem
3434 5289 3761 5357 Ecclesiae
3814 5301 3916 5372 pu·
3994 5373 3995 5378 ἵ

2349 5390 2517 5446 tatur
2562 5376 2998 5463 contitularis,
3048 5397 3123 5444 eo
3170 5381 3342 5466 quod
3391 5378 3677 5468 populus
3719 5375 3915 5443 Eccle·
3994 5449 3995 5460 χ
