4042 5950
1572 227 1989 306 ...49-

290 384 351 447 3.
393 383 488 446 An
534 350 886 446 Primicerii
934 379 1213 447 debeant
1275 380 1568 449 assistere
1612 384 1728 449 Ar-

46 464 49 497 ³
178 468 553 553 chiepiscopo
603 467 668 533 in
716 486 942 535 eorum
961 468 1309 555 collegiata
1353 470 1733 536 solemniter

175 551 556 621 celebranti?
1094 626 1099 631 ,

292 646 349 707 t.
396 645 491 709 An
532 642 832 711 assistere
879 644 1158 711 debeant
1203 644 1268 711 in
1311 644 1529 712 Officio
1595 644 1725 711 Dia-

174 728 299 795 coni
320 739 383 794 et
414 728 802 796 Subdiaconi
829 731 1220 814 Archipresb
1266 742 1409 800 tero
1457 733 1727 800 functio-

174 836 273 882 nes
314 816 692 884 solemniter
736 818 1121 907 peragenti?
1166 820 1228 906 (1

284 908 345 969 5.
393 907 490 970 An
534 905 612 972 ad
663 906 834 992 ipsos
862 907 968 972 vel
1002 908 1080 974 ad
1110 907 1508 974 canonicoss
1558 917 1729 974 ectet

172 1007 457 1077 peragere
505 991 867 1061 functiones
910 996 1360 1078 solemniores,
1390 996 1511 1061 Arc
1559 995 1728 1082 ipre·

170 1079 401 1165 sbytero
448 1078 770 1167 impedito
813 1083 916 1148 vel
952 1083 1283 1149 celebrare
1330 1082 1643 1150 nolente?

278 1169 341 1231 6.
400 1170 503 1234 An
559 1167 763 1235 dictas
830 1170 1191 1237 functiones
1252 1170 1721 1254 solemniores,

168 1252 520 1321 primiceriis
593 1258 1084 1345 peragentibus,
1137 1268 1474 1325 teneantur
1526 1261 1724 1325 cano-

169 1340 273 1494 3ξοί
314 1342 441 1497 ἰυρς
484 1343 784 1412 assistere
814 1346 878 1413 in
907 1364 1180 1414 munere
1202 1345 1541 1413 Diaconiet
1565 1345 1725 1414 Sub·

208 1449 393 1497 tacent

274 1520 353 1583 Et
399 1521 468 1586 S.
494 1521 572 1586 R.
602 1523 704 1602 c.,
732 1522 811 1588 ad
858 1521 1238 1589 relationem
1285 1521 1546 1609 praefati
1578 1518 1737 1589 Emi.

166 1605 459 1690 Pouentis,
527 1608 816 1692 partibus
858 1609 1113 1698 scriptis
1176 1619 1243 1675 et
1302 1629 1461 1676 voce
1526 1609 1723 1676 infor·

167 1693 463 1791 mantibus
507 1694 685 1781 prius
730 1697 993 1781 auditis,
1039 1696 1527 1765 rescribendum
1572 1714 1720 1763 cen-

166 1792 366 2022 ἶῖἑᾸᾱ
415 1874 477 1936 1.
528 1891 569 1935 ι
602 1870 1017 1958 Affirmative‚
1065 1883 1379 1958 quatenus
1425 1871 1722 1941 intersint

274 1976 480 2111 ffi’a'.
530 2066 571 2110 ‹
605 2047 940 2132 negative,
986 2049 1065 2115 ad
1112 2049 1385 2137 primam
1433 2059 1723 2137 partem3

164 2129 561 2217 Affirmative,
610 2134 689 2201 ad
734 2136 1083 2202 secundam
1117 2158 1186 2202 ›.

233 2220 479 2317 'Ad-3.
529 2221 1036 2307 «Affirmative,
1110 2224 1176 2291 in
1244 2243 1389 2290 casu
1456 2225 1538 2293 de
1593 2245 1722 2311 quo

164 2314 476 2463 'gardan
527 2417 569 2461 ι
602 2338 1010 2485 Negativea.

273 2484 364 2551 Ad
411 2488 478 2551 tt.
527 2505 569 2549 «ι
604 2487 649 2552 S
698 2495 911 2553 ectare
953 2487 1031 2553 ad
1079 2487 1477 2555 Primicerios
1500 2509 1566 2554 ιν.

272 2572 363 2639 Ad
409 2575 477 2638 6.
528 2575 654 2638 «A
724 2575 1031 2661 rmative3
1111 2587 1177 2642 et
1245 2576 1311 2643 in
1384 2574 1719 2660 omnibus,

163 2659 411 2745 amplius
437 2681 502 2724 ».

275 2752 349 2813 Et
394 2748 478 2813 ita
527 2748 820 2816 decrevit
850 2760 916 2817 et
944 2750 1181 2817 servari
1213 2748 1558 2817 mandavit.
1606 2750 1720 2817 Die

166 2837 237 2899 21
278 2836 654 2904 Novembris
704 2841 897 2904 1731.

164 2973 407 3044 2300.
722 2980 1136 3045 RAGUSINA.

274 3104 481 3190 Super
524 3101 769 3168 iuribus
811 3102 1508 3188 praeeminentialibus‚
1557 3123 1720 3189 quae

160 3187 327 3254 variis
370 3188 765 3278 temporibus
810 3191 979 3255 inter
1022 3193 1236 3257 Patres
1282 3190 1553 3258 Abbates
1610 3193 1721 3257 Or·

160 3274 309 3341 dinis
353 3280 417 3344 S.
451 3275 784 3344 Benedicti
814 3279 1337 3365 congregationis
1377 3279 1723 3345 Melitensis

1496 2979 1719 3065 (4005)

46 3367 47 3378 ’
161 3372 340 3429 status
380 3363 679 3452 Ragnsini
713 3383 793 3431 ex
824 3383 973 3448 una,
1016 3376 1083 3431 et
1112 3366 1476 3452 Capitulum
1509 3386 1577 3432 ac
1608 3370 1722 3434 ca-

160 3451 399 3517 nonicos
444 3452 614 3519 illius
658 3451 979 3518 Ecclesiae
1024 3453 1550 3539 Metropolitanae
1579 3472 1719 3539 par-

162 3535 313 3603 tibus
358 3557 439 3605 ex
482 3539 707 3622 altera,
742 3539 979 3605 exortis
1008 3540 1486 3625 controversiis,
1529 3552 1718 3626 atque

162 3624 467 3692 occasione
500 3645 797 3693 recursus
826 3624 1018 3692 habiti
1045 3647 1078 3693 a
1105 3627 1397 3714 capitulo
1429 3640 1496 3693 et
1525 3632 1720 3694 cano-

160 3711 297 3779 nicis
340 3714 658 3799 praefatae
704 3715 1251 3801 Metropolitanae,
1284 3715 1587 3782 adversus
1618 3734 1719 3781 re·

160 3799 530 3867 solutionem
593 3801 811 3869 favore
870 3802 1191 3869 dictorum
1237 3800 1553 3868 Abbatum
1597 3803 1719 3870 sub

166 3890 233 3953 12
272 3888 411 3954 Iulii
457 3893 621 3956 1727
667 3910 702 3955 a
748 3890 813 3955 S.
850 3893 925 3957 lt.
965 3893 1039 3957 c.
1072 3890 1336 3975 editam,
1370 3890 1604 3956 iterum
1638 3890 1714 3956 ad

160 3976 434 4043 eamdem
481 3975 749 4057 delatis;
797 3981 993 4044 Euius
1040 3988 1105 4043 et
1148 3981 1342 4045 Rmus
1396 3983 1468 4045 D.
1525 3978 1713 4045 card.

162 4062 403 4151 Belluga
449 4063 734 4130 infrascn·
889 4064 1081 4132 dubia
1126 4064 1299 4131 inter
1327 4077 1719 4153 partes‘con·

160 4150 395 4217 cordata
429 4151 728 4219 declaran
774 4171 806 4215 a
852 4153 1233 4239 proposuit:

280 4243 337 4304 1.
388 4239 484 4304 An
528 4237 609 4304 sit
654 4238 1162 4306 confirmandum
1209 4243 1554 4306 Decretum
1600 4241 1717 4307 sub

158 4321 253 4389 die
280 4330 355 4391 12
386 4325 527 4395 Iulii
564 4329 761 4409 1727,
786 4328 1152 4394 concedens
1183 4325 1529 4394 Abbatibus
1560 4346 1720 4415 pon-

160 4410 478 4480 tificalibus
522 4412 912 4481 ornamentis
955 4413 1222 4498 indutis,
1271 4414 1473 4480 veluti
1534 4416 1717 4481 coab-

157 4497 564 4584 solventibus,
613 4500 1128 4588 praecedentiam
1172 4502 1237 4567 in
1304 4502 1723 4569 Processioni·

160 4583 265 4650 bus
304 4585 632 4672 funerum,
681 4589 769 4654 de
858 4587 1045 4658 uibus
1089 4590 1301 4676 agitur
1329 4586 1362 4654 ἲ

274 4676 340 4739 2.
386 4677 483 4740 An
514 4674 701 4743 dictis
731 4676 827 4742 Ab
872 4675 1100 4759 ·tibus‚
1135 4687 1428 4762 utsupra
1457 4674 1716 4760 indutis,

158 4769 459 4914 mm
528 4762 806 4830 invitatis
874 4766 991 4849 'pro
1058 4763 1405 4832 assistentia
1450 4763 1515 4829 in
1557 4766 1717 4831 sole·

259 4848 271 4861 ‘
417 4849 638 4937 primis
662 4849 986 4937 vesperis,
1012 4850 1417 4917 processione
1443 4861 1507 4917 et
1542 4851 1717 4920 Missa

161 4931 215 4998 in
256 4935 619 5004 Festivitate
666 4939 736 5005 S.
782 4936 996 5018 Blasii,
1032 4938 1256 5004 veniat
1299 4938 1516 5005 denuo
1574 4939 1719 5005 assi-

164 5023 470 5104 gnandum
513 5025 776 5090 stallum
820 5025 883 5090 in
926 5022 1352 5112 Presbyterio‚
1402 5045 1529 5110 quo
1576 5045 1718 5091 usos

160 5107 334 5177 luisse
380 5112 816 5195 praetendunt
864 5111 927 5178 in
974 5111 1225 5198 antiqua
1272 5111 1681 5179 cathedrali?

284 5303 365 5377 (ι)
398 5305 459 5362 Ε.
494 5305 637 5364 nub.
672 5306 727 5364 s.

356 5427 572 5473 nmen
596 5427 913 5474 autumno·
940 5430 989 5473 ⁸.
1015 5430 1078 5474 R.
1104 5431 1155 5473 c.
1182 5449 1235 5462 -—
1262 5429 1369 5476 Vol.
1399 5430 1461 5476 11.

1828 473 2041 556 dutos,
2079 484 2144 539 et
2189 491 2394 561 genua
2441 473 2774 541 flectentes
2819 472 2883 539 in
2915 483 3057 539 actu
3089 475 3404 562 receptio-

1826 560 1922 625 nis
1968 571 2034 626 et
2080 560 2500 628 restitutionis
2545 564 2877 629 Sacrarum
2922 560 3354 646 Reliquiarum
3384 610 3401 644 ,

1828 666 1990 732 quae
2038 666 2155 736 per
2200 648 2466 715 eosdem
2512 647 2576 714 in
2624 648 2791 716 dicta
2837 649 3244 716 Processione
3290 651 3402 717 de·

1828 734 2126 801 feruntur
2153 783 2170 816 ‚
2227 734 2306 801 sit
2370 736 2845 822 permittendus
2905 754 3055 805 usus
3118 737 3405 805 eiusdem

1826 821 2098 908 pulvini,
2124 840 2250 906 quo
2281 822 2346 889 in
2395 823 2624 890 eodem
2655 835 2799 891 actu
2832 834 3100 892 utuntur
3131 834 3255 891 tam
3288 826 3404 890 Ar-

1826 908 2270 997 chiepiscopus
2316 928 2503 995 quam
2547 909 2850 999 Episcopi
2883 910 3320 998 Suffraganei‘?

1958 999 2022 1061 4.
2071 999 2168 1062 An
2197 997 2349 1063 dicti
2401 997 2672 1065 Abbates
2715 999 2780 1065 in
2825 997 3014 1065 dictis
3055 997 3402 1067 Processio-

1823 1082 2007 1150 nibus
2052 1103 2282 1151 secum
2318 1085 2556 1153 ducere
2603 1087 2854 1155 valeant
2900 1085 3064 1152 duos
3122 1086 3402 1154 clericos

1821 1191 1934 1237 seu
1982 1173 2317 1239 Monachos
2363 1183 2527 1239 cotta
2571 1173 2852 1256 indutos,
2885 1172 2962 1238 ab
3007 1183 3284 1259 utroque
3317 1174 3401 1239 la-

1819 1269 1958 1325 tere
2002 1260 2370 1327 assistentes
2415 1279 2534 1346 pro
2576 1260 2854 1327 servitio·
2885 1270 2952 1327 et
3001 1280 3122 1327 usu
3178 1261 3404 1329 mitrae

1829 1356 1895 1414 et
1938 1345 2146 1413 baculi
2195 1346 2569 1435 pastoralis?

1955 1439 2032 1499 Et
2077 1436 2148 1501 S.
2178 1436 2402 1502 eadem
2427 1440 2502 1505 R.
2538 1439 2642 1519 c.,
2674 1437 2753 1504 ad
2800 1434 3177 1503 relationem
3222 1456 3402 1525 piae-

1818 1520 1972 1589 dicti
2034 1522 2174 1589 Esni
2236 1531 2304 1589 et
2359 1523 2499 1591 Pani
2558 1527 2631 1589 D.
2681 1522 2868 1590 Card.
2925 1523 3209 1612 Belluga‚
3274 1534 3400 1591 tam

1821 1609 2073 1709 scriptis
2097 1628 2286 1694 quam
2318 1629 2477 1676 voce
2508 1620 2782 1696 utraque
2811 1619 2992 1696 parte
3022 1611 3401 1680 informante

1823 1697 2059 1783 audita,
2108 1717 2178 1765 ac
2226 1695 2470 1765 iuribus
2519 1698 2663 1766 hinc
2713 1698 2864 1765 inde
2925 1697 3218 1765 deductis
3275 1718 3403 1765 ma·

1826 1795 1970 1852 ture
2066 1784 2381 1872 erpensis,
2430 1785 2922 1852 rescribendum
2967 1787 3256 1857 censuit:

1954 1873 2001 1938 A
2102 1877 2161 1938 1.
2210 1895 2249 1934 ‹
2282 1872 2673 1941 Affirmative
2706 1896 2768 1939 ιν.

2215 404 2334 471 per
2379 385 2639 453 eosdem
2683 384 2964 451 Abbates
2989 384 3283 454 similiter
3312 384 3402 453 in-

1954 1960 2050 2026 Ad
2100 1964 2163 2025 2.
2216 1981 2253 2023 ι
2287 1960 2821 2048 Archiepiscopus
2874 1960 3149 2048 assignet
3203 1961 3402 2029 Abba-

1826 2047 1992 2115 tibns
2040 2046 2253 2114 locum
2301 2047 2644 2116 decentem
2693 2049 2759 2116 in
2804 2047 3225 2136 Presbyterio,
3258 2061 3402 2136 post

1824 2136 2177 2223 Episcopus
2203 2158 2265 2200 ».

1954 2223 2052 2289 Ad
2102 2226 2170 2290 3.
2218 2244 2256 2287 ‹
2301 2223 2692 2292 Affirmative
2726 2245 2789 2289 ».
3107 2256 3120 2269 ,

1952 2311 2050 2378 Ad
2097 2313 2160 2376 4.
2211 2332 2249 2375 ‹
2284 2311 2698 2391 Affirmativ03
2731 2313 2814 2378 ita
2843 2323 3058 2381 tamen
3090 2324 3185 2396 ut,
3218 2331 3400 2400 prae·

1825 2406 1926 2465 ter
1971 2395 2176 2465 dictos
2222 2396 2380 2464 duos
2417 2401 2695 2468 ctericos
2727 2409 2833 2466 aut
2863 2403 3218 2488 Monachus,
3245 2402 3399 2468 alios

1822 2486 2068 2552 ducere
2110 2505 2240 2552 non
2331 2487 2528 2556 ossint
2560 2508 2626 2555 ι».

1956 2577 2038 2638 Et
2102 2573 2190 2639 ita
2312 2575 2554 2642 ecrevit
2621 2586 2685 2642 et
2745 2577 2984 2643 servari
3052 2576 3395 2644 mandavit.

1822 2660 1934 2728 Die
1981 2662 2068 2727 24
2109 2661 2483 2730 Novembris
2533 2666 2725 2730 1731.

1824 2802 2077 2872 2301.
2475 2804 2777 2871 PAPIEN.

1952 2929 2129 2993 Inter
2141 2928 2353 2992 Patres
2367 2924 2637 2991 Minores
2655 2926 3118 2993 conventuales
3133 2928 3200 2995 S.
3218 2931 3405 2994 Fran·

1828 3013 1973 3081 cisci
2019 3013 2251 3101 Oppidi
2297 3013 2626 3080 Valentiae
2669 3013 2766 3079 dcl
2810 3016 2899 3078 Ρὸ
2945 3013 3268 3081 Dioecesis
3293 3019 3400 3080 Pa-

1823 3102 2001 3188 pien.
2051 3119 2132 3166 ex
2178 3119 2328 3183 nna,
2376 3111 2565 3186 atque
2611 3099 3048 3187 Praepositum
3096 3113 3158 3167 et
3215 3105 3398 3167 Paro-

1822 3189 2017 3255 chum
2049 3187 2376 3254 Ecclesiae
2404 3188 2790 3287 collegiatae
2822 3190 2886 3253 S.
2907 3188 3134 3254 Bariae
3155 3188 3400 3254 Maioris

1817 3275 2048 3363 Oppidi
2093 3274 2405 3360 praedicti
2449 3276 2730 3361 partibus
2774 3293 2855 3340 ex
2885 3275 3104 3358 altera,
3131 3283 3261 3342 tam
3292 3293 3430 3341 oc·-

1823 3365 2073 3430 casione
2134 3361 2556 3432 associationis
2608 3362 2991 3429 cadaverum
3051 3379 3240 3447 quam
3295 3381 3398 3427 so-

1824 3450 2053 3518 lemnis
2098 3449 2518 3517 Processionis
2565 3469 2727 3535 quae
2787 3449 2851 3516 in
2913 3453 3101 3515 Festo
3167 3452 3398 3517 SSffiae

1818 3537 2267 3625 conceptionis
2312 3537 2556 3604 ratione
2590 3538 2719 3604 voti
2753 3538 3022 3635 singulis
3049 3537 3225 3604 annis
3252 3536 3402 3604 fleri

1820 3629 2012 3710 solet,
2045 3624 2495 3691 controversiis
2527 3625 2763 3692 exortis
2798 3625 3053 3710 illisque
3099 3645 3183 3692 ex
3213 3636 3400 3713 parte

1822 3716 2139 3783 dictorum
2185 3716 2436 3780 Patrum
2498 3713 2812 3780 minorum
2865 3714 3396 3780 conventualium

1820 3803 1899 3870 ad
1947 3803 2012 3867 S.
2050 3806 2126 3868 Β.
2161 3803 2233 3867 c.
2283 3799 2553 3880 delatis;
2616 3805 2812 3867 Effius
2855 3810 2919 3866 et
2965 3803 3159 3867 Rfiins
3210 3804 3393 3866 Dom.

1818 3890 2007 3958 Card.
2044 3887 2292 3954 Lercari
2339 3887 2732 3975 infrascripta
2763 3886 2954 3954 dubia
2985 3887 3155 3954 inter
3185 3900 3396 3975 partes

1822 3977 2195 4045 concordata
2244 3975 2618 4043 declaranda
2665 3974 3035 4062 proposuit:

1958 4068 2020 4130 1.
2053 4065 2173 4145 An,
2211 4062 2532 4130 occasione
2564 4062 2988 4128 associationis
3017 4064 3398 4130 cadaverum

1823 4154 1886 4220 in
1917 4149 2197 4219 Ecclesia
2229 4153 2482 4217 Patrum
2512 4149 2824 4218 Minoi-um
2858 4150 3396 4217 conventualium

1822 4238 2175 4322 valentiae,
2225 4235 2412 4303 liceat
2456 4237 2821 4324 Praeposito
2868 4247 2934 4303 et
2979 4237 3253 4304 Parocho
3303 4237 3400 4304 in-

1818 4327 2019 4416 signis
2059 4326 2444 4409 collegiatae
2490 4325 2696 4392 dictae
2741 4324 3048 4406 Civitatis,
3095 4342 3243 4392 cum
3290 4324 3395 4391 vel

1819 4415 1959 4482 sine
2005 4415 2218 4496 Cler0‚
2268 4411 2776 4499 ingredientibus
2823 4412 3169 4480 Ecclesiam
3215 4430 3398 4497 prae-

1822 4503 2010 4569 fatam
2057 4519 2208 4570 cum
2250 4501 2422 4568 Stola
2465 4511 2532 4567 et
2576 4503 2783 4567 cruce
2828 4498 3102 4582 elevata,
3138 4515 3396 4584 praece·

1822 4591 1979 4657 dere
2026 4585 2602 4656 Hebdomadarium
2647 4586 3029 4674 Regularem
3097 4586 3396 4652 indutum

1820 4676 2295 4828 supermllipeo
2342 4685 2407 4741 et
2452 4675 2648 4758 Stola,
2680 4690 2884 4757 usque
2917 4673 2995 4740 ad
3042 4673 3254 4738 locum
3288 4689 3398 4737 ex·

1824 4785 1859 4831 e
1904 4781 2154 4830 uiarum

1861 4784 1903 4850 q
1951 4856 2015 4917 2.
2065 4855 2187 4933 An,
2239 4848 2563 4916 occasione
2626 4846 2927 4915 solemnis
2982 4847 3402 4915 Processionis

1822 4938 1961 5005 fieri
2007 4938 2234 5004 solitae
2282 4935 2346 5003 in
2393 4941 2578 5004 Festo
2643 4938 2872 5004 SSmae
2925 4935 3400 5022 conceptionis,

1820 5029 2030 5091 Patres
2076 5026 2346 5092 Minores
2389 5025 2855 5092 conventuales
2880 5023 3090 5090 dictae
3118 5022 3404 5092 civitatis

1828 5112 2065 5178 babere
2112 5110 2388 5180 debeant
2450 5110 2661 5177 locum
2719 5113 2782 5178 in
2840 5111 3051 5180 choro
3097 5122 3163 5176 et
3219 5110 3402 5176 stallo

3169 2803 3395 2891 (4008)
3465 2878 3478 2893 ,

3061 5425 3086 5468 4
