4042 5950
1523 288 1995 371 -241-

122 446 353 533 binen.,
403 446 622 534 quoad
670 445 1067 515 erectionem
1122 448 1341 516 Crucis
1387 448 1715 516 Ecclesiae
1815 446 2307 532 concordarunt,
2341 466 2506 535 quae
2544 448 2887 517 recensitas
2935 451 3397 521 controversias

158 536 483 604 arocbialis
535 537 606 603 in
649 535 1030 604 associandis
1075 535 1492 604 cadaveribus
1545 534 1714 603 eius-
1812 538 2357 626 complectuntur,
2406 538 2758 605 nimirum:

116 557 256 691 gem
279 625 643 710 paroeciae,
671 636 803 692 tam
827 625 880 691 si
904 625 1060 693 haec
1095 636 1306 693 essent
1336 645 1406 692 se
1458 626 1711 694 elienda

119 714 177 780 iu
206 713 365 781 dicta
407 713 760 782 Parochiali
793 732 986 799 quam
1017 715 1068 780 si
1104 714 1394 781 tumulan
1442 734 1475 781 a
1508 713 1573 780 in
1604 733 1708 781 su·

115 801 382 890 pradicta
428 802 828 888 collegiata;
878 804 1040 870 adeo
1070 814 1284 891 partes
1319 802 1383 870 in
1416 802 1547 870 suis
1574 812 1708 869 stu-

114 890 219 957 diis
265 889 709 974 incaluerunt,
745 902 818 958 ut
850 892 927 958 ad
961 911 1099 958 rem
1140 909 1400 958 omnem
1446 909 1707 978 compo-

114 974 368 1045 nendam
417 998 590 1066 opus
636 978 833 1047 fuerit
880 979 1155 1047 mutuari
1204 980 1595 1067 praesidium
1629 977 1707 1044 ab

113 1070 437 1134 Sacrorum
486 1068 754 1136 Rituum
801 1069 1341 1155 congregatione.
1403 1068 1706 1135 Primitus

113 1174 252 1220 vero
280 1156 419 1222 solo
454 1154 751 1223 exhibito
780 1156 1057 1245 supplici
1104 1156 1330 1225 libello
1375 1157 1703 1241 nullisque

114 1243 258 1310 datis
310 1242 837 1331 allegationibus,
887 1249 1070 1329 Sacra
1131 1246 1588 1335 congregatio,
1637 1245 1703 1313 in

112 1329 421 1398 Ordinatio
498 1336 708 1400 coetu
786 1335 893 1402 die
975 1337 1053 1401 17
1131 1335 1272 1402 Iulii
1348 1335 1704 1422 superioris

114 1420 243 1486 anni
306 1424 512 1504 1830,
580 1421 649 1487 in
715 1442 907 1491 sensu
976 1423 1098 1489 fuit
1167 1437 1240 1491 ut
1306 1425 1702 1492 scriberetur

118 1507 623 1577 Eminentissimo
670 1521 739 1578 et
780 1512 1341 1580 Reverendissimo
1383 1513 1699 1601 Episcopo

117 1595 393 1664 sabinen.
457 1618 584 1686 pro
646 1599 1098 1668 informatione
1164 1610 1229 1667 et
1281 1612 1467 1668 ·voto.
1532 1605 1698 1668 Dum

115 1686 252 1752 haec
298 1686 662 1772 agebantur
706 1699 773 1755 et
817 1689 1093 1776 quisque
1137 1709 1258 1776 pro
1302 1709 1419 1756 suo
1451 1690 1697 1756 tuendo

116 1773 307 1841 studio
337 1775 434 1843 liti
467 1777 826 1845 necessaria
859 1789 1139 1864 pararet,
1173 1778 1699 1846 dissentientibus

118 1862 303 1930 adhuc
358 1864 618 1950 animis,
671 1866 733 1933 in
785 1866 905 1933 boc
965 1887 1165 1935 unum
1223 1877 1694 1951 convenerunt,

119 1958 178 2015 ut
203 1951 659 2021 consuleretur
688 1955 1021 2043 expensis;
1071 1966 1546 2044 proptereaque
1578 1957 1696 2022 ite-

119 2056 244 2103 rum
300 2042 754 2129 supplicarunt
823 2043 1356 2113 Eminentissimis
1407 2044 1695 2112 Patribus

121 2126 302 2193 Sacris
342 2129 598 2198 Ritibus
643 2133 905 2200 tuendis
949 2133 1353 2234 praepositis,
1403 2143 1475 2202 ut
1520 2133 1694 2200 omni

120 2216 371 2315 strepitu
418 2229 486 2285 et
532 2218 736 2288 forma
785 2218 1006 2289 iudicii
1051 2223 1316 2291 sublatis
1361 2234 1552 2310 atque
1596 2242 1692 2289 se·

122 2304 363 2389 positis,
433 2306 863 2394 dignarentur
930 2310 1180 2398 eligere
1248 2323 1314 2378 et
1380 2313 1693 2400 deputare

66 2440 88 2465 .
123 2391 344 2459 ludices
407 2398 1012 2483 compromissarios
1069 2420 1183 2468 seu
1248 2401 1564 2483 Arbitros,
1611 2400 1689 2467 ad

126 2485 571 2551 controversias
651 2487 908 2555 easdem
991 2487 1309 2557 librandas
1384 2488 1697 2557 definien-

124 2565 372 2655 dasque,
421 2573 571 2640 dato
639 2574 834 2641 etiam
895 2578 1264 2645 authentico
1320 2578 1691 2645 testimonio

124 2656 188 2722 ab
225 2659 509 2728 omnibus
554 2662 813 2751 propria
860 2683 1052 2731 manu
1097 2666 1509 2755 subsignat03
1561 2685 1689 2751 quo

125 2743 461 2844 declaratur
506 2761 762 2838 paratos
804 2771 971 2837 esse,
1018 2753 1156 2820 sine
1220 2757 1350 2823 ulla
1409 2757 1688 2845 appella-

127 2842 301 2933 tione,
345 2839 653 2925 amplecti
689 2850 754 2905 et
787 2842 1124 2909 observare
1160 2844 1566 2912 Arbitrorum
1598 2846 1693 2912 iu-

126 2921 337 2992 dicium
383 2936 448 2993 et
494 2928 905 2996 sententiam.
956 2934 1106 2998 Rata
1155 2943 1252 2999 est
1298 2937 1479 3003 Sacra
1526 2938 1689 3002 con·

126 3014 383 3110 gregatio
430 3036 571 3084 rem
619 3036 880 3085 omnem
927 3020 1329 3089 committere
1391 3025 1690 3091 Eminen-

127 3100 334 3196 tissimo
375 3105 688 3172 cardinali
719 3106 1070 3193 Praefecto,
1104 3109 1239 3195 qui,
1272 3111 1525 3179 arbitris
1556 3113 1688 3180 ele·

127 3195 224 3249 cus
245 3192 686 3288 etnominatis,
711 3194 956 3264 eisdem
981 3195 1312 3266 facultates
1337 3218 1557 3268 omnes
1581 3220 1688 3268 ne·

125 3288 478 3379 cessariaset
503 3290 898 3370 opportunas
922 3284 998 3352 ad
1025 3305 1167 3354 rem
1193 3287 1581 3376 impertiret.
1608 3292 1689 3355 Et

129 3361 651 3458 Eminentissimus
681 3391 750 3438 ac
776 3374 1368 3444 Reverendissimus
1392 3377 1688 3445 cardina-

125 3445 189 3547 ¹¹⁸.
216 3454 460 3522 carolus
491 3458 679 3525 Maria
712 3459 997 3528 Pedicini
1037 3463 1388 3551 Episcopus
1419 3469 1687 3533 Praene-

125 3546 323 3625 stinus,
354 3562 471 3613 ceu
507 3549 847 3615 Sacrorum
889 3549 1151 3616 Rituum
1196 3554 1684 3641 congregationi

126 3624 679 3731 Praefecotus,bisce
703 3636 1105 3705 facultatibus
1135 3642 1405 3726 utendo,
1430 3640 1549 3708 sub
1579 3642 1686 3710 die

132 3713 193 3812 ¹}
225 3716 444 3815 §pulis
487 3724 809 3792 vertentis
854 3727 1000 3793 anni
1046 3728 1248 3814 elegit
1294 3739 1360 3795 et
1405 3730 1685 3797 nomina·

126 3811 204 3864 vit
230 3824 289 3872 in
315 3809 566 3879 ludices
594 3813 1187 3900 compromissarios
1233 3821 1361 3885 RB.
1398 3821 1524 3884 DD.
1559 3820 1685 3887 An-

128 3885 339 3997 dream·
361 3900 616 3968 Mariam
647 3903 910 3969 Frattini
944 3903 1237 3972 eiusdem
1269 3909 1494 3975 Sacrae
1525 3910 1686 3974 con·

128 3988 482 4078 gregationis
551 3994 950 4057 Assessorem
1008 4003 1074 4059 et
1130 3994 1439 4061 Aloisium
1487 3998 1681 4063 cano-

127 4082 318 4137 mcum
368 4078 743 4145 Tomassetti
802 4081 1409 4150 Sub-Secretarium
1460 4086 1683 4151 Sacrae

129 4154 622 4250 congregationis
666 4166 930 4234 concilii
982 4168 1316 4255 utriusque
1362 4172 1519 4237 luris
1564 4176 1683 4238 Do-

129 4252 333 4332 ctores,
365 4270 513 4321 cum
559 4253 852 4321 omnibus
887 4256 1288 4325 facultatibus
1322 4259 1687 4327 necessariis

130 4336 185 4391 et
219 4342 584 4423 opportunis
614 4344 690 4411 ad
722 4344 1182 4412 controversias
1213 4348 1684 4434 componendas

130 4413 671 4526 definiendasque;
722 4431 838 4498 bac
881 4441 1097 4500 tamen
1128 4434 1369 4503 adiecta
1401 4437 1576 4525 lege,
1611 4446 1683 4503 ut

132 4520 184 4601 ¹1!
209 4516 485 4611 Omnibus
525 4519 997 4609 procederetur
1024 4521 1163 4589 sine
1194 4523 1394 4590 forma
1429 4535 1493 4591 et
1522 4532 1682 4591 stre-

132 4601 249 4676 Pstu
288 4603 537 4673 iudicii:
587 4606 854 4696 insuper
897 4620 967 4676 ut
1012 4612 1428 4700 allegationes
1461 4631 1683 4680 omnes

130 4694 234 4745 una
285 4707 425 4788 cum
481 4700 801 4764 sententia
857 4698 1153 4766 ludicum
1212 4711 1275 4767 et
1334 4701 1543 4767 omnia
1601 4700 1678 4767 ad

134 4781 534 4870 quaestionem
562 4785 1049 4871 quomodolibet
1095 4791 1442 4875 spectantia
1472 4797 1540 4856 et
1571 4808 1682 4856 ex·

133 4849 296 4926 hibita
360 4872 761 4942 referrentur
821 4874 888 4941 in
944 4876 1119 4942 Actis
1184 4880 1521 4945 Sacrorum
1579 4877 1681 4944 Ri-

136 4947 290 5014 tuum
330 4956 894 5049 Congregationis;
952 4963 1234 5052 denique
1282 4975 1354 5032 ut
1398 4964 1562 5032 nulli
1610 4964 1683 5031 li-

133 5043 251 5099 ceat
289 5042 420 5114 ullo
461 5067 762 5137 umquam
809 5061 1106 5138 tempore
1152 5052 1229 5119 ab
1278 5054 1683 5120 Arbitrorum

134 5131 412 5201 sententia
441 5154 699 5225 quoquo
739 5139 931 5207 modo
963 5141 1462 5231 appellationem
1494 5160 1685 5227 quae-

135 5220 279 5278 rere.
337 5223 528 5292 Huius
583 5228 796 5314 itaque
849 5249 1074 5297 causae
1132 5229 1349 5297 arbitri
1405 5230 1680 5313 ludices,

1812 712 1826 725 ·
1947 630 2010 692 1.
2057 629 2182 780 Αἲιι,
2233 636 2299 693 et
2344 626 2446 693 cui
2492 637 2814 716 competat
2859 627 3134 696 elevatio
3178 629 3398 697 crucis

1809 732 1875 780 1n
1924 735 2070 782 casu

1941 807 2013 959 2}
2061 803 2182 886 An,
2230 812 2296 870 et
2345 804 2449 871 cui
2495 814 2816 893 competat
2845 805 3298 893 praecedentia
3328 805 3397 872 in

1809 909 1957 958 casu

1937 979 2154 1047 Dubiis
2200 982 2638 1064 concordatis,
2686 982 2937 1051 ludices
2983 981 3103 1071 ipsi
3150 981 3395 1068 pluries

1802 1067 2081 1154 partium
2129 1074 2573 1136 Procuratores
2622 1070 2990 1155 audierunt,
3040 1081 3106 1139 et
3150 1081 3394 1138 attente

1802 1175 1871 1222 ac
1903 1156 2255 1243 diligenter
2288 1159 2699 1226 consideratis
2730 1160 3215 1260 allegationibus
3246 1159 3394 1227 hinc

1801 1243 1950 1311 inde
1997 1245 2381 1327 distributis,
2412 1247 2580 1314 .visis
2626 1247 2945 1334 videndis,
2980 1247 3396 1316 consideratis

1802 1333 2282 1402 considerandis
2315 1344 2381 1402 et
2410 1336 2677 1403 servatis
2722 1337 2785 1403 in
2817 1337 2993 1404 hisce
3028 1334 3278 1403 iudiciis
3309 1337 3391 1404 de

1802 1421 1940 1489 iure
1987 1424 2345 1507 servandis,
2396 1425 2722 1512 propriam
2784 1425 2849 1491 in
2903 1424 3155 1511 scriptis
3213 1435 3277 1491 et
3327 1424 3390 1491 in

1800 1511 1970 1577 bunc
2017 1512 2282 1580 modum
2331 1513 2544 1579 tulere
2590 1512 3000 1598 sententiam,
3045 1513 3385 1580 videlicetz

1930 1600 2147 1679 Quoad
2198 1601 2480 1690 primum
2526 1601 2846 1669 dubiumz
2912 1623 2950 1668 c
2984 1601 3206 1670 crucis
3258 1601 3391 1668 ele-

1801 1687 2118 1761 vationem
2152 1700 2525 1777 competere
2564 1690 2884 1758 Ecclesiae
2962 1690 3257 1758 arocbiali
3292 1700 3388 1758 tu-

1799 1777 2105 1858 mulanti;
2154 1795 2391 1863 nempe
2439 1778 2490 1844 si
2538 1778 2842 1847 cadavera
2940 1779 3268 1847 eferantur
3311 1778 3387 1845 ad

1799 1865 2154 1933 Ecclesiam
2200 1866 2615 1951 collegiatam
2662 1870 2922 1935 Sanctae
2969 1866 3193 1935 Mariae
3222 1870 3389 1953 Mag-

1795 1953 2087 2037 dalenae,
2124 1955 2311 2022 huius
2355 1955 2679 2023 Ecclesiae
2725 1958 2897 2023 crux
2943 1967 3041 2023 est
3081 1957 3388 2023 elevanda

1797 2042 1989 2107 etiam
2034 2044 2085 2108 si
2131 2043 2473 2111 defunctus
2518 2045 2593 2110 ad
2643 2043 2852 2110 Sancti
2899 2044 3112 2111 Hilarii
3165 2048 3387 2112 Paroe-

1795 2130 1954 2197 ciam
1989 2132 2382 2218 pertineret;
2430 2144 2495 2198 et
2526 2131 2798 2198 vicissim
2846 2131 3064 2198 crucis
3111 2132 3387 2199 elevatio

1793 2221 2109 2306 competit
2152 2219 2483 2288 Paroeciae
2531 2220 2737 2287 Sancti
2782 2220 3025 2303 Hilarii,
3057 2221 3110 2286 si
3154 2220 3386 2288 defun-

1795 2317 1934 2375 ctus
1979 2309 2046 2374 in
2090 2308 2207 2375 hac
2254 2309 2541 2377 Ecclesia
2578 2309 2659 2374 sit
2691 2309 3128 2394 tumulandus,
3163 2326 3385 2395 quam·

1792 2396 1887 2463 vis
1919 2397 2000 2464 de
2032 2398 2321 2478 Paroecia
2351 2395 2738 2485 collegiatae
2771 2408 2978 2483 esset;
3029 2415 3231 2482 quum
3264 2396 3383 2463 sub

1794 2504 1913 2553 una
1948 2487 2388 2555 tantummodo
2420 2489 2623 2554 cruce
2655 2485 2978 2552 Ecclesiae
3010 2483 3385 2552 tumulantis

1789 2573 1855 2640 in
1904 2573 2234 2641 funeribus
2281 2595 2416 2641 esse
2457 2572 2945 2660 procedendum
2990 2572 3237 2661 pluries
3268 2573 3383 2640 de·

1790 2663 2067 2729 creverit
2127 2666 2310 2730 Sacra
2362 2662 2624 2731 Rituum
2681 2663 3144 2750 congregatio,
3200 2680 3382 2750 prae-

1787 2751 2010 2817 sertim
2057 2750 2122 2817 in
2168 2751 2585 2841 responsione
2640 2751 2718 2818 ad
2768 2749 3039 2817 dubium
3099 2750 3381 2851 primum

1791 2839 1858 2907 in
1899 2845 2143 2908 Lucen.
2202 2844 2280 2906 16
2334 2839 2469 2906 Maii
2529 2843 2729 2922 1694,
2780 2849 2846 2904 et
2895 2837 3166 2927 (omissis
3218 2838 3377 2921 aliis)

1788 2927 2132 2997 novissime
2171 2927 2235 2996 in
2281 2928 2560 2995 Alatrina
2606 2932 2646 2995 6
2694 2926 2829 2995 Maii
2885 2932 3052 2996 1826
3086 2948 3149 2996 v.

1918 3020 2053 3096 Quo
2085 3037 2240 3084 vero
2271 3018 2350 3085 ad
2380 3017 2740 3084 secundum
2772 3015 3081 3083 dubium:
3132 3038 3171 3081 ι
3196 3018 3383 3083 com·

1788 3116 2018 3195 petere
2087 3106 2366 3173 Parocbo
2436 3104 2769 3188 defuncti,
2834 3104 3190 3171 dummodo
3252 3123 3381 3171 non

1788 3195 2039 3263 deferat
2086 3193 2482 3262 canonicalia
2532 3192 2797 3281 insignia
2835 3193 2885 3259 si
2919 3191 3116 3258 suerit
3146 3192 3313 3259 alter
3344 3211 3380 3258 e

1789 3282 2121 3351 Canonicis
2159 3280 2571 3368 collegiatae,
2607 3281 2799 3347 etiam
2844 3280 2895 3345 si
2944 3280 3044 3345 isti
3078 3278 3378 3368 collegia·

1787 3372 1938 3440 liter
1983 3371 2312 3440 incedant.
2362 3369 2740 3456 Saepissime
2787 3368 2958 3436 enim
2997 3388 3031 3434 a
3061 3370 3246 3435 Sacra
3276 3367 3379 3435 Ri-

1785 3474 1972 3529 tuum
2016 3459 2531 3548 Congregatione
2574 3459 2971 3526 declaratum
3016 3455 3136 3522 fuit
3167 3457 3245 3524 ad
3276 3461 3379 3523 Pa·

1785 3549 2058 3616 rochum
2091 3549 2378 3616 defuncti
2422 3568 2452 3613 s
2506 3557 2719 3614 ectare
2764 3545 2829 3613 in
2874 3544 3210 3613 funeribus
3238 3550 3379 3614 Sto-

1785 3639 1914 3705 lam
1943 3637 2235 3720 deferre,
2268 3656 2428 3722 aqua
2507 3636 2797 3703 enedicta
2828 3633 3133 3701 cadavera
3163 3653 3375 3722 asper-

1782 3745 1941 3815 gere
1987 3733 2331 3810 antequam
2378 3744 2415 3791 e
2460 3723 2657 3791 domo
2705 3726 3075 3805 efferantur,
3111 3732 3176 3789 et
3220 3721 3376 3789 anti-

1783 3816 2066 3903 phonam
2119 3812 2541 3899 praecinere:
2598 3814 3017 3880 Eoeultabunt
3077 3813 3373 3878 Domino.

1783 3909 1983 3972 Immo
2048 3924 2082 3969 a
2143 3904 2330 3970 Sacra
2396 3900 2906 3988 congregatione
2970 3897 3263 3984 concilii,
3312 3899 3375 3966 in

1783 3991 2053 4060 callien.
2113 3993 2373 4058 Iturium
2424 3990 2920 4057 Pan-achinnum
2973 3991 3057 4056 20
3110 3990 3376 4055 Decem-

1785 4079 1914 4147 bris
1943 4084 2138 4164 1828,
2162 4079 2556 4146 declaratum
2583 4076 2700 4144 fuit
2724 4078 2843 4145 boc
2865 4077 2943 4144 ad
2966 4076 3153 4141 illum
3174 4074 3374 4162 perti·

1780 4187 1939 4237 nere
1970 4169 2162 4235 etiam
2195 4167 2260 4234 in
2292 4166 2629 4234 funeribus
2659 4164 3122 4232 Canonicorum
3156 4165 3373 4230 Eccle-

1782 4258 1907 4324 siae
1950 4255 2371 4325 catbedralis.
2422 4252 2868 4321 Praecedentia
2914 4270 3068 4317 vero
3113 4247 3372 4318 Parochi

1781 4364 1967 4432 supra
1998 4345 2366 4433 capitulum
2396 4342 2784 4430 collegiatae
2816 4350 3046 4407 statuta
3075 4337 3196 4437 fuit
3215 4359 3250 4404 a
3273 4342 3374 4407 Sa·

1784 4452 1889 4498 cra
1931 4433 2193 4500 Rituum
2240 4432 2748 4519 congregatione
2792 4427 2860 4497 in
2904 4431 3239 4495 Faventrna
3291 4430 3372 4494 16

1784 4521 2183 4610 Septembris
2225 4524 2420 4604 1668,
2462 4531 2525 4587 et
2569 4519 2742 4586 alibi.
2792 4513 3171 4584 Praesertim
3216 4534 3371 4582 vero

1787 4609 1848 4675 in
1882 4628 2031 4675 casu
2061 4608 2337 4677 definire
2369 4609 2489 4675 hoc
2520 4605 2909 4688 censuimus,
2937 4620 3137 4690 quum
3169 4603 3373 4670 colle·

1782 4696 1948 4784 giata
1973 4700 2235 4765 Sanctae
2260 4696 2487 4764 Mariae
2511 4695 2916 4784 magdalenae
2942 4702 3153 4760 erecta
3178 4691 3371 4758 fuerit

1785 4807 1818 4852 a
1847 4807 1902 4851 s.
1939 4804 2030 4852 m.
2065 4784 2315 4853 Urbano
2348 4789 2479 4853 Vm
2525 4784 2765 4871 absque
2810 4783 2946 4850 ullo
2977 4778 3371 4868 praeiudicio

1783 4874 2047 4941 alterius
2078 4874 2445 4959 Paroeciae;
2495 4892 2659 4959 quae
2698 4890 2901 4958 quum
2935 4869 3059 4937 iam
3092 4878 3367 4952 extaret,

1786 4961 1914 5031 dici
1959 4961 2185 5047 nequit
2243 4961 2628 5048 collegiatae
2686 4960 2919 5028 filialis.
2968 4955 3151 5038 Quod
3193 4954 3247 5022 si
3292 4955 3370 5022 ad

1783 5048 2318 5120 consuetudinem
2386 5059 2798 5116 convertatur
2863 5067 3077 5115 sermo
3104 5094 3122 5130 ,
3184 5063 3369 5113 num-

1782 5157 1977 5226 quam
2022 5135 2320 5204 Canonici
2366 5134 2431 5201 in
2476 5135 2807 5203 funeribus
2837 5136 3187 5203 Parocbum
3219 5135 3369 5200 San-

1785 5227 1871 5296 cti
1917 5226 2136 5294 Hilarii
2182 5233 2691 5312 praecesserunt.
2743 5222 2809 5291 Si
2852 5242 3010 5290 vero
3056 5222 3369 5289 Parochus

137 5300 372 5389 ιιῑιιὸ(1116
413 5324 594 5400 parte
645 5318 1125 5401 consentiente,
1174 5329 1245 5387 ut
1292 5317 1502 5385 omnia
1562 5318 1684 5386 rite
1786 5317 1908 5383 iste
1940 5313 2137 5382 fuerit
2170 5313 2545 5396 canonicus,
2580 5322 2647 5378 et
2677 5309 3059 5378 canonicalia
3104 5308 3370 5395 insignia

136 5394 196 5445 ⁸0
242 5386 507 5481 legitime
565 5406 1034 5494 procederent,
1096 5406 1429 5493 sequentia
1487 5405 1680 5474 dubia
1785 5403 2049 5472 deferre
2096 5402 2333 5492 cupiat,
2381 5412 2534 5469 tunc
2577 5398 2912 5490 proprium
2957 5395 3174 5466 locum
3201 5395 3370 5463 inter

318 5536 522 5593 Donet·
545 5543 859 5594 authentica
885 5547 937 5592 s.
964 5546 1025 5591 R.
1054 5547 1106 5591 c.
1136 5568 1184 5578 -
1214 5544 1325 5590 vol.
1351 5547 1411 5590 11.
3000 5537 3055 5584 16
