4042 5950
2047 256 2518 336 ...236—

782 415 889 479 47.
937 412 1197 495 Quando
1239 413 1586 481 celebrans
1640 414 2019 501 genuflectit
2078 423 2226 482 aute

654 501 865 568 Altare
911 501 1297 572 sanctissimi
1338 502 1747 587 Sacramenti,
1784 513 1912 570 tam
1960 503 2233 591 expositi

647 607 836 673 quam
882 590 947 657 in
1006 590 1436 659 Tabernaculo
1491 590 1848 671 reconditi,
1899 591 2099 659 debet
2144 610 2226 658 ne

647 677 1086 762 genuflectere
1133 679 1199 744 in
1230 680 1421 765 plano
1451 678 1876 767 presbyterii,
1927 698 2006 746 an
2038 680 2103 745 in
2137 679 2228 745 in-

649 767 800 835 fimo
846 767 1051 852 gradu
1095 765 1374 833 Altaris‘?

780 858 889 924 48.
937 857 1142 935 Quum
1187 855 1530 923 Celebrans
1571 874 1783 923 coram
1823 856 2226 923 Sanctissimo

645 946 1052 1012 Sacramento
1101 945 1395 1032 exposito
1449 943 1679 1012 debeat
1738 944 2107 1012 thurificare
2162 954 2227 1009 et

645 1033 860 1098 lavare
908 1050 1130 1099 manus
1179 1042 1358 1100 extra
1405 1032 1651 1118 Altare;
1701 1033 1898 1100 debet
1945 1051 2028 1099 ne
2059 1043 2226 1099 stare

644 1121 722 1273 iffi
757 1120 946 1275 planp
993 1120 1405 1209 Presbyterii,
1455 1141 1533 1189 an
1581 1120 1647 1189 in
1691 1139 1994 1208 supremo
2026 1120 2228 1208 gradu

732 1209 881 1274 taris

785 1300 890 1365 49.
942 1298 1348 1380 Genuflexio,
1399 1317 1565 1383 quae
1609 1297 1680 1365 fit
1713 1315 1925 1364 coram
1957 1296 2225 1364 Sanctis-

642 1382 802 1450 simo
824 1388 1229 1452 Sacramento
1256 1385 1573 1473 exposito,
1591 1396 1721 1452 tam
1743 1385 1807 1452 in
1833 1384 2009 1452 Missa
2035 1404 2223 1471 quam

644 1472 712 1539 in
739 1474 1033 1541 Oratione
1065 1474 1487 1560 Quadraginta
1522 1477 1834 1541 Horarum
1865 1475 2228 1558 ceterisque

646 1560 1115 1647 functionibus,
1161 1564 1559 1648 quandonam
1611 1562 1747 1629 fieri
1795 1562 1994 1629 debet
2041 1560 2227 1630 unico

647 1667 819 1736 genu
864 1659 929 1716 et
960 1651 1213 1736 quando
1261 1661 1563 1736 utroque,
1599 1663 1734 1717 tum
1783 1672 1815 1716 a
1848 1648 2229 1717 celebrante

646 1749 784 1803 tum
828 1759 868 1837 a
905 1737 1229 1892 Εῗίίιιίειτίε,
1263 1740 1368 1805 vel
1413 1738 1490 1804 ab
1533 1739 1653 1806 alio
1698 1740 1807 1825 qui
1857 1738 2124 1826 exponit
2163 1747 2227 1803 et

647 1836 904 1910 reponit

734 1917 844 1980 50.
892 1918 1187 1981 Potestne
1233 1915 1589 1983 continuari
1623 1935 1774 1983 usus
1805 1915 2061 1983 illarum
2109 1917 2226 1980 Ec-

644 2001 1012 2084 clesiarum,
1060 2022 1223 2089 quae
1272 2024 1390 2092 pro
1422 2005 1642 2071 colore
1671 2003 1839 2088 albo,
1874 2005 2101 2085 rubeo,
2134 2006 2227 2067 vi-

646 2089 769 2157 ridi
793 2101 858 2156 et
889 2090 1175 2159 violaceo
1193 2103 1477 2160 .utuntur
1507 2093 1919 2180 paramentiS,
1946 2091 2052 2157 vel
2083 2090 2226 2158 ssavi

644 2179 873 2245 coloris
919 2180 1024 2246 vel
1073 2181 1289 2248 mixtis
1350 2180 1585 2249 diversi
1633 2181 1865 2248 coloris
1924 2175 2229 2247 floribus?

643 2269 1020 2352 praesertim
1067 2269 1120 2335 si
1166 2271 1414 2336 colores
1460 2290 1492 2334 a
1537 2269 1807 2337 Rubrica
1853 2265 2229 2355 praescripti

643 2354 707 2421 in
754 2355 1015 2424 floribus
1061 2358 1492 2446 reperiantur.
1542 2363 1609 2424 ln
1654 2355 1922 2424 Rubi-ica
1970 2354 2230 2423 missalis

641 2445 934 2511 Fratrum
981 2446 1231 2512 Ordinis
1276 2446 1790 2513 Praedicatorum
1813 2463 1993 2511 num.
2032 2448 2096 2510 6.
2135 2443 2226 2509 le-

642 2529 853 2618 gitur:
909 2536 979 2597 ln
1027 2534 1242 2600 dicbus
1287 2553 1431 2599 vcro
1477 2534 1615 2600 iuis
1661 2534 2046 2599 solemnibus
2055 2577 2221 2598 ......

642 2623 750 2685 uti
787 2639 1122 2704 possumus
1145 2623 1636 2706 pretiosioribus
1660 2625 2067 2705 paramentis
2114 2639 2226 2686 cu-

644 2709 1024 2811 iuscumque
1067 2714 1204 2777 siut
1252 2711 1502 2791 coloris,
1537 2711 1871 2777 dummodo
1919 2729 2047 2775 non
2091 2711 2228 2774 sint

646 2814 848 2879 myri.

776 2889 886 2952 51.
935 2888 1094 2954 Sunt
1141 2886 1329 2953 multi
1376 2887 1604 2974 Hymni
1651 2887 1760 2974 qui
1808 2886 2046 2954 babent
2076 2903 2225 2951 con·

644 2970 998 3043 elusionem
1047 2976 1396 3065 propriam.
1445 2977 1781 3044 Conclusio
1826 2976 1939 3042 ista
1970 2994 2105 3040 sem
2158 2993 2229 3041 er

643 3080 728 3127 ne
771 3063 1130 3133 adhibenda
1179 3077 1277 3133 est
1323 3065 1512 3132 etiam
1559 3065 1625 3132 in
1654 3062 2095 3153 completorio

775 3156 886 3219 52.
936 3156 1154 3221 Stante
1201 3156 1453 3241 antiqua
1485 3152 1978 3236 consuetudine,
2015 3159 2227 3238 potest

643 3255 725 3304 ne
772 3241 1059 3328 permitti
1093 3254 1165 3310 ut
1196 3247 1410 3313 Statua
1441 3241 1716 3330 Virginis
1747 3244 2054 3309 Dolorum
2084 3257 2226 3326 pos-

644 3325 723 3393 sit
769 3330 1002 3416 exponi
1049 3332 1111 3398 in
1159 3333 1357 3400 Altari
1414 3331 1590 3397 Feria
1642 3334 1714 3398 Vl
1759 3340 1901 3417 post
1946 3326 2223 3395 Domini·

644 3435 779 3482 cam
824 3419 1151 3503 Passionis,
1188 3432 1252 3487 et
1296 3419 1539 3489 deferri
1588 3437 1735 3485 cum
1765 3417 2013 3487 Christo
2059 3434 2226 3482 mor·

645 3513 756 3570 tuo
812 3503 881 3570 in
939 3508 1382 3593 Processione,
1454 3526 1617 3595 quae
1683 3505 1823 3573 fleri
1882 3505 2049 3572 solet
2109 3508 2222 3571 Fe-

645 3590 736 3655 ria
780 3595 858 3658 Vl
906 3594 968 3659 in
1016 3595 1408 3663 Parasceve‘?
1619 3661 1626 3669 .

778 3683 884 3745 53.
945 3684 1115 3748 crux
1173 3703 1334 3769 quae
1395 3684 1569 3751 Feria
1625 3686 1704 3750 Vl
1764 3683 1828 3749 in
1889 3686 2223 3748 Parasceve

646 3777 742 3832 est
788 3767 1149 3856 detegenda
1196 3783 1263 3838 et
1306 3773 1655 3858 adoranda,
1705 3770 1900 3839 debet
1947 3789 2030 3836 ne
2084 3786 2223 3834 esse

645 3853 892 3940 lignea;
949 3875 1027 3923 an
1074 3869 1282 3947 potest
1342 3878 1479 3927 esse
1536 3861 1727 3927 etiam
1788 3861 1872 3926 de
1937 3856 2219 3941 metallo,

644 3945 1020 4030 praesertim
1075 3948 1126 4013 si
1185 3947 1249 4014 in
1319 3968 1391 4014 ea
1451 3948 1695 4035 lignum
1760 3966 1946 4014 verae
2006 3944 2223 4012 crucis

643 4031 1057 4101 includatur?

776 4124 884 4189 54.
937 4127 1004 4190 ln
1049 4125 1279 4192 ultimo
1326 4125 1579 4210 maioris
1627 4123 2071 4192 Hebdomadae
2112 4120 2222 4186 tri-

643 4210 775 4276 duo
807 4216 1190 4282 removenda
1223 4234 1305 4281 ne
1338 4224 1434 4282 est
1464 4235 1498 4280 a
1530 4212 1690 4280 vasis
1717 4210 2036 4279 Ecclesiae
2067 4228 2221 4294 aqua

644 4297 1029 4368 benedicta?

775 4392 855 4454 Et
900 4392 1083 4457 Sacra
1132 4390 1385 4458 Rituum
1432 4388 1880 4476 congregatio,
1929 4388 2006 4455 ad
2056 4386 2223 4454 Vati·

644 4494 872 4543 canum
895 4479 1013 4545 sub
1037 4479 1426 4567 infrascripta
1449 4479 1558 4547 die
1582 4478 1646 4544 in
1669 4477 1996 4544 Ordinatio
2020 4479 2219 4544 coetu

644 4565 1014 4650 coadunata,
1061 4569 1138 4635 ad
1187 4568 1564 4635 relationem
1595 4568 1736 4633 Emi
1770 4576 1836 4632 et
1864 4565 2004 4632 Rmi
2037 4568 2217 4630 Dom.

643 4654 989 4723 Cardinalis
1040 4655 1208 4722 Petri
1253 4656 1562 4723 Francisci
1610 4654 1847 4722 Galleffi
1896 4651 2219 4735 PonentiS,

645 4742 955 4829 exquisita
1027 4745 1205 4832 prius
1264 4746 1525 4812 alterius
1578 4764 1657 4813 ex
1714 4741 2219 4830 Apostolicarum

643 4832 1199 4900 Caeremoniarum
1246 4833 1551 4921 Magistris
1611 4832 1924 4900 sententia
1969 4830 2221 4916 scriptis

643 4919 891 4987 reddita
935 4921 1288 5008 praeloque
1335 4942 1507 5005 cusa,
1544 4932 1609 4989 et
1639 4921 1928 4989 omnibus
1975 4931 2221 4986 mature

643 5006 882 5106 libratis
913 5028 982 5074 ac
1018 5010 1138 5076 rite
1169 5010 1528 5099 perpensis,
1561 5011 2045 5078 rescribendum
2074 5026 2220 5073 cen-

621 5105 805 5162 .sutt:
1225 5155 1230 5160 .

777 5185 873 5252 Ad
940 5187 999 5249 1.
1058 5204 1096 5249 4
1128 5184 1552 5268 Affirmative,
1616 5186 1693 5252 ad
1755 5187 2023 5271 primam
2083 5203 2219 5272 par-

648 5284 815 5359 tem;
867 5282 932 5338 et
979 5269 1166 5338 etiam
1213 5272 1289 5339 ad
1319 5273 1688 5355 secundam,
1721 5272 1835 5338 sed
1868 5290 2054 5339 mane
2086 5283 2216 5338 tan-

648 5375 787 5430 tum
818 5381 879 5428 r.

2458 414 2553 482 Ad
2600 418 2663 481 2.
2724 433 2762 479 c
2806 417 3060 496 Potest,
3110 411 3283 479 iuxta
3333 427 3586 479 morem
3637 425 3871 497 genera·

2334 503 2466 570 lem
2498 523 2561 569 ν.

2458 591 2553 658 Ad
2601 595 2663 657 3.
2714 613 2751 653 ι
2783 589 3067 657 Proferat
3118 588 3505 678 Episcopus„
3558 585 3722 652 iuxta
3762 602 3869 651 nto-

2334 697 2469 745 rem
2504 700 2568 745 ν.

2458 767 2556 834 Ad
2603 770 2664 833 4.
2719 790 2755 831 ‹
2786 767 2877 831 Aa
2906 766 3319 845 locare-stra,
3357 764 3465 832 vel
3497 761 3792 828 similibus
3817 785 3868 826 ι.

2459 856 2554 922 Ad
2604 860 2665 921 5.
2719 877 2755 918 ‹
2801 857 2942 921 Non
2988 863 3084 920 est
3114 853 3331 921 stricte
3373 851 3789 920 necessarium
3817 873 3868 914 ν.

2457 944 2553 1010 Ad
2603 947 2669 1011 6.
2718 963 2756 1008 4
2788 946 2962 1009 quta
3009 941 3571 1021 cousuetudinem,
3620 940 3695 1005 ab
3733 938 3872 1005 Ordi-

2331 1031 2540 1099 nando
2566 1055 2629 1098 ».

2460 1119 2554 1186 Ad
2607 1124 2673 1187 7.
2720 1142 2759 1185 ‹
2790 1117 3180 1185 Affirmative
3211 1139 3275 1184 ν.

2457 1209 2553 1275 Ad
2602 1212 2664 1277 8.
2717 1230 2753 1271 ‹
2787 1212 2857 1273 ln
2899 1206 3307 1275 ordinatione
3352 1205 3605 1293 privata
3648 1214 3870 1293 possunt
3972 1214 3973 1217 ’

2327 1296 2587 1363 accendi
2635 1306 2907 1382 quatuor
2957 1295 3158 1378 cerei,
3206 1305 3277 1361 ut
3322 1294 3389 1361 in
3434 1292 3739 1371 Rubrica3
3780 1293 3869 1358 sed
3972 1306 3973 1311 ’

2326 1383 2392 1451 in
2438 1383 2721 1451 Ecclesia
2767 1395 2831 1451 et
2874 1383 3128 1469 publica
3172 1382 3589 1451 ordinatione
3630 1391 3867 1469 septem,

2327 1483 2399 1538 ut
2446 1473 2508 1539 in
2555 1473 2737 1540 Missa
2782 1471 3129 1538 Pontificali
3165 1494 3227 1537 ».

2438 1562 2555 1639 ,Ad
2606 1564 2672 1629 9.
2722 1583 2761 1626 ‹
2792 1563 3056 1645 Legant,
3083 1561 3242 1626 dum
3276 1556 3684 1661 Episcopus}
3765 1557 3804 1623 it
3823 1579 3875 1621 ν.

2459 1651 2554 1717 Ad
2607 1653 2710 1716 10.
2759 1670 2798 1713 ‹
2828 1651 2972 1714 Post
3016 1652 3558 1715 communionem
3588 1650 3730 1713 Pres
3766 1657 3877 1731 yte-
3971 1684 3973 1715 ι

2333 1757 2549 1805 rorum
2580 1760 2643 1804 ν.
2764 1790 2771 1797 .

2459 1826 2554 1892 Ad
2609 1831 2711 1893 11.
2764 1847 2800 1889 α
2834 1823 2982 1892 Sine
3027 1835 3217 1891 cantu
3260 1826 3540 1912 legenda
3576 1845 3640 1891 ν.

2460 1915 2556 1982 Ad
2607 1918 2711 1981 12.
2762 1936 2801 1979 ‹
2834 1916 2966 1980 Una
2998 1932 3146 1980 cum
3191 1912 3515 2001 Episcopo
3550 1934 3616 1978 ιν.
3972 1998 3973 2001 ¹

2459 2003 2555 2070 Ad
2608 2007 2711 2070 13.
2761 2023 2799 2068 «
2832 2001 2990 2068 Satis
3049 2012 3145 2067 est
3203 2011 3274 2067 ut
3335 2002 3508 2070 dicat
3567 2015 3880 2068 numerum
3972 2058 3973 2081 ξ

2329 2090 2587 2157 dierum
2615 2112 2677 2157 ν.

2457 2180 2551 2246 Ad
2606 2183 2712 2246 14.
2760 2201 2799 2244 ‹
2830 2178 2926 2244 Ad
2970 2177 3414 2257 Quaestionem
3451 2182 3525 2245 1:
3578 2179 3631 2244 N
3750 2176 3879 2251 tive,
3972 2174 3973 2269 i

2326 2267 2441 2335 sed
2502 2267 2689 2334 stabit
2747 2278 2895 2334 ante
2950 2267 3219 2351 gradum
3280 2266 3474 2350 Solii,
3543 2268 3685 2333 cele
3730 2273 3882 2331 rante
3972 2286 3973 2343 3

2328 2354 2686 2442 Episcop03
2735 2365 2880 2423 ante
2939 2355 3209 2440 gradum
3256 2353 3525 2439 Altaris,
3578 2354 3882 2421 assistente
3972 2372 3973 2451 ᾗ

2331 2454 2571 2510 tantum
2618 2444 2960 2532 Episcopo.
3019 2443 3117 2511 Ad
3147 2443 3600 2521 Quaestionem
3647 2447 3726 2509 2:
3782 2442 3885 2507 Nc-
3972 2490 3973 2503 ,

2329 2532 2564 2618 gative,
2614 2531 2864 2618 quando
2912 2532 2976 2596 in
3020 2529 3147 2598 fine
3195 2531 3627 2617 impertienda
3673 2540 3886 2616 estpo-
3972 2554 3973 2557 ¹

2330 2621 2484 2708 pulo
2515 2620 2755 2707 Papalis
2790 2618 3178 2686 benedictio.
3225 2620 3321 2687 Ad
3352 2618 3799 2698 Quaestionem
3825 2618 3877 2681 3:

2329 2713 2506 2774 quta
2565 2706 3081 2793 caeremoniale,
3140 2707 3346 2795 capite
3403 2716 3741 2794 cooperto.
3807 2701 3886 2768 Ad
3972 2704 3973 2745 ¹

2327 2796 2773 2874 Quaestionem
2819 2800 2896 2862 4:
2951 2795 3101 2863 Sine
3147 2795 3353 2863 bireto
3385 2817 3448 2862 ».

2460 2885 2555 2951 Ad
2607 2889 2711 2951 15.
2765 2906 2804 2949 ‹
2837 2884 3173 2974 Presbyter
3225 2884 3521 2951 assistens
3573 2901 3725 2950 cum
3770 2878 3888 2946 aliis

2328 2973 2686 3053 Canonicis;
2736 2973 2986 3041 Diaconi
3035 2993 3190 3040 vero
3234 2973 3600 3041 assistentes
3647 2993 3682 3037 a
3727 2982 3885 3056 tergo

2329 3060 2627 3149 Episcopi
2675 3073 2741 3128 et
2787 3062 3183 3130 celebrantis
3215 3084 3277 3128 ».
3972 3115 3973 3128 ,

2455 3150 2553 3218 Ad
2583 3155 2688 3218 16.
2715 3171 2751 3213 ι
2778 3149 3195 3234 Affirmative,
3221 3151 3300 3217 ad
3325 3150 3604 3236 primam
3628 3158 3882 3237 partem3
3971 3163 3973 3204 1

2330 3237 2650 3326 negative,
2700 3238 2777 3305 ad
2822 3238 3166 3305 secundam
3196 3261 3259 3304 ».

2458 3327 2552 3392 Ad
2607 3332 2712 3393 17.
2760 3346 2798 3391 4
2833 3330 3101 3393 Dextera
3162 3327 3375 3398 vultus
3434 3345 3581 3413 pars
3640 3326 3887 3392 deoscu·
3972 3349 3973 3390 ι

2332 3415 2512 3482 landa
2561 3426 2658 3481 est
2691 3436 2752 3482 ».
3972 3403 3973 3488 Ϊ

2459 3505 2553 3571 Ad
2608 3508 2711 3570 18.
2769 3525 2808 3568 ‹
2839 3504 3204 3571 Memoriam
3255 3504 3478 3571 habeat
3532 3503 3708 3570 illius
3758 3494 3888 3585 Epi·
3972 3539 3973 3602 1

2326 3590 2526 3678 scopi,
2573 3592 2683 3678 qui
2730 3592 3003 3658 decessit
3048 3592 3429 3661 cathedram
3475 3605 3709 3658 tenens
3738 3611 3797 3653 ν.

2456 3680 2552 3746 Ad
2606 3684 2709 3748 19.
2760 3700 2798 3745 «
2830 3682 3031 3747 Debet
3077 3682 3231 3748 dum
3276 3680 3561 3747 ascendit
3591 3679 3671 3746 ad
3706 3676 3883 3742 Thro-

2325 3787 2479 3834 num
2529 3767 2631 3835 vel
2677 3788 2758 3835 ex
2802 3786 2879 3834 eo
2925 3768 3285 3852 descendit,
3336 3779 3476 3856 post
3521 3765 3805 3835 Circulos
3831 3771 3885 3827 et

2327 3855 2853 3943 quotiescumque
2907 3857 3198 3925 Canonici
3251 3855 3679 3942 collegialiter
3727 3852 3883 3918 obse·

2326 3943 2548 4031 quium
2594 3955 2911 4030 praestant
2955 3947 3267 4033 Episcopo
3300 3967 3366 4011 ».

2454 4032 2552 4099 Ad
2583 4034 2692 4100 20.
2729 4033 3354 4117 ‹Hebdomadarius,
3388 4032 3491 4099 vel
3526 4033 3579 4098 is
3611 4032 3715 4099 cui
3746 4045 3883 4097 onus

2327 4118 2489 4187 inest
2558 4120 2801 4186 Missae‘
2841 4122 3328 4206 conventualis,
3378 4120 3553 4187 illam
3618 4118 3883 4188 celebret

2328 4209 2581 4289 lectam,
2616 4219 2762 4275 ante
2784 4213 2889 4280 vel
2915 4221 3060 4298 post
3101 4210 3345 4276 Missam
3376 4208 3805 4276 Pontificalem
3828 4224 3879 4301 ξ.

2454 4298 2550 4364 Ad
2600 4301 2708 4364 21.
2759 4321 2797 4366 c
2829 4300 3211 4369 servandam
3260 4317 3399 4365 esse
3430 4294 3882 4365 immemorabi-

2327 4385 2453 4452 lem
2499 4388 3032 4456 consuetndinem
3064 4410 3130 4452 ».

2455 4476 2551 4542 Ad
2599 4479 2708 4540 22.
2758 4498 2797 4541 ‹
2830 4481 2973 4543 Post
3003 4477 3300 4562 adeptam
3332 4474 3795 4563 possessionem
3825 4492 3877 4534 ›-

2455 4563 2551 4628 Ad
2601 4566 2711 4631 23.
2762 4587 2801 4630 ι
2836 4563 3141 4651 Negative
3174 4584 3242 4630 ».
3446 4591 3451 4596 ·

2460 4651 2553 4717 Ad
2603 4657 2713 4718 24.
2762 4675 2801 4718 ‹
2834 4655 3100 4738 Eadem,
3149 4670 3311 4737 quae
3355 4671 3389 4717 a
3419 4648 3881 4746 cathedralibus

2327 4752 2392 4806 et
2437 4741 2887 4827 Superioribus
2934 4739 3387 4808 Ecclesiasticis
3419 4741 3522 4806 vel
3556 4736 3878 4806 Beneficia-

2328 4829 2404 4895 tis
2451 4847 2666 4896 curam
2710 4831 3060 4897 animarum
3100 4827 3476 4895 habentibus
3509 4820 3877 4895 observanda

2330 4929 2426 4984 est
2460 4937 2524 4983 ».

2453 5006 2550 5072 Ad
2597 5011 2707 5073 25.
2757 5029 2796 5072 ‹
2830 5010 3136 5075 Servetur
3180 5005 3491 5090 cuiusque
3546 5005 3697 5071 Loci
3755 5017 3879 5068 con·

2323 5094 2601 5161 suetudo
2636 5115 2701 5163 ».

2452 5183 2549 5249 Ad
2596 5187 2705 5250 26.
2755 5186 3165 5271 ‹Negative3
3215 5182 3331 5249 sed
3392 5180 3703 5248 Buba-icae
3760 5194 3875 5276 ser·

2325 5272 2564 5423 vtilndae
2624 5272 2830 5356 quoad
2890 5275 3120 5338 Horam
3181 5270 3497 5339 Solemnis
3571 5270 3780 5336 Missae
3822 5280 3875 5330 m

2324 5360 2369 5423 c
2421 5378 2533 5425 oro
2564 5380 2631 5427 ».
