4042 5950
2048 232 2519 311 -332—

643 386 920 455 suetudo
975 386 1207 454 isthaec
1267 385 1550 475 legitima
1607 386 1904 456 firmetur
1949 389 2220 458 auctori-

645 484 798 558 tate,
846 477 1068 542 Sacrae
1129 475 1385 543 Rituum
1440 477 1931 564 congregationi
1986 476 2221 546 humil-

645 564 794 630 lime
840 563 1217 651 supplicavit
1275 583 1393 652 pro
1438 563 1690 632 indulto
1737 566 2218 653 consequendo.

776 656 850 718 Et
894 656 1077 721 Sacra
1122 651 1380 720 Rituum
1426 655 1878 740 congregatio,
1926 655 2003 721 ad
2056 654 2221 722 Vati·

641 760 820 806 canas
866 742 1076 808 Aedes
1117 738 1457 811 ordinariis
1509 741 1572 808 in
1613 743 1899 812 comitiis
1943 742 2220 831 septimo

640 829 787 895 idus
834 828 1197 896 Decembris
1248 846 1411 895 anno
1465 832 1796 919 superiore
1844 830 2218 915 coadunata,

639 917 716 984 ad
749 919 1121 984 relationem
1156 917 1515 1002 secretarii,
1553 918 2036 986 rescribendum
2070 937 2217 987 cen-

637 1006 802 1071 suit:
837 1028 875 1071 c
896 1005 1230 1089 Audiatur,
1257 1007 1427 1074 Sede
1450 1019 1736 1090 vacante,
1760 1006 2126 1074 ordinarius
2151 1030 2214 1074 ».

767 1097 972 1173 Quum
995 1113 1151 1160 vero
1178 1113 1258 1159 ex
1282 1106 1540 1180 accepta
1566 1095 2010 1162 informatione
2038 1116 2219 1162 erua-

641 1193 744 1248 tur
788 1182 871 1248 ita
925 1202 993 1248 se
1038 1201 1139 1248 res
1187 1183 1422 1250 habere
1469 1182 1531 1248 in
1583 1186 1891 1250 recensita
1936 1184 2217 1250 Ecclesia

639 1270 865 1336 eadem
888 1271 1064 1337 Feria
1088 1273 1165 1355 V,
1195 1272 1447 1372 expleta
1480 1270 1601 1338 iam
1630 1270 1897 1338 solemni
1924 1272 2101 1339 Missa
2126 1291 2220 1339 re-

638 1359 970 1446 positoque
1003 1359 1403 1426 Sanctisstmo
1437 1363 1838 1427 Sacrameuto
1871 1361 1933 1427 in
1965 1361 2220 1449 capsula

636 1447 713 1514 ad
745 1446 1065 1533 publicam
1095 1449 1617 1526 venerationem;
1652 1449 2032 1535 allatamque
2065 1468 2215 1515 con-

633 1536 1043 1604 suetudinem
1093 1534 1243 1602 licet
1288 1534 1864 1604 immemorabilem
1924 1536 2220 1605 tradendi

636 1623 929 1711 capsulae
963 1625 1208 1692 clavem
1240 1624 1342 1691 vel
1378 1623 1800 1691 Gubernatori
1830 1625 2216 1711 cuicumque

634 1714 738 1779 vel
788 1712 972 1779 alteri
1025 1711 1238 1797 Laico,
1290 1712 1691 1799 reprobatam
1750 1712 1943 1780 luisse
1990 1736 2025 1780 a
2072 1716 2214 1800 plu·

636 1802 808 1868 ribus
874 1800 1180 1886 Decretis,
1229 1813 1445 1868 contra
1506 1820 1704 1888 quae,
1767 1802 1914 1889 lege
1973 1803 2217 1890 pariter

634 1889 698 1956 in
749 1888 975 1955 iisdem
1032 1890 1177 1973 lata,
1222 1889 1398 1955 nulla
1451 1891 1620 1956 valet
1677 1888 2017 1976 regionum
2067 1911 2217 1959 con-

634 1977 956 2057 suetudo;

768 2065 904 2132 Emi
949 2079 1015 2134 et
1058 2067 1200 2135 Rmi
1243 2070 1454 2133 Patres
1517 2067 1581 2134 in
1639 2066 1834 2133 altera
1879 2070 2214 2136 Sacrorum

632 2154 896 2223 Rituum
951 2154 1456 2243 congregatione
1515 2154 1874 2240 ordinaria,
1923 2156 2000 2223 ad
2049 2156 2218 2225 vati·

633 2263 815 2311 canas
860 2243 1068 2310 Aedes
1116 2243 1353 2332 pariter
1397 2255 1636 2327 coacta,
1683 2242 1870 2311 simili
1906 2243 2217 2311 relatione

632 2349 827 2418 super
871 2331 1161 2399 omnibus
1191 2342 1448 2419 accepta
1480 2351 1513 2397 a
1544 2335 1621 2398 R.
1648 2335 1712 2397 P.
1751 2336 1821 2398 D.
1860 2332 2216 2400 secretario

634 2419 993 2506 ceterisque
1062 2417 1534 2487 considerandis
1601 2430 1849 2486 mature
1922 2420 2216 2488 conside·

632 2507 804 2592 ratis,
851 2506 1334 2576 rescribendum
1382 2507 1735 2575 censuere&
1786 2530 1824 2573 c
1860 2514 2038 2575 iuxta
2067 2508 2216 2574 alias

631 2596 928 2681 decreta,
990 2605 1290 2663 assertam
1350 2614 1477 2662 non
1536 2597 1752 2663 valere
1808 2597 2218 2665 consuetudi-

632 2696 830 2763 nem;
879 2699 945 2750 et
984 2683 1151 2752 Sacri
1201 2682 1494 2771 Sepulcri
1526 2684 1787 2751 Clavem
1838 2684 2214 2752 tradendam

633 2770 959 2839 Sacerdoti
1006 2772 1071 2839 in
1118 2775 1459 2838 crastinum
1508 2771 1908 2840 celebraturo
1942 2796 2003 2839 ».

762 2862 972 2945 Atque
1021 2861 1103 2927 ita
1143 2860 1610 2947 rescripserunt
1641 2880 1711 2926 ac
1743 2860 1807 2926 in
1837 2862 2062 2929 eadem
2100 2867 2216 2928 Ec-

634 2947 785 3015 lesia
814 2949 1051 3016 servari
1090 2948 1490 3017 mandarunt.
1545 2949 1656 3016 Die
1697 2952 1772 3017 14
1806 2949 1960 3018 lunii
2017 2952 2212 3018 ¹845.

631 3091 896 3162 2905.
1115 3157 1124 3170 ,
1233 3092 1603 3159 usurum.
1984 3093 2209 3179 (5030)

762 3219 1019 3283 Praeter
1056 3216 1501 3284 calendarium
1535 3236 1653 3304 pro
1685 3216 1966 3284 Seculari
1995 3217 2212 3302 Clero,

629 3303 800 3371 aliud
849 3304 1097 3372 Melitae
1146 3305 1207 3370 in
1258 3304 1470 3371 lucem
1519 3304 1737 3371 editur
1767 3325 1884 3392 pro
1916 3306 2217 3375 Sacerdo-

629 3391 794 3459 tibus
827 3392 1216 3478 collegiatae
1250 3392 1569 3459 Ecclesiae
1601 3398 1873 3481 cryptae
1910 3395 2022 3481 (sic
2054 3412 2216 3462 nun-

627 3479 924 3566 cupatae)
969 3478 1180 3548 Sancti
1224 3482 1392 3547 Pauli
1441 3483 1726 3567 Apostoli
1780 3482 1844 3549 in
1894 3481 2212 3551 Suburbio

627 3567 910 3634 civitatis
957 3568 1294 3652 Notabilis,
1342 3580 1407 3636 et
1454 3588 1570 3656 pro
1619 3570 2213 3638 sanctimonialibus

628 3676 745 3722 nec
778 3675 904 3722 non
936 3656 1382 3724 Sacerdotibus
1413 3657 1744 3742 Equestris
1787 3659 2038 3726 Ordinis
2067 3659 2214 3726 Hie·

629 3743 1060 3832 rosolymitani
1084 3745 1366 3811 civitatis
1391 3746 1729 3814 Vallettae.
1764 3749 2068 3815 Postremi
2097 3747 2214 3813 bu-

629 3831 725 3898 ius
768 3832 1122 3899 calendarii
1157 3833 1441 3900 Director
1484 3838 1562 3901 R.
1611 3836 1685 3900 D.
1733 3840 1996 3902 loannes
2041 3838 2216 3901 Gott-

628 3919 772 3988 Said
799 3920 970 3987 visus
998 3920 1116 3987 sibi
1149 3932 1245 3987 est
1275 3923 1576 3988 nonnulla
1603 3941 1675 3988 re
1727 3923 1892 3990 erire
1917 3924 1982 3991 in
2003 3924 2212 4011 primo

628 4009 945 4076 Secularis
991 4008 1161 4076 Cleri
1208 4009 1580 4077 calendario
1718 4013 1805 4077 ito
1851 4031 2011 4078 anno
2065 4031 2214 4078 ver-

628 4106 831 4182 tente,
878 4117 1075 4184 super
1121 4096 1352 4183 quibus
1407 4096 1543 4184 ipse
1604 4101 1985 4165 contrariam
2031 4098 2211 4184 sequi

629 4184 996 4272 opinionem
1028 4185 1299 4253 candide
1338 4186 1590 4252 latetur.
1619 4190 1861 4254 cavens
1886 4199 2097 4254 autem
2133 4206 2214 4254 ne

626 4274 971 4361 quidquam
1006 4274 1269 4362 proprio
1302 4287 1499 4340 marte
1527 4276 1934 4360 decerneret,
1960 4278 2213 4343 Sacram

624 4361 885 4431 Rituum
931 4363 1507 4449 congregationem
1555 4362 1750 4430 adivit
1783 4374 1848 4429 et
1883 4363 2213 4451 sequentia

628 4450 819 4518 dubia
878 4452 1211 4539 proposuit
1269 4469 1389 4538 pro
1433 4457 1789 4540 opportuna
1853 4452 2208 4538 solutione;

629 4539 933 4606 nimirum
966 4563 982 4605 ε
1023 4543 1112 4625 (1)

765 4632 823 4695 1.
876 4634 943 4696 ln
990 4628 1274 4697 Dioecesi
1336 4628 1674 4713 Melitensi‚
1739 4628 2104 4697 celebratur
2151 4649 2215 4695 o-

629 4729 803 4784 ctava
896 4717 1248 4803 rivilegiata
1297 4716 1741 4784 conversionis
1787 4716 1996 4785 Sancti
2045 4719 2213 4785 Pauli

626 4738 939 4892 Apostoli,
989 4824 1136 4872 cum
1191 4805 1468 4873 clausula
1526 4806 1599 4872 do
1642 4805 1824 4872 nullo
1869 4817 1991 4874 etc.
2055 4808 2212 4875 Hinc

626 4894 991 4980 quaeritur:
1055 4894 1383 4973 Quodnam
1434 4893 1723 4961 Officium
1769 4896 2213 4982 peragendum

623 4981 706 5048 sit
736 4982 840 5049 die
872 4987 958 5050 28
986 4980 1297 5050 ianuarii?
1340 5003 1413 5048 au
1463 4983 1543 5050 de
1577 4983 1682 5049 die
1726 4983 1881 5050 infra
1928 4994 2214 5052 octavam

629 5071 801 5137 iuxta
861 5070 1437 5146 consuetudinem;
1499 5071 1605 5138 vel
1663 5075 1749 5139 de
1810 5072 2213 5140 Sanctissimo

628 5158 893 5226 Nomine
923 5155 1117 5225 lesu?
1162 5161 1240 5224 Et
1285 5170 1599 5244 quatenus
1627 5160 1713 5226 de
1744 5159 2014 5228 Nomine
2047 5165 2211 5243 lesu,

766 5349 849 5426 (1)
883 5351 946 5409 Ε.
982 5350 1124 5409 Dub.
1163 5352 1191 5407 1
1229 5357 1285 5409 et
1319 5349 1369 5406 2.

2321 390 2565 477 petitur
2597 411 2715 479 pro
2747 393 2948 482 gratia
2975 395 3300 462 translatio
3326 395 3616 465 eiusdem
3652 396 3719 471 in
3742 395 3904 464 diem

2323 483 2364 546 8
2404 479 2755 547 Februarii.
2809 487 2888 549 Et
2931 502 3175 567 rursus,
3225 496 3540 571 quatenus
3586 486 3902 569 negative,

2324 568 2688 654 quaeritur:
2737 573 2827 637 De
2874 589 3150 656 quonam
3209 573 3532 659 agendum
3593 576 3717 641 erit
3768 573 3902 641 Offi-

2324 655 2493 721 cium
2543 656 2607 723 in
2662 660 2944 733 Ecclesia
2987 679 3200 729 sacrae
3247 663 3521 760 cqptae
3566 661 3674 728 die
3708 666 3792 729 28
3823 665 3903 727 Ia·

2322 742 2570 810 nuarii‘?
2612 765 2689 812 an
2727 747 2814 813 de
2861 758 3241 817 occurrente
3285 749 3391 816 die
3437 759 3654 816 octava
3702 749 3901 817 Sancti

2322 831 2526 899 Publii
2596 835 2892 922 Episcopi
2944 835 3267 923 Martyris3
3330 838 3434 905 vel
3496 839 3581 903 de
3644 835 3902 905 Sanctis-

2322 920 2485 989 simo
2532 922 2802 989 Nomine
2846 921 3039 992 lesu?

2452 1014 2520 1078 2.
2582 1013 2678 1076 An
2738 1011 3109 1079 ordinarius
3187 1014 3517 1101 collegiali
3586 1014 3900 1081 Ecclesiae

2319 1117 2530 1165 sacrae
2589 1101 2866 1199 cryptae
2930 1101 3138 1169 Sancti
3203 1101 3373 1169 Pauli
3428 1112 3495 1167 et
3542 1100 3901 1169 uonialibus

2321 1185 2909 1272 Hierosolymitanis
2971 1191 3236 1255 Sanctae
3296 1189 3563 1256 Ursulae
3592 1238 3610 1272 ,
3683 1188 3899 1275 quibus

2322 1293 2524 1342 unum
2556 1273 2867 1361 idemque
2914 1286 3008 1342 est
3056 1276 3527 1360 calendarium,
3577 1277 3774 1365 possit
3802 1277 3897 1343 ali-

2320 1360 2474 1448 quid
2618 1362 2915 1452 aecipere
2972 1362 3039 1431 in
3100 1364 3564 1453 praeiudicium
3623 1366 3899 1432 eiusdem

2320 1450 2513 1520 calen
2566 1448 2733 1517 arii?

2453 1542 2533 1605 Et
2580 1543 2763 1607 Sacra
2821 1540 3084 1608 Rituum
3143 1540 3594 1628 congregatio,
3645 1543 3724 1611 ad
3768 1539 3901 1619 Qui·

2321 1627 2550 1694 rinales
2597 1628 2806 1696 Aedes
2851 1629 3207 1716 subscripta
3261 1629 3368 1696 die
3413 1630 3790 1713 coadunata,
3831 1630 3900 1695 ad

2321 1714 2697 1783 relationem
2755 1716 2891 1783 Emi
2942 1728 3008 1782 et
3053 1718 3192 1786 Rmi
3252 1716 3503 1784 Domini
3563 1716 3901 1785 cardinalis

2316 1806 2520 1870 Acton
2567 1804 2889 1887 Ponenda,
2939 1805 3150 1872 audita
3197 1804 3376 1892 prius
3406 1805 3730 1873 sententia
3759 1806 3902 1873 alte-

2317 1891 2450 1958 rius
2497 1911 2577 1958 ex
2626 1892 3134 1993 Apostolicarum
3180 1893 3744 1963 caeremoniarum
3795 1896 3902 1960 lla-

2320 1979 2533 2067 gistris
2577 1980 2828 2066 scriptis
2876 1981 3127 2048 reddita
3171 1981 3526 2070 praeloque
3585 2001 3764 2064 cusa,
3811 2001 3902 2047 re·

2318 2067 2732 2136 scribendum
2792 2069 3089 2136 censuitz
3157 2092 3195 2135 c
3229 2074 3407 2136 quta
3454 2081 3676 2137 votum
3727 2070 3903 2155 nagi-

2319 2155 2432 2221 stri
2479 2156 3039 2224 caeremoniarum
3075 2182 3136 2246 »3
3186 2157 3540 2225 nimirum:

2451 2243 2547 2309 Ad
2603 2248 2662 2311 l.-
2713 2266 2751 2308 ι
2787 2245 3119 2330 Negative,
3170 2245 3246 2312 ad
3295 2245 3569 2333 primam
3615 2257 3900 2332 partem

2322 2331 2733 2419 Affirmative,
2765 2333 2846 2401 ad
2872 2334 3257 2402 secundam:
3307 2334 3515 2420 quoad
3556 2333 3905 2422 expetitam

2323 2419 2795 2487 translationem
2843 2440 2975 2488 non
3030 2422 3389 2509 expedire:
3441 2434 3504 2490 et
3549 2423 3769 2508 quoad
3817 2442 3907 2488 or·

2320 2508 2670 2575 dinandum
2723 2508 3012 2577 Officium
3075 2511 3182 2579 die
3228 2515 3314 2578 28
3359 2510 3623 2577 ianuarii
3685 2511 3756 2577 in
3812 2530 3906 2576 oc·

2320 2616 2510 2663 cursu
2569 2595 2698 2662 diei
2761 2606 3018 2665 octavae
3076 2598 3286 2667 Sancti
3342 2598 3545 2665 Publii
3607 2599 3901 2686 Episcopi

2320 2683 2605 2772 Martyris
2653 2694 2719 2750 et
2763 2685 3148 2753 sanctissimi
3213 2686 3496 2754 Nominis
3554 2691 3728 2771 lesu,
3786 2707 3906 2753 ser·

2320 2773 2551 2840 vandas
2594 2791 2735 2839 esse
2781 2772 3085 2841 Rubricas
3115 2796 3178 2841 ι».

2454 2860 2547 2927 Ad
2581 2865 2648 2926 2.
2698 2882 2736 2925 c
2769 2865 2993 2948 Posse;
3042 2864 3295 2949 quando
3337 2864 3443 2930 vel
3490 2863 3905 2932 Rubricatum

2319 2948 2619 3016 Breviarii
2651 2950 2938 3036 Romani,
2967 2952 3070 3019 vel
3095 2955 3431 3019 Sacrorum
3462 2951 3731 3019 Rituum
3755 2955 3904 3019 Con·
3991 2950 3992 2957 ’

2321 3037 2736 3125 gregationis,
2784 3040 2891 3107 vel
2941 3042 3201 3108 Sanctae
3265 3039 3448 3109 Sedis
3508 3042 3904 3128 Apostolicae

2318 3130 2737 3194 Decretorum
2780 3146 2896 3194 seu
2941 3130 3434 3197 concessionum
3475 3129 3766 3197 custodia
3812 3147 3903 3194 re·
3991 3183 3992 3186 η

2319 3225 2661 3389 ᾳωῖξᾳῖθ
2693 3302 2777 3369 ita
2812 3305 3140 3393 rescripsit
3168 3326 3240 3372 ac
3269 3305 3511 3372 servari
3557 3306 3898 3373 mandavit.

2454 3392 2570 3459 Die
2600 3395 2641 3459 6
2673 3394 3071 3479 Septembris
3110 3397 3304 3462 1845.

2321 3569 2592 3640 2906.
2642 3571 2916 3638 SANCTl
2949 3572 3236 3638 ANGELI
3266 3572 3344 3636 IN
3376 3572 3609 3639 VADO.
3679 3571 3894 3659 (5033)

2449 3747 2636 3848 Legis
2662 3746 2825 3812 latae
2859 3766 2978 3834 per
3006 3748 3318 3813 Generale
3365 3750 3737 3832 Decretum,
3774 3748 3897 3814 edi-

2321 3846 2458 3902 tum
2504 3835 2610 3903 die
2659 3839 2739 3902 31
2790 3834 2988 3901 Martii
3042 3838 3203 3903 1821
3255 3834 3320 3902 in
3365 3837 3784 3923 responsione
3829 3835 3894 3900 ad

2317 3935 2597 4003 sextum,
2659 3942 2782 4009 qua
2840 3923 3250 3990 interdicitur
3305 3923 3537 4012 apponi
3600 3924 3710 3990 vel
3755 3929 3897 3991 Ima·

2317 4012 2498 4098 gines
2539 4013 2642 4078 vel
2674 4010 2995 4097 Reliquias
3026 4015 3401 4080 Sanctorum
3438 4032 3637 4112 super
3683 4014 3898 4079 Taber-

2318 4101 2617 4167 naculum
2678 4099 2785 4168 ubi
2838 4100 3212 4166 reconditur
3257 4100 3735 4168 sanctissimum
3783 4105 3895 4167 Eu·

2319 4186 2649 4255 charistiae
2672 4192 3180 4270 Sacramentum,
3206 4189 3375 4256 bene
3407 4189 3702 4256 conscius
3731 4194 3805 4257 R.
3827 4193 3893 4255 D.

2317 4277 2544 4342 Paulus
2574 4276 2884 4343 Antonius
2915 4275 3147 4343 Marcbi
3187 4278 3536 4345 canonicus
3566 4278 3896 4345 Catbedra·

2320 4365 2395 4432 lis
2450 4364 2655 4431 Sancti
2703 4365 2929 4452 Angeli
2979 4364 3044 4430 in
3091 4366 3293 4449 Vado,
3357 4368 3580 4432 Sacrae
3643 4367 3893 4433 Rituum

2316 4454 2804 4541 congregationi
2857 4451 3220 4522 humillime
3248 4453 3654 4542 supplicavit,
3693 4466 3759 4522 ut
3788 4453 3896 4519 sal·

2320 4553 2451 4608 tem
2499 4539 2643 4607 ante
2678 4542 2966 4610 eiusdem
3002 4540 3410 4609 Tabernaculi
3451 4540 3753 4629 ostiolum
3784 4542 3896 4609 col·

2318 4630 2510 4696 locari
2543 4629 2741 4714 possit
2770 4630 3034 4697 alicuius
3065 4629 3274 4697 Sancti
3305 4631 3621 4716 Reliquia,
3657 4631 3762 4698 die
3783 4649 3895 4716 qua

2319 4718 2611 4785 eiusdem
2657 4722 2918 4785 Festum
2978 4718 3318 4802 recolitur,
3367 4718 3646 4786 maxime
3705 4736 3892 4804 quum

2318 4807 2548 4961 vigeat1
2572 4825 2769 4894 super
2814 4807 2935 4875 boc
2981 4806 3117 4895 ipso
3177 4806 3700 4874 immemorabilis
3756 4826 3895 4873 con·

2316 4906 2506 4963 suetu
2556 4916 2618 4962 o.

2449 4987 2530 5050 Et
2577 4986 2759 5052 Sacra
2820 4986 3077 5052 Rituum
3134 4984 3581 5085 Congregatio,
3638 4984 3751 5052 bac
3792 4983 3893 5050 die

2316 5073 2655 5140 ordinariis
2681 5073 2744 5140 in
2768 5073 3053 5142 comitiis
3076 5074 3154 5140 ad
3176 5073 3526 5151 Quirinales
3558 5074 3766 5141 Aedes
3796 5091 3893 5137 co·

2319 5160 2613 5245 adunata,
2647 5162 2726 5229 ad
2772 5162 3151 5229 relationem
3197 5160 3544 5248 subscripti
3570 5156 3892 5231 Secretarii
