4042 5950
1947 267 2421 346 —166—

525 437 771 507 votum,
825 425 1165 494 videlicet:
1218 429 1285 491 ln
1334 426 1626 492 omnibus
1679 423 2111 492 functionibus

530 512 967 580 ecclesiasticis
1028 513 1381 579 Seminario
1441 525 1812 600 competere
1860 524 2109 581 tantum

529 599 1042 690 praecedentiam
1085 621 1275 688 supra
1321 600 1602 667 clericos
1651 601 1714 667 in
1762 600 2110 668 minoribus

528 687 901 756 constitutos
935 700 999 754 et
1022 687 1427 776 adventitios3
1456 698 1526 754 ut
1552 688 1698 755 alias
1734 709 2113 775 responsum

531 776 651 843 luit
697 776 761 842 in
806 775 1118 864 Redigen.
1166 777 1451 843 Andren.
1488 780 1571 843 21
1616 776 1812 843 Martii
1852 781 2017 845 1620
2051 803 2108 843 ».

532 864 645 930 Die
692 867 727 929 7
778 864 1176 952 Septembris
1231 868 1421 931 1816.

531 1027 770 1097 2571.
1208 1028 1432 1094 URBlS

1150 1134 1501 1201 COLLEGU

736 1241 1260 1307 EPISGOPORUM
1314 1238 1906 1304 ASSlSTENTlUM.

1883 1025 2111 1111 (4525)

664 1405 825 1466 cum
869 1399 951 1466 de
999 1396 1224 1464 ordine
1284 1397 1451 1463 inter
1512 1395 1855 1483 Episcopos
1901 1395 2110 1461 Ponti-

533 1488 675 1555 licio
751 1486 922 1553 Solio
991 1485 1373 1551 Assistentes
1445 1485 1756 1550 servando
1829 1483 2113 1569 quaestio

533 1576 699 1642 baud
752 1575 832 1640 ita
870 1573 1121 1660 pridem
1154 1584 1289 1637 orta
1323 1572 1518 1638 fuerit
1548 1593 1565 1637 t
1618 1575 1845 1638 Utrum
1879 1590 2113 1657 nempe

530 1686 563 1729 a
586 1683 697 1728 sna
729 1662 805 1729 ad
840 1660 1293 1749 Episcopatum
1325 1659 1755 1746 promotione,
1790 1680 1867 1726 an
1900 1660 2113 1745 potius

530 1773 563 1816 a
610 1750 968 1831 vocatione,
1017 1767 1205 1834 quam
1250 1748 1496 1831 dicunt,
1543 1748 1622 1815 ad
1668 1747 2111 1832 assistentiam,

530 1838 957 1924 praecedendi
990 1836 1085 1902 ius
1119 1835 1315 1903 iidem
1362 1835 1823 1918 nanciscantur,
1858 1835 1941 1901 de
1984 1855 2116 1920 quo

532 1924 972 2012 praescriptio,
1022 1943 1185 2010 quae
1232 1945 1263 1991 a
1311 1924 1770 1991 caeremoniali
1818 1926 1885 1990 S.
1922 1928 1995 1990 R.
2035 1927 2110 1989 E.

533 2012 643 2081 lib.
683 2019 749 2096 3,
782 2032 920 2098 cap.
972 2016 1048 2078 17
1101 2013 1447 2098 profertur,
1483 2009 1851 2098 ambigendi
1902 2013 2113 2078 locum

532 2101 862 2188 relinquit,
896 2120 1125 2186 preces
1171 2100 1245 2166 ad
1299 2103 1566 2169 SSmum
1597 2104 1669 2167 D.
1698 2100 1777 2166 N.
1805 2100 1981 2174 Pium
2007 2104 2112 2167 Vll

533 2194 712 2256 Pont.
748 2192 909 2257 Max.
938 2190 1221 2277 perlatae
1250 2200 1426 2273 sunt,
1463 2199 1557 2272 ut,
1592 2188 1668 2255 ad
1704 2207 1963 2254 omnem
1996 2188 2112 2254 du·

531 2276 903 2344 bitationem
953 2277 1329 2361 tollendam,
1377 2296 1495 2364 pro
1545 2296 1613 2341 ea
1661 2296 1783 2360 qua
1838 2286 2114 2363 praestat

530 2364 835 2452 sapientia
882 2377 946 2431 et
992 2365 1390 2449 auctoritate,
1427 2364 1509 2431 de
1544 2362 1975 2430 controversia
2006 2364 2116 2430 de·

531 2454 1224 2539 cerneret‘legemque
1276 2452 1337 2517 in
1386 2463 1717 2539 posterum
1765 2450 2114 2518 tenendam

530 2540 1007 2626 pronunciaret.
1080 2545 1170 2606 Re
1240 2541 1454 2626 itaque
1523 2538 1716 2624 ipsius
1795 2540 1967 2605 iussu
2036 2540 2112 2607 ad

533 2630 598 2695 S.
633 2632 812 2696 R.c.
847 2629 1054 2695 delata
1103 2629 1507 2713 cunctisque,
1558 2628 1955 2714 infrascripto
2003 2630 2114 2695 Se-

530 2717 801 2783 cretario
849 2716 1200 2800 referente,
1234 2715 1311 2783 ad
1347 2734 1485 2783 eam
1533 2718 1734 2803 probe
1780 2716 2113 2782 aestiman-

529 2805 675 2871 dam
721 2805 1061 2893 propositis
1109 2804 1453 2871 rationibus
1500 2823 1664 2891 quae
1695 2804 1996 2891 utrinque
2025 2804 2114 2870 af-

531 2892 922 2977 ferebantur,
958 2893 1097 2959 Emi
1133 2896 1343 2958 Patres
1376 2892 1590 2961 eidem
1621 2892 2114 2981 congregationi

528 2981 872 3067 praepositi
923 2981 1249 3049 unanimes
1297 3000 1650 3048 censuere:
1701 3003 1739 3047 ‹
1768 2982 1974 3047 Firmo
2010 3000 2114 3047 ex·

530 3077 702 3134 tante
772 3068 1181 3158 praelationis
1258 3069 1396 3136 iure
1466 3069 2111 3157 Archiepiscoporum

528 3175 717 3241 supra
764 3161 1134 3244 Episcopus,
1184 3156 1281 3223 ius
1329 3158 1489 3226 illud
1540 3159 1710 3224 inter
1752 3157 2049 3243 aequales
2080 3179 2113 3222 a

534 3244 858 3312 vocatione
895 3246 972 3312 ad
1006 3246 1449 3330 assistentiam,
1486 3265 1611 3312 non
1655 3258 1871 3312 autem
1903 3265 1936 3309 a
1968 3263 2113 3331 pro·

531 3331 815 3400 motione
845 3335 923 3402 ad
954 3336 1407 3421 Episcopatum
1454 3353 1590 3400 esse
1643 3334 2111 3422 repetendum3

530 3431 719 3506 atque
765 3421 925 3488 hanc
980 3422 1290 3511 Regulam
1350 3423 1412 3488 in
1474 3432 1805 3508 posterum
1851 3422 2111 3487 omnino

529 3508 950 3576 adhibendam
985 3530 1148 3594 esse,
1182 3509 1432 3596 quoties
1461 3510 1650 3575 sacris
1682 3509 2114 3577 functionibus

529 3595 950 3680 collegialiter
995 3597 1383 3664 intersunt»
1431 3599 1858 3665 declararunt.
1910 3596 2022 3663 Die
2073 3600 2108 3663 7

531 3683 924 3770 Septembris
977 3689 1167 3752 1816.

659 3775 844 3838 Facta
888 3784 1124 3857 autem,
1161 3771 1267 3839 die
1307 3777 1385 3853 10
1433 3773 1724 3842 eiusdem
1774 3774 2004 3841 mensis
2049 3788 2112 3840 et

531 3859 700 3943 anni,
736 3878 1002 3948 per-me
1051 3860 1521 3948 infrascriptum
1572 3861 1997 3931 secretarium
2032 3864 2114 3929 de

530 3947 890 4033 praemissis
926 3948 1330 4016 Sanctissimo
1377 3951 1644 4017 Domino
1691 3952 1915 4016 Nostro
1956 3953 2115 4017 rela-

532 4034 728 4119 tione,
781 4036 1083 4103 Sanctitas
1131 4041 1254 4103 Sua
1298 4056 1555 4104 sensnm
1604 4041 1670 4104 S.
1699 4040 1773 4105 C.
1805 4037 2114 4125 approba-

530 4123 647 4205 vit,
683 4123 1077 4190 confirmavit
1123 4136 1312 4211 atque
1363 4126 1443 4190 ita
1488 4125 1552 4192 in
1602 4136 1933 4213 posterum
1980 4146 2111 4191 ser-

533 4210 663 4277 vari
709 4212 1053 4280 mandavit.

531 4390 778 4461 2572.
1172 4395 1458 4459 TUDEN.

1882 4395 2107 4484 (4526)

661 4571 819 4635 cum
866 4572 1059 4636 Rmus
1106 4570 1453 4657 Episcopus
1500 4572 1750 4638 Tuden.
1797 4572 1857 4637 in
1897 4572 2108 4661 Hispa-

526 4656 664 4739 nia,
730 4667 965 4723 attenta
1036 4660 1258 4724 Sacrae
1328 4657 1647 4745 Liturgiae
1709 4660 2112 4746 Scriptorum

525 4743 945 4831 discrepantia
1002 4744 1165 4811 circa
1220 4746 1567 4832 genuinam
1632 4748 2109 4834 interpretatio·

525 4848 677 4898 nem
704 4833 1159 4899 nonnullarum
1186 4835 1666 4905 Resolntionnm
1700 4839 1765 4903 S.
1793 4836 1978 4903 buius
2002 4841 2108 4919 C.,

523 4937 757 5018 anceps
790 4919 1094 5007 haeserit3
1131 4923 1297 4989 etad
1325 4943 1583 4991 omnem
1615 4926 1998 5005 anxietatem
2026 4945 2106 4992 ex

524 5024 734 5072 animo
778 5026 892 5073 suo
941 5012 1383 5097 evellendam,
1436 5032 1769 5080 recursum
1815 5013 2109 5081 habuerit

525 5094 603 5161 ad
637 5096 701 5161 S.
730 5099 805 5164 R.
833 5099 906 5163 c.
936 5118 1052 5186 pro
1082 5099 1627 5187 infrascriptarum
1675 5101 2105 5169 declaratione

525 5181 901 5266 dubiorum
954 5186 1292 5254 videlicet:
1344 5189 1438 5276 (1)

2357 429 2419 492 1.
2472 426 2566 491 An
2624 425 3023 512 Antiphonae
3078 428 3148 490 B.
3205 428 3283 491 M.
3339 426 3444 509 V.,
3495 443 3660 510 qnae
3707 425 3814 492 di-

2219 524 2451 579 cuntur
2481 514 2707 580 stando
2738 534 2769 578 a
2805 513 3104 600 Vesperis
3136 511 3410 594 Sabbati,
3446 512 3571 580 dici
3608 513 3811 579 etiam

2220 600 2494 668 debeant
2522 601 2747 668 stando
2781 603 2844 667 in
2878 600 3005 668 line
3030 601 3341 684 Laudum,
3369 602 3421 668 si
3453 600 3821 668 recitentur

2220 687 2328 755 die
2377 689 2695 844 Domgnica
2745 699 2890 756 ante
2939 707 3232 756 occasum
3275 689 3428 757 solis
3475 709 3593 776 pro
3637 689 3821 755 Feria

2222 778 2504 845 secunda

2351 870 2418 931 2.
2471 872 2563 931 An
2608 865 2900 933 Officium
2948 866 3156 933 Sancti
3205 867 3454 932 Patroni
3519 864 3823 932 habentis

2221 954 2639 1039 Antiphonas,
2666 953 2999 1021 Lectiones
3032 964 3097 1018 et
3126 954 3453 1021 Orationes
3488 953 3817 1053 proprias,

2223 1041 2286 1107 in
2332 1041 2560 1128 quibus
2609 1042 2850 1108 mentio
2902 1043 2970 1109 fit
3015 1040 3099 1108 de
3148 1040 3356 1124 Socio,
3396 1052 3645 1108 recitari
3694 1042 3820 1107 de·

2223 1128 2364 1198 beat
2412 1128 2669 1196 omnino
2721 1139 2789 1196 ut
2835 1129 2998 1197 iacet
3059 1139 3187 1195 tam
3243 1130 3310 1196 in
3364 1133 3550 1196 Festo
3600 1130 3824 1197 Sancti

2222 1218 2412 1283 electi
2479 1218 2540 1282 in
2599 1221 2979 1302 Pati-onum,
3030 1235 3219 1303 quam
3279 1218 3340 1285 in
3395 1221 3584 1283 Festo
3646 1216 3824 1284 Socii

2221 1316 2538 1391 perpetuo
2602 1307 2922 1385 translati;
2976 1309 3075 1374 vel
3127 1306 3598 1373 desumendum
3651 1305 3742 1373 sit
3791 1327 3824 1370 a

2223 1394 2611 1460 communi?

2358 1487 2420 1548 3.
2473 1485 2698 1549 Utrum
2750 1483 3030 1583 pluviale
3081 1504 3195 1584 pro
3243 1483 3529 1550 canendo
3585 1486 3826 1569 Marty-

2225 1570 2469 1656 rologio
2519 1571 2580 1635 in
2629 1572 2853 1658 vigilia
2901 1570 3250 1639 Nativitatis
3293 1571 3544 1638 Domini
3575 1571 3827 1637 debeat

2224 1678 2364 1724 esse
2412 1658 2643 1724 coloris
2690 1659 2852 1738 albi;
2903 1662 3008 1728 vel
3059 1659 3266 1748 potius
3315 1657 3639 1725 violacei?

2318 1763 2323 1769 ·
2357 1749 2418 1811 4.
2459 1748 2554 1811 An
2587 1746 2649 1813 in
2679 1748 2872 1817 Missis
2905 1768 3030 1816 non
3055 1746 3621 1829 conventualibus,
3649 1765 3828 1831 quae

2224 1844 2551 1900 cantantur
2612 1835 2673 1901 in
2735 1834 2963 1904 diebus
3022 1834 3342 1903 secundae
3400 1835 3614 1900 classis
3674 1833 3827 1900 sine

2223 1921 2490 1987 Diacono
2539 1934 2601 1989 et
2649 1924 3049 1994 Subdiacono
3097 1924 3306 1990 omitti
3353 1921 3586 1989 debeat
3638 1942 3825 1990 com-

2225 2011 2598 2077 memoratio
2645 2010 3007 2101 simplicis?

2356 2102 2416 2165 5.
2470 2101 2566 2163 An
2616 2100 2681 2167 in
2727 2100 2921 2168 Missis
2972 2101 3231 2189 privatis
3277 2099 3563 2188 permitti
3616 2101 3830 2189 possit

2224 2185 2503 2252 Ministro
2535 2190 2786 2276 aperire
2827 2191 3073 2256 Missale
3105 2199 3169 2255 et
3201 2188 3493 2258 invenire
3525 2189 3834 2256 Missam?

2354 2279 2422 2341 6.
2473 2276 2569 2341 An
2602 2276 2666 2343 in
2699 2277 2927 2347 iisdem
2975 2278 3170 2344 Missis
3216 2276 3475 2365 privatis
3523 2278 3832 2362 permitti

2222 2363 2419 2450 possit
2467 2364 2771 2450 Ministro,
2804 2368 2856 2432 si
2889 2366 3086 2432 fuerit
3131 2365 3467 2449 Sacerdos,
3500 2365 3835 2433 Diac'onns

2224 2452 2323 2516 vel
2374 2451 2843 2536 subdiaconus,
2898 2464 2966 2521 ut
3023 2463 3358 2541 praeparet
3416 2452 3704 2520 calicem
3761 2465 3835 2520 et

2222 2540 2429 2625 ipsum
2479 2551 2771 2629 extergat
2818 2542 2884 2610 in
2916 2541 3044 2609 fine
3083 2553 3227 2630 post
3271 2540 3703 2625 ablutionem,
3747 2543 3836 2609 si·

2173 2683 2184 2693 .
2223 2639 2329 2695 cut
2376 2627 2442 2693 in
2491 2629 2664 2695 Missa
2709 2630 3039 2698 solemni?

2356 2721 2418 2783 7.
2457 2720 2550 2783 An
2597 2716 2658 2783 in
2707 2719 2882 2787 Missa
2929 2718 3201 2786 solemni
3251 2718 3533 2807 permitti
3568 2717 3836 2803 possint

2222 2807 2348 2873 duo
2385 2806 2670 2889 Missalia,
2699 2810 2988 2873 nnumin
3016 2812 3227 2875 cornu
3261 2807 3606 2893 Epistolae,
3635 2806 3832 2873 aliud

2223 2895 2285 2960 in
2331 2912 2530 2961 cornu
2578 2893 2968 2982 Evangelii?
3439 2929 3450 2942 ·

2353 2987 2420 3049 8.
2458 2987 2555 3048 An
2602 2984 2842 3069 Missae,
2892 3004 3055 3072 qnae
3101 2983 3628 3073 praescribuntur
3660 2984 3831 3049 assi-

2220 3072 2507 3158 gnandae
2556 3073 2631 3138 ab
2676 3074 3005 3140 ordinario
3055 3073 3232 3140 Beria
3267 3073 3319 3137 V
3353 3071 3416 3138 in
3448 3076 3657 3139 Coena
3697 3076 3836 3138 Do·

2221 3159 2374 3225 mini
2423 3169 2492 3224 ut
2544 3160 2763 3247 populi
2831 3163 3067 3248 possint
3127 3161 3526 3228 commodius
3570 3160 3836 3227 satisfa-

2221 3267 2372 3315 cere
2406 3258 2771 3336 praecepto,
2816 3260 3196 3317 occurrente
3242 3252 3428 3316 Festo
3474 3253 3539 3317 S.
3577 3250 3832 3337 loseph

2222 3337 2323 3402 vel
2375 3337 2883 3404 Annuntiationis
2939 3337 3004 3404 in
3052 3338 3378 3428 praedicta
3423 3337 3629 3419 Feria,
3683 3338 3833 3404 dici

2221 3424 2498 3577 debeagt
2557 3445 2707 3492 cum
2773 3425 3000 3493 Gloria
3061 3436 3126 3492 et
3176 3427 3367 3492 Credo
3426 3426 3590 3492 sicut
3643 3428 3834 3494 sole·

2228 3531 2406 3579 mnes

2349 3604 2417 3669 9.
2453 3606 2548 3668 An
2583 3601 2780 3689 possit
2813 3602 2877 3668 in
2910 3604 3237 3692 praedicto
3285 3622 3434 3669 casu
3470 3602 3598 3669 dici
3631 3602 3833 3669 Missa

2220 3691 2288 3755 S.
2311 3690 2536 3776 loseph
2574 3692 2673 3757 vel
2700 3690 3233 3775 Annuntiationis,
3261 3692 3491 3757 saltem
3524 3691 3635 3783 ubi
3661 3706 3834 3759 sunt

2222 3777 2575 3845 Titulares‘?
3615 3782 3618 3785 ’

2361 3869 2463 3933 10.
2500 3871 2594 3935 An
2643 3868 2707 3934 in
2754 3868 3150 3936 Orationibus
3198 3879 3323 3935 tam
3368 3868 3565 3936 officii
3614 3888 3830 3954 quam

2222 3953 2439 4019 Missae
2495 3957 2718 4022 variari
2783 3956 3058 4024 debeant
3116 3958 3289 4023 ltunc
3334 3957 3504 4024 diem
3546 3959 3653 4024 vel
3708 3960 3832 4025 lw-

2218 4042 2519 4107 dt'crnum
2564 4045 2730 4111 diem
2793 4046 2896 4111 vel
2953 4056 3341 4129 praesentem
3401 4046 3598 4127 diem,
3661 4066 3834 4115 cum

2220 4129 2599 4198 transfertur
2643 4133 2955 4216 Officium,
3001 4134 3136 4200 sive
3185 4152 3303 4220 per
3349 4132 3640 4200 accidens
3671 4136 3834 4204 sive

2220 4219 2591 4304 perpetuo?
3291 4260 3298 4265 ·

2357 4309 2460 4372 11.
2511 4312 2604 4376 An
2654 4329 2874 4377 manus
2918 4309 3168 4376 sinistra
3222 4312 3370 4395 poni
3419 4309 3654 4378 debeat
3707 4334 3832 4382 su·

2220 4412 2337 4480 per
2385 4396 2627 4464 Missale
2687 4401 2763 4465 ad
2821 4399 3278 4487 Evangelium,
3330 4418 3479 4466 cum
3533 4401 3830 4469 dextera

2222 4482 2291 4549 flt
2336 4482 2590 4569 signum
2638 4489 2856 4554 crucis
2905 4506 3101 4573 super
3147 4487 3412 4575 ipsum?

2356 4575 2459 4637 12.
2502 4580 2598 4641 An
2646 4576 3154 4662 purificatorium
3187 4576 3479 4644 benedici
3527 4578 3833 4648 debeat?

2220 4672 2281 4726 et
2331 4674 2643 4744 quatenus
2688 4663 3083 4747 affirmative,

2354 4751 2462 4815 13.
2507 4753 2825 4829 Quaenam
2877 4752 3235 4820 benedictio
3282 4751 3694 4822 adhibenda?

2285 4876 2302 4897 s
2355 4839 2455 4902 14.
2509 4842 2606 4905 An
2652 4842 2958 4908 Sacerdos
3004 4841 3235 4908 debeat
3290 4852 3632 4929 extergere
3742 4866 3823 4912 u-

2216 4923 2551 4993 rilicatorio
2597 4940 2807 5016 guttas
2858 4930 2986 4997 vini
3032 4929 3451 4997 adhaerentes
3500 4931 3683 4997 lateri
3745 4955 3825 5001 us

2217 5013 2622 5083 interioribus
2669 5038 2914 5107 cuppae
2956 5018 3203 5102 calicis,
3255 5039 3416 5106 quae
3461 5020 3822 5107 aliquando

2215 5103 2508 5170 resiliunt
2553 5106 2711 5173 dum
2757 5118 3167 5197 praeparatur
3201 5110 3475 5195 ipsemet
3504 5109 3679 5176 calix
3705 5110 3742 5177 ‘s’

2357 5194 2459 5260 15.
2512 5199 2606 5261 An
2653 5193 3156 5280 purificatorium
3220 5197 3367 5286 poni
3421 5198 3656 5266 debeat
3705 5220 3822 5266 su-

662 5378 740 5451 (t)
778 5381 838 5437 E.
875 5381 1015 5438 Dub.
1058 5380 1103 5447 t,
1140 5382 1190 5449 2,
1228 5381 1277 5447 5,
1315 5381 1365 5447 4,
1401 5384 1452 5449 ὅ,
1489 5384 1540 5449 9,
1581 5384 1663 5451 14,
1705 5385 1784 5450 17,
1826 5386 1910 5453 18,
1950 5387 2032 5453 19,
2070 5386 2156 5455 20,
2193 5387 2278 5455 22,
2315 5388 2402 5457 23,
2439 5390 2526 5459 22,
2563 5390 2649 5459 58,
2687 5392 2772 5460 59,
2808 5392 2894 5461 40,
2931 5392 3016 5461 45,
3054 5392 3137 5453 44.
