4042 5950
1620 246 1737 336 -’
1775 277 1882 356 47
1936 321 2040 336 -

345 440 404 503 2.
438 439 533 501 An
556 435 728 501 idem
755 434 1103 502 dicendum
1129 434 1191 499 in
1224 432 1774 520 semiduplicibus‚

228 536 284 590 et
324 544 459 589 6396
506 543 631 608 quo
674 523 742 588 in
791 523 920 587 istis
966 522 1168 588 Festis
1199 521 1467 588 dicenda
1497 520 1578 585 sit
1601 520 1776 585 Missa

222 610 297 687 de
340 615 580 693 Sancto,
610 611 805 696 possit
852 629 931 675 ex
977 628 1159 675 causa
1202 607 1622 675 ordinationis
1645 608 1777 694 legi

224 699 379 763 111993
439 699 518 765 (16
579 707 908 784 tempore,
978 697 1145 762 sicut
1202 706 1415 782 potest
1475 715 1558 760 ex
1616 694 1776 761 iusta

224 805 384 850 causa
427 784 730 850 celebrari
798 784 973 850 Missa
1026 784 1237 849 votiva
1305 784 1369 848 in
1436 782 1777 871 praedictis

220 871 441 938 Fastis?
1391 901 1400 910 ·

336 963 397 1026 3.
443 961 539 1024 An
584 959 638 1024 si
684 961 858 1025 Missa
905 957 1285 1024 celebranda
1333 957 1415 1022 sit
1469 956 1552 1023 de
1614 967 1774 1023 tem·

222 1066 383 1133 pore,
430 1045 661 1113 debeat
707 1046 848 1113 fieri
883 1046 1405 1112 commemoratio
1426 1046 1520 1127 'de
1550 1048 1779 1110 Sancto

219 1133 377 1198 cuius
421 1134 491 1200 fit
536 1132 851 1216 Officium,
880 1154 956 1198 an
984 1152 1141 1199 vero
1173 1132 1406 1199 debeat
1438 1132 1558 1197 dici
1584 1141 1779 1219 prout

218 1221 272 1286 in
310 1221 666 1304 Ordinatio,
714 1222 877 1287 sicut
924 1221 986 1286 in
1034 1221 1331 1286 Ecclesiis
1395 1219 1778 1286 cathedrali-

216 1307 337 1390 bus,
382 1308 485 1374 ubi
533 1309 698 1374 (1636
746 1308 961 1376 Missae
1009 1308 1421 1374 celebrantur
1478 1308 1541 1373 in
1591 1325 1776 1392 prae·

217 1394 334 1459 fatis
376 1394 650 1462 diebus?

328 1487 384 1548 4.
435 1485 532 1549 An
581 1482 900 1571 Episcopo
943 1482 1385 1549 Ordinationes
1419 1491 1681 1548 tenente
1712 1481 1777 1547 in

213 1570 547 1636 Catbedrali
586 1573 689 1636 vel
721 1570 1100 1656 collegiata,
1127 1570 1237 1637 ubi
1270 1581 1584 1637 canuntur
1615 1570 1778 1636 duae

214 1657 407 1722 Missae
448 1657 532 1723 de
562 1661 749 1725 Festo
797 1671 860 1725 et
907 1660 991 1724 de
1038 1658 1243 1740 Feria,
1277 1658 1473 1744 possit
1516 1656 1777 1723 Ordina-

216 1744 426 1809 tionem
474 1744 714 1812 habere
761 1746 825 1811 in
872 1744 1052 1811 Missa
1097 1747 1180 1812 de
1230 1750 1449 1828 Festo,
1499 1764 1575 1810 an
1620 1764 1779 1811 vero

212 1830 417 1897 debeat
462 1832 606 1897 fieri
654 1833 717 1899 in
764 1834 945 1899 Missa
990 1832 1077 1899 de
1125 1831 1358 1898 Feria‘?

322 1920 384 1983 S.
437 1924 509 1985 R.
566 1923 683 2003 C.,
732 1920 951 1987 audito
1011 1930 1163 1985 voto
1239 1926 1315 1988 R.
1374 1924 1437 1984 P.
1483 1924 1553 1985 D.
1599 1919 1775 1987 Reali

209 2006 695 2102 Apostolicarum
740 2008 1297 2074 caeremoniarum
1344 2008 1645 2094 Magistri,
1677 2026 1777 2072 re-

206 2092 597 2160 scribendum
622 2096 895 2161 censuit:
927 2118 964 2160 ‹
981 2101 1160 2161 quta
1176 2105 1398 2161 votum
1418 2117 1481 2177 »,
1510 2113 1771 2182 nempe:

318 2181 406 2247 Ad
457 2186 520 2247 1.
573 2203 610 2245 ‹
646 2184 891 2249 Missam
937 2202 1056 2270 pro
1105 2182 1423 2270 explenda
1488 2182 1776 2268 generali

206 2266 589 2335 ordinatione
634 2289 775 2335 esse
821 2271 1159 2337 dicendam
1184 2271 1267 2336 de
1300 2279 1619 2357 tempore,
1647 2288 1773 2335 non

205 2353 401 2421 omissa
448 2366 692 2441 tamen,
728 2358 901 2424 iuxta
946 2358 1366 2426 Rubi-icarum
1411 2357 1773 2444 dispositio-

206 2458 358 2525 nem,
404 2444 510 2510 illa
561 2444 647 2511 de
694 2449 879 2512 Festo
912 2456 1294 2512 occurrente
1325 2467 1391 2511 ν.

320 2531 407 2597 Ad
456 2536 521 2598 2.
582 2554 620 2597 (ι
650 2536 732 2598 Ut
769 2535 844 2601 ad
891 2534 1173 2621 primum
1207 2555 1270 2598 ν.

317 2620 406 2684 Ad
454 2624 522 2687 3.
578 2641 616 2684 ‹
648 2622 983 2687 Provisum
1029 2622 1093 2687 in
1140 2621 1421 2689 secundo
1450 2642 1511 2684 2».

317 2708 406 2772 Ad
453 2713 517 2775 4.
579 2728 617 2771 ‹
650 2709 1127 2776 ordinationem
1153 2709 1513 2777 habendam
1537 2728 1676 2775 esse
1709 2707 1770 2772 in

204 2791 357 2857 Elissa
400 2795 481 2861 de
531 2796 710 2861 Feria
742 2818 803 2862 2».

316 2887 386 2946 Et
431 2882 515 2948 ita
566 2883 912 2949 declaravit
982 2895 1047 2950 et
1113 2885 1351 2951 servari
1422 2884 1764 2950 mandavit.

208 2968 299 3034 Die
340 2974 420 3037 30
469 2970 742 3037 1311631ἱί
794 2977 987 3040 1731.

208 3146 441 3218 2295.

846 3153 1099 3215 uasis,
1538 3148 1765 3235 (3996)

314 3325 471 3390 Cum
524 3342 608 3388 ex
655 3322 1029 3390 Calendario
1062 3322 1387 3388 Ecclesiae
1413 3323 1764 3408 Sapientiae

200 3408 359 3474 Urbis
406 3411 878 3498 praescriptum
924 3411 1004 3475 sit
1050 3410 1318 3497 singulis
1366 3412 1544 3476 annis
1587 3411 1763 3476 Feria

200 3497 291 3578 IV,
316 3501 388 3564 vt
421 3509 485 3563 et
525 3498 794 3563 Sabbato
822 3497 1259 3564 hebdomadae
1290 3498 1760 3584 sexagesimae,

202 3593 471 3671 tempore
520 3585 918 3651 vacationum
946 3605 976 3649 a
1002 3586 1255 3668 studiis,
1285 3595 1411 3650 tres
1435 3585 1765 3651 celebran-

197 3670 293 3746 das
335 3692 470 3737 esse
522 3673 858 3758 exequias;
909 3692 1185 3759 cumque
1232 3673 1537 3756 eaedem,
1586 3673 1759 3737 iuxta

197 3757 665 3846 dispositionem
709 3764 1154 3844 Decretorum,
1219 3760 1565 3826 enunciatis
1624 3759 1760 3827 die-

200 3843 297 3909 bus
336 3848 417 3911 ob
463 3849 933 3914 occurrentiam
976 3851 1354 3914 Sanctorum
1400 3846 1756 3934 duplicium

198 3933 438 3999 minime
483 3936 735 4022 peragi,
765 3955 884 4001 666
928 3936 1006 4001 311
1054 3935 1238 4000 311316
1288 3935 1464 4001 (11661
1512 3935 1755 4000 1311666

198 4022 568 4089 assistentiae
614 4034 742 4088 tam
790 4026 912 4100 DD.
942 4023 1412 4089 Advocatorum
1443 4022 1759 4088 06691916-

199 4107 449 4193 11311616,
490 4128 683 4196 quam
731 4110 1000 4174 aliorum
1033 4110 1229 4196 ipsius
1261 4109 1758 4194 Archigymnasii

198 4196 639 4279 Professorum,
693 4197 1016 4262 transferri
1084 4198 1372 4284 possint3
1424 4205 1761 4294 propterea

199 4301 267 4345 ex
309 4296 491 4369 parte
523 4285 874 4351 Custodum
909 4285 1115 4352 dictae
1148 4285 1470 4350 Ecclesiae
1503 4287 1765 4367 8311166-
1823 4354 1837 4370 ‚

199 4369 344 4453 tiae,
408 4393 530 4459 pro
594 4372 846 4439 indulto
902 4373 1039 4438 illas
1099 4372 1163 4437 in
1210 4381 1542 4460 posterum
1590 4370 1759 4436 6616-

198 4454 399 4524 brandi
433 4460 498 4525 in
527 4460 820 4547 praefatis
850 4459 1108 4542 (11611119,
1149 4462 1338 4525 611316
1387 4463 1612 4525 Sancto
1647 4458 1762 4524 du-

196 4543 328 4627 plici
377 4559 755 4613 occurrente
803 4549 866 4613 in
900 4551 968 4614 S.
999 4552 1075 4613 R.
1105 4553 1178 4615 C.
1215 4548 1577 4614 humillime
1608 4563 1758 4631 sup-

198 4632 483 4716 plicatum
532 4635 677 4702 fuit.

312 4726 387 4786 Et
432 4727 501 4789 S.
538 4722 765 4788 eadem
799 4728 874 4789 R.
911 4726 1012 4806 C.‚
1039 4723 1297 4789 attentis
1345 4722 1754 4788 circumstan-

198 4805 284 4870 tiis
330 4808 390 4873 in
434 4809 715 4898 supplici
763 4810 986 4876 libello
1040 4810 1395 4899 expressis:
1457 4831 1494 4873 ‹
1528 4808 1753 4874 Huius-

195 4896 347 4962 modi
395 4896 722 4963 instantiae
756 4897 927 4964 iuxta
951 4898 1143 4986 petita
1176 4898 1585 4964 annuendum
1614 4913 1756 4959 esse

197 4987 425 5048 censuit
458 5007 523 5050 ».
559 4986 673 5050 Die
708 4989 790 5051 20
834 4987 1158 5052 Februarii
1215 4989 1404 5051 1731.

199 5118 440 5189 2296.
817 5127 1134 5193 iANUEN.

311 5246 786 5314 Reluctantibus
830 5249 1152 5315 nonnullis
1175 5247 1576 5336 Cappellanis
1606 5253 1752 5314 Pre-

199 5330 477 5417 sbyteris,
512 5337 885 5422 nuncupatis
916 5337 999 5402 de
1028 5341 1242 5419 Massa,
1276 5336 1595 5401 Ecclesiae
1627 5339 1750 5402 Me-

1525 5111 1749 5211 (3997)

1880 433 2294 520 tropolitanae
2342 438 2630 517 lanuen.,
2689 446 2904 501 contra
2971 434 3297 520 antiquum
3352 454 3450 499 so-

1878 521 2065 587 litum
2097 541 2305 607 usque
2334 523 2411 589 ad
2441 542 2674 591 annum
2706 526 2870 589 1729
2894 530 3238 603 servatum,
3272 542 3450 589 acce-

1877 608 2034 673 dere
2066 628 2188 673 una
2215 628 2359 674 cum
2384 610 2712 677 Canonicis
2731 610 2904 675 illius
2934 610 3448 696 Metropolitanae

1877 696 1951 760 ad
1988 697 2194 761 aulam
2219 697 2429 762 Palatii
2455 696 3022 785 Archiepiscopalis
3047 696 3445 780 destinatam,

1877 783 1952 849 ad
2004 784 2314 850 effectum·
2349 784 2692 851 associandi
2738 788 2965 850 Rmum
3011 784 3446 869 11161116ρί966-

1879 889 2035 958 pum
2061 889 2254 957 cappa
2278 870 2573 938 indutum
2603 871 3053 960 pontificaliter
3093 873 3460 955 celebratus=

1878 978 2022 1024 rum
2097 962 2201 1025 vel
2263 959 2668 1024 celebrationi
2729 959 3000 1026 solemni
3062 959 3443 1025 adstiturum

1876 1065 2077 1133 usque
2124 1048 2199 1114 ad
2245 1046 2639 1129 Ecclesiam,
2692 1056 2757 1112 et
2825 1047 2903 1113 ab
2950 1066 3022 1113 ea
3089 1046 3164 1112 ad
3213 1047 3445 1113 dictam

1878 1135 2083 1200 aulam
2115 1133 2477 1220 respective
2518 1133 2910 1213 reducendi;
2943 1153 3065 1200 nec
3089 1153 3241 1218 non,
3269 1153 3444 1200 occa-

1875 1222 2054 1288 sione
2100 1221 2464 1288 huiusmodi
2511 1220 2953 1306 associationis,
3003 1222 3443 1309 genuflectere

1880 1320 1943 1375 et
1990 1311 2053 1375 in
2099 1308 2380 1375 Ecclesia
2436 1328 2604 1383 sacra
2663 1319 3025 1396 paramenta
3081 1309 3156 1377 ad
3219 1308 3442 1376 Cathe-

1875 1398 2054 1464 dram
2085 1397 2369 1474 deferre3
2413 1407 2475 1461 et
2505 1418 2538 1461 a
2566 1395 2862 1482 praefatis
2893 1396 3444 1496 praetensionibus

1875 1484 2186 1570 aliquibus
2215 1504 2294 1560 ex
2325 1483 2511 1549 dictis
2541 1482 2964 1569 cappellanis,
2998 1503 3123 1549 non
3156 1485 3442 1551 obstante

1874 1572 2064 1638 etiam
2111 1571 2337 1637 Edicto
2385 1570 2522 1637 Rffii
2568 1569 3068 1658 Archiepiscopi,
3120 1573 3440 1640 occasione

1876 1658 2143 1745 Vigiliae
2189 1670 2254 1723 et
2297 1656 2676 1724 Festivitatis
2722 1659 3004 1725 omnium
3067 1663 3439 1728 Sanctorum

1875 1767 2036 1814 anno
2083 1744 2409 1832 praedicto
2457 1743 2799 1832 publicato,
2833 1746 3094 1813 minime
3142 1748 3443 1815 receden-

1875 1835 2075 1919 tibus;
2126 1835 2296 1901 idem
2338 1836 2533 1900 Rmus
2592 1832 2821 1898 Archie
2873 1832 3121 1922 iscopus
3179 1836 3442 1903 devenit

1874 1920 2090 1990 contra
2135 1920 2479 1988 nonnullos
2524 1939 2604 1985 ex
2659 1938 2810 2006 prae
2840 1922 2954 1987 atis
3016 1923 3093 1989 ad
3148 1942 3444 1989 censuras

1874 2008 2301 2096 suspensionis
2347 2028 2380 2073 a
2437 2006 2695 2073 Divinis.
2769 2011 3007 2075 Verum
3060 2010 3135 2076 ad
3193 2030 3443 2078 eorum-

1874 2098 2026 2164 dem
2072 2095 2426 2163 instantiam
2473 2094 2547 2159 ab
2592 2094 2901 2161 Auditore
2949 2098 3150 2181 SSsni,
3190 2099 3441 2184 praevia

1874 2185 2264 2252 absolutione
2327 2203 2360 2246 a
2422 2181 2704 2248 censuris
2765 2200 2910 2247 cum
2979 2185 3438 2268 reincidentia,

1873 2272 2147 2338 remissis
2191 2271 2268 2339 ad
2329 2273 2392 2338 S.
2448 2274 2520 2335 R.
2573 2271 2647 2336 C.
2702 2270 3188 2355 controversiis,
3247 2274 3441 2338 etiam

1873 2360 2081 2446 quoad
2128 2378 2459 2440 censuras,
2511 2368 2573 2424 et
2623 2358 2686 2423 in
2737 2376 2808 2422 ea
2852 2358 3267 2445 infrascriptis
3326 2361 3442 2426 du-

1874 2448 1990 2513 biis
2061 2465 2272 2512 coram
2338 2450 2494 2511 131116
2551 2455 2615 2511 61
2660 2449 2816 2510 Rmo
2862 2449 2935 2511 D.
2986 2445 3174 2512 Card.
3228 2446 3440 2513 Porzia

1867 2540 2147 2601 Ponente
2192 2534 2359 2599 inter
2403 2544 2616 2620 partes
2662 2535 3058 2601 concordatis
3115 2533 3438 2618 discussis,

1869 2640 2015 2688 nem
2067 2642 2148 2688 e:

2004 2641 2062 2775 R
2114 2715 2208 2775 An
2252 2707 2620 2795 cappellani
2668 2708 3190 2797 metropolitanae
3220 2711 3445 2777 Eccle-

1864 2798 2019 2881 siae,
2070 2798 2154 2863 de
2199 2800 2389 2862 Massa
2435 2797 2821 2882 nuncupati,
2869 2797 3285 2891 3163166616
3330 2801 3443 2864 Α1-

1864 2884 2275 2973 chiepiscopo
2322 2886 2699 2965 accedente,
2750 2886 2994 2951 Missam
3052 2884 3301 2971 aliaque
3348 2886 3443 2952 di-

1863 2975 2005 3041 vina
2069 2971 2277 3040 Officia
2345 2969 2800 3059 pontificaliter
2861 2971 3314 3059 celebraturo,
3364 2994 3440 3040 ex

1840 3062 2003 3128 ’3613
2047 3059 2567 3147 archiepiscopali
2600 3057 2677 3123 ad
2719 3060 3062 3125 Ecclesiam
3105 3072 3169 3127 et
3201 3061 3278 3126 ab
3325 3067 3441 3128 Ec-

1863 3147 2052 3215 clesia
2097 3149 2176 3213 ad
2216 3148 2452 3212 dictam
2485 3147 2690 3213 aulam
2739 3147 3022 3212 comitari
3069 3136 3454 3215 teneantur?

1994 3240 2060 3300 2.
2089 3237 2186 3299 An
2210 3235 2435 3301 eadem
2461 3233 2789 3301 associatio
2821 3232 3160 3318 debeatur,
3187 3237 3442 3321 quando

1862 3323 2395 3408 Arcbiepiscopus
2441 3340 2638 3407 cappa
2670 3321 2931 3388 indutus
2963 3321 3325 3406 descendit,
3360 3323 3436 3388 ad

1861 3411 2162 3476 effectum
2208 3411 2567 3495 praestandi
2615 3410 3030 3475 assistentiam
3065 3409 3127 3476 in
3160 3409 3356 3477 casu?

1992 3503 2058 3563 3.
2109 3499 2204 3561 An
2251 3497 2512 3581 praefati
2580 3498 2948 3583 cappellani
3016 3499 3080 3562 in
3142 3499 3280 3564 aula
3344 3519 3440 3565 ar·

1862 3584 2336 3673 chiepiscopali,
2407 3595 2531 3649 tam
2579 3585 2643 3649 in
2690 3603 2943 3651 accessu
2990 3604 3181 3670 quam
3229 3587 3293 3651 in
3341 3606 3439 3653 re·

1860 3692 2110 3761 gressu,
2151 3681 2491 3738 teneantur
2524 3672 3078 3739 Reverendissimo
3113 3674 3438 3762 Arcbiepi-

1860 3780 2055 3850 scopo
2103 3757 2591 3847 genuflectere?

1989 3853 2053 3914 4.
2109 3851 2204 3913 An
2252 3848 2514 3935 praefati
2549 3846 2920 3934 cappellani
2952 3859 3293 3916 teneantur
3324 3852 3437 3915 Ar·

1856 3935 2273 4022 chiepiscopo
2329 3935 2784 4020 pontificaliter
2846 3935 3252 4003 celebraturo
3321 3939 3435 4004 de-

1854 4023 2027 4088 ferre
2096 4042 2266 4087 sacra
2328 4032 2690 4109 paramenta
2760 4022 2835 4088 ad
2897 4024 3278 4090 cathedram
3323 4046 3435 4091 -ar-

1852 4110 2423 4196 cbiepiscopalem;
2477 4121 2541 4175 et
2586 4111 2920 4177 actualiter
2952 4112 3300 4179 celebranti
3340 4123 3436 4179 te-

1855 4217 2012 4264 nere
2062 4197 2296 4264 librum
2341 4206 2407 4262 et
2450 4194 2929 4282 palmatoriam‘?

1986 4290 2050 4350 ὅ.
2086 4290 2182 4350 An
2216 4304 2525 4352 censurae
2559 4286 2995 4352 sustineantur
3026 4286 3089 4351 in
3122 4307 3266 4353 casu
3289 4287 3322 4353 ⁴?

1987 4377 2052 4439 S.
2092 4378 2164 4439 R.
2202 4375 2304 4455 C.,
2352 4372 2428 4438 ad
2477 4373 2853 4440 relationem
2899 4375 3037 4438 Emi
3071 4386 3137 4440 et
3184 4377 3324 4441 Rmi
3357 4380 3427 4441 D.

1852 4463 2038 4529 Card.
2087 4459 2289 4543 Pichi,
2334 4463 2473 4526 loco
2519 4460 2676 4526 dicti
2727 4462 2863 4527 Emi
2909 4462 3230 4544 Ponentis,
3265 4472 3434 4528 utra-

1858 4569 1984 4635 que
2029 4559 2210 4635 parte
2273 4549 2524 4635 scriptis
2575 4558 2640 4614 et
2681 4568 2840 4614 voce
2896 4548 3275 4614 informante
3326 4570 3433 4614 au-

1854 4637 2007 4720 dita,
2060 4635 2549 4702 rescribendum
2597 4635 2883 4701 censuit:

1984 4724 2075 4788 Ad
2134 4728 2194 4788 1.
2245 4745 2282 4787 (1
2318 4723 2710 4788 Affirmative
2746 4745 2805 4787 ».

1926 4808 1937 4812 ”
1984 4810 2080 4876 Ad
2129 4815 2196 4876 2.
2248 4833 2285 4875 ‹
2318 4809 2708 4876 Affirmative
2743 4832 2809 4874 ν.

1988 4898 2081 4963 Ad
2130 4903 2194 4964 3.
2244 4919 2281 4961 (ι
2316 4897 2709 4963 Affirmative
2743 4919 2804 4961 ».

1984 4987 2078 5051 Ad
2124 4990 2189 5051 4.
2241 5007 2278 5049 ‹
2309 4986 2526 5064 Quoad
2621 4995 2939 5051 aramenta
2985 5007 3156 5053 sacra
3190 5005 3316 5054 non
3337 4999 3432 5056 te-

1852 5072 2016 5155 neri,
2078 5073 2197 5137 nisi
2256 5061 2586 5139 deficienti
2636 5093 2708 5139 us
2778 5073 3142 5162 Acolytbis;
3218 5076 3426 5161 quoad

1859 5161 2091 5227 librum
2140 5170 2203 5225 et
2248 5161 2706 5248 palmatoriam,
2756 5161 3144 5228 Affirmative
3179 5185 3241 5229 ι.

1985 5248 2078 5314 Ad
2131 5251 2194 5311 5.
2246 5269 2283 5311 (ι
2317 5250 2516 5314 Petita
2562 5249 2773 5333 venia,
2815 5260 3146 5316 recurrant
3204 5251 3279 5317 ad
3313 5256 3426 5315 Ar-

1857 5334 2335 5423 chiepiscopum
2397 5337 2473 5403 ad
2541 5349 2828 5404 mentem
2861 5352 2936 5412 »3
2996 5348 3060 5402 et
3106 5355 3286 5404 mens
3331 5349 3426 5404 est
