<?xml version="1.0" encoding="UTF-8"?>
<!DOCTYPE html PUBLIC "-//W3C//DTD XHTML 1.0 Transitional//EN"
    "http://www.w3.org/TR/xhtml1/DTD/xhtml1-transitional.dtd">
<html xmlns="http://www.w3.org/1999/xhtml" xml:lang="en" lang="en">
 <head>
  <title>
</title>
<meta http-equiv="Content-Type" content="text/html;charset=utf-8" />
  <meta name='ocr-system' content='tesseract 3.04.00' />
  <meta name='ocr-capabilities' content='ocr_page ocr_carea ocr_par ocr_line ocrx_word'/>
</head>
<body>
  <div class='ocr_page' id='page_1' title='image "./decretaauthenti00ritugoog_0520.png"; bbox 0 0 4042 5950; ppageno 0'>
   <div class='ocr_carea' id='block_1_1' title="bbox 2092 357 2566 437">
    <p class='ocr_par' dir='ltr' id='par_1_1' title="bbox 2092 357 2566 437">
     <span class='ocr_line' id='line_1_1' title="bbox 2092 357 2566 437; baseline -0.002 0"><span class='ocrx_word' id='word_1_1' title='bbox 2092 357 2566 437; x_wconf 84' lang='lat'>—470—</span> 
     </span>
    </p>
   </div>
   <div class='ocr_carea' id='block_1_2' title="bbox 673 517 2275 2609">
    <p class='ocr_par' dir='ltr' id='par_1_2' title="bbox 685 517 2275 679">
     <span class='ocr_line' id='line_1_2' title="bbox 685 517 2275 613; baseline -0.004 -23"><span class='ocrx_word' id='word_1_2' title='bbox 685 523 751 591; x_wconf 92' lang='lat' dir='ltr'>in</span> <span class='ocrx_word' id='word_1_3' title='bbox 797 534 1127 613; x_wconf 88' lang='lat' dir='ltr'>posterum</span> <span class='ocrx_word' id='word_1_4' title='bbox 1186 542 1218 587; x_wconf 96' lang='lat' dir='ltr'>a</span> <span class='ocrx_word' id='word_1_5' title='bbox 1278 518 1591 587; x_wconf 79' lang='lat' dir='ltr'>similibus</span> <span class='ocrx_word' id='word_1_6' title='bbox 1643 520 2062 601; x_wconf 87' lang='lat' dir='ltr'>abstinerent,</span> <span class='ocrx_word' id='word_1_7' title='bbox 2122 517 2275 584; x_wconf 88' lang='lat' dir='ltr'>iuris</span> 
     </span>
     <span class='ocr_line' id='line_1_3' title="bbox 685 610 1635 679; baseline -0.005 0"><span class='ocrx_word' id='word_1_8' title='bbox 685 610 970 679; x_wconf 87' lang='lat' dir='ltr'>remedia</span> <span class='ocrx_word' id='word_1_9' title='bbox 1013 631 1156 679; x_wconf 87' lang='lat' dir='ltr'>sese</span> <span class='ocrx_word' id='word_1_10' title='bbox 1204 610 1635 677; x_wconf 77' lang='lat' dir='ltr'>invocaturos.</span> 
     </span>
    </p>

    <p class='ocr_par' dir='ltr' id='par_1_3' title="bbox 678 691 2273 1928">
     <span class='ocr_line' id='line_1_4' title="bbox 812 691 2270 784; baseline -0.008 -17"><span class='ocrx_word' id='word_1_11' title='bbox 812 700 1018 778; x_wconf 88' lang='lat' dir='ltr'>Quum</span> <span class='ocrx_word' id='word_1_12' title='bbox 1065 709 1280 766; x_wconf 90' lang='lat' dir='ltr'>autem</span> <span class='ocrx_word' id='word_1_13' title='bbox 1326 695 1695 784; x_wconf 88' lang='lat' dir='ltr'>praedictus</span> <span class='ocrx_word' id='word_1_14' title='bbox 1723 696 1902 762; x_wconf 88' lang='lat' dir='ltr'>Prior</span> <span class='ocrx_word' id='word_1_15' title='bbox 1939 705 2124 781; x_wconf 88' lang='lat' dir='ltr'>putet</span> <span class='ocrx_word' id='word_1_16' title='bbox 2154 691 2270 758; x_wconf 88' lang='lat' dir='ltr'>sibi</span> 
     </span>
     <span class='ocr_line' id='line_1_5' title="bbox 679 781 2268 872; baseline -0.006 -18"><span class='ocrx_word' id='word_1_17' title='bbox 679 787 775 854; x_wconf 86' lang='lat' dir='ltr'>ius</span> <span class='ocrx_word' id='word_1_18' title='bbox 820 786 1062 872; x_wconf 75' lang='lat' dir='ltr'>favere,</span> <span class='ocrx_word' id='word_1_19' title='bbox 1112 807 1142 852; x_wconf 94' lang='lat' dir='ltr'>a</span> <span class='ocrx_word' id='word_1_20' title='bbox 1191 789 1375 852; x_wconf 91' lang='lat' dir='ltr'>Sacra</span> <span class='ocrx_word' id='word_1_21' title='bbox 1438 784 1695 851; x_wconf 86' lang='lat' dir='ltr'>Rituum</span> <span class='ocrx_word' id='word_1_22' title='bbox 1759 781 2268 869; x_wconf 74' lang='lat' dir='ltr'>congregatione</span> 
     </span>
     <span class='ocr_line' id='line_1_6' title="bbox 682 871 2273 958; baseline -0.006 -16"><span class='ocrx_word' id='word_1_23' title='bbox 682 874 1014 942; x_wconf 89' lang='lat' dir='ltr'>humiliter</span> <span class='ocrx_word' id='word_1_24' title='bbox 1059 871 1454 958; x_wconf 85' lang='lat' dir='ltr'>insequentis</span> <span class='ocrx_word' id='word_1_25' title='bbox 1500 871 1680 939; x_wconf 89' lang='lat' dir='ltr'>dubii</span> <span class='ocrx_word' id='word_1_26' title='bbox 1725 872 2111 938; x_wconf 85' lang='lat' dir='ltr'>solutionem</span> <span class='ocrx_word' id='word_1_27' title='bbox 2160 887 2273 934; x_wconf 83' lang='lat' dir='ltr'>ex-</span> 
     </span>
     <span class='ocr_line' id='line_1_7' title="bbox 679 955 2272 1049; baseline -0.005 -21"><span class='ocrx_word' id='word_1_28' title='bbox 679 962 1075 1049; x_wconf 79' lang='lat' dir='ltr'>postulavit3</span> <span class='ocrx_word' id='word_1_29' title='bbox 1138 961 1483 1028; x_wconf 86' lang='lat' dir='ltr'>nimirum:</span> <span class='ocrx_word' id='word_1_30' title='bbox 1544 961 1638 1027; x_wconf 77' lang='lat' dir='ltr'>An</span> <span class='ocrx_word' id='word_1_31' title='bbox 1686 959 1871 1025; x_wconf 90' lang='lat' dir='ltr'>liceat</span> <span class='ocrx_word' id='word_1_32' title='bbox 1914 955 2272 1027; x_wconf 86' lang='lat' dir='ltr'>carmelitis</span> 
     </span>
     <span class='ocr_line' id='line_1_8' title="bbox 683 1045 2270 1130; baseline -0.004 -14"><span class='ocrx_word' id='word_1_33' title='bbox 683 1051 1070 1117; x_wconf 83' lang='lat' dir='ltr'>Excalceatis</span> <span class='ocrx_word' id='word_1_34' title='bbox 1116 1047 1415 1115; x_wconf 85' lang='lat' dir='ltr'>coenobii</span> <span class='ocrx_word' id='word_1_35' title='bbox 1477 1048 1580 1114; x_wconf 90' lang='lat' dir='ltr'>siti</span> <span class='ocrx_word' id='word_1_36' title='bbox 1637 1047 1702 1114; x_wconf 88' lang='lat' dir='ltr'>in</span> <span class='ocrx_word' id='word_1_37' title='bbox 1761 1045 2030 1113; x_wconf 81' lang='lat' dir='ltr'>civitate</span> <span class='ocrx_word' id='word_1_38' title='bbox 2077 1045 2270 1130; x_wconf 86' lang='lat' dir='ltr'>vulgo</span> 
     </span>
     <span class='ocr_line' id='line_1_9' title="bbox 682 1134 2269 1221; baseline -0.003 -17"><span class='ocrx_word' id='word_1_39' title='bbox 682 1140 1021 1220; x_wconf 77' lang='lat' dir='ltr'>Bnrntola,</span> <span class='ocrx_word' id='word_1_40' title='bbox 1069 1137 1218 1204; x_wconf 88' lang='lat' dir='ltr'>alias</span> <span class='ocrx_word' id='word_1_41' title='bbox 1278 1134 1655 1221; x_wconf 91' lang='lat' dir='ltr'>conspicua,</span> <span class='ocrx_word' id='word_1_42' title='bbox 1706 1135 1768 1201; x_wconf 91' lang='lat' dir='ltr'>in</span> <span class='ocrx_word' id='word_1_43' title='bbox 1832 1134 2035 1201; x_wconf 87' lang='lat' dir='ltr'>insula</span> <span class='ocrx_word' id='word_1_44' title='bbox 2094 1134 2269 1200; x_wconf 74' lang='lat' dir='ltr'>Meli·</span> 
     </span>
     <span class='ocr_line' id='line_1_10' title="bbox 681 1224 2266 1311; baseline -0.002 -21"><span class='ocrx_word' id='word_1_45' title='bbox 681 1227 869 1311; x_wconf 87' lang='lat' dir='ltr'>tensi,</span> <span class='ocrx_word' id='word_1_46' title='bbox 918 1228 1035 1294; x_wconf 88' lang='lat' dir='ltr'>sub</span> <span class='ocrx_word' id='word_1_47' title='bbox 1085 1224 1272 1291; x_wconf 90' lang='lat' dir='ltr'>titulo</span> <span class='ocrx_word' id='word_1_48' title='bbox 1319 1226 1383 1290; x_wconf 89' lang='lat' dir='ltr'>S.</span> <span class='ocrx_word' id='word_1_49' title='bbox 1419 1225 1742 1307; x_wconf 84' lang='lat' dir='ltr'>Teresiae,</span> <span class='ocrx_word' id='word_1_50' title='bbox 1774 1239 2090 1308; x_wconf 74' lang='lat' dir='ltr'>peragere</span> <span class='ocrx_word' id='word_1_51' title='bbox 2121 1225 2266 1288; x_wconf 89' lang='lat' dir='ltr'>Pro-</span> 
     </span>
     <span class='ocr_line' id='line_1_11' title="bbox 682 1308 2268 1381; baseline -0.004 0"><span class='ocrx_word' id='word_1_52' title='bbox 682 1315 1033 1381; x_wconf 90' lang='lat' dir='ltr'>cessionem</span> <span class='ocrx_word' id='word_1_53' title='bbox 1082 1310 1462 1381; x_wconf 82' lang='lat' dir='ltr'>sanctissimi</span> <span class='ocrx_word' id='word_1_54' title='bbox 1520 1308 1904 1378; x_wconf 88' lang='lat' dir='ltr'>Sacramenti</span> <span class='ocrx_word' id='word_1_55' title='bbox 1951 1308 2268 1376; x_wconf 88' lang='lat' dir='ltr'>Dominica</span> 
     </span>
     <span class='ocr_line' id='line_1_12' title="bbox 680 1398 2267 1486; baseline -0.004 -19"><span class='ocrx_word' id='word_1_56' title='bbox 680 1399 839 1467; x_wconf 75' lang='lat' dir='ltr'>inira</span> <span class='ocrx_word' id='word_1_57' title='bbox 878 1413 1163 1469; x_wconf 80' lang='lat' dir='ltr'>octavam</span> <span class='ocrx_word' id='word_1_58' title='bbox 1193 1398 1491 1486; x_wconf 87' lang='lat' dir='ltr'>corporis</span> <span class='ocrx_word' id='word_1_59' title='bbox 1523 1399 1753 1466; x_wconf 81' lang='lat' dir='ltr'>Christi</span> <span class='ocrx_word' id='word_1_60' title='bbox 1787 1408 1962 1464; x_wconf 84' lang='lat' dir='ltr'>extra</span> <span class='ocrx_word' id='word_1_61' title='bbox 1997 1398 2267 1464; x_wconf 87' lang='lat' dir='ltr'>claustra</span> 
     </span>
     <span class='ocr_line' id='line_1_13' title="bbox 682 1484 2271 1576; baseline -0.003 -22"><span class='ocrx_word' id='word_1_62' title='bbox 682 1497 748 1554; x_wconf 92' lang='lat' dir='ltr'>et</span> <span class='ocrx_word' id='word_1_63' title='bbox 791 1507 913 1576; x_wconf 88' lang='lat' dir='ltr'>per</span> <span class='ocrx_word' id='word_1_64' title='bbox 956 1492 1286 1556; x_wconf 87' lang='lat' dir='ltr'>Paroeciae</span> <span class='ocrx_word' id='word_1_65' title='bbox 1317 1488 1486 1565; x_wconf 79' lang='lat' dir='ltr'>vias;</span> <span class='ocrx_word' id='word_1_66' title='bbox 1530 1489 1591 1552; x_wconf 88' lang='lat' dir='ltr'>in</span> <span class='ocrx_word' id='word_1_67' title='bbox 1627 1506 1826 1573; x_wconf 87' lang='lat' dir='ltr'>eaque</span> <span class='ocrx_word' id='word_1_68' title='bbox 1873 1485 2056 1552; x_wconf 81' lang='lat' dir='ltr'>aliani</span> <span class='ocrx_word' id='word_1_69' title='bbox 2105 1484 2271 1551; x_wconf 85' lang='lat' dir='ltr'>Reli-</span> 
     </span>
     <span class='ocr_line' id='line_1_14' title="bbox 680 1572 2268 1664; baseline -0.001 -24"><span class='ocrx_word' id='word_1_70' title='bbox 680 1576 921 1664; x_wconf 91' lang='lat' dir='ltr'>giosam</span> <span class='ocrx_word' id='word_1_71' title='bbox 980 1574 1303 1644; x_wconf 83' lang='lat' dir='ltr'>Familiam</span> <span class='ocrx_word' id='word_1_72' title='bbox 1369 1574 1669 1659; x_wconf 81' lang='lat' dir='ltr'>invitare,</span> <span class='ocrx_word' id='word_1_73' title='bbox 1721 1587 1785 1641; x_wconf 91' lang='lat' dir='ltr'>et</span> <span class='ocrx_word' id='word_1_74' title='bbox 1840 1574 2016 1640; x_wconf 89' lang='lat' dir='ltr'>alteri</span> <span class='ocrx_word' id='word_1_75' title='bbox 2082 1572 2268 1640; x_wconf 90' lang='lat' dir='ltr'>huius</span> 
     </span>
     <span class='ocr_line' id='line_1_15' title="bbox 679 1660 2267 1733; baseline -0.002 -4"><span class='ocrx_word' id='word_1_76' title='bbox 679 1664 976 1732; x_wconf 80' lang='lat' dir='ltr'>Familiae</span> <span class='ocrx_word' id='word_1_77' title='bbox 1006 1668 1130 1733; x_wconf 80' lang='lat' dir='ltr'>ves</span> <span class='ocrx_word' id='word_1_78' title='bbox 1182 1681 1432 1730; x_wconf 89' lang='lat' dir='ltr'>erarum</span> <span class='ocrx_word' id='word_1_79' title='bbox 1469 1662 1966 1731; x_wconf 80' lang='lat' dir='ltr'>celebrationem</span> <span class='ocrx_word' id='word_1_80' title='bbox 2002 1671 2069 1727; x_wconf 91' lang='lat' dir='ltr'>et</span> <span class='ocrx_word' id='word_1_81' title='bbox 2094 1660 2267 1728; x_wconf 77' lang='lat' dir='ltr'>SSmi</span> 
     </span>
     <span class='ocr_line' id='line_1_16' title="bbox 678 1748 2264 1835; baseline -0.003 -17"><span class='ocrx_word' id='word_1_82' title='bbox 678 1752 1067 1819; x_wconf 87' lang='lat' dir='ltr'>Sacramenti</span> <span class='ocrx_word' id='word_1_83' title='bbox 1162 1750 1504 1818; x_wconf 89' lang='lat' dir='ltr'>elationem</span> <span class='ocrx_word' id='word_1_84' title='bbox 1552 1748 1981 1833; x_wconf 81' lang='lat' dir='ltr'>committere,</span> <span class='ocrx_word' id='word_1_85' title='bbox 2031 1751 2264 1835; x_wconf 84' lang='lat' dir='ltr'>absque</span> 
     </span>
     <span class='ocr_line' id='line_1_17' title="bbox 679 1835 1681 1928; baseline 0 -24"><span class='ocrx_word' id='word_1_86' title='bbox 679 1838 974 1928; x_wconf 83' lang='lat' dir='ltr'>Episcopi</span> <span class='ocrx_word' id='word_1_87' title='bbox 1024 1850 1090 1906; x_wconf 91' lang='lat' dir='ltr'>et</span> <span class='ocrx_word' id='word_1_88' title='bbox 1135 1839 1394 1905; x_wconf 90' lang='lat' dir='ltr'>Parochi</span> <span class='ocrx_word' id='word_1_89' title='bbox 1443 1835 1681 1905; x_wconf 70' lang='lat' dir='ltr'>venia?</span> 
     </span>
    </p>

    <p class='ocr_par' dir='ltr' id='par_1_4' title="bbox 673 1923 2270 2539">
     <span class='ocr_line' id='line_1_18' title="bbox 811 1923 2270 2013; baseline -0.005 -19"><span class='ocrx_word' id='word_1_90' title='bbox 811 1929 992 1994; x_wconf 90' lang='lat' dir='ltr'>Sacra</span> <span class='ocrx_word' id='word_1_91' title='bbox 1026 1947 1180 1994; x_wconf 81' lang='lat' dir='ltr'>vero</span> <span class='ocrx_word' id='word_1_92' title='bbox 1214 1926 1436 1993; x_wconf 89' lang='lat' dir='ltr'>eadem</span> <span class='ocrx_word' id='word_1_93' title='bbox 1470 1924 1919 2013; x_wconf 85' lang='lat' dir='ltr'>congregatio,</span> <span class='ocrx_word' id='word_1_94' title='bbox 1945 1923 2270 2012; x_wconf 86' lang='lat' dir='ltr'>requisitis</span> 
     </span>
     <span class='ocr_line' id='line_1_19' title="bbox 678 2014 2263 2102; baseline -0.002 -23"><span class='ocrx_word' id='word_1_95' title='bbox 678 2014 853 2102; x_wconf 86' lang='lat' dir='ltr'>prius</span> <span class='ocrx_word' id='word_1_96' title='bbox 900 2015 1342 2082; x_wconf 79' lang='lat' dir='ltr'>informatione</span> <span class='ocrx_word' id='word_1_97' title='bbox 1390 2025 1455 2081; x_wconf 89' lang='lat' dir='ltr'>et</span> <span class='ocrx_word' id='word_1_98' title='bbox 1499 2026 1647 2079; x_wconf 83' lang='lat' dir='ltr'>voto</span> <span class='ocrx_word' id='word_1_99' title='bbox 1695 2035 1726 2078; x_wconf 92' lang='lat' dir='ltr'>a</span> <span class='ocrx_word' id='word_1_100' title='bbox 1773 2017 1932 2081; x_wconf 74' lang='lat' dir='ltr'>Rmo</span> <span class='ocrx_word' id='word_1_101' title='bbox 1979 2015 2114 2080; x_wconf 74' lang='lat' dir='ltr'>Duo</span> <span class='ocrx_word' id='word_1_102' title='bbox 2150 2015 2263 2078; x_wconf 83' lang='lat' dir='ltr'>Ar-</span> 
     </span>
     <span class='ocr_line' id='line_1_20' title="bbox 674 2101 2263 2203; baseline -0.001 -36"><span class='ocrx_word' id='word_1_103' title='bbox 674 2101 1084 2203; x_wconf 87' lang='lat' dir='ltr'>chiepiscopo</span> <span class='ocrx_word' id='word_1_104' title='bbox 1129 2101 1470 2186; x_wconf 79' lang='lat' dir='ltr'>Melitensi,</span> <span class='ocrx_word' id='word_1_105' title='bbox 1505 2101 1845 2188; x_wconf 90' lang='lat' dir='ltr'>auditaque</span> <span class='ocrx_word' id='word_1_106' title='bbox 1884 2101 2074 2167; x_wconf 90' lang='lat' dir='ltr'>etiam</span> <span class='ocrx_word' id='word_1_107' title='bbox 2119 2120 2263 2167; x_wconf 91' lang='lat' dir='ltr'>sen-</span> 
     </span>
     <span class='ocr_line' id='line_1_21' title="bbox 678 2188 2260 2279; baseline -0.001 -25"><span class='ocrx_word' id='word_1_108' title='bbox 678 2198 867 2255; x_wconf 78' lang='lat' dir='ltr'>tentia</span> <span class='ocrx_word' id='word_1_109' title='bbox 919 2191 981 2256; x_wconf 92' lang='lat' dir='ltr'>in</span> <span class='ocrx_word' id='word_1_110' title='bbox 1026 2190 1277 2279; x_wconf 88' lang='lat' dir='ltr'>scriptis</span> <span class='ocrx_word' id='word_1_111' title='bbox 1322 2191 1584 2256; x_wconf 89' lang='lat' dir='ltr'>alterius</span> <span class='ocrx_word' id='word_1_112' title='bbox 1630 2208 1711 2256; x_wconf 83' lang='lat' dir='ltr'>ex</span> <span class='ocrx_word' id='word_1_113' title='bbox 1757 2188 2260 2276; x_wconf 80' lang='lat' dir='ltr'>Apostolicarum</span> 
     </span>
     <span class='ocr_line' id='line_1_22' title="bbox 674 2276 2260 2364; baseline -0.002 -20"><span class='ocrx_word' id='word_1_114' title='bbox 674 2278 1228 2346; x_wconf 85' lang='lat' dir='ltr'>Caeremoniarum</span> <span class='ocrx_word' id='word_1_115' title='bbox 1252 2276 1583 2364; x_wconf 78' lang='lat' dir='ltr'>Magistris,</span> <span class='ocrx_word' id='word_1_116' title='bbox 1609 2278 1687 2344; x_wconf 89' lang='lat' dir='ltr'>ad</span> <span class='ocrx_word' id='word_1_117' title='bbox 1715 2278 2091 2344; x_wconf 89' lang='lat' dir='ltr'>relationem</span> <span class='ocrx_word' id='word_1_118' title='bbox 2114 2276 2260 2342; x_wconf 90' lang='lat' dir='ltr'>sub-</span> 
     </span>
     <span class='ocr_line' id='line_1_23' title="bbox 673 2363 2260 2453; baseline -0.002 -22"><span class='ocrx_word' id='word_1_119' title='bbox 673 2364 891 2453; x_wconf 87' lang='lat' dir='ltr'>scripti</span> <span class='ocrx_word' id='word_1_120' title='bbox 939 2365 1277 2432; x_wconf 88' lang='lat' dir='ltr'>Secretarii</span> <span class='ocrx_word' id='word_1_121' title='bbox 1317 2367 1644 2453; x_wconf 86' lang='lat' dir='ltr'>proposito</span> <span class='ocrx_word' id='word_1_122' title='bbox 1676 2365 1872 2433; x_wconf 90' lang='lat' dir='ltr'>dubio</span> <span class='ocrx_word' id='word_1_123' title='bbox 1906 2363 2260 2430; x_wconf 85' lang='lat' dir='ltr'>rescribere</span> 
     </span>
     <span class='ocr_line' id='line_1_24' title="bbox 674 2450 2258 2539; baseline 0 -21"><span class='ocrx_word' id='word_1_124' title='bbox 674 2453 959 2521; x_wconf 84' lang='lat' dir='ltr'>censuit:</span> <span class='ocrx_word' id='word_1_125' title='bbox 990 2474 1029 2518; x_wconf 67' lang='lat' dir='ltr'>s</span> <span class='ocrx_word' id='word_1_126' title='bbox 1055 2453 1447 2520; x_wconf 78' lang='lat' dir='ltr'>Affirmative</span> <span class='ocrx_word' id='word_1_127' title='bbox 1473 2475 1541 2519; x_wconf 60' lang='grc' dir='ltr'>ν.</span> <span class='ocrx_word' id='word_1_128' title='bbox 1565 2457 1775 2539; x_wconf 79' lang='lat' dir='ltr'>Atque</span> <span class='ocrx_word' id='word_1_129' title='bbox 1802 2454 1884 2518; x_wconf 88' lang='lat' dir='ltr'>ita</span> <span class='ocrx_word' id='word_1_130' title='bbox 1910 2450 2258 2537; x_wconf 85' lang='lat' dir='ltr'>rescripsit.</span> 
     </span>
    </p>

    <p class='ocr_par' dir='ltr' id='par_1_5' title="bbox 803 2540 1526 2609">
     <span class='ocr_line' id='line_1_25' title="bbox 803 2540 1526 2609; baseline 0.003 -3"><span class='ocrx_word' id='word_1_131' title='bbox 803 2540 919 2609; x_wconf 87' lang='lat' dir='ltr'>Die</span> <span class='ocrx_word' id='word_1_132' title='bbox 965 2544 1049 2609; x_wconf 80' lang='lat'>20</span> <span class='ocrx_word' id='word_1_133' title='bbox 1095 2541 1296 2607; x_wconf 71' lang='lat' dir='ltr'>Martii</span> <span class='ocrx_word' id='word_1_134' title='bbox 1334 2544 1526 2608; x_wconf 98' lang='grc'><strong>1869.</strong></span> 
     </span>
    </p>
   </div>
   <div class='ocr_carea' id='block_1_3' title="bbox 671 2682 1709 2751">
    <p class='ocr_par' dir='ltr' id='par_1_6' title="bbox 671 2682 1709 2751">
     <span class='ocr_line' id='line_1_26' title="bbox 671 2682 1709 2751; baseline -0.001 0"><span class='ocrx_word' id='word_1_135' title='bbox 671 2682 927 2751; x_wconf 79' lang='grc'><strong>3196.</strong></span> <span class='ocrx_word' id='word_1_136' title='bbox 1218 2684 1709 2750; x_wconf 81' lang='lat' dir='ltr'>VERCELLEN.</span> 
     </span>
    </p>
   </div>
   <div class='ocr_carea' id='block_1_4' title="bbox 650 2803 2259 5266">
    <p class='ocr_par' dir='ltr' id='par_1_7' title="bbox 655 2803 2259 3420">
     <span class='ocr_line' id='line_1_27' title="bbox 802 2803 2259 2893; baseline -0.002 -22"><span class='ocrx_word' id='word_1_137' title='bbox 802 2803 1096 2890; x_wconf 71' lang='lat' dir='ltr'>Magister</span> <span class='ocrx_word' id='word_1_138' title='bbox 1161 2804 1717 2870; x_wconf 87' lang='lat' dir='ltr'>Caeremoniarum</span> <span class='ocrx_word' id='word_1_139' title='bbox 1779 2803 2259 2893; x_wconf 79' lang='lat' dir='ltr'>Archiepiscopi</span> 
     </span>
     <span class='ocr_line' id='line_1_28' title="bbox 671 2890 2258 2992; baseline -0.003 -31"><span class='ocrx_word' id='word_1_140' title='bbox 671 2890 1099 2962; x_wconf 77' lang='lat' dir='ltr'>vercellensis</span> <span class='ocrx_word' id='word_1_141' title='bbox 1169 2894 1505 2959; x_wconf 85' lang='lat' dir='ltr'>Sacrorum</span> <span class='ocrx_word' id='word_1_142' title='bbox 1571 2892 1829 2959; x_wconf 80' lang='lat' dir='ltr'>Rituum</span> <span class='ocrx_word' id='word_1_143' title='bbox 1893 2895 2258 2992; x_wconf 87' lang='lat' dir='ltr'>congrega-</span> 
     </span>
     <span class='ocr_line' id='line_1_29' title="bbox 669 2979 2255 3066; baseline -0.001 -17"><span class='ocrx_word' id='word_1_144' title='bbox 669 2980 828 3049; x_wconf 90' lang='lat' dir='ltr'>tioni</span> <span class='ocrx_word' id='word_1_145' title='bbox 863 2979 1197 3048; x_wconf 90' lang='lat' dir='ltr'>humiliter</span> <span class='ocrx_word' id='word_1_146' title='bbox 1243 2999 1323 3047; x_wconf 83' lang='lat' dir='ltr'>ex</span> <span class='ocrx_word' id='word_1_147' title='bbox 1413 3000 1597 3066; x_wconf 89' lang='lat' dir='ltr'>nens,</span> <span class='ocrx_word' id='word_1_148' title='bbox 1630 2980 1707 3047; x_wconf 90' lang='lat' dir='ltr'>ad</span> <span class='ocrx_word' id='word_1_149' title='bbox 1744 2980 2255 3049; x_wconf 78' lang='lat' dir='ltr'>benedictionem</span> 
     </span>
     <span class='ocr_line' id='line_1_30' title="bbox 669 3067 2254 3159; baseline -0.002 -22"><span class='ocrx_word' id='word_1_150' title='bbox 669 3072 973 3159; x_wconf 89' lang='lat' dir='ltr'>gutturis,</span> <span class='ocrx_word' id='word_1_151' title='bbox 1008 3088 1171 3156; x_wconf 88' lang='lat' dir='ltr'>quae</span> <span class='ocrx_word' id='word_1_152' title='bbox 1220 3069 1294 3136; x_wconf 83' lang='lat' dir='ltr'>tit</span> <span class='ocrx_word' id='word_1_153' title='bbox 1369 3070 1426 3135; x_wconf 93' lang='lat' dir='ltr'>ie</span> <span class='ocrx_word' id='word_1_154' title='bbox 1473 3073 1552 3136; x_wconf 87' lang='lat'>111</span> <span class='ocrx_word' id='word_1_155' title='bbox 1588 3067 1935 3154; x_wconf 82' lang='lat' dir='ltr'>Februarii,</span> <span class='ocrx_word' id='word_1_156' title='bbox 1969 3068 2254 3136; x_wconf 88' lang='lat' dir='ltr'>adhiberi</span> 
     </span>
     <span class='ocr_line' id='line_1_31' title="bbox 655 3156 2257 3241; baseline -0.002 -15"><span class='ocrx_word' id='word_1_157' title='bbox 655 3156 959 3226; x_wconf 78' lang='lat' dir='ltr'>candelas</span> <span class='ocrx_word' id='word_1_158' title='bbox 1007 3157 1371 3225; x_wconf 88' lang='lat' dir='ltr'>benedictas</span> <span class='ocrx_word' id='word_1_159' title='bbox 1416 3159 1525 3226; x_wconf 92' lang='lat' dir='ltr'>die</span> <span class='ocrx_word' id='word_1_160' title='bbox 1582 3156 2014 3241; x_wconf 88' lang='lat' dir='ltr'>antecedenti,</span> <span class='ocrx_word' id='word_1_161' title='bbox 2072 3156 2257 3223; x_wconf 90' lang='lat' dir='ltr'>nimi-</span> 
     </span>
     <span class='ocr_line' id='line_1_32' title="bbox 669 3244 2255 3328; baseline -0.002 -15"><span class='ocrx_word' id='word_1_162' title='bbox 669 3264 813 3313; x_wconf 91' lang='lat' dir='ltr'>rum</span> <span class='ocrx_word' id='word_1_163' title='bbox 860 3244 925 3313; x_wconf 92' lang='lat' dir='ltr'>in</span> <span class='ocrx_word' id='word_1_164' title='bbox 970 3250 1156 3311; x_wconf 85' lang='lat' dir='ltr'>Festo</span> <span class='ocrx_word' id='word_1_165' title='bbox 1203 3244 1657 3313; x_wconf 82' lang='lat' dir='ltr'>Purificationis</span> <span class='ocrx_word' id='word_1_166' title='bbox 1684 3249 1753 3311; x_wconf 88' lang='lat' dir='ltr'>B.</span> <span class='ocrx_word' id='word_1_167' title='bbox 1790 3248 1869 3312; x_wconf 75' lang='grc' dir='ltr'>Μ.</span> <span class='ocrx_word' id='word_1_168' title='bbox 1901 3247 2009 3328; x_wconf 63' lang='lat' dir='ltr'>V„</span> <span class='ocrx_word' id='word_1_169' title='bbox 2044 3245 2122 3311; x_wconf 89' lang='lat' dir='ltr'>ab</span> <span class='ocrx_word' id='word_1_170' title='bbox 2155 3265 2255 3312; x_wconf 88' lang='lat' dir='ltr'>ea·</span> 
     </span>
     <span class='ocr_line' id='line_1_33' title="bbox 666 3332 2099 3420; baseline -0.002 -18"><span class='ocrx_word' id='word_1_171' title='bbox 666 3334 817 3402; x_wconf 89' lang='lat' dir='ltr'>dem</span> <span class='ocrx_word' id='word_1_172' title='bbox 868 3335 1049 3401; x_wconf 87' lang='lat' dir='ltr'>Sacra</span> <span class='ocrx_word' id='word_1_173' title='bbox 1088 3334 1598 3420; x_wconf 74' lang='lat' dir='ltr'>congregatione</span> <span class='ocrx_word' id='word_1_174' title='bbox 1630 3332 2099 3420; x_wconf 72' lang='lat' dir='ltr'>expostulavitt</span> 
     </span>
    </p>

    <p class='ocr_par' dir='ltr' id='par_1_8' title="bbox 660 3421 2252 4542">
     <span class='ocr_line' id='line_1_34' title="bbox 799 3421 2252 3508; baseline -0.001 -19"><span class='ocrx_word' id='word_1_175' title='bbox 799 3427 846 3489; x_wconf 91' lang='lat'>1.</span> <span class='ocrx_word' id='word_1_176' title='bbox 897 3427 996 3489; x_wconf 83' lang='lat' dir='ltr'>An</span> <span class='ocrx_word' id='word_1_177' title='bbox 1039 3422 1375 3508; x_wconf 85' lang='lat' dir='ltr'>Sacerdos,</span> <span class='ocrx_word' id='word_1_178' title='bbox 1424 3433 1683 3508; x_wconf 91' lang='lat' dir='ltr'>praeter</span> <span class='ocrx_word' id='word_1_179' title='bbox 1728 3421 1962 3488; x_wconf 91' lang='lat' dir='ltr'>Stolam</span> <span class='ocrx_word' id='word_1_180' title='bbox 2008 3441 2046 3488; x_wconf 92' lang='lat' dir='ltr'>e</span> <span class='ocrx_word' id='word_1_181' title='bbox 2085 3422 2252 3489; x_wconf 90' lang='lat' dir='ltr'>collo</span> 
     </span>
     <span class='ocr_line' id='line_1_35' title="bbox 665 3508 2250 3596; baseline 0 -21"><span class='ocrx_word' id='word_1_182' title='bbox 665 3510 1060 3596; x_wconf 87' lang='lat' dir='ltr'>pendentem</span> <span class='ocrx_word' id='word_1_183' title='bbox 1119 3508 1422 3576; x_wconf 90' lang='lat' dir='ltr'>adhibere</span> <span class='ocrx_word' id='word_1_184' title='bbox 1487 3509 1718 3577; x_wconf 89' lang='lat' dir='ltr'>debeat</span> <span class='ocrx_word' id='word_1_185' title='bbox 1772 3508 1956 3575; x_wconf 90' lang='lat' dir='ltr'>aliam</span> <span class='ocrx_word' id='word_1_186' title='bbox 2010 3510 2250 3578; x_wconf 88' lang='lat' dir='ltr'>Stolam</span> 
     </span>
     <span class='ocr_line' id='line_1_36' title="bbox 667 3594 2251 3683; baseline 0.001 -22"><span class='ocrx_word' id='word_1_187' title='bbox 667 3594 841 3662; x_wconf 88' lang='lat' dir='ltr'>rubri</span> <span class='ocrx_word' id='word_1_188' title='bbox 902 3597 1168 3679; x_wconf 88' lang='lat' dir='ltr'>coloris,</span> <span class='ocrx_word' id='word_1_189' title='bbox 1226 3616 1386 3683; x_wconf 88' lang='lat' dir='ltr'>quae</span> <span class='ocrx_word' id='word_1_190' title='bbox 1445 3597 1511 3664; x_wconf 93' lang='lat' dir='ltr'>in</span> <span class='ocrx_word' id='word_1_191' title='bbox 1575 3596 1862 3663; x_wconf 89' lang='lat' dir='ltr'>manibus</span> <span class='ocrx_word' id='word_1_192' title='bbox 1921 3597 2251 3666; x_wconf 79' lang='lat' dir='ltr'>deferatur</span> 
     </span>
     <span class='ocr_line' id='line_1_37' title="bbox 668 3683 2249 3773; baseline 0.003 -25"><span class='ocrx_word' id='word_1_193' title='bbox 668 3683 788 3769; x_wconf 88' lang='lat' dir='ltr'>(uti</span> <span class='ocrx_word' id='word_1_194' title='bbox 834 3684 898 3749; x_wconf 91' lang='lat' dir='ltr'>in</span> <span class='ocrx_word' id='word_1_195' title='bbox 948 3685 1172 3750; x_wconf 87' lang='lat' dir='ltr'>eadem</span> <span class='ocrx_word' id='word_1_196' title='bbox 1233 3685 1705 3753; x_wconf 77' lang='lat' dir='ltr'>Archidioecesi</span> <span class='ocrx_word' id='word_1_197' title='bbox 1753 3683 1848 3773; x_wconf 82' lang='lat' dir='ltr'>fit)</span> <span class='ocrx_word' id='word_1_198' title='bbox 1907 3686 2110 3752; x_wconf 81' lang='lat' dir='ltr'>veluti</span> <span class='ocrx_word' id='word_1_199' title='bbox 2170 3688 2249 3753; x_wconf 82' lang='lat' dir='ltr'>ad</span> 
     </span>
     <span class='ocr_line' id='line_1_38' title="bbox 668 3769 2249 3861; baseline 0.002 -25"><span class='ocrx_word' id='word_1_200' title='bbox 668 3769 981 3838; x_wconf 88' lang='lat' dir='ltr'>uniendas</span> <span class='ocrx_word' id='word_1_201' title='bbox 1025 3771 1182 3838; x_wconf 76' lang='lat' dir='ltr'>duas</span> <span class='ocrx_word' id='word_1_202' title='bbox 1228 3773 1541 3858; x_wconf 88' lang='lat' dir='ltr'>candelas,</span> <span class='ocrx_word' id='word_1_203' title='bbox 1589 3792 1752 3860; x_wconf 91' lang='lat' dir='ltr'>quae</span> <span class='ocrx_word' id='word_1_204' title='bbox 1800 3792 1918 3861; x_wconf 94' lang='lat' dir='ltr'>pro</span> <span class='ocrx_word' id='word_1_205' title='bbox 1962 3773 2079 3840; x_wconf 93' lang='lat' dir='ltr'>hac</span> <span class='ocrx_word' id='word_1_206' title='bbox 2140 3775 2249 3841; x_wconf 89' lang='lat' dir='ltr'>be-</span> 
     </span>
     <span class='ocr_line' id='line_1_39' title="bbox 664 3858 2246 3947; baseline 0.002 -21"><span class='ocrx_word' id='word_1_207' title='bbox 664 3858 1031 3926; x_wconf 88' lang='lat' dir='ltr'>nedictione</span> <span class='ocrx_word' id='word_1_208' title='bbox 1078 3859 1490 3944; x_wconf 84' lang='lat' dir='ltr'>adhibentur,</span> <span class='ocrx_word' id='word_1_209' title='bbox 1536 3880 1832 3947; x_wconf 87' lang='lat' dir='ltr'>quaeque</span> <span class='ocrx_word' id='word_1_210' title='bbox 1889 3860 2035 3929; x_wconf 89' lang='lat' dir='ltr'>hinc</span> <span class='ocrx_word' id='word_1_211' title='bbox 2095 3861 2246 3929; x_wconf 89' lang='lat' dir='ltr'>inde</span> 
     </span>
     <span class='ocr_line' id='line_1_40' title="bbox 663 3946 2247 4037; baseline 0.003 -25"><span class='ocrx_word' id='word_1_212' title='bbox 663 3967 698 4012; x_wconf 87' lang='lat' dir='ltr'>a</span> <span class='ocrx_word' id='word_1_213' title='bbox 743 3966 962 4033; x_wconf 90' lang='lat' dir='ltr'>cruce,</span> <span class='ocrx_word' id='word_1_214' title='bbox 1012 3946 1076 4013; x_wconf 91' lang='lat' dir='ltr'>in</span> <span class='ocrx_word' id='word_1_215' title='bbox 1122 3946 1335 4015; x_wconf 91' lang='lat' dir='ltr'>medio</span> <span class='ocrx_word' id='word_1_216' title='bbox 1383 3948 1578 4037; x_wconf 88' lang='lat' dir='ltr'>ipsius</span> <span class='ocrx_word' id='word_1_217' title='bbox 1624 3950 1837 4017; x_wconf 91' lang='lat' dir='ltr'>Stolae</span> <span class='ocrx_word' id='word_1_218' title='bbox 1882 3949 2109 4037; x_wconf 88' lang='lat' dir='ltr'>posita,</span> <span class='ocrx_word' id='word_1_219' title='bbox 2146 3969 2247 4016; x_wconf 89' lang='lat' dir='ltr'>re-</span> 
     </span>
     <span class='ocr_line' id='line_1_41' title="bbox 663 4046 2243 4129; baseline 0.002 -28"><span class='ocrx_word' id='word_1_220' title='bbox 663 4046 919 4121; x_wconf 86' lang='lat' dir='ltr'>gantur,</span> <span class='ocrx_word' id='word_1_221' title='bbox 969 4053 1112 4129; x_wconf 75' lang='lat' dir='ltr'>cum</span> <span class='ocrx_word' id='word_1_222' title='bbox 1160 4055 1282 4121; x_wconf 89' lang='lat' dir='ltr'>qua</span> <span class='ocrx_word' id='word_1_223' title='bbox 1341 4055 1530 4104; x_wconf 90' lang='lat' dir='ltr'>cruce</span> <span class='ocrx_word' id='word_1_224' title='bbox 1593 4046 1889 4125; x_wconf 85' lang='lat' dir='ltr'>tangatur</span> <span class='ocrx_word' id='word_1_225' title='bbox 1951 4049 2243 4104; x_wconf 87' lang='lat' dir='ltr'>mentum</span> 
     </span>
     <span class='ocr_line' id='line_1_42' title="bbox 663 4123 2244 4213; baseline 0.001 -24"><span class='ocrx_word' id='word_1_226' title='bbox 663 4125 730 4189; x_wconf 88' lang='lat' dir='ltr'>in</span> <span class='ocrx_word' id='word_1_227' title='bbox 774 4133 920 4190; x_wconf 90' lang='lat' dir='ltr'>actu</span> <span class='ocrx_word' id='word_1_228' title='bbox 964 4123 1472 4205; x_wconf 89' lang='lat' dir='ltr'>benedictionis;</span> <span class='ocrx_word' id='word_1_229' title='bbox 1520 4127 1622 4192; x_wconf 83' lang='lat' dir='ltr'>vel</span> <span class='ocrx_word' id='word_1_230' title='bbox 1669 4127 1882 4213; x_wconf 89' lang='lat' dir='ltr'>potius</span> <span class='ocrx_word' id='word_1_231' title='bbox 1937 4126 1999 4191; x_wconf 91' lang='lat' dir='ltr'>in</span> <span class='ocrx_word' id='word_1_232' title='bbox 2048 4125 2244 4194; x_wconf 89' lang='lat' dir='ltr'>mani·</span> 
     </span>
     <span class='ocr_line' id='line_1_43' title="bbox 660 4210 2244 4300; baseline 0.001 -21"><span class='ocrx_word' id='word_1_233' title='bbox 660 4212 779 4279; x_wconf 87' lang='lat' dir='ltr'>bus</span> <span class='ocrx_word' id='word_1_234' title='bbox 823 4210 993 4277; x_wconf 88' lang='lat' dir='ltr'>solae</span> <span class='ocrx_word' id='word_1_235' title='bbox 1060 4211 1360 4278; x_wconf 85' lang='lat' dir='ltr'>candelae</span> <span class='ocrx_word' id='word_1_236' title='bbox 1422 4214 1744 4281; x_wconf 90' lang='lat' dir='ltr'>tenendae</span> <span class='ocrx_word' id='word_1_237' title='bbox 1792 4214 1950 4298; x_wconf 88' lang='lat' dir='ltr'>sint,</span> <span class='ocrx_word' id='word_1_238' title='bbox 2001 4231 2244 4300; x_wconf 88' lang='lat' dir='ltr'>eaeque</span> 
     </span>
     <span class='ocr_line' id='line_1_44' title="bbox 660 4298 2243 4390; baseline 0.004 -27"><span class='ocrx_word' id='word_1_239' title='bbox 660 4299 727 4367; x_wconf 91' lang='lat' dir='ltr'>in</span> <span class='ocrx_word' id='word_1_240' title='bbox 772 4298 1284 4366; x_wconf 80' lang='lat' dir='ltr'>extremitatibus</span> <span class='ocrx_word' id='word_1_241' title='bbox 1347 4301 1750 4369; x_wconf 83' lang='lat' dir='ltr'>inferioribus</span> <span class='ocrx_word' id='word_1_242' title='bbox 1802 4303 2243 4390; x_wconf 84' lang='lat' dir='ltr'>approximan-</span> 
     </span>
     <span class='ocr_line' id='line_1_45' title="bbox 660 4386 2243 4541; baseline 0.001 -87"><span class='ocrx_word' id='word_1_243' title='bbox 660 4387 782 4454; x_wconf 89' lang='lat' dir='ltr'>dae</span> <span class='ocrx_word' id='word_1_244' title='bbox 826 4386 946 4541; x_wconf 57' lang='lat' dir='ltr'>gub</span> <span class='ocrx_word' id='word_1_245' title='bbox 993 4397 1210 4454; x_wconf 89' lang='lat' dir='ltr'>mento</span> <span class='ocrx_word' id='word_1_246' title='bbox 1270 4389 1330 4455; x_wconf 93' lang='lat' dir='ltr'>in</span> <span class='ocrx_word' id='word_1_247' title='bbox 1387 4389 1714 4475; x_wconf 87' lang='lat' dir='ltr'>praedicto</span> <span class='ocrx_word' id='word_1_248' title='bbox 1778 4390 2243 4458; x_wconf 88' lang='lat' dir='ltr'>benedictionis</span> 
     </span>
     <span class='ocr_line' id='line_1_46' title="bbox 662 4484 805 4542; baseline -0.014 0"><span class='ocrx_word' id='word_1_249' title='bbox 662 4484 805 4542; x_wconf 88' lang='lat' dir='ltr'>actu</span> 
     </span>
    </p>

    <p class='ocr_par' dir='ltr' id='par_1_9' title="bbox 653 4562 2239 5089">
     <span class='ocr_line' id='line_1_47' title="bbox 790 4562 2239 4636; baseline 0.005 -7"><span class='ocrx_word' id='word_1_250' title='bbox 790 4566 865 4629; x_wconf 86' lang='lat'>11.</span> <span class='ocrx_word' id='word_1_251' title='bbox 915 4565 1012 4629; x_wconf 86' lang='lat' dir='ltr'>An</span> <span class='ocrx_word' id='word_1_252' title='bbox 1057 4562 1331 4631; x_wconf 82' lang='lat' dir='ltr'>formula</span> <span class='ocrx_word' id='word_1_253' title='bbox 1383 4567 1444 4632; x_wconf 92' lang='lat' dir='ltr'>in</span> <span class='ocrx_word' id='word_1_254' title='bbox 1484 4566 1596 4633; x_wconf 92' lang='lat' dir='ltr'>hac</span> <span class='ocrx_word' id='word_1_255' title='bbox 1645 4565 2086 4636; x_wconf 89' lang='lat' dir='ltr'>benedictione</span> <span class='ocrx_word' id='word_1_256' title='bbox 2133 4568 2239 4636; x_wconf 86' lang='lat' dir='ltr'>ad—</span> 
     </span>
     <span class='ocr_line' id='line_1_48' title="bbox 658 4650 2239 4723; baseline 0.002 -5"><span class='ocrx_word' id='word_1_257' title='bbox 658 4650 933 4719; x_wconf 88' lang='lat' dir='ltr'>hibenda</span> <span class='ocrx_word' id='word_1_258' title='bbox 997 4650 1230 4718; x_wconf 88' lang='lat' dir='ltr'>debeat</span> <span class='ocrx_word' id='word_1_259' title='bbox 1292 4672 1477 4721; x_wconf 88' lang='lat' dir='ltr'>esse:</span> <span class='ocrx_word' id='word_1_260' title='bbox 1541 4657 1667 4721; x_wconf 85' lang='lat' dir='ltr'>Per</span> <span class='ocrx_word' id='word_1_261' title='bbox 1725 4658 2239 4723; x_wconf 75' lang='lat' dir='ltr'>intercessionem</span> 
     </span>
     <span class='ocr_line' id='line_1_49' title="bbox 657 4740 2237 4826; baseline 0.004 -21"><span class='ocrx_word' id='word_1_262' title='bbox 657 4742 735 4805; x_wconf 93' lang='grc' dir='ltr'>Β.</span> <span class='ocrx_word' id='word_1_263' title='bbox 770 4740 859 4805; x_wconf 73' lang='grc' dir='ltr'>Μ.</span> <span class='ocrx_word' id='word_1_264' title='bbox 903 4741 968 4804; x_wconf 87' lang='lat' dir='ltr'>V.</span> <span class='ocrx_word' id='word_1_265' title='bbox 1018 4749 1080 4805; x_wconf 81' lang='lat' dir='ltr'>st</span> <span class='ocrx_word' id='word_1_266' title='bbox 1128 4742 1201 4806; x_wconf 90' lang='grc' dir='ltr'>Β.</span> <span class='ocrx_word' id='word_1_267' title='bbox 1254 4741 1465 4808; x_wconf 80' lang='lat' dir='ltr'>Blasii</span> <span class='ocrx_word' id='word_1_268' title='bbox 1522 4745 1840 4826; x_wconf 73' lang='lat' dir='ltr'>Martyris</span> <span class='ocrx_word' id='word_1_269' title='bbox 1899 4743 2119 4811; x_wconf 75' lang='lat' dir='ltr'>liberet</span> <span class='ocrx_word' id='word_1_270' title='bbox 2179 4756 2237 4812; x_wconf 82' lang='lat' dir='ltr'>te</span> 
     </span>
     <span class='ocr_line' id='line_1_50' title="bbox 655 4826 2236 4920; baseline 0.003 -26"><span class='ocrx_word' id='word_1_271' title='bbox 655 4829 823 4894; x_wconf 74' lang='lat' dir='ltr'>Dens</span> <span class='ocrx_word' id='word_1_272' title='bbox 868 4847 911 4893; x_wconf 82' lang='lat' dir='ltr'>a</span> <span class='ocrx_word' id='word_1_273' title='bbox 954 4826 1125 4892; x_wconf 78' lang='lat' dir='ltr'>mato</span> <span class='ocrx_word' id='word_1_274' title='bbox 1181 4833 1497 4912; x_wconf 70' lang='lat' dir='ltr'>qnttnris.</span> <span class='ocrx_word' id='word_1_275' title='bbox 1553 4832 1748 4897; x_wconf 83' lang='lat' dir='ltr'>Amen</span> <span class='ocrx_word' id='word_1_276' title='bbox 1771 4854 1799 4911; x_wconf 83' lang='lat'>,-</span> <span class='ocrx_word' id='word_1_277' title='bbox 1858 4831 1962 4897; x_wconf 78' lang='lat' dir='ltr'>vel</span> <span class='ocrx_word' id='word_1_278' title='bbox 2023 4833 2236 4920; x_wconf 87' lang='lat' dir='ltr'>potius</span> 
     </span>
     <span class='ocr_line' id='line_1_51' title="bbox 653 4917 2236 4988; baseline 0.006 -9"><span class='ocrx_word' id='word_1_279' title='bbox 653 4917 778 4980; x_wconf 83' lang='lat' dir='ltr'>Per</span> <span class='ocrx_word' id='word_1_280' title='bbox 807 4918 1324 4982; x_wconf 67' lang='lat' dir='ltr'>intercessionem</span> <span class='ocrx_word' id='word_1_281' title='bbox 1370 4919 1443 4982; x_wconf 92' lang='grc' dir='ltr'>Β.</span> <span class='ocrx_word' id='word_1_282' title='bbox 1479 4918 1693 4985; x_wconf 80' lang='lat' dir='ltr'>Blasii</span> <span class='ocrx_word' id='word_1_283' title='bbox 1723 4917 1947 4986; x_wconf 79' lang='lat' dir='ltr'>liberet</span> <span class='ocrx_word' id='word_1_284' title='bbox 1978 4931 2036 4988; x_wconf 81' lang='lat' dir='ltr'>te</span> <span class='ocrx_word' id='word_1_285' title='bbox 2066 4923 2236 4988; x_wconf 77' lang='lat' dir='ltr'>Dens</span> 
     </span>
     <span class='ocr_line' id='line_1_52' title="bbox 654 5003 1576 5089; baseline 0.002 -21"><span class='ocrx_word' id='word_1_286' title='bbox 654 5021 695 5068; x_wconf 87' lang='lat' dir='ltr'>a</span> <span class='ocrx_word' id='word_1_287' title='bbox 740 5003 907 5070; x_wconf 73' lang='lat' dir='ltr'>malo</span> <span class='ocrx_word' id='word_1_288' title='bbox 953 5006 1275 5089; x_wconf 68' lang='lat' dir='ltr'>aucturis.</span> <span class='ocrx_word' id='word_1_289' title='bbox 1329 5005 1576 5071; x_wconf 69' lang='lat' dir='ltr'>Amen?</span> 
     </span>
    </p>

    <p class='ocr_par' dir='ltr' id='par_1_10' title="bbox 650 5093 2233 5266">
     <span class='ocr_line' id='line_1_53' title="bbox 779 5093 2233 5183; baseline 0.003 -26"><span class='ocrx_word' id='word_1_290' title='bbox 779 5094 964 5158; x_wconf 88' lang='lat' dir='ltr'>Sacra</span> <span class='ocrx_word' id='word_1_291' title='bbox 1024 5110 1178 5158; x_wconf 84' lang='lat' dir='ltr'>vero</span> <span class='ocrx_word' id='word_1_292' title='bbox 1242 5093 1471 5160; x_wconf 88' lang='lat' dir='ltr'>eadem</span> <span class='ocrx_word' id='word_1_293' title='bbox 1531 5096 1978 5183; x_wconf 88' lang='lat' dir='ltr'>congregatio,</span> <span class='ocrx_word' id='word_1_294' title='bbox 2044 5098 2233 5165; x_wconf 78' lang='lat' dir='ltr'>infra-</span> 
     </span>
     <span class='ocr_line' id='line_1_54' title="bbox 650 5176 2232 5266; baseline 0.005 -25"><span class='ocrx_word' id='word_1_295' title='bbox 650 5176 887 5262; x_wconf 86' lang='lat' dir='ltr'>scripto</span> <span class='ocrx_word' id='word_1_296' title='bbox 934 5182 1288 5248; x_wconf 87' lang='lat' dir='ltr'>Secretario</span> <span class='ocrx_word' id='word_1_297' title='bbox 1334 5182 1683 5266; x_wconf 76' lang='lat' dir='ltr'>referente,</span> <span class='ocrx_word' id='word_1_298' title='bbox 1718 5185 2073 5253; x_wconf 86' lang='lat' dir='ltr'>rescribere</span> <span class='ocrx_word' id='word_1_299' title='bbox 2106 5196 2232 5250; x_wconf 90' lang='lat' dir='ltr'>rata</span> 
     </span>
    </p>
   </div>
   <div class='ocr_carea' id='block_1_5' title="bbox 2029 2681 2258 2769">
    <p class='ocr_par' dir='ltr' id='par_1_11' title="bbox 2029 2681 2258 2769">
     <span class='ocr_line' id='line_1_55' title="bbox 2029 2681 2258 2769; baseline -0.004 -20"><span class='ocrx_word' id='word_1_300' title='bbox 2029 2681 2258 2769; x_wconf 69' lang='lat' dir='ltr'>(stas)</span> 
     </span>
    </p>
   </div>
   <div class='ocr_carea' id='block_1_6' title="bbox 2378 513 3957 689">
    <p class='ocr_par' dir='ltr' id='par_1_12' title="bbox 2378 513 3957 689">
     <span class='ocr_line' id='line_1_56' title="bbox 2378 513 3957 583; baseline -0.003 -1"><span class='ocrx_word' id='word_1_301' title='bbox 2378 518 2894 583; x_wconf 73' lang='lat' dir='ltr'>intercessionem</span> <span class='ocrx_word' id='word_1_302' title='bbox 2954 517 3027 580; x_wconf 89' lang='grc' dir='ltr'>Β.</span> <span class='ocrx_word' id='word_1_303' title='bbox 3074 513 3286 581; x_wconf 74' lang='lat' dir='ltr'>Blasii</span> <span class='ocrx_word' id='word_1_304' title='bbox 3335 513 3559 582; x_wconf 76' lang='lat' dir='ltr'>liberet</span> <span class='ocrx_word' id='word_1_305' title='bbox 3609 523 3673 580; x_wconf 78' lang='lat' dir='ltr'>tc</span> <span class='ocrx_word' id='word_1_306' title='bbox 3718 515 3881 580; x_wconf 72' lang='lat' dir='ltr'>nm</span> <span class='ocrx_word' id='word_1_307' title='bbox 3920 533 3957 577; x_wconf 80' lang='lat' dir='ltr'>a</span> 
     </span>
     <span class='ocr_line' id='line_1_57' title="bbox 2379 600 3957 689; baseline -0.004 -19"><span class='ocrx_word' id='word_1_308' title='bbox 2379 605 2548 671; x_wconf 80' lang='lat' dir='ltr'>malo</span> <span class='ocrx_word' id='word_1_309' title='bbox 2578 606 2901 689; x_wconf 75' lang='lat' dir='ltr'>qnttnrt&#39;s.</span> <span class='ocrx_word' id='word_1_310' title='bbox 2939 605 3134 668; x_wconf 68' lang='lat' dir='ltr'>Anien</span> <span class='ocrx_word' id='word_1_311' title='bbox 3167 626 3228 668; x_wconf 61' lang='grc' dir='ltr'>ι.</span> <span class='ocrx_word' id='word_1_312' title='bbox 3271 605 3481 688; x_wconf 79' lang='lat' dir='ltr'>Atque</span> <span class='ocrx_word' id='word_1_313' title='bbox 3515 603 3601 669; x_wconf 91' lang='lat' dir='ltr'>ita</span> <span class='ocrx_word' id='word_1_314' title='bbox 3643 600 3957 688; x_wconf 83' lang='lat' dir='ltr'>rescripsit</span> 
     </span>
    </p>
   </div>
   <div class='ocr_carea' id='block_1_7' title="bbox 2377 690 3243 848">
    <p class='ocr_par' dir='ltr' id='par_1_13' title="bbox 2377 690 3243 848">
     <span class='ocr_line' id='line_1_58' title="bbox 2377 690 3117 759; baseline -0.005 -1"><span class='ocrx_word' id='word_1_315' title='bbox 2377 712 2449 759; x_wconf 87' lang='lat' dir='ltr'>ac</span> <span class='ocrx_word' id='word_1_316' title='bbox 2492 691 2730 758; x_wconf 80' lang='lat' dir='ltr'>servari</span> <span class='ocrx_word' id='word_1_317' title='bbox 2778 690 3117 758; x_wconf 84' lang='lat' dir='ltr'>mandavit.</span> 
     </span>
     <span class='ocr_line' id='line_1_59' title="bbox 2506 778 3243 848; baseline -0.004 -3"><span class='ocrx_word' id='word_1_318' title='bbox 2506 780 2622 845; x_wconf 88' lang='lat' dir='ltr'>Die</span> <span class='ocrx_word' id='word_1_319' title='bbox 2670 781 2755 847; x_wconf 75' lang='lat'>20</span> <span class='ocrx_word' id='word_1_320' title='bbox 2802 778 3000 845; x_wconf 69' lang='lat' dir='ltr'>Martii</span> <span class='ocrx_word' id='word_1_321' title='bbox 3053 782 3243 848; x_wconf 89' lang='grc'><strong>1869.</strong></span> 
     </span>
    </p>
   </div>
   <div class='ocr_carea' id='block_1_8' title="bbox 2375 937 3631 1215">
    <p class='ocr_par' dir='ltr' id='par_1_14' title="bbox 2375 937 3631 1215">
     <span class='ocr_line' id='line_1_60' title="bbox 2375 937 3317 1007; baseline -0.002 -2"><span class='ocrx_word' id='word_1_322' title='bbox 2375 938 2593 1007; x_wconf 80' lang='lat'>319⁷</span> <span class='ocrx_word' id='word_1_323' title='bbox 2601 985 2616 1001; x_wconf 89' lang='lat'>.</span> <span class='ocrx_word' id='word_1_324' title='bbox 3013 937 3317 1004; x_wconf 74' lang='lat' dir='ltr'>onnmts</span> 
     </span>
     <span class='ocr_line' id='line_1_61' title="bbox 2708 1043 3631 1111; baseline -0.001 0"><span class='ocrx_word' id='word_1_325' title='bbox 2708 1044 3062 1111; x_wconf 67' lang='lat' dir='ltr'>umnam!</span> <span class='ocrx_word' id='word_1_326' title='bbox 3108 1046 3174 1111; x_wconf 90' lang='lat' dir='ltr'>S.</span> <span class='ocrx_word' id='word_1_327' title='bbox 3224 1043 3631 1110; x_wconf 74' lang='lat' dir='ltr'>FRANGISCI</span> 
     </span>
     <span class='ocr_line' id='line_1_62' title="bbox 2851 1149 3474 1215; baseline -0.005 0"><span class='ocrx_word' id='word_1_328' title='bbox 2851 1149 3474 1215; x_wconf 72' lang='lat' dir='ltr'>CAPUCCINORUM.</span> 
     </span>
    </p>
   </div>
   <div class='ocr_carea' id='block_1_9' title="bbox 2352 1306 4007 4019">
    <p class='ocr_par' dir='ltr' id='par_1_15' title="bbox 2370 1306 3959 1742">
     <span class='ocr_line' id='line_1_63' title="bbox 2505 1306 3957 1375; baseline 0.002 -3"><span class='ocrx_word' id='word_1_329' title='bbox 2505 1306 2798 1373; x_wconf 87' lang='lat' dir='ltr'>Director</span> <span class='ocrx_word' id='word_1_330' title='bbox 2837 1306 3192 1374; x_wconf 78' lang='lat' dir='ltr'>calendarii</span> <span class='ocrx_word' id='word_1_331' title='bbox 3235 1311 3523 1375; x_wconf 72' lang='lat' dir='ltr'>Fratrum</span> <span class='ocrx_word' id='word_1_332' title='bbox 3568 1307 3833 1375; x_wconf 83' lang='lat' dir='ltr'>Ordinis</span> <span class='ocrx_word' id='word_1_333' title='bbox 3859 1309 3957 1375; x_wconf 79' lang='lat' dir='ltr'>tti-</span> 
     </span>
     <span class='ocr_line' id='line_1_64' title="bbox 2372 1393 3957 1482; baseline -0.001 -20"><span class='ocrx_word' id='word_1_334' title='bbox 2372 1413 2602 1464; x_wconf 91' lang='lat' dir='ltr'>norum</span> <span class='ocrx_word' id='word_1_335' title='bbox 2634 1398 2700 1463; x_wconf 89' lang='lat' dir='ltr'>S.</span> <span class='ocrx_word' id='word_1_336' title='bbox 2730 1393 3034 1461; x_wconf 85' lang='lat' dir='ltr'>Francisci</span> <span class='ocrx_word' id='word_1_337' title='bbox 3060 1396 3564 1482; x_wconf 88' lang='lat' dir='ltr'>capuccinorum</span> <span class='ocrx_word' id='word_1_338' title='bbox 3596 1395 3957 1463; x_wconf 76' lang='lat' dir='ltr'>Provinciae</span> 
     </span>
     <span class='ocr_line' id='line_1_65' title="bbox 2372 1482 3959 1572; baseline -0.001 -21"><span class='ocrx_word' id='word_1_339' title='bbox 2372 1484 2643 1551; x_wconf 81' lang='lat' dir='ltr'>Gallicae</span> <span class='ocrx_word' id='word_1_340' title='bbox 2691 1502 2723 1547; x_wconf 88' lang='lat' dir='ltr'>a</span> <span class='ocrx_word' id='word_1_341' title='bbox 2769 1485 2951 1549; x_wconf 88' lang='lat' dir='ltr'>Sacra</span> <span class='ocrx_word' id='word_1_342' title='bbox 3002 1482 3263 1550; x_wconf 78' lang='lat' dir='ltr'>Rituum</span> <span class='ocrx_word' id='word_1_343' title='bbox 3310 1485 3829 1572; x_wconf 85' lang='lat' dir='ltr'>congregatione</span> <span class='ocrx_word' id='word_1_344' title='bbox 3874 1485 3959 1550; x_wconf 85' lang='lat' dir='ltr'>in·</span> 
     </span>
     <span class='ocr_line' id='line_1_66' title="bbox 2370 1569 3957 1659; baseline 0.001 -21"><span class='ocrx_word' id='word_1_345' title='bbox 2370 1570 2781 1657; x_wconf 88' lang='lat' dir='ltr'>sequentium</span> <span class='ocrx_word' id='word_1_346' title='bbox 2827 1569 3169 1637; x_wconf 84' lang='lat' dir='ltr'>dubiorum</span> <span class='ocrx_word' id='word_1_347' title='bbox 3214 1570 3607 1639; x_wconf 87' lang='lat' dir='ltr'>solutionem</span> <span class='ocrx_word' id='word_1_348' title='bbox 3655 1583 3957 1659; x_wconf 79' lang='lat' dir='ltr'>expostu-</span> 
     </span>
     <span class='ocr_line' id='line_1_67' title="bbox 2375 1657 2972 1742; baseline -0.005 -16"><span class='ocrx_word' id='word_1_349' title='bbox 2375 1658 2572 1742; x_wconf 76' lang='lat' dir='ltr'>lavit3</span> <span class='ocrx_word' id='word_1_350' title='bbox 2621 1657 2972 1725; x_wconf 84' lang='lat' dir='ltr'>nimirum:</span> 
     </span>
    </p>

    <p class='ocr_par' dir='ltr' id='par_1_16' title="bbox 2368 1745 3958 2256">
     <span class='ocr_line' id='line_1_68' title="bbox 2502 1745 3955 1816; baseline 0 -4"><span class='ocrx_word' id='word_1_351' title='bbox 2502 1745 2773 1813; x_wconf 88' lang='lat' dir='ltr'>Dubium</span> <span class='ocrx_word' id='word_1_352' title='bbox 2820 1749 2867 1813; x_wconf 90' lang='lat'>1.</span> <span class='ocrx_word' id='word_1_353' title='bbox 2918 1750 3015 1813; x_wconf 80' lang='lat' dir='ltr'>An</span> <span class='ocrx_word' id='word_1_354' title='bbox 3062 1747 3385 1814; x_wconf 83' lang='lat' dir='ltr'>Fratribus</span> <span class='ocrx_word' id='word_1_355' title='bbox 3428 1748 3781 1816; x_wconf 72' lang='lat' dir='ltr'>Minoribus</span> <span class='ocrx_word' id='word_1_356' title='bbox 3830 1748 3955 1813; x_wconf 85' lang='lat' dir='ltr'>lici·</span> 
     </span>
     <span class='ocr_line' id='line_1_69' title="bbox 2370 1833 3957 1904; baseline 0.001 -3"><span class='ocrx_word' id='word_1_357' title='bbox 2370 1845 2508 1901; x_wconf 87' lang='lat' dir='ltr'>tum</span> <span class='ocrx_word' id='word_1_358' title='bbox 2553 1834 2637 1900; x_wconf 87' lang='lat' dir='ltr'>sit</span> <span class='ocrx_word' id='word_1_359' title='bbox 2680 1833 2957 1901; x_wconf 88' lang='lat' dir='ltr'>recitare</span> <span class='ocrx_word' id='word_1_360' title='bbox 3000 1834 3211 1902; x_wconf 85' lang='lat' dir='ltr'>Officia</span> <span class='ocrx_word' id='word_1_361' title='bbox 3253 1835 3465 1903; x_wconf 77' lang='lat' dir='ltr'>votiva</span> <span class='ocrx_word' id='word_1_362' title='bbox 3522 1840 3756 1903; x_wconf 85' lang='lat' dir='ltr'>Beatae</span> <span class='ocrx_word' id='word_1_363' title='bbox 3802 1840 3957 1904; x_wconf 88' lang='lat' dir='ltr'>con-</span> 
     </span>
     <span class='ocr_line' id='line_1_70' title="bbox 2370 1921 3957 2010; baseline 0.001 -21"><span class='ocrx_word' id='word_1_364' title='bbox 2370 1921 2680 2010; x_wconf 85' lang='lat' dir='ltr'>ceptionis</span> <span class='ocrx_word' id='word_1_365' title='bbox 2711 1922 2936 1989; x_wconf 79' lang='lat' dir='ltr'>Mariae</span> <span class='ocrx_word' id='word_1_366' title='bbox 2968 1923 3270 2009; x_wconf 74' lang='lat' dir='ltr'>Virginis,</span> <span class='ocrx_word' id='word_1_367' title='bbox 3303 1924 3511 1991; x_wconf 85' lang='lat' dir='ltr'>Sancti</span> <span class='ocrx_word' id='word_1_368' title='bbox 3540 1925 3744 1991; x_wconf 87' lang='lat' dir='ltr'>Patris</span> <span class='ocrx_word' id='word_1_369' title='bbox 3772 1928 3957 1992; x_wconf 79' lang='lat' dir='ltr'>Fran-</span> 
     </span>
     <span class='ocr_line' id='line_1_71' title="bbox 2370 2011 3958 2079; baseline 0 -2"><span class='ocrx_word' id='word_1_370' title='bbox 2370 2011 2518 2077; x_wconf 85' lang='lat' dir='ltr'>cisci</span> <span class='ocrx_word' id='word_1_371' title='bbox 2589 2019 2654 2075; x_wconf 92' lang='lat' dir='ltr'>et</span> <span class='ocrx_word' id='word_1_372' title='bbox 2713 2012 2973 2079; x_wconf 84' lang='lat' dir='ltr'>Sanctae</span> <span class='ocrx_word' id='word_1_373' title='bbox 3045 2012 3253 2077; x_wconf 68' lang='lat' dir='ltr'>Matris</span> <span class='ocrx_word' id='word_1_374' title='bbox 3309 2011 3527 2078; x_wconf 81' lang='lat' dir='ltr'>clarae</span> <span class='ocrx_word' id='word_1_375' title='bbox 3598 2012 3958 2079; x_wconf 73' lang='lat' dir='ltr'>Assisiensis</span> 
     </span>
     <span class='ocr_line' id='line_1_72' title="bbox 2368 2097 3955 2188; baseline 0 -23"><span class='ocrx_word' id='word_1_376' title='bbox 2368 2097 2559 2165; x_wconf 88' lang='lat' dir='ltr'>etiam</span> <span class='ocrx_word' id='word_1_377' title='bbox 2605 2109 2900 2184; x_wconf 90' lang='lat' dir='ltr'>tempore</span> <span class='ocrx_word' id='word_1_378' title='bbox 2946 2099 3278 2166; x_wconf 81' lang='lat' dir='ltr'>Adventus</span> <span class='ocrx_word' id='word_1_379' title='bbox 3307 2110 3372 2168; x_wconf 92' lang='lat' dir='ltr'>et</span> <span class='ocrx_word' id='word_1_380' title='bbox 3401 2100 3955 2188; x_wconf 71' lang='lat' dir='ltr'>Quadragoeimae,</span> 
     </span>
     <span class='ocr_line' id='line_1_73' title="bbox 2369 2184 3883 2256; baseline 0 -3"><span class='ocrx_word' id='word_1_381' title='bbox 2369 2205 2496 2253; x_wconf 94' lang='lat' dir='ltr'>non</span> <span class='ocrx_word' id='word_1_382' title='bbox 2542 2184 2933 2253; x_wconf 84' lang='lat' dir='ltr'>obstantibus</span> <span class='ocrx_word' id='word_1_383' title='bbox 2978 2188 3265 2255; x_wconf 82' lang='lat' dir='ltr'>Decretis</span> <span class='ocrx_word' id='word_1_384' title='bbox 3311 2188 3376 2253; x_wconf 90' lang='lat' dir='ltr'>in</span> <span class='ocrx_word' id='word_1_385' title='bbox 3421 2188 3823 2256; x_wconf 86' lang='lat' dir='ltr'>contrarium</span> <span class='ocrx_word' id='word_1_386' title='bbox 3850 2185 3883 2253; x_wconf 68' lang='grc' dir='ltr'>ἰ’</span> 
     </span>
    </p>

    <p class='ocr_par' dir='ltr' id='par_1_17' title="bbox 2364 2273 3959 2692">
     <span class='ocr_line' id='line_1_74' title="bbox 2499 2273 3959 2363; baseline 0 -22"><span class='ocrx_word' id='word_1_387' title='bbox 2499 2273 2772 2342; x_wconf 89' lang='lat' dir='ltr'>Dubium</span> <span class='ocrx_word' id='word_1_388' title='bbox 2822 2279 2900 2342; x_wconf 84' lang='lat'>11.</span> <span class='ocrx_word' id='word_1_389' title='bbox 2956 2278 3054 2342; x_wconf 84' lang='lat' dir='ltr'>An</span> <span class='ocrx_word' id='word_1_390' title='bbox 3111 2275 3263 2363; x_wconf 87' lang='lat' dir='ltr'>ipsis</span> <span class='ocrx_word' id='word_1_391' title='bbox 3331 2274 3515 2342; x_wconf 87' lang='lat' dir='ltr'>liceat</span> <span class='ocrx_word' id='word_1_392' title='bbox 3585 2276 3959 2343; x_wconf 85' lang='lat' dir='ltr'>continuare</span> 
     </span>
     <span class='ocr_line' id='line_1_75' title="bbox 2370 2362 3957 2433; baseline 0.001 -5"><span class='ocrx_word' id='word_1_393' title='bbox 2370 2362 2806 2430; x_wconf 89' lang='lat' dir='ltr'>recitationem</span> <span class='ocrx_word' id='word_1_394' title='bbox 2855 2362 3051 2431; x_wconf 87' lang='lat' dir='ltr'>Officii</span> <span class='ocrx_word' id='word_1_395' title='bbox 3096 2367 3166 2433; x_wconf 91' lang='lat' dir='ltr'>S.</span> <span class='ocrx_word' id='word_1_396' title='bbox 3201 2363 3444 2430; x_wconf 86' lang='lat' dir='ltr'>loannis</span> <span class='ocrx_word' id='word_1_397' title='bbox 3489 2366 3811 2431; x_wconf 81' lang='lat' dir='ltr'>Francisci</span> <span class='ocrx_word' id='word_1_398' title='bbox 3842 2369 3957 2432; x_wconf 84' lang='lat' dir='ltr'>Re·</span> 
     </span>
     <span class='ocr_line' id='line_1_76' title="bbox 2365 2449 3955 2542; baseline 0.002 -27"><span class='ocrx_word' id='word_1_399' title='bbox 2365 2450 2462 2538; x_wconf 87' lang='lat' dir='ltr'>gis</span> <span class='ocrx_word' id='word_1_400' title='bbox 2484 2449 2875 2517; x_wconf 79' lang='lat' dir='ltr'>contessoris</span> <span class='ocrx_word' id='word_1_401' title='bbox 2896 2451 3016 2518; x_wconf 88' lang='lat' dir='ltr'>sub</span> <span class='ocrx_word' id='word_1_402' title='bbox 3038 2451 3166 2519; x_wconf 87' lang='lat' dir='ltr'>ritu</span> <span class='ocrx_word' id='word_1_403' title='bbox 3190 2450 3435 2542; x_wconf 88' lang='lat' dir='ltr'>duplici</span> <span class='ocrx_word' id='word_1_404' title='bbox 3460 2452 3719 2537; x_wconf 89' lang='lat' dir='ltr'>minori,</span> <span class='ocrx_word' id='word_1_405' title='bbox 3736 2471 3955 2539; x_wconf 83' lang='lat' dir='ltr'>quam-</span> 
     </span>
     <span class='ocr_line' id='line_1_77' title="bbox 2364 2537 3955 2607; baseline 0.002 -5"><span class='ocrx_word' id='word_1_406' title='bbox 2364 2537 2460 2603; x_wconf 85' lang='lat' dir='ltr'>vis</span> <span class='ocrx_word' id='word_1_407' title='bbox 2490 2537 2717 2605; x_wconf 87' lang='lat' dir='ltr'>nullibi</span> <span class='ocrx_word' id='word_1_408' title='bbox 2749 2549 2998 2606; x_wconf 89' lang='lat' dir='ltr'>constet</span> <span class='ocrx_word' id='word_1_409' title='bbox 3029 2539 3113 2606; x_wconf 89' lang='lat' dir='ltr'>de</span> <span class='ocrx_word' id='word_1_410' title='bbox 3145 2538 3509 2607; x_wconf 90' lang='lat' dir='ltr'>authentica</span> <span class='ocrx_word' id='word_1_411' title='bbox 3542 2541 3955 2607; x_wconf 73' lang='lat' dir='ltr'>concessione</span> 
     </span>
     <span class='ocr_line' id='line_1_78' title="bbox 2366 2622 2842 2692; baseline 0 0"><span class='ocrx_word' id='word_1_412' title='bbox 2366 2625 2555 2692; x_wconf 85' lang='lat' dir='ltr'>huius</span> <span class='ocrx_word' id='word_1_413' title='bbox 2588 2624 2786 2692; x_wconf 81' lang='lat' dir='ltr'>officii</span> <span class='ocrx_word' id='word_1_414' title='bbox 2808 2622 2842 2692; x_wconf 69' lang='grc' dir='ltr'>’ἒ</span> 
     </span>
    </p>

    <p class='ocr_par' dir='ltr' id='par_1_18' title="bbox 2358 2713 4007 3313">
     <span class='ocr_line' id='line_1_79' title="bbox 2493 2713 3953 2794; baseline 0.003 -15"><span class='ocrx_word' id='word_1_415' title='bbox 2493 2713 2772 2780; x_wconf 88' lang='lat' dir='ltr'>Dubium</span> <span class='ocrx_word' id='word_1_416' title='bbox 2801 2719 2901 2783; x_wconf 92' lang='lat'>111.</span> <span class='ocrx_word' id='word_1_417' title='bbox 2937 2716 3252 2794; x_wconf 86' lang='lat' dir='ltr'>Quaenam</span> <span class='ocrx_word' id='word_1_418' title='bbox 3296 2715 3634 2784; x_wconf 87' lang='lat' dir='ltr'>Lectiones</span> <span class='ocrx_word' id='word_1_419' title='bbox 3684 2717 3953 2783; x_wconf 84' lang='lat' dir='ltr'>recitan-</span> 
     </span>
     <span class='ocr_line' id='line_1_80' title="bbox 2364 2801 3952 2886; baseline 0.001 -18"><span class='ocrx_word' id='word_1_420' title='bbox 2364 2801 2483 2868; x_wconf 90' lang='lat' dir='ltr'>dae</span> <span class='ocrx_word' id='word_1_421' title='bbox 2528 2812 2676 2868; x_wconf 91' lang='lat' dir='ltr'>sunt</span> <span class='ocrx_word' id='word_1_422' title='bbox 2723 2802 2787 2869; x_wconf 91' lang='lat' dir='ltr'>in</span> <span class='ocrx_word' id='word_1_423' title='bbox 2824 2804 3113 2886; x_wconf 45' lang='lat' dir='ltr'>‚secundo</span> <span class='ocrx_word' id='word_1_424' title='bbox 3158 2807 3482 2872; x_wconf 86' lang='lat' dir='ltr'>Nocturno</span> <span class='ocrx_word' id='word_1_425' title='bbox 3525 2804 3660 2871; x_wconf 90' lang='lat' dir='ltr'>diei</span> <span class='ocrx_word' id='word_1_426' title='bbox 3692 2816 3952 2871; x_wconf 74' lang='lat' dir='ltr'>octavae</span> 
     </span>
     <span class='ocr_line' id='line_1_81' title="bbox 2358 2890 3955 2980; baseline 0.001 -24"><span class='ocrx_word' id='word_1_427' title='bbox 2358 2894 2589 2956; x_wconf 84' lang='lat' dir='ltr'>Beatae</span> <span class='ocrx_word' id='word_1_428' title='bbox 2636 2890 2857 2957; x_wconf 68' lang='lat' dir='ltr'>Mariae</span> <span class='ocrx_word' id='word_1_429' title='bbox 2891 2892 3168 2980; x_wconf 84' lang='lat' dir='ltr'>Virginis</span> <span class='ocrx_word' id='word_1_430' title='bbox 3210 2894 3285 2973; x_wconf 70' lang='lat' dir='ltr'>de</span> <span class='ocrx_word' id='word_1_431' title='bbox 3330 2892 3655 2974; x_wconf 67' lang='lat' dir='ltr'>Aemiliis,</span> <span class='ocrx_word' id='word_1_432' title='bbox 3690 2892 3807 2959; x_wconf 88' lang='lat' dir='ltr'>ubi</span> <span class='ocrx_word' id='word_1_433' title='bbox 3840 2893 3955 2958; x_wconf 86' lang='lat' dir='ltr'>sub</span> 
     </span>
     <span class='ocr_line' id='line_1_82' title="bbox 2365 2979 3953 3050; baseline 0.002 -5"><span class='ocrx_word' id='word_1_434' title='bbox 2365 2980 2482 3045; x_wconf 91' lang='lat' dir='ltr'>hoc</span> <span class='ocrx_word' id='word_1_435' title='bbox 2530 2979 2718 3048; x_wconf 88' lang='lat' dir='ltr'>titulo</span> <span class='ocrx_word' id='word_1_436' title='bbox 2762 2980 2993 3047; x_wconf 90' lang='lat' dir='ltr'>colitur</span> <span class='ocrx_word' id='word_1_437' title='bbox 3025 2992 3098 3048; x_wconf 88' lang='lat' dir='ltr'>ut</span> <span class='ocrx_word' id='word_1_438' title='bbox 3126 2987 3389 3049; x_wconf 87' lang='lat' dir='ltr'>Patrona</span> <span class='ocrx_word' id='word_1_439' title='bbox 3433 2981 3763 3049; x_wconf 85' lang='lat' dir='ltr'>Ecclesiae</span> <span class='ocrx_word' id='word_1_440' title='bbox 3794 2985 3953 3050; x_wconf 80' lang='lat' dir='ltr'>Con·</span> 
     </span>
     <span class='ocr_line' id='line_1_83' title="bbox 2358 3069 3950 3146; baseline 0.003 -15"><span class='ocrx_word' id='word_1_441' title='bbox 2358 3076 2636 3146; x_wconf 80' lang='lat' dir='ltr'>ventus3</span> <span class='ocrx_word' id='word_1_442' title='bbox 2683 3087 2760 3134; x_wconf 90' lang='lat' dir='ltr'>an</span> <span class='ocrx_word' id='word_1_443' title='bbox 2810 3078 2879 3134; x_wconf 92' lang='lat' dir='ltr'>ut</span> <span class='ocrx_word' id='word_1_444' title='bbox 2926 3069 2990 3135; x_wconf 92' lang='lat' dir='ltr'>in</span> <span class='ocrx_word' id='word_1_445' title='bbox 3036 3073 3223 3137; x_wconf 82' lang='lat' dir='ltr'>Festo</span> <span class='ocrx_word' id='word_1_446' title='bbox 3277 3069 3609 3137; x_wconf 87' lang='lat' dir='ltr'>Patrocinii</span> <span class='ocrx_word' id='word_1_447' title='bbox 3657 3070 3950 3138; x_wconf 84' lang='lat' dir='ltr'>eiusdem</span> 
     </span>
     <span class='ocr_line' id='line_1_84' title="bbox 2358 3150 3949 3259; baseline 0.002 -37"><span class='ocrx_word' id='word_1_448' title='bbox 2358 3150 2583 3222; x_wconf 81' lang='lat' dir='ltr'>Beatae</span> <span class='ocrx_word' id='word_1_449' title='bbox 2631 3155 2855 3223; x_wconf 69' lang='lat' dir='ltr'>Mariae</span> <span class='ocrx_word' id='word_1_450' title='bbox 2900 3157 3221 3246; x_wconf 83' lang='lat' dir='ltr'>Virginis;</span> <span class='ocrx_word' id='word_1_451' title='bbox 3271 3177 3349 3225; x_wconf 91' lang='lat' dir='ltr'>an</span> <span class='ocrx_word' id='word_1_452' title='bbox 3395 3157 3609 3259; x_wconf 85' lang='lat' dir='ltr'>potius</span> <span class='ocrx_word' id='word_1_453' title='bbox 3639 3170 3949 3247; x_wconf 78' lang='lat' dir='ltr'>repeten-</span> 
     </span>
     <span class='ocr_line' id='line_1_85' title="bbox 2358 3241 4007 3313; baseline 0.002 -5"><span class='ocrx_word' id='word_1_454' title='bbox 2358 3242 2480 3309; x_wconf 88' lang='lat' dir='ltr'>dae</span> <span class='ocrx_word' id='word_1_455' title='bbox 2524 3243 2649 3310; x_wconf 89' lang='lat' dir='ltr'>sint</span> <span class='ocrx_word' id='word_1_456' title='bbox 2692 3245 3025 3311; x_wconf 82' lang='lat' dir='ltr'>Lectiones</span> <span class='ocrx_word' id='word_1_457' title='bbox 3079 3245 3206 3313; x_wconf 89' lang='lat' dir='ltr'>diei</span> <span class='ocrx_word' id='word_1_458' title='bbox 3254 3241 3476 3313; x_wconf 73' lang='lat' dir='ltr'>Festi?</span> <span class='ocrx_word' id='word_1_459' title='bbox 4006 3270 4007 3281; x_wconf 51' lang='lat'>³</span> 
     </span>
    </p>

    <p class='ocr_par' dir='ltr' id='par_1_19' title="bbox 2352 3333 4005 3772">
     <span class='ocr_line' id='line_1_86' title="bbox 2488 3333 4005 3436; baseline 0.002 -37"><span class='ocrx_word' id='word_1_460' title='bbox 2488 3334 2670 3399; x_wconf 89' lang='lat' dir='ltr'>Sacra</span> <span class='ocrx_word' id='word_1_461' title='bbox 2715 3352 2872 3399; x_wconf 84' lang='lat' dir='ltr'>vero</span> <span class='ocrx_word' id='word_1_462' title='bbox 2918 3334 3177 3402; x_wconf 86' lang='lat' dir='ltr'>Rituum</span> <span class='ocrx_word' id='word_1_463' title='bbox 3223 3333 3678 3436; x_wconf 83' lang='lat' dir='ltr'>congregatio,</span> <span class='ocrx_word' id='word_1_464' title='bbox 3726 3335 3811 3401; x_wconf 87' lang='lat' dir='ltr'>ad</span> <span class='ocrx_word' id='word_1_465' title='bbox 3858 3355 3951 3402; x_wconf 86' lang='lat' dir='ltr'>re-</span> <span class='ocrx_word' id='word_1_466' title='bbox 4004 3362 4005 3387; x_wconf 62' lang='lat'>1</span> 
     </span>
     <span class='ocr_line' id='line_1_87' title="bbox 2357 3419 4003 3523; baseline 0.002 -37"><span class='ocrx_word' id='word_1_467' title='bbox 2357 3419 2658 3486; x_wconf 88' lang='lat' dir='ltr'>lationem</span> <span class='ocrx_word' id='word_1_468' title='bbox 2702 3422 3042 3523; x_wconf 87' lang='lat' dir='ltr'>subscripti</span> <span class='ocrx_word' id='word_1_469' title='bbox 3089 3422 3451 3508; x_wconf 78' lang='lat' dir='ltr'>secretarii,</span> <span class='ocrx_word' id='word_1_470' title='bbox 3499 3422 3716 3489; x_wconf 82' lang='lat' dir='ltr'>andita</span> <span class='ocrx_word' id='word_1_471' title='bbox 3760 3423 3947 3490; x_wconf 87' lang='lat' dir='ltr'>etiam</span> <span class='ocrx_word' id='word_1_472' title='bbox 4002 3458 4003 3491; x_wconf 60' lang='lat' dir='ltr'>l</span> 
     </span>
     <span class='ocr_line' id='line_1_88' title="bbox 2352 3507 3945 3613; baseline 0.004 -41"><span class='ocrx_word' id='word_1_473' title='bbox 2352 3507 2666 3573; x_wconf 89' lang='lat' dir='ltr'>sententia</span> <span class='ocrx_word' id='word_1_474' title='bbox 2729 3509 2790 3575; x_wconf 92' lang='lat' dir='ltr'>in</span> <span class='ocrx_word' id='word_1_475' title='bbox 2845 3511 3100 3613; x_wconf 79' lang='lat' dir='ltr'>scriptis</span> <span class='ocrx_word' id='word_1_476' title='bbox 3151 3510 3414 3580; x_wconf 88' lang='lat' dir='ltr'>alterins</span> <span class='ocrx_word' id='word_1_477' title='bbox 3478 3530 3559 3576; x_wconf 84' lang='lat' dir='ltr'>ex</span> <span class='ocrx_word' id='word_1_478' title='bbox 3623 3513 3945 3600; x_wconf 79' lang='lat' dir='ltr'>Apostoli-</span> 
     </span>
     <span class='ocr_line' id='line_1_89' title="bbox 2354 3598 3999 3688; baseline 0.002 -26"><span class='ocrx_word' id='word_1_479' title='bbox 2354 3613 2572 3662; x_wconf 87' lang='lat' dir='ltr'>carum</span> <span class='ocrx_word' id='word_1_480' title='bbox 2620 3599 3172 3666; x_wconf 79' lang='lat' dir='ltr'>caeremoniarum</span> <span class='ocrx_word' id='word_1_481' title='bbox 3219 3598 3552 3685; x_wconf 78' lang='lat' dir='ltr'>Magistris,</span> <span class='ocrx_word' id='word_1_482' title='bbox 3597 3600 3944 3688; x_wconf 85' lang='lat' dir='ltr'>propositis</span> <span class='ocrx_word' id='word_1_483' title='bbox 3998 3644 3999 3647; x_wconf 63' lang='lat'>,</span> 
     </span>
     <span class='ocr_line' id='line_1_90' title="bbox 2353 3682 3473 3772; baseline 0.001 -21"><span class='ocrx_word' id='word_1_484' title='bbox 2353 3682 2565 3751; x_wconf 89' lang='lat' dir='ltr'>dubiis</span> <span class='ocrx_word' id='word_1_485' title='bbox 2614 3687 3132 3772; x_wconf 88' lang='lat' dir='ltr'>respondendum</span> <span class='ocrx_word' id='word_1_486' title='bbox 3180 3687 3473 3757; x_wconf 73' lang='lat' dir='ltr'>censuits</span> 
     </span>
    </p>

    <p class='ocr_par' dir='ltr' id='par_1_20' title="bbox 2352 3771 3939 3947">
     <span class='ocr_line' id='line_1_91' title="bbox 2484 3771 3939 3864; baseline 0.004 -28"><span class='ocrx_word' id='word_1_487' title='bbox 2484 3771 2581 3837; x_wconf 79' lang='lat' dir='ltr'>Ad</span> <span class='ocrx_word' id='word_1_488' title='bbox 2630 3776 2677 3838; x_wconf 92' lang='lat'>1.</span> <span class='ocrx_word' id='word_1_489' title='bbox 2728 3794 2767 3838; x_wconf 68' lang='lat' dir='ltr'>s</span> <span class='ocrx_word' id='word_1_490' title='bbox 2800 3773 3214 3861; x_wconf 78' lang='lat' dir='ltr'>Affirmative,</span> <span class='ocrx_word' id='word_1_491' title='bbox 3252 3776 3302 3843; x_wconf 88' lang='lat' dir='ltr'>si</span> <span class='ocrx_word' id='word_1_492' title='bbox 3351 3786 3601 3842; x_wconf 91' lang='lat' dir='ltr'>constet</span> <span class='ocrx_word' id='word_1_493' title='bbox 3634 3794 3939 3864; x_wconf 80' lang='lat' dir='ltr'>expresse</span> 
     </span>
     <span class='ocr_line' id='line_1_92' title="bbox 2352 3858 2922 3947; baseline 0.007 -23"><span class='ocrx_word' id='word_1_494' title='bbox 2352 3858 2436 3925; x_wconf 94' lang='lat' dir='ltr'>de</span> <span class='ocrx_word' id='word_1_495' title='bbox 2482 3860 2825 3947; x_wconf 80' lang='lat' dir='ltr'>privilegio</span> <span class='ocrx_word' id='word_1_496' title='bbox 2860 3886 2922 3928; x_wconf 61' lang='grc' dir='ltr'>ι.</span> 
     </span>
    </p>

    <p class='ocr_par' dir='ltr' id='par_1_21' title="bbox 2482 3947 3229 4019">
     <span class='ocr_line' id='line_1_93' title="bbox 2482 3947 3229 4019; baseline 0.009 -7"><span class='ocrx_word' id='word_1_497' title='bbox 2482 3947 2578 4014; x_wconf 81' lang='lat' dir='ltr'>Ad</span> <span class='ocrx_word' id='word_1_498' title='bbox 2626 3954 2702 4016; x_wconf 87' lang='lat'>11.</span> <span class='ocrx_word' id='word_1_499' title='bbox 2753 3972 2790 4015; x_wconf 82' lang='lat'>«</span> <span class='ocrx_word' id='word_1_500' title='bbox 2825 3952 2918 4017; x_wconf 91' lang='lat' dir='ltr'>Ne</span> <span class='ocrx_word' id='word_1_501' title='bbox 2965 3950 3131 4019; x_wconf 77' lang='lat' dir='ltr'>ative</span> <span class='ocrx_word' id='word_1_502' title='bbox 3165 3974 3229 4018; x_wconf 59' lang='grc' dir='ltr'>ν.</span> 
     </span>
    </p>
   </div>
   <div class='ocr_carea' id='block_1_10' title="bbox 3739 935 3954 1022">
    <p class='ocr_par' dir='ltr' id='par_1_22' title="bbox 3739 935 3954 1022">
     <span class='ocr_line' id='line_1_94' title="bbox 3739 935 3954 1022; baseline -0.019 -16"><span class='ocrx_word' id='word_1_503' title='bbox 3739 935 3954 1022; x_wconf 71' lang='lat' dir='ltr'>(stac)</span> 
     </span>
    </p>
   </div>
   <div class='ocr_carea' id='block_1_11' title="bbox 2349 4035 3937 4372">
    <p class='ocr_par' dir='ltr' id='par_1_23' title="bbox 2349 4035 3937 4214">
     <span class='ocr_line' id='line_1_95' title="bbox 2481 4035 3937 4132; baseline 0.006 -32"><span class='ocrx_word' id='word_1_504' title='bbox 2481 4035 2576 4102; x_wconf 76' lang='lat' dir='ltr'>Ad</span> <span class='ocrx_word' id='word_1_505' title='bbox 2625 4040 2724 4104; x_wconf 84' lang='lat'>111.</span> <span class='ocrx_word' id='word_1_506' title='bbox 2776 4059 2815 4103; x_wconf 67' lang='lat' dir='ltr'>s</span> <span class='ocrx_word' id='word_1_507' title='bbox 2847 4044 2897 4105; x_wconf 79' lang='lat' dir='ltr'>A</span> <span class='ocrx_word' id='word_1_508' title='bbox 2973 4041 3276 4125; x_wconf 80' lang='lat' dir='ltr'>rmative,</span> <span class='ocrx_word' id='word_1_509' title='bbox 3325 4042 3403 4109; x_wconf 92' lang='lat' dir='ltr'>ad</span> <span class='ocrx_word' id='word_1_510' title='bbox 3461 4040 3743 4129; x_wconf 87' lang='lat' dir='ltr'>primam</span> <span class='ocrx_word' id='word_1_511' title='bbox 3804 4063 3937 4132; x_wconf 85' lang='lat' dir='ltr'>par-</span> 
     </span>
     <span class='ocr_line' id='line_1_96' title="bbox 2349 4126 3519 4214; baseline 0.005 -24"><span class='ocrx_word' id='word_1_512' title='bbox 2349 4135 2520 4208; x_wconf 78' lang='lat' dir='ltr'>tem3</span> <span class='ocrx_word' id='word_1_513' title='bbox 2571 4126 2905 4214; x_wconf 74' lang='lat' dir='ltr'>Negative,</span> <span class='ocrx_word' id='word_1_514' title='bbox 2953 4127 3029 4194; x_wconf 86' lang='lat' dir='ltr'>ad</span> <span class='ocrx_word' id='word_1_515' title='bbox 3077 4128 3426 4195; x_wconf 90' lang='lat' dir='ltr'>secundam</span> <span class='ocrx_word' id='word_1_516' title='bbox 3458 4150 3519 4196; x_wconf 62' lang='grc' dir='ltr'>ν.</span> 
     </span>
    </p>

    <p class='ocr_par' dir='ltr' id='par_1_24' title="bbox 2480 4213 3931 4303">
     <span class='ocr_line' id='line_1_97' title="bbox 2480 4213 3931 4303; baseline 0.005 -26"><span class='ocrx_word' id='word_1_517' title='bbox 2480 4213 2687 4298; x_wconf 82' lang='lat' dir='ltr'>Atque</span> <span class='ocrx_word' id='word_1_518' title='bbox 2716 4214 2803 4279; x_wconf 89' lang='lat' dir='ltr'>ita</span> <span class='ocrx_word' id='word_1_519' title='bbox 2849 4215 3172 4303; x_wconf 90' lang='lat' dir='ltr'>rescripsit</span> <span class='ocrx_word' id='word_1_520' title='bbox 3204 4227 3274 4283; x_wconf 87' lang='lat' dir='ltr'>et</span> <span class='ocrx_word' id='word_1_521' title='bbox 3300 4218 3538 4284; x_wconf 82' lang='lat' dir='ltr'>servari</span> <span class='ocrx_word' id='word_1_522' title='bbox 3585 4218 3931 4287; x_wconf 81' lang='lat' dir='ltr'>mandavit.</span> 
     </span>
    </p>

    <p class='ocr_par' dir='ltr' id='par_1_25' title="bbox 2478 4299 3215 4372">
     <span class='ocr_line' id='line_1_98' title="bbox 2478 4299 3215 4372; baseline 0.008 -6"><span class='ocrx_word' id='word_1_523' title='bbox 2478 4299 2592 4367; x_wconf 89' lang='lat' dir='ltr'>Die</span> <span class='ocrx_word' id='word_1_524' title='bbox 2637 4305 2722 4370; x_wconf 76' lang='lat'>20</span> <span class='ocrx_word' id='word_1_525' title='bbox 2770 4302 2971 4370; x_wconf 79' lang='lat' dir='ltr'>Martii</span> <span class='ocrx_word' id='word_1_526' title='bbox 3025 4307 3215 4372; x_wconf 88' lang='grc'><strong>1869.</strong></span> 
     </span>
    </p>
   </div>
   <div class='ocr_carea' id='block_1_12' title="bbox 2343 4443 3927 4538">
    <p class='ocr_par' dir='ltr' id='par_1_26' title="bbox 2343 4443 3927 4538">
     <span class='ocr_line' id='line_1_99' title="bbox 2343 4443 3927 4538; baseline 0.004 -28"><span class='ocrx_word' id='word_1_527' title='bbox 2343 4443 2593 4512; x_wconf 79' lang='lat'>3198.</span> <span class='ocrx_word' id='word_1_528' title='bbox 2961 4449 3307 4514; x_wconf 71' lang='lat' dir='ltr'>eumen.</span> <span class='ocrx_word' id='word_1_529' title='bbox 3704 4450 3927 4538; x_wconf 67' lang='lat' dir='ltr'>(stan</span> 
     </span>
    </p>
   </div>
   <div class='ocr_carea' id='block_1_13' title="bbox 2337 4569 3927 5277">
    <p class='ocr_par' dir='ltr' id='par_1_27' title="bbox 2337 4569 3927 5277">
     <span class='ocr_line' id='line_1_100' title="bbox 2474 4569 3927 4662; baseline 0.003 -27"><span class='ocrx_word' id='word_1_530' title='bbox 2474 4574 2667 4636; x_wconf 77' lang='lat' dir='ltr'>Rmus</span> <span class='ocrx_word' id='word_1_531' title='bbox 2713 4574 2785 4636; x_wconf 89' lang='lat' dir='ltr'>D.</span> <span class='ocrx_word' id='word_1_532' title='bbox 2823 4569 3245 4658; x_wconf 80' lang='lat' dir='ltr'>Hieronymus</span> <span class='ocrx_word' id='word_1_533' title='bbox 3282 4571 3544 4640; x_wconf 81' lang='lat' dir='ltr'>Verzeri</span> <span class='ocrx_word' id='word_1_534' title='bbox 3577 4572 3927 4662; x_wconf 81' lang='lat' dir='ltr'>Episcopus</span> 
     </span>
     <span class='ocr_line' id='line_1_101' title="bbox 2339 4657 3925 4750; baseline 0.003 -28"><span class='ocrx_word' id='word_1_535' title='bbox 2339 4657 2683 4724; x_wconf 88' lang='lat' dir='ltr'>Brixiensis</span> <span class='ocrx_word' id='word_1_536' title='bbox 2726 4657 2790 4724; x_wconf 93' lang='lat' dir='ltr'>in</span> <span class='ocrx_word' id='word_1_537' title='bbox 2836 4660 3268 4746; x_wconf 84' lang='lat' dir='ltr'>Longobardia</span> <span class='ocrx_word' id='word_1_538' title='bbox 3324 4660 3624 4750; x_wconf 82' lang='lat' dir='ltr'>exposuit</span> <span class='ocrx_word' id='word_1_539' title='bbox 3667 4662 3739 4728; x_wconf 90' lang='lat' dir='ltr'>in</span> <span class='ocrx_word' id='word_1_540' title='bbox 3782 4681 3925 4748; x_wconf 81' lang='lat' dir='ltr'>qua-</span> 
     </span>
     <span class='ocr_line' id='line_1_102' title="bbox 2341 4745 3922 4831; baseline 0.001 -19"><span class='ocrx_word' id='word_1_541' title='bbox 2341 4745 2488 4812; x_wconf 85' lang='lat' dir='ltr'>dam</span> <span class='ocrx_word' id='word_1_542' title='bbox 2549 4746 2841 4813; x_wconf 87' lang='lat' dir='ltr'>Paroecia</span> <span class='ocrx_word' id='word_1_543' title='bbox 2893 4767 3042 4814; x_wconf 92' lang='lat' dir='ltr'>suae</span> <span class='ocrx_word' id='word_1_544' title='bbox 3097 4748 3415 4817; x_wconf 85' lang='lat' dir='ltr'>Dioecesis</span> <span class='ocrx_word' id='word_1_545' title='bbox 3458 4749 3581 4815; x_wconf 90' lang='lat' dir='ltr'>iam</span> <span class='ocrx_word' id='word_1_546' title='bbox 3613 4768 3663 4831; x_wconf 80' lang='lat' dir='ltr'>,a</span> <span class='ocrx_word' id='word_1_547' title='bbox 3712 4749 3922 4817; x_wconf 69' lang='lat' dir='ltr'>seculo</span> 
     </span>
     <span class='ocr_line' id='line_1_103' title="bbox 2340 4835 3919 4922; baseline 0.003 -22"><span class='ocrx_word' id='word_1_548' title='bbox 2340 4853 2460 4900; x_wconf 90' lang='lat' dir='ltr'>una</span> <span class='ocrx_word' id='word_1_549' title='bbox 2521 4850 2668 4901; x_wconf 89' lang='lat' dir='ltr'>cum</span> <span class='ocrx_word' id='word_1_550' title='bbox 2727 4835 3066 4922; x_wconf 83' lang='lat' dir='ltr'>parochiali</span> <span class='ocrx_word' id='word_1_551' title='bbox 3135 4835 3417 4903; x_wconf 80' lang='lat' dir='ltr'>Ecclesia</span> <span class='ocrx_word' id='word_1_552' title='bbox 3483 4851 3919 4904; x_wconf 76' lang='lat' dir='ltr'>consecratum</span> 
     </span>
     <span class='ocr_line' id='line_1_104' title="bbox 2343 4921 3918 4993; baseline 0.001 -5"><span class='ocrx_word' id='word_1_553' title='bbox 2343 4921 2533 4989; x_wconf 80' lang='lat' dir='ltr'>fuisse</span> <span class='ocrx_word' id='word_1_554' title='bbox 2582 4922 2798 4989; x_wconf 76' lang='lat' dir='ltr'>Altare</span> <span class='ocrx_word' id='word_1_555' title='bbox 2842 4925 3042 4991; x_wconf 89' lang='lat' dir='ltr'>maius</span> <span class='ocrx_word' id='word_1_556' title='bbox 3087 4924 3164 4991; x_wconf 91' lang='lat' dir='ltr'>ad</span> <span class='ocrx_word' id='word_1_557' title='bbox 3214 4943 3498 4991; x_wconf 91' lang='lat' dir='ltr'>normam</span> <span class='ocrx_word' id='word_1_558' title='bbox 3545 4925 3918 4993; x_wconf 76' lang='lat' dir='ltr'>Pontificalis</span> 
     </span>
     <span class='ocr_line' id='line_1_105' title="bbox 2338 5010 3916 5080; baseline 0.001 -3"><span class='ocrx_word' id='word_1_559' title='bbox 2338 5010 2624 5077; x_wconf 82' lang='lat' dir='ltr'>Romani.</span> <span class='ocrx_word' id='word_1_560' title='bbox 2690 5011 2817 5078; x_wconf 91' lang='lat' dir='ltr'>Sed</span> <span class='ocrx_word' id='word_1_561' title='bbox 2872 5031 3020 5079; x_wconf 87' lang='lat' dir='ltr'>cum</span> <span class='ocrx_word' id='word_1_562' title='bbox 3067 5031 3305 5080; x_wconf 83' lang='lat' dir='ltr'>novum</span> <span class='ocrx_word' id='word_1_563' title='bbox 3350 5011 3565 5079; x_wconf 80' lang='lat' dir='ltr'>Altare</span> <span class='ocrx_word' id='word_1_564' title='bbox 3614 5014 3822 5080; x_wconf 86' lang='lat' dir='ltr'>maius</span> <span class='ocrx_word' id='word_1_565' title='bbox 3866 5014 3916 5078; x_wconf 87' lang='lat' dir='ltr'>in</span> 
     </span>
     <span class='ocr_line' id='line_1_106' title="bbox 2339 5098 3911 5181; baseline 0.003 -18"><span class='ocrx_word' id='word_1_566' title='bbox 2339 5116 2409 5163; x_wconf 90' lang='lat' dir='ltr'>ea</span> <span class='ocrx_word' id='word_1_567' title='bbox 2457 5098 2648 5165; x_wconf 81' lang='lat' dir='ltr'>fuerit</span> <span class='ocrx_word' id='word_1_568' title='bbox 2694 5098 3096 5167; x_wconf 83' lang='lat' dir='ltr'>aedificatum</span> <span class='ocrx_word' id='word_1_569' title='bbox 3155 5120 3223 5167; x_wconf 89' lang='lat' dir='ltr'>ac</span> <span class='ocrx_word' id='word_1_570' title='bbox 3284 5099 3406 5167; x_wconf 89' lang='lat' dir='ltr'>rite</span> <span class='ocrx_word' id='word_1_571' title='bbox 3454 5113 3911 5181; x_wconf 84' lang='lat' dir='ltr'>consecratum,</span> 
     </span>
     <span class='ocr_line' id='line_1_107' title="bbox 2337 5184 3913 5277; baseline 0.003 -27"><span class='ocrx_word' id='word_1_572' title='bbox 2337 5184 2501 5252; x_wconf 91' lang='lat' dir='ltr'>illud</span> <span class='ocrx_word' id='word_1_573' title='bbox 2547 5186 2726 5273; x_wconf 87' lang='lat' dir='ltr'>prius</span> <span class='ocrx_word' id='word_1_574' title='bbox 2772 5186 2891 5255; x_wconf 74' lang='lat' dir='ltr'>fuit</span> <span class='ocrx_word' id='word_1_575' title='bbox 2935 5199 3325 5274; x_wconf 89' lang='lat' dir='ltr'>asportatum</span> <span class='ocrx_word' id='word_1_576' title='bbox 3370 5188 3434 5255; x_wconf 89' lang='lat' dir='ltr'>in</span> <span class='ocrx_word' id='word_1_577' title='bbox 3483 5189 3785 5277; x_wconf 87' lang='lat' dir='ltr'>cappella</span> <span class='ocrx_word' id='word_1_578' title='bbox 3841 5191 3913 5256; x_wconf 87' lang='lat' dir='ltr'>la-</span> 
     </span>
    </p>
   </div>
   <div class='ocr_carea' id='block_1_14' title="bbox 650 5268 3910 5358">
    <p class='ocr_par' dir='ltr' id='par_1_28' title="bbox 650 5268 3910 5358">
     <span class='ocr_line' id='line_1_108' title="bbox 650 5268 3910 5358; baseline 0.003 -27"><span class='ocrx_word' id='word_1_579' title='bbox 650 5276 791 5331; x_wconf 78' lang='lat' dir='ltr'>est:</span> <span class='ocrx_word' id='word_1_580' title='bbox 839 5286 878 5330; x_wconf 67' lang='grc' dir='ltr'><strong><em>ι</em></strong></span> <span class='ocrx_word' id='word_1_581' title='bbox 911 5271 980 5333; x_wconf 89' lang='lat' dir='ltr'>ln</span> <span class='ocrx_word' id='word_1_582' title='bbox 1027 5287 1170 5335; x_wconf 80' lang='lat' dir='ltr'>casu</span> <span class='ocrx_word' id='word_1_583' title='bbox 1216 5268 1300 5335; x_wconf 90' lang='lat' dir='ltr'>de</span> <span class='ocrx_word' id='word_1_584' title='bbox 1330 5288 1459 5355; x_wconf 90' lang='lat' dir='ltr'>quo</span> <span class='ocrx_word' id='word_1_585' title='bbox 1492 5271 1723 5358; x_wconf 90' lang='lat' dir='ltr'>agitur,</span> <span class='ocrx_word' id='word_1_586' title='bbox 1761 5291 1948 5338; x_wconf 90' lang='lat' dir='ltr'>unam</span> <span class='ocrx_word' id='word_1_587' title='bbox 1985 5282 2229 5339; x_wconf 89' lang='lat' dir='ltr'>tantum</span> <span class='ocrx_word' id='word_1_588' title='bbox 2332 5273 2513 5339; x_wconf 89' lang='lat' dir='ltr'>terali</span> <span class='ocrx_word' id='word_1_589' title='bbox 2564 5274 2853 5343; x_wconf 90' lang='lat' dir='ltr'>eiusdem</span> <span class='ocrx_word' id='word_1_590' title='bbox 2898 5277 3247 5343; x_wconf 85' lang='lat' dir='ltr'>Ecclesiae.</span> <span class='ocrx_word' id='word_1_591' title='bbox 3310 5282 3380 5344; x_wconf 86' lang='lat' dir='ltr'>ln</span> <span class='ocrx_word' id='word_1_592' title='bbox 3426 5276 3608 5344; x_wconf 91' lang='lat' dir='ltr'>cuius</span> <span class='ocrx_word' id='word_1_593' title='bbox 3661 5278 3910 5345; x_wconf 84' lang='lat' dir='ltr'>transla-</span> 
     </span>
    </p>
   </div>
   <div class='ocr_carea' id='block_1_15' title="bbox 647 5353 2228 5426">
    <p class='ocr_par' dir='ltr' id='par_1_29' title="bbox 647 5353 2228 5426">
     <span class='ocr_line' id='line_1_109' title="bbox 647 5353 2228 5426; baseline 0.004 -6"><span class='ocrx_word' id='word_1_594' title='bbox 647 5353 888 5420; x_wconf 88' lang='lat' dir='ltr'>Stolam</span> <span class='ocrx_word' id='word_1_595' title='bbox 930 5353 1008 5418; x_wconf 87' lang='lat' dir='ltr'>ad</span> <span class='ocrx_word' id='word_1_596' title='bbox 1042 5355 1278 5421; x_wconf 89' lang='lat' dir='ltr'>collum</span> <span class='ocrx_word' id='word_1_597' title='bbox 1311 5376 1344 5420; x_wconf 97' lang='lat' dir='ltr'>a</span> <span class='ocrx_word' id='word_1_598' title='bbox 1378 5357 1725 5422; x_wconf 82' lang='lat' dir='ltr'>Sacerdote</span> <span class='ocrx_word' id='word_1_599' title='bbox 1757 5377 1894 5425; x_wconf 85' lang='lat' dir='ltr'>esse</span> <span class='ocrx_word' id='word_1_600' title='bbox 1924 5358 2228 5426; x_wconf 84' lang='lat' dir='ltr'>adhiben-</span> 
     </span>
    </p>
   </div>
   <div class='ocr_carea' id='block_1_16' title="bbox 2334 5359 3905 5455">
    <p class='ocr_par' dir='ltr' id='par_1_30' title="bbox 2334 5359 3905 5455">
     <span class='ocr_line' id='line_1_110' title="bbox 2334 5359 3905 5455; baseline 0.005 -30"><span class='ocrx_word' id='word_1_601' title='bbox 2334 5359 2511 5429; x_wconf 90' lang='lat' dir='ltr'>tione</span> <span class='ocrx_word' id='word_1_602' title='bbox 2545 5380 2760 5429; x_wconf 88' lang='lat' dir='ltr'>mensa</span> <span class='ocrx_word' id='word_1_603' title='bbox 2806 5365 3072 5448; x_wconf 87' lang='lat' dir='ltr'>quidem</span> <span class='ocrx_word' id='word_1_604' title='bbox 3117 5384 3151 5431; x_wconf 91' lang='lat' dir='ltr'>a</span> <span class='ocrx_word' id='word_1_605' title='bbox 3195 5363 3518 5455; x_wconf 84' lang='lat' dir='ltr'>stipitibus</span> <span class='ocrx_word' id='word_1_606' title='bbox 3547 5367 3765 5433; x_wconf 68' lang='lat' dir='ltr'>avulsa</span> <span class='ocrx_word' id='word_1_607' title='bbox 3798 5377 3905 5449; x_wconf 84' lang='lat' dir='ltr'>est,</span> 
     </span>
    </p>
   </div>
   <div class='ocr_carea' id='block_1_17' title="bbox 646 5438 3903 5542">
    <p class='ocr_par' dir='ltr' id='par_1_31' title="bbox 646 5438 3903 5542">
     <span class='ocr_line' id='line_1_111' title="bbox 646 5438 3903 5542; baseline 0.005 -39"><span class='ocrx_word' id='word_1_608' title='bbox 646 5441 832 5524; x_wconf 81' lang='lat' dir='ltr'>dam;</span> <span class='ocrx_word' id='word_1_609' title='bbox 868 5450 933 5503; x_wconf 91' lang='lat' dir='ltr'>et</span> <span class='ocrx_word' id='word_1_610' title='bbox 962 5438 1310 5504; x_wconf 88' lang='lat' dir='ltr'>dicendum</span> <span class='ocrx_word' id='word_1_611' title='bbox 1337 5442 1416 5505; x_wconf 87' lang='lat' dir='ltr'>ab</span> <span class='ocrx_word' id='word_1_612' title='bbox 1449 5446 1584 5528; x_wconf 64' lang='lat' dir='ltr'>ipso</span> <span class='ocrx_word' id='word_1_613' title='bbox 1618 5454 1860 5508; x_wconf 83' lang='lat' dir='ltr'>tantum</span> <span class='ocrx_word' id='word_1_614' title='bbox 1908 5447 2065 5509; x_wconf 69' lang='lat' dir='ltr'>erite</span> <span class='ocrx_word' id='word_1_615' title='bbox 2103 5449 2226 5508; x_wconf 82' lang='lat' dir='ltr'>Per</span> <span class='ocrx_word' id='word_1_616' title='bbox 2270 5442 2277 5451; x_wconf 64' lang='lat'><em>⁴</em></span> <span class='ocrx_word' id='word_1_617' title='bbox 2328 5448 2441 5513; x_wconf 81' lang='lat' dir='ltr'>sed</span> <span class='ocrx_word' id='word_1_618' title='bbox 2494 5448 2752 5514; x_wconf 91' lang='lat' dir='ltr'>omnino</span> <span class='ocrx_word' id='word_1_619' title='bbox 2815 5450 3065 5538; x_wconf 88' lang='lat' dir='ltr'>integra</span> <span class='ocrx_word' id='word_1_620' title='bbox 3125 5454 3500 5542; x_wconf 88' lang='lat' dir='ltr'>permansit,</span> <span class='ocrx_word' id='word_1_621' title='bbox 3550 5465 3617 5521; x_wconf 89' lang='lat' dir='ltr'>et</span> <span class='ocrx_word' id='word_1_622' title='bbox 3663 5458 3903 5523; x_wconf 81' lang='lat' dir='ltr'>Sancto-</span> 
     </span>
    </p>
   </div>
  </div>
 </body>
</html>
