4042 5950
1607 305 2025 391 -77-

310 471 377 536 S.
419 474 498 537 R.
537 472 639 553 c.,
691 481 961 556 utraque
1005 480 1189 556 parte
1223 470 1476 557 scriptis
1509 481 1571 536 et
1601 489 1763 536 voce

194 557 562 623 informante
628 557 838 624 audita
864 606 881 641 ,
957 558 1232 644 visisque
1303 557 1545 624 iuribus
1574 632 1581 640 ‚
1614 559 1761 625 binc

192 644 328 710 inde
374 644 696 729 deductis,
731 645 810 712 ad
842 646 1218 712 relationem
1269 645 1462 734 ipsius
1509 647 1652 713 Emi
1684 649 1757 713 D.

190 733 360 798 Card.
405 731 709 818 bercarii,
741 734 1229 801 rescribendum
1262 735 1548 802 censuit:
1586 756 1623 798 ι
1658 734 1763 799 Af-

191 820 513 902 firmative,
548 820 624 884 ad
671 822 941 906 primam
972 833 1262 907 partem;
1303 823 1647 907 -Negative,
1683 822 1758 887 ad

191 907 520 973 secundam
553 929 616 972 ».
671 914 748 992 Et
781 907 862 974 ita
893 910 1189 976 decrevit
1223 931 1291 976 ac
1322 911 1558 977 servari
1590 928 1765 976 man-

191 996 369 1060 davit.
423 995 534 1060 Die
587 997 667 1061 21
717 997 981 1063 Ianuarii
1035 1002 1224 1064 1741.

191 1137 424 1205 2357.
787 1140 1161 1204 mmmm.
1534 1138 1760 1226 (4¹⁰⁷)

307 1259 542 1328 Delatis
586 1261 663 1326 ad
715 1263 781 1328 S.
819 1264 895 1327 R.
941 1265 1014 1329 C.
1067 1261 1518 1327 controversiis
1566 1282 1762 1350 super

191 1348 624 1438 praecedentia
692 1348 757 1415 in
816 1347 1230 1417 associatione
1292 1350 1672 1416 cadaverum
1731 1371 1762 1414 a

189 1437 461 1504 Par-ochis
508 1436 798 1502 Civitatis
843 1438 1150 1505 Mutinen.
1203 1437 1490 1502 excitatis
1544 1449 1761 1504 contra

192 1525 615 1591 tlansionarios
660 1524 938 1612 Capituli
971 1524 1143 1591 illius
1175 1525 1496 1592 Ecclesiae
1537 1526 1762 1592 cathe-

192 1613 391 1696 dralis,
441 1616 645 1679 Emns
692 1624 756 1679 et
801 1617 996 1680 Rmus
1044 1618 1115 1678 D.
1145 1613 1496 1680 cardinalis
1539 1618 1763 1679 Lerca-

193 1703 306 1766 rius
351 1701 828 1787 infrascriptum
861 1701 1128 1769 dubium
1162 1701 1331 1767 inter
1363 1711 1575 1789 partes
1615 1720 1764 1767 con-

191 1791 501 1856 cordatum
551 1790 1012 1856 declarandum
1061 1789 1431 1876 proposuit:

305 1882 396 1943 An
442 1877 726 1943 Parocho
773 1877 1090 1959 defuncti,
1141 1887 1204 1943 et
1255 1877 1613 1963 respective
1656 1881 1764 1943 Pa-

191 1966 367 2031 rocbo
435 1965 766 2031 Ecclesiae
839 1964 1250 2047 tumulantiS,
1318 1966 1634 2032 debeatur
1701 1968 1762 2032 in

191 2053 579 2119 associatione
643 2053 1022 2119 cadaverum
1076 2052 1530 2140 praecedentia
1576 2074 1765 2141 supra

191 2139 615 2206 llansionarios
661 2142 935 2227 Capituli
982 2139 1428 2209 Cathedralis‘?

305 2233 382 2296 Et
427 2232 491 2297 S.
538 2232 618 2294 R.
656 2232 729 2296 C.
809 2240 1082 2315 utraque
1139 2237 1321 2315 parte
1385 2229 1763 2296 informante

192 2317 403 2401 audita,
438 2316 590 2381 visis
625 2279 868 2383 iuri'bus
915 2316 1062 2383 hinc
1111 2317 1260 2382 inde
1287 2315 1629 2400 -deductis,
1665 2337 1763 2384 re·

191 2403 588 2471 scribendum
649 2403 936 2470 censuit:
988 2425 1025 2467 ι
1058 2404 1401 2491 Negative3
1451 2415 1762 2489 quatenus

193 2492 557 2558 interveniat
607 2492 973 2580 Capitulum
1018 2492 1413 2560 cathedralis
1447 2515 1507 2557 ν.
1559 2496 1639 2557 Et
1681 2493 1762 2558 ita

193 2579 514 2646 declaravit
563 2600 636 2646 ac
680 2580 920 2646 servari
967 2581 1311 2646 mandavit.
1379 2581 1490 2646 Die
1546 2583 1626 2646 21
1676 2585 1762 2646 la-

194 2668 372 2733 nuarii
423 2672 623 2734 1741.

193 2811 428 2879 2358.
800 2769 1173 2877 ueu‘r‘EN.
1532 2811 1759 2898 (4108)

302 2939 475 3003 inter
524 2935 876 3024 Dignitates
924 2947 988 3002 et
1034 2935 1381 3003 Canonicos
1442 2935 1765 3003 Ecclesiae

194 3025 576 3091 Catbedralis
626 3024 911 3091 Meliten.
963 3044 1043 3091 ex
1091 3043 1240 3106 una,
1291 3033 1355 3088 et
1398 3025 1761 3110 Capitulum

191 3111 496 3177 Ecclesiae
544 3111 934 3195 Collegiatae
980 3115 1049 3179 S.
1087 3109 1253 3177 Pauli
1302 3112 1583 3178 Civitatis
1619 3113 1760 3178 Val-

195 3200 368 3265 lettae
429 3198 724 3287 partibus
770 3218 848 3264 ex
897 3201 1129 3283 altera,
1197 3199 1363 3265 circa
1428 3200 1764 3266 nonnullas

193 3286 752 3374 praeeminentias,
797 3287 1040 3352 exortis
1102 3287 1549 3353 controversiis
1610 3287 1763 3352 illis-

194 3395 303 3459 que
347 3377 423 3441 ad
475 3379 542 3442 S.
597 3379 674 3441 R.
726 3378 797 3442 C.
848 3374 1168 3457 deductiS,
1219 3379 1414 3441 Effius
1464 3386 1528 3440 et
1570 3380 1764 3443 Rmus

195 3466 257 3526 l).
296 3465 484 3531 card.
536 3464 868 3531 Lercarius
914 3462 1310 3548 infrascripta
1357 3463 1550 3529 dubia
1597 3463 1764 3530 inter

199 3566 390 3637 partes
438 3550 822 3618 concordata
867 3551 1227 3617 decidenda
1272 3551 1644 3637 proposuit:

315 3644 369 3706 1.
425 3644 522 3708 An
573 3637 996 3723 Dignitatibus
1039 3648 1107 3703 et
1153 3638 1479 3703 canonicis
1538 3639 1762 3704 Cathe-

196 3725 368 3793 dralis
413 3727 702 3794 civitatis
747 3725 1050 3792 Notabilis
1097 3745 1225 3792 non
1270 3726 1548 3793 invitatis
1595 3742 1764 3793 com-

194 3826 350 3901 petat
405 3817 502 3881 ius
565 3815 1037 3880 interveniendi
1100 3813 1159 3880 in
1215 3813 1497 3880 Ecclesia
1555 3815 1763 3881 colle-

197 3904 340 3987 giata
399 3907 466 3971 S.
519 3901 694 3967 Pauli
751 3901 1032 3967 Civitatis
1079 3903 1389 3967 Vallettae
1453 3901 1518 3969 in
1580 3906 1761 3969 Festo

198 3992 496 4075 Naufragii
526 3989 683 4056 dicti
710 3989 916 4055 Sancti
947 3989 1023 4054 ad
1058 3989 1592 4056 solemnizandam
1629 3990 1765 4071 eius

201 4079 641 4154 Festivitatem,
678 4077 890 4143 invitis
937 4076 1508 4164 Archipresbytero
1557 4091 1622 4143 et
1654 4082 1763 4143 ca-

201 4168 420 4233 nonicis
465 4163 910 4250 collegiatae?

311 4259 374 4319 2.
425 4257 523 4320 An
583 4254 702 4319 boc
759 4252 935 4319 idem
998 4253 1092 4318 ius
1153 4262 1474 4338 competat
1544 4254 1760 4336 etiam,

201 4342 349 4407 Sede
396 4339 757 4430 Episcopali
805 4338 1121 4407 vacante?

314 4434 376 4495 3.
426 4432 524 4496 An
572 4428 815 4494 eisdem
863 4428 1137 4494 invitatis
1168 4428 1246 4494 ab
1281 4427 1597 4516 Episcopo
1633 4440 1764 4495 tan-

205 4527 346 4600 tum,
395 4526 722 4604 competat
767 4517 1012 4583 dictum
1064 4516 1192 4597 ius,
1246 4515 1455 4581 invitis
1513 4517 1764 4602 praedi·

205 4606 306 4669 ctis
346 4603 924 4692 Archipresbytero
974 4615 1037 4670 et
1083 4603 1408 4670 Canonicis
1455 4606 1763 4690 Collegia-

207 4690 340 4757 tae'?
382 4705 447 4760 et
494 4706 810 4778 quatenus
854 4692 1249 4775 affirmative,

321 4785 382 4848 4.
431 4784 525 4847 An
572 4781 890 4867 Episcopo
919 4779 1374 4867 pontificaliter
1417 4781 1768 4847 celebranti

207 4867 260 4933 in
302 4870 522 4936 eadem
569 4867 855 4933 Ecclesia
901 4867 1250 4952 collegiata
1298 4869 1361 4932 in
1419 4867 1526 4933 die
1571 4869 1769 4934 Festi-

208 4956 393 5021 vitatis
439 4956 803 5044 praedictae
850 4954 1166 5022 debeatur
1210 4955 1556 5021 assistentia
1604 4976 1637 5020 a
1667 4956 1766 5022 Di·

210 5044 534 5126 gnitatibus
577 5055 646 5115 et
692 5042 1020 5109 canonicis
1064 5043 1383 5108 Ecclesiae
1426 5044 1767 5110 cathedra-

211 5130 310 5209 lis;
354 5135 454 5199 vel
505 5131 716 5218 potius
762 5150 792 5194 a
843 5130 1259 5219 Dignitatibus
1314 5140 1380 5195 et
1438 5132 1767 5196 Canonicis

213 5219 510 5285 Ecclesiae
556 5217 940 5304 collegiatae
965 5217 997 5283 ’ἓ

329 5312 388 5373 5.
438 5308 763 5386 Quomodo
810 5308 935 5372 sint
993 5306 1360 5391 assignanda
1419 5307 1598 5372 stalla
1652 5328 1768 5374 seu

213 5392 626 5483 disponendae
674 5394 879 5463 Sedes
927 5397 1383 5462 canonicorum
1427 5395 1767 5463 cathedra-

1865 469 1942 536 lis
1989 470 2489 622 etvconegime
2537 469 2925 556 respective,
2962 466 3024 534 iu
3073 487 3215 536 casu
3263 488 3444 557 prae·

1868 558 2037 624 dicto

1994 649 2060 711 6.
2109 644 2437 722 Quomodo
2482 645 2563 711 sit
2605 645 3082 731 providendum
3134 645 3295 710 circa
3346 666 3444 712 re-

1864 733 2229 820 ceptionem
2278 733 2575 820 Episcopi
2621 745 2684 799 et
2741 734 2876 800 eius
2938 734 3444 816 associationem,

1864 821 2191 887 occasione
2250 839 2539 888 accessus
2583 822 2659 887 ad
2705 823 3061 888 Oratorium
3109 825 3179 887 S.
3224 819 3451 887 Pauli?

2000 912 2063 974 7.
2111 909 2439 987 Quomodo
2487 920 2551 974 et
2599 929 2726 995 quo
2773 911 2998 978 ordine
3055 910 3447 976 intervenire

1866 1006 2056 1082 atque
2102 998 2413 1063 accedere
2458 995 2736 1063 debeant
2782 998 2846 1064 in
2891 995 3350 1065 processione?

1999 1088 2067 1149 8.
2117 1086 2211 1149 An
2258 1083 2552 1151 canonici
2614 1095 2740 1150 tam
2804 1085 3197 1154 cathedralis
3257 1102 3447 1172 quam

1865 1172 2254 1257 collegiatae
2301 1173 2426 1238 sint
2470 1171 2874 1239 thurificandi
2921 1173 3160 1262 duplici
3194 1170 3451 1238 ductu?

2000 1263 2081 1325 Et
2128 1263 2194 1324 S.
2230 1264 2305 1327 R.
2340 1264 2445 1344 C.,
2496 1259 2644 1325 visis
2692 1259 2930 1326 iuribus
2975 1263 3121 1327 hinc
3156 1261 3306 1327 inde
3336 1261 3449 1325 de-

1867 1348 2076 1414 ductis
2122 1357 2188 1413 et
2222 1359 2468 1413 mature
2497 1349 2835 1434 perpensis
2866 1367 2989 1414 nec
3020 1367 3147 1415 non
3180 1358 3447 1434 utraque

1866 1446 2049 1522 parte
2097 1435 2348 1522 scriptis
2386 1446 2576 1520 atque
2608 1453 2769 1501 voce
2804 1437 3178 1503 informante
3214 1436 3445 1521 audita,

1866 1523 2352 1589 rescribendum
2401 1525 2646 1590 censuit
2681 1546 2697 1589 :

1999 1612 2093 1677 Ad
2147 1616 2205 1677 1.
2262 1632 2299 1674 ‹
2330 1612 2635 1697 Negative
2667 1633 2734 1678 ι».

1998 1701 2091 1766 Ad
2141 1703 2206 1764 2.
2260 1720 2297 1762 ‹
2329 1701 2640 1784 Negative
2672 1723 2736 1767 ι.

1999 1788 2093 1854 Ad
2144 1791 2206 1852 3.
2259 1808 2296 1851 ‹
2331 1787 2743 1873 Affirmative,
2779 1789 2985 1876 quoad
3034 1789 3447 1855 assistentiam

1867 1886 2151 1960 tantum:
2203 1885 2452 1941 servato
2500 1876 2640 1941 iure
2689 1878 3038 1966 peragendi
3095 1877 3452 1943 functiones

1868 1963 2247 2029 Festivitatis
2293 1962 2622 2030 Canonicis
2653 1965 3066 2050 collegiatae,
3102 1965 3451 2032 dummodo

1868 2051 2152 2117 Ecclesia
2210 2051 2606 2117 cathedralis
2666 2071 2794 2119 non
2855 2053 3278 2120 defraudetur
3337 2073 3452 2117 suo

1867 2138 2129 2205 servitio
2163 2161 2226 2205 xa.
2284 2175 2297 2186 ·
3229 2217 3239 2224 ‚

2002 2227 2097 2292 Ad
2151 2231 2216 2292 4.
2267 2248 2304 2290 ‹
2336 2228 2769 2310 Assistentiam
2801 2229 3029 2296 deberi
3060 2250 3095 2295 a
3128 2228 3452 2296 canonicis

1869 2315 2194 2381 Ecclesiae
2240 2316 2627 2383 cathedralis
2660 2340 2722 2384 ι.

2001 2401 2097 2468 Ad
2142 2408 2208 2470 5.
2259 2425 2297 2467 «
2332 2406 2485 2469 Esse
2528 2405 2894 2491 assignanda
2940 2406 3118 2471 stalla
3168 2417 3291 2472 tam
3342 2410 3451 2472 Ca-

1868 2490 2112 2558 nonicis
2158 2491 2576 2576 CatbedraliS,
2624 2513 2771 2558 cum
2817 2495 3033 2580 aliquo
3078 2505 3300 2560 ornatu
3334 2512 3453 2579 pro

1870 2579 1996 2646 illis
2046 2588 2336 2664 tantum,
2385 2599 2575 2665 quam
2622 2581 3048 2669 collegiatae;
3100 2580 3451 2649 dummodo

1870 2665 2062 2755 primi
2111 2668 2494 2755 praecedant
2540 2668 2839 2735 secundis
2872 2693 2936 2735 ιν.

2000 2755 2095 2821 Ad
2146 2759 2188 2820 6
2232 2767 2296 2820 et
2345 2760 2409 2822 7.
2460 2776 2498 2818 α
2532 2760 2680 2824 Tam
2731 2758 2794 2824 in
2838 2759 3246 2825 associatione
3306 2758 3453 2847 Epi-

1868 2843 2046 2930 scopi
2092 2863 2281 2929 quam
2333 2844 2395 2908 in
2454 2845 2859 2911 processione
2915 2846 3137 2914 deberi
3199 2863 3455 2933 praece-

1865 2931 2156 2999 dentiam
2190 2943 2256 2997 et
2288 2931 2500 3001 locum
2534 2931 2897 3019 digniorem
2947 2953 3149 3025 prope
3198 2934 3455 3022 Episco-

1866 3034 2025 3104 pum
2097 3020 2425 3087 canonicis
2500 3021 2927 3109 cathedralis3
3008 3025 3455 3110 receptionem

1869 3126 2025 3173 vero
2086 3116 2376 3195 spectare
2437 3109 2513 3174 ad
2577 3109 2919 3175 canonicos
2964 3110 3353 3195 collegiatae
3387 3132 3448 3174 ι.

2003 3197 2097 3263 Ad
2146 3202 2212 3263 8.
2263 3216 2301 3258 α
2335 3197 2722 3263 Affirmative
2772 3198 2834 3262 in
2882 3196 3175 3264 omnibus
3210 3220 3271 3262 ν.

1999 3289 2080 3350 Ει
2129 3286 2211 3350 ita
2256 3283 2549 3351 decrevit
2579 3305 2648 3350 ac
2680 3288 2917 3351 servari
2950 3285 3291 3352 mandavit.
3324 3286 3453 3352 'Die

1870 3376 1951 3438 21
2000 3373 2267 3438 Ianuarii
2321 3376 2510 3439 1741.

1870 3516 2134 3584 2359.
2467 3488 2877 3582 coriorum.
3224 3513 3453 3602 (4109)

2003 3642 2211 3725 Super
2259 3639 2395 3703 iure
2443 3637 2872 3725 praecedendi
2924 3638 2989 3703 in
3046 3638 3456 3704 associatione

1872 3726 2251 3792 cadaverum
2295 3727 2463 3791 inter
2494 3726 2802 3791 Parocbos
2831 3724 3111 3793 Civitatis
3142 3727 3456 3793 Bononiae

1872 3826 1937 3879 et
1983 3813 2403 3881 Consortiales
2449 3833 2517 3877 ac
2562 3813 3032 3896 Mansionarios,
3066 3823 3193 3878 tam
3228 3816 3455 3880 Metro-

1868 3902 2185 3989 politanae
2233 3919 2422 3987 quam
2469 3900 2857 3985 collegiatae
2904 3897 3242 3967 'Ecclesiae
3290 3903 3456 3968 eius-

1870 3992 2020 4058 dem
2071 3988 2375 4072 Civitatis,
2426 3990 2582 4053 ortis
2630 3988 3102 4072 controversiis,
3157 4001 3452 4077 praeten-

1868 4077 2174 4143 dentibus
2218 4076 2350 4140 istis
2396 4076 2649 4159 erigere
2694 4094 2823 4141 non
2867 4075 3078 4142 minus
3126 4080 3447 4164 propriam

1871 4169 2167 4246 Crucem,
2204 4180 2392 4248 quam
2441 4167 2629 4230 etiam
2677 4164 3069 4252 praecedere
3116 4168 3302 4231 Cruci
3349 4171 3453 4232 Pa-

1875 4252 2172 4331 rochiali3
2224 4253 2426 4339 iisque
2472 4253 2548 4319 ad
2598 4256 2662 4319 S.
2716 4255 2792 4317 R.
2841 4256 2910 4317 C.
2962 4252 3231 4333 delatis3

2002 4342 2066 4407 S.
2136 4342 2359 4408 eadem
2420 4344 2499 4406 R.
2560 4343 2661 4423 C.,
2726 4343 3140 4405 Procuratore
3206 4344 3454 4429 praedi·

1871 4440 2121 4494 ctorum
2150 4428 2634 4495 Consortialium
2668 4446 2740 4494 ac
2761 4428 3319 4496 mansionariorum
3353 4452 3455 4497 au·

1869 4517 2031 4593 dito,
2081 4516 2157 4582 ad
2207 4516 2584 4584 relationem
2634 4515 2773 4581 Emi
2830 4526 2895 4579 et
2950 4516 3089 4581 Rffii
3136 4520 3210 4582 D.
3260 4520 3448 4586 card.

1870 4602 2002 4669 Fini
2063 4605 2360 4671 Ponentis
2414 4605 2533 4671 sub
2590 4604 2694 4670 die
2742 4609 2782 4672 9
2828 4603 2966 4668 Maii
3020 4607 3186 4671 1739
3228 4607 3454 4672 rescri-

1870 4690 2044 4778 psit:
2104 4712 2142 4755 ‹
2182 4697 2342 4757 Emo
2387 4692 2880 4779 Arcbiepiscopo
2926 4710 3047 4777 pro
3094 4693 3455 4761 omnimoda

1874 4779 2257 4847 executione
2304 4780 2709 4846 resolutionis
2756 4783 2821 4847 S.
2855 4782 2928 4845 R.
2956 4783 3029 4846 C.
3083 4782 3289 4848 editae
3334 4785 3453 4849 sub

1871 4867 1978 4932 die
2013 4870 2052 4930 4
2084 4867 2319 4952 Aprilis
2358 4871 2527 4936 1699
2561 4890 2638 4932 »:
2692 4876 2757 4933 et
2804 4868 2867 4933 in
2911 4869 3240 4953 sequelam
3288 4871 3453 4936 eius-

1873 4955 2023 5021 dem
2072 4953 2478 5021 resolutionis
2542 4956 2766 5021 eadem
2827 4958 2892 5021 S.
2943 4960 3015 5022 C.
3065 4956 3449 5024 declaravit:

1874 5062 1911 5104 ‹
1937 5042 2244 5107 Pal-ochos
2268 5046 2694 5109 Bononienses
2726 5043 2930 5109 teneri
2964 5043 3303 5112 admittere
3335 5047 3455 5113 sub

1874 5148 2097 5196 eorum
2144 5132 2349 5195 Cruce
2394 5131 2817 5197 Consortiales
2859 5150 2973 5196 seu
3008 5134 3451 5199 mansionarios

1874 5218 2191 5286 Ecclesiae
2237 5218 2755 5304 metropolitanae
2803 5230 2868 5285 et
2910 5219 3299 5306 collegiatae
3335 5226 3454 5288 Bo·

1874 5307 2098 5373 noniae
2158 5327 2191 5371 a
2248 5305 2696 5373 defunctorum
2759 5307 3140 5374 haeredibus
3200 5320 3452 5376 vocatos

1874 5394 1951 5461 ad
1982 5394 2236 5473 funera3
2286 5413 2354 5459 ac
2386 5395 2660 5482 proinde
2693 5399 2888 5462 Emus
2919 5396 3454 5485 Arcbiepiscopus
