4042 5950
1548 297 2017 381 —179—

151 471 351 527 autem
378 509 396 544 ,
452 480 614 546 pace
659 458 968 527 divinitus
1024 461 1361 545 restituta,
1415 478 1491 526 eo
1552 458 1737 525 citius

151 549 317 614 illum
369 549 741 616 eruendum
794 546 1205 632 arbitramur,
1257 568 1387 634 quo
1444 546 1734 614 callidius

149 634 432 703 nonnulli
481 637 564 704 ad
613 636 1033 724 superandam
1066 646 1341 703 vestram
1376 653 1734 723 repugnan-

150 724 327 808 tiam,
374 743 505 811 per
548 724 805 812 publica
851 722 1043 791 etiam
1088 725 1323 809 scripta
1384 723 1732 790 contende-

149 821 323 896 runt,
376 822 448 878 ut
515 811 921 899 accepimus,
968 814 1235 879 abusum
1300 811 1604 878 eumdem
1651 830 1731 877 ex

149 899 549 967 diuturniore
595 903 822 967 Nostro
867 900 1122 966 silentio
1168 898 1587 986 adprobatum
1633 918 1731 965 re·

148 1003 428 1072 manere.
479 990 615 1055 Nus
656 987 857 1077 igitur
900 988 1220 1055 dictorum
1285 988 1734 1056 praedecesso-

151 1093 279 1141 rum
329 1075 580 1142 Literas
627 1075 1018 1165 Apostolicas
1064 1075 1349 1163 desuper
1402 1074 1735 1162 expeditas

149 1163 593 1248 praesentibus
638 1183 757 1252 pro
797 1163 1053 1231 insertis
1100 1163 1427 1249 habentes,
1466 1162 1731 1252 privile·

150 1251 314 1337 ginm
361 1251 740 1319 huiusmodi
791 1252 1020 1317 Altaris
1063 1253 1379 1339 portatilis
1424 1270 1540 1318 seu
1584 1255 1730 1318 Ora·

152 1339 279 1403 torii
339 1338 623 1425 privati,
673 1339 824 1406 licet
889 1358 1004 1428 pro
1066 1336 1523 1407 Ecclesiasticis
1568 1342 1727 1407 con-

152 1425 434 1492 fratribus
467 1437 750 1512 tantum,
781 1447 911 1496 non
941 1436 1155 1494 antem
1186 1445 1304 1515 pro
1335 1426 1727 1515 simplicibus

150 1512 470 1601 adscriptis
504 1534 878 1582 concessum
914 1526 979 1581 et
1014 1514 1375 1602 respective
1405 1515 1732 1582 confirma·

152 1612 275 1669 tum
305 1605 709 1670 Auctoritate
743 1603 1126 1690 Apostolica,
1160 1614 1384 1670 tenore
1432 1623 1731 1690 praesen-

155 1692 297 1757 tium
340 1692 682 1758 abolemus
744 1703 809 1758 et
873 1692 1283 1780 abrogamus3
1336 1699 1400 1756 et
1451 1691 1729 1759 oratoria

152 1780 376 1865 privata
409 1779 492 1879 (si
526 1791 692 1866 quae
726 1777 965 1866 ubique
991 1779 1230 1847 fuerint
1256 1778 1468 1845 taliter
1491 1782 1725 1868 erecta)

153 1866 634 1953 supprimmus.
676 1869 776 1934 -Ne
820 1875 1036 1934 autem
1084 1866 1232 1934 hinc
1290 1868 1728 1954 perantiquam

153 1955 776 2039 confraternitatem,
823 1954 889 2021 iu
934 1975 1056 2042 qua
1104 1954 1273 2020 haud
1321 1952 1570 2021 obscuri
1615 1976 1727 2023 no-

155 2042 323 2109 minis
351 2043 487 2111 Viri
533 2042 917 2126 floruerunt,
951 2044 1213 2109 minoris
1259 2041 1467 2109 facere
1513 2045 1729 2111 videa·

155 2148 327 2217 mur,
393 2148 619 2217 neque
676 2130 1259 2197 Ecclesiasticorum
1322 2130 1725 2198 confratrum

157 2220 315 2285 zelus
361 2218 716 2306 quidquam
754 2218 847 2284 ibi
892 2218 1263 2286 detrimenti
1310 2217 1549 2306 capiat,
1598 2219 1728 2286 imo

153 2307 349 2394 potius
370 2318 713 2395 augeatur,
730 2307 973 2374 eisdem
996 2306 1474 2391 Ecclesiasticis,
1494 2327 1728 2397 nempe

156 2397 362 2463 cnriae
406 2400 682 2463 Nostrae
726 2397 1040 2461 Romanae
1085 2395 1413 2479 Praelatis,
1464 2399 1728 2486 Presby-

156 2482 295 2549 teris
338 2493 404 2550 et
451 2483 886 2571 cappellaniS,
933 2501 1104 2549 nnnc
1151 2493 1218 2548 et
1262 2501 1382 2570 pro
1434 2494 1725 2573 tempore

158 2570 590 2654 existentibus,
638 2571 1071 2638 confratribus
1122 2571 1409 2638 eiusdem
1472 2573 1726 2641 confra-

156 2658 454 2724 ternitatis
498 2658 794 2746 (minime
838 2677 994 2724 vero
1042 2658 1103 2725 in
1160 2677 1384 2725 eorum
1429 2660 1726 2746 catalogo

156 2745 516 2832 simpliciter
562 2746 920 2835 adscriptis)
970 2755 1043 2811 ut
1088 2746 1232 2833 ipsi,
1266 2758 1598 2835 postquam
1646 2741 1728 2815 e'x

158 2831 343 2900 iurato
365 2853 635 2902 suornm
660 2834 1162 2901 Guardianorum
1189 2834 1547 2902 testimonio
1579 2855 1729 2902 con-

157 2931 305 2989 stare
351 2922 630 2991 fecerint
675 2922 917 2991 Dilecto
964 2921 1123 2990 Filio
1165 2925 1390 2990 Nostro
1439 2924 1500 2991 in
1547 2925 1724 2991 Alma

159 3010 313 3077 Urbe
358 3011 609 3078 vicario
661 3012 726 3078 in
782 3010 1212 3098 spiritualibus
1270 3012 1563 3079 Generali
1590 3061 1610 3096 ,
1657 3031 1724 3078 se

160 3114 264 3181 per
292 3098 806 3184 quinquennium
838 3110 945 3166 aut
973 3099 1195 3167 saltem
1230 3118 1349 3187 per
1379 3100 1722 3167 triennium

160 3186 601 3254 Functionibus
624 3185 968 3253 Socialibus
993 3187 1164 3254 iuxta
1189 3186 1731 3256 confraternitatis

161 3271 386 3339 statuta
433 3273 579 3341 lieri
625 3275 944 3342 consuetis
996 3274 1249 3342 assidue
1305 3274 1613 3361 adfuisse,
1663 3275 1724 3341 iu

161 3360 392 3444 privato
437 3360 670 3429 domus
726 3382 875 3429 suae
935 3362 1332 3429 habitationis
1376 3362 1441 3429 in
1502 3364 1725 3430 eadem

160 3445 471 3517 dumtaxat
501 3449 676 3516 Urbe
707 3452 928 3516 Nostra
976 3450 1292 3517 existente
1335 3451 1619 3517 oratorio
1649 3452 1726 3518 ad

161 3531 271 3601 hoc
313 3534 629 3604 decenter
672 3557 857 3605 muro
903 3548 1201 3605 extructo
1231 3549 1298 3605 et
1328 3549 1577 3625 ornato,
1610 3558 1725 3605 seu

166 3625 511 3691 extruendo
560 3635 627 3692 et
674 3627 997 3712 ornand0,
1048 3625 1122 3691 ab
1168 3627 1461 3695 omnibus
1506 3628 1724 3694 dome-

162 3708 317 3776 sticis
378 3712 599 3779 usibus
658 3713 901 3798 libero,
957 3734 1076 3801 per
1135 3716 1344 3800 ipsum
1408 3714 1725 3782 Vicarinm

166 3798 323 3881 prius
364 3800 677 3873 visitando
724 3810 793 3868 et
836 3804 1268 3890 approbando,
1318 3822 1389 3868 ac
1433 3802 1514 3870 de
1565 3804 1727 3870 eius-

165 3884 298 3951 dem
340 3886 567 3954 Vicarii
616 3889 870 3956 licentia
915 3890 1051 3955 eius
1096 3888 1352 3955 arbitrio
1398 3891 1723 3978 duratura,

166 3990 335 4070 unam
366 3974 613 4042 nissam
644 3995 765 4064 pro
795 3996 1178 4065 unoquoque
1217 3978 1350 4063 die,
1377 3976 1726 4046 dummodo

170 4078 223 4122 m
273 4062 495 4129 eadem
544 4065 736 4130 domo
799 4065 1162 4132 celebrandi
1222 4066 1515 4150 licentia,
1564 4086 1722 4154 quae

170 4145 357 4218 adhuc
385 4150 606 4236 duret,
639 4152 820 4219 alteri
871 4154 1160 4220 concessa
1193 4172 1320 4220 non
1356 4153 1575 4239 fuerit,
1607 4175 1728 4243 per

168 4234 413 4389 εεὲἓεοε
451 4239 777 4306 celebrare
808 4259 923 4306 seu
955 4260 1073 4329 per
1116 4259 1589 4327 quemcumque
1621 4245 1727 4311 Sa-

173 4338 234 4384 ce
310 4337 479 4394 otem
534 4329 952 4417 approbatum
1012 4329 1418 4413 Secularem,
1466 4349 1582 4396 seu
1640 4330 1724 4397 de

172 4408 561 4495 Superiorum
585 4433 846 4482 suorum
879 4416 1130 4483 licentia
1154 4415 1564 4503 Regularem,
1592 4419 1727 4485 sine

174 4503 366 4566 tamen
410 4521 970 4589 quorumcumque
1002 4503 1237 4571 inrium
1269 4506 1724 4591 parochialium
1762 4572 1767 4577 .

174 4586 584 4674 praeiudicio,
630 4610 698 4656 ac
745 4592 1052 4658 Paschatis
1095 4592 1597 4660 Resurrectionis
1664 4602 1727 4660 et

174 4670 556 4745 Pentecostes
587 4698 657 4744 ac
686 4679 1035 4745 Nativitatis
1062 4678 1312 4745 Domini
1344 4682 1554 4747 Nostri
1587 4687 1725 4749 Iesu

176 4757 382 4854 christi
446 4764 715 4853 aliisque
780 4766 1273 4835 solemnioribus
1323 4768 1466 4835 anui
1528 4768 1724 4836 Pestis

177 4842 379 4914 diebus
421 4855 707 4940 exceptis
728 4902 746 4939 ,
794 4853 859 4920 in
916 4874 1026 4920 sua
1048 4903 1065 4938 ,
1116 4856 1725 4941 consanguineorum

180 4942 235 4995 et
274 4935 542 5035 affinium
589 4960 806 5009 secum
854 4941 1109 5008 insimul
1155 4943 1220 5009 in
1267 4944 1490 5010 eadem
1532 4945 1726 5011 domo

180 5014 567 5096 habitantium
625 5030 1019 5118 praesentia3
1085 5027 1196 5115 (ita
1257 5038 1469 5097 tamen
1527 5045 1600 5098 ut
1659 5031 1721 5098 hi

182 5117 601 5199 consanguinei
661 5125 730 5182 et
784 5116 1002 5183 affines
1063 5116 1303 5183 nissam
1363 5117 1723 5186 huiusmodi

181 5189 481 5269 dumtaxat
524 5203 770 5289 audire,
817 5222 1165 5291 numquam
1208 5224 1362 5271 vero
1418 5206 1725 5273 celebrari

187 5276 372 5382 fac-ere
429 5291 702 5378 valeant)
765 5290 1072 5358 celebrari
1137 5293 1342 5359 facere
1401 5294 1603 5361 libere
1665 5306 1729 5359 et

188 5362 338 5437 licite
380 5379 656 5464 possint,
707 5380 1077 5447 auctoritate
1137 5393 1203 5446 et
1261 5392 1487 5448 tenore
1546 5401 1727 5472 prae·

1835 458 2019 526 dictis
2067 459 2492 527 concedimus·
2524 469 2591 526 et
2635 460 3069 546 indulgemus.
3120 464 3257 530 Non
3303 462 3413 530 ob·

1834 546 2143 613 stantibus
2174 595 2191 630 ,
2250 557 2560 634 qnatenus
2632 567 2788 635 opus
2856 549 2982 632 sit,
3046 550 3412 618 memoratis

1834 635 2059 700 Leonis
2089 645 2170 700 et
2195 635 2304 702 ”Pii
2348 636 2909 702 Praedecessorum
2956 635 3203 724 Literis,
3253 637 3414 706 aliis-

1832 740 1958 807 que
2006 722 2577 790 constitutionibus
2605 735 2672 789 et
2698 723 3202 792 ordinationibus
3243 732 3411 814 Apo·

1834 809 2115 893 stolicis,
2165 812 2524 897 ceterisque
2581 810 2643 878 in
2707 811 3095 880 contrarium
3152 813 3412 898 quibus-

1835 915 2138 983 cumque.
2189 899 2497 966 Volumus
2543 910 2799 982 autem,
2848 909 2936 974 ut,
2979 896 3408 986 praesentium

1834 985 2188 1052 Literarum
2255 985 2664 1075 transumptis
2730 1005 2847 1054 seu
2914 988 3227 1077 exemplis
3294 989 3409 1055 im-

1830 1073 2068 1228 pressis
2115 1074 2338 1141 eadem
2386 1093 2643 1162 prorsus
2689 1073 2851 1142 fides
2895 1073 3206 1142 habeatur
3245 1095 3409 1162 quae

1878 1161 2177 1229 aberetur
2221 1161 2373 1249 ipsis
2417 1161 2854 1250 praesentibus
2876 1210 2895 1247 ,
2941 1163 2993 1229 si
3041 1163 3254 1231 forent
3298 1183 3409 1231 ex-

1833 1248 2065 1316 hibitae
2112 1250 2215 1315 vel
2263 1259 2571 1317 ostensae.
3243 1285 3254 1296 ·

1963 1341 2187 1405 Datum
2255 1340 2491 1405 Romae
2555 1337 2722 1424 apud
2793 1340 3082 1408 Sanctam
3156 1339 3408 1407 nariam

1834 1424 2128 1492 Maiorem
2206 1424 2325 1492 sub
2381 1425 2635 1492 Annulo
2710 1425 3032 1492 Piscatoris
3105 1427 3208 1494 die
3268 1430 3408 1495 x1x

1832 1512 2066 1579 mensis
2111 1513 2346 1600 Aprilis
2390 1515 2787 1581 HDcchVl
2832 1513 3236 1582 Pontificatus
3287 1516 3408 1581 No·

1833 1601 1946 1666 stri
1991 1601 2171 1667 Anno
2218 1604 2412 1670 xvn.

2054 1748 2177 1812 Pno
2205 1749 2364 1811 Dou.
2402 1747 2603 1813 caan.
2642 1749 2962 1812 Bnascmo
2992 1766 3075 1812 nn
3103 1750 3411 1812 Bonnsrrs

2284 1853 2356 1916 G.
2409 1855 2681 1917 Bnnums
2725 1854 3175 1922 Snnsrrrurns.

1792 2033 1799 2040 ,
1924 1977 2092 2040 Loco
2122 1981 2196 2052 »Β
2225 1971 2431 2056 Sigilli
2478 1972 2710 2039 Annuli
2756 1974 3107 2041 Piscatoris.

1835 2149 2091 2218 258⁷.
2412 2147 2822 2214 nmmum.
3181 2148 3406 2239 (tuas)

1963 2303 2364 2376 Provincialis
2394 2304 2676 2372 Minister
2703 2304 2953 2372 Ordinis
2997 2306 3311 2374 uiuorum
3343 2307 3405 2374 in

1831 2397 2224 2483 Angelorum
2275 2392 2606 2459 Provincia
2675 2395 2744 2460 S.
2806 2393 3115 2460 Francisci
3184 2395 3245 2461 in
3304 2396 3407 2462 ni-

1830 2482 2043 2574 spania
2103 2487 2321 2548 Frater
2376 2486 2637 2565 loannes
2695 2481 3040 2549 Matthaeus
3095 2483 3403 2566 Sanchez,

1831 2570 2224 2656 infrascripta
2269 2567 2457 2635 dubia
2506 2567 2676 2635 Emis
2720 2568 3002 2636 Patribus
3048 2570 3248 2636 Sacris
3309 2570 3407 2636 Ri-

1832 2659 2003 2727 tibus
2034 2654 2408 2745 praepositis
2436 2655 2763 2724 enodanda
2794 2665 2984 2743 atque
3016 2656 3405 2724 enucleanda

1879 2765 1949 2812 ro
1999 2747 2211 2813 osuit:

1832 2765 1875 2834 p
1954 2766 2033 2899 Ii.
2080 2836 2239 2901 cum
2286 2832 2407 2897 iam
2453 2831 2845 2899 declaratum
2893 2832 2973 2899 sit
3018 2854 3049 2900 a
3097 2835 3162 2899 S.
3209 2837 3282 2900 R.
3331 2836 3403 2901 c.

1831 2920 2370 3008 Responsorium:
2431 2922 2600 2987 Haec
2652 2929 2745 2986 est
2808 2940 2953 2988 voro
3013 2923 3409 3007 fraternitas

1829 3012 2056 3093 locum,
2092 3007 2326 3075 habere
2354 3009 2560 3076 solum
2595 3007 2660 3074 in
2692 3009 3064 3095 Martyribus
3110 3009 3407 3076 fratribus

1829 3097 2185 3165 secundum
2228 3114 2506 3179 carnem,
2539 3114 2667 3164 non
2712 3114 2865 3162 vero
2909 3097 3266 3164 secundum
3317 3097 3407 3162 in-

1828 3184 2122 3251 stitutum
2165 3184 2414 3251 Ordinis
2473 3183 2839 3270 Regularis3
2889 3184 3254 3269 quaeriturz
3313 3186 3406 3249 An

1833 3271 2187 3361 praefatum
2211 3273 2702 3359 Responsorium
2737 3270 2861 3337 dici
2892 3269 3124 3338 debeat
3157 3270 3220 3337 in
3251 3274 3405 3339 Har-

1831 3358 2078 3448 tyribus
2123 3360 2321 3427 nostri
2367 3358 2642 3444 Ordinis,
2693 3369 2949 3426 extante
2994 3356 3262 3425 Rubrica
3292 3375 3407 3445 pe-

1832 3447 2054 3515 culiari
2100 3446 2297 3514 nostri
2345 3443 2700 3514 Breviarii‘?

1962 3541 2033 3603 2.
2080 3541 2178 3603 An
2225 3534 2470 3602 licitum
2515 3535 2597 3601 sit
2641 3535 2707 3601 in
2769 3536 3080 3621 Confiteor
3142 3535 3219 3601 ad
3278 3532 3405 3600 Pri-

1831 3642 2025 3708 mam,
2074 3627 2228 3691 Com
2280 3624 2580 3691 letorium
2628 3634 2694 3690 et
2737 3624 2982 3690 Missam
3027 3644 3098 3690 ac
3142 3622 3208 3690 in
3260 3624 3406 3689 Ora-

1829 3712 2130 3796 tionibus,
2179 3731 2222 3777 u
2268 3711 2288 3777 i
2335 3714 2595 3779 Sanctus
2638 3715 2820 3777 Pater
2874 3711 3236 3779 Franciscus
3295 3729 3405 3777 no-

1828 3800 2138 3885 minatur,
2187 3799 2425 3866 addere
2470 3804 2702 3866 nome‘n
2747 3799 2942 3866 Patris
2988 3799 3211 3883 nostri,
3260 3814 3406 3866 cum

1831 3888 1950 3955 hoc
1999 3906 2300 3975 expresse
2359 3888 2613 3975 legatur
2663 3886 2728 3954 in
2785 3886 3054 3954 Rubrica
3101 3884 3403 3974 peculiari

1831 3977 2029 4044 nostri
2076 3973 2430 4043 Breviarii?

1965 4070 2032 4132 3.
2079 4068 2237 4131 cum
2283 4065 2456 4130 iuxta
2505 4062 3018 4132 constitutiones·
3042 4062 3238 4129 nostri
3290 4066 3403 4129 Or-

1829 4152 1995 4221 dinis
2041 4163 2312 4239 quatuor
2355 4150 2496 4218 fieri
2556 4149 2834 4217 debeant
2891 4149 3224 4236 quotannis
3279 4152 3404 4215 An·

1830 4239 2170 4308 niversaria
2216 4258 2334 4326 pro
2392 4238 2704 4305 universis
2763 4236 3097 4322 fratribus,
3193 4236 3405 4323 ropin-

1830 4330 2010 4414 quis,
2061 4325 2603 4412 benefactoribus,
2651 4342 2770 4393 nec
2830 4345 2960 4393 non
3003 4329 3164 4393 Patri
3213 4342 3286 4395 us
3341 4332 3404 4389 et

1829 4416 2128 4489 Matribus
2174 4418 2464 4482 Fratrum
2518 4415 2842 4493 omnium;
2892 4412 3258 4500 quaeritur:
3305 4414 3402 4478 An

1828 4506 1983 4573 haec
2027 4500 2468 4569 Anniversaria
2511 4500 2820 4569 celebrari
2853 4500 3094 4590 possint
3125 4498 3188 4565 in
3221 4503 3403 4566 Festo

1824 4591 2072 4680 duplici
2119 4586 2401 4658 minori?
2454 4592 2552 4658 An
2610 4588 2840 4656 omitti·
2880 4586 3123 4675 possint
3180 4585 3400 4653 Psalmi

1827 4680 2056 4747 Lauda
2121 4682 2346 4744 anima
2409 4696 2547 4745 mea
2613 4680 2960 4743 Dominum
3015 4685 3079 4741 et
3123 4676 3211 4739 Dc
3259 4692 3403 4760 pro·

1826 4769 2058 4852 fundis
2088 4766 2155 4833 in
2184 4765 2397 4832 Officio
2443 4765 2915 4854 generalissimo
2955 4762 3401 4831 defunctorum

1827 4855 2026 4921 nostri
2069 4852 2345 4937 Ordinis,
2395 4862 2650 4921 extante
2696 4850 3156 4919 consuetudine
3178 4897 3196 4934 ,
3243 4849 3406 4915 sicut

1828 4943 1893 5011 in
1939 4942 2045 5010 die
2091 4939 2722 5009 commemorationis
2758 4935 3266 5007 Defunctorum‘?
3310 4937 3408 5001 An

1831 5028 2141 5099 versiculi
2186 5031 2655 5096 Nocturnorum
2704 5027 2832 5095 dici
2876 5026 3118 5115 possint
3163 5026 3228 5093 in
3281 5024 3406 5092 sin-

1832 5118 2066 5205 gulari,
2098 5116 2366 5271 §nando
2411 5136 2529 5205 pro
2575 5136 2702 5184 uno
2748 5114 2820 5182 fit
2848 5114 3133 5183 Officium
3173 5112 3408 5181 Defun-

1829 5217 2076 5273 ctorum

1963 5298 2025 5361 t.
2078 5296 2173 5360 An
2219 5292 2282 5358 in
2329 5292 2688 5360 Festivitate
2736 5295 2802 5360 S.
2839 5290 3116 5360 Eulaliae
3162 5290 3407 5358 Emeri-

1835 5380 2029 5448 tensis
2073 5380 2349 5468 Virginis
2393 5392 2458 5447 et
2503 5380 2808 5469 Martyris,
2840 5398 3005 5466 quae
3045 5380 3407 5446 celebratur
