4042 5950
1636 197 1750 316 ’-
1801 256 1950 334 441
2011 300 2116 317 -

237 413 491 485 3120.
575 418 999 485 DECRETUH
1029 416 1479 486 GENERALE.
1589 412 1817 503 (5329)

365 594 701 679 Postquam
744 591 963 658 seculo
993 594 1131 660 XVI
1178 590 1499 658 laboribus
1526 610 1816 679 praeser-

240 678 355 744 tim
403 687 467 745 et
517 679 746 747 studiis
807 678 1059 746 Antonii
1120 678 1282 746 Bosii
1342 678 1576 746 iterum
1638 682 1821 745 Sacra

232 764 594 834 suburbana
638 778 905 855 patuere
952 766 1389 849 Goemeteria‚
1437 786 1600 853 quae
1646 786 1680 832 a
1725 784 1823 833 se·

236 857 387 922 culo
435 857 566 923 vlu
618 865 898 923 exeunte
969 857 1379 923 summorum
1444 852 1822 922 Pontificum

235 960 391 1008 cura
421 943 678 1031 penitus
710 941 1052 1010 interclusa
1081 953 1543 1028 remanserant,
1567 961 1653 1010 ne
1685 944 1821 1010 bar·

239 1027 374 1098 bari
419 1033 773 1099 Romanum
839 1031 1049 1097 solum
1117 1029 1517 1098 devastantes
1580 1029 1670 1098 ibi
1715 1029 1824 1098 ali-

237 1134 433 1201 quam
482 1119 793 1186 inferrent
846 1119 1383 1205 profanationem,
1433 1119 1499 1186 in
1544 1117 1618 1185 iis
1678 1138 1825 1186 con-

236 1205 408 1290 quiri
454 1216 812 1295 coeperunt
869 1210 1208 1294 Martyrum
1272 1209 1360 1273 Co
1483 1225 1597 1290 ra,
1660 1225 1826 1292 quae

234 1294 448 1362 adhuc
495 1293 735 1361 ibidem
795 1297 1253 1383 permanebant
1299 1295 1365 1361 in
1437 1294 1637 1362 oculis
1686 1295 1823 1362 abs·

235 1380 517 1449 condita.
568 1381 974 1450 Tutissimum
1006 1383 1422 1473 dignoscendi
1456 1385 1640 1451 Sacra
1669 1384 1822 1450 haec

237 1467 513 1558 pignora
566 1470 833 1558 Signum
878 1492 911 1536 a
958 1473 1268 1539 maiorum
1338 1471 1679 1539 traditione
1724 1490 1824 1538 re-

239 1570 510 1645 ceptum
555 1567 736 1628 erant
765 1559 1015 1627 Phialae
1061 1560 1303 1626 vitreae
1347 1562 1451 1628 vel
1523 1559 1828 1645 figulinae

239 1663 474 1713 cruore
520 1646 789 1731 tinctae,
838 1658 944 1715 aut
1001 1657 1242 1716 crustas
1293 1649 1521 1716 saltem
1567 1649 1828 1736 Sangui-

240 1752 393 1799 neas
439 1734 880 1819 occludentes,
929 1754 1092 1821 qnae
1138 1737 1242 1803 vel
1292 1739 1454 1803 intra
1492 1737 1595 1802 vel
1648 1745 1825 1803 extra

241 1820 492 1890 loculos
559 1822 963 1909 sepultorum
1016 1823 1237 1891 affixae
1295 1824 1655 1891 manebant.
1721 1825 1828 1889 At·

245 1919 463 1976 tamen
513 1908 830 1995 aliquibus
886 1908 1095 1978 visum
1155 1912 1274 1979 luit
1327 1911 1494 1979 Viris
1559 1910 1831 1980 eruditis

243 1996 398 2063 alias
442 2008 699 2084 praeter
767 1999 1154 2084 Sanguinem
1219 2000 1559 2068 admittere
1623 2009 1826 2083 notas,

245 2083 479 2170 quibus
523 2084 643 2174 ipsi
688 2088 992 2174 Eartyres
1038 2088 1343 2176 distingui
1398 2087 1828 2156 autumabant.

245 2174 492 2239 Verum
557 2185 629 2240 ut
692 2173 757 2239 in
811 2193 883 2241 re
929 2177 1080 2242 tanti
1150 2175 1456 2243 momenti
1524 2175 1831 2243 inoffenso

159 2281 166 2285 ·
247 2261 714 2350 procederetur
737 2263 933 2349 pede,
961 2264 1195 2352 placuit
1218 2263 1534 2333 Clementi
1550 2267 1632 2331 lX
1658 2266 1835 2332 Sum-

247 2365 360 2414 mo
408 2348 693 2415 Pontifici
725 2349 1117 2438 singularem
1148 2352 1439 2439 deligere
1469 2354 1830 2440 congrega·

247 2434 517 2521 tionem,
550 2454 712 2522 quae
760 2457 840 2503 ex
869 2443 1132 2509 Sanctae
1164 2443 1476 2507 Romanae
1511 2439 1831 2507 Ecclesiae

249 2523 688 2592 Cardinalibus
732 2525 996 2614 aliisque
1044 2526 1418 2597 doctissimis
1465 2527 1627 2594 Viris
1687 2546 1834 2594 con-

252 2622 491 2695 staret,
565 2613 754 2698 eique
822 2616 936 2683 hac
988 2635 1186 2705 super
1253 2635 1322 2682 re
1390 2616 1834 2703 gravissimum

257 2701 574 2767 commisit
620 2719 917 2771 examen.
961 2707 1127 2771 Haec
1175 2704 1624 2792 congregatio,
1673 2722 1835 2789 quae

258 2798 475 2873 postea
519 2809 552 2854 a
601 2789 802 2857 Sacris
840 2792 1147 2877 Reliquiis
1180 2803 1245 2859 et
1275 2791 1696 2879 Indulgentiis
1726 2811 1837 2859 no·

257 2894 407 2942 men
451 2874 693 2959 habuit,
737 2879 1124 2965 argumentis
1168 2880 1461 2947 omnibus
1551 2880 1835 2966 erpensis

258 2964 364 3030 die
394 2964 472 3031 10
498 2963 733 3052 Aprilis
761 2967 906 3035 anni
936 2969 1101 3037 1668
1126 2973 1469 3036 Decretum
1549 2987 1624 3034 oc
1646 2967 1835 3034 tulit:

257 3073 297 3116 «
334 3054 493 3118 Cum
539 3057 612 3120 in
644 3056 849 3121 Sacra
887 3057 1384 3143 Conpreqatione
1416 3056 1838 3142 indumentiis

260 3141 605 3226 sacrisque
651 3143 967 3228 Reliqaiis
1006 3147 1374 3230 praeposita
1405 3144 1478 3210 de
1510 3146 1693 3210 Notis
1738 3145 1834 3212 di·

255 3238 658 3312 sceptaretar
682 3252 761 3299 exc
790 3233 1019 3316 quibus
1041 3253 1229 3301 verae
1253 3233 1645 3301 Sanctorum
1669 3234 1842 3299 Mar·

261 3328 484 3401 tyrum
529 3318 865 3403 Reliquiae
901 3339 941 3386 a
972 3320 1164 3405 falsis
1209 3331 1270 3387 et
1299 3321 1513 3387 dubiis
1555 3321 1846 3405 dignosci

252 3408 543 3490 poesim,-
587 3408 799 3474 eadem
849 3411 1049 3475 Sacra
1097 3412 1539 3496 concrepatio,
1576 3427 1646 3473 re
1689 3409 1842 3478 dili-

256 3504 478 3579 aenter
520 3499 929 3571 examinata,
963 3501 1254 3565 cemuit=
1303 3498 1597 3564 Palmam
1626 3506 1686 3562 et
1724 3501 1843 3565 Vas

259 3581 531 3647 illoram
576 3584 908 3670 Sanguine
969 3589 1253 3653 tinctam
1299 3605 1419 3671 pro
1462 3589 1668 3671 siquis
1714 3607 1845 3653 cer-

264 3672 541 3736 tissimis
586 3670 868 3740 habenda
913 3692 1074 3755 esse,·
1119 3674 1405 3741 aliorum
1445 3692 1589 3740 vero
1619 3674 1845 3761 Siquo-

262 3776 415 3823 ram
443 3777 707 3825 wama
742 3764 814 3827 ia
857 3762 1046 3828 atiud
1079 3772 1322 3847 tempus
1354 3764 1577 3829 reiecit
1610 3784 1677 3828 s.
1726 3767 1845 3829 De·

261 3855 513 3912 cretum
559 3847 926 3916 huiusmodi
972 3851 1247 3917 duorum
1294 3850 1433 3917 iere
1481 3852 1849 3918 seculorum

259 3934 542 4000 decursu
609 3933 889 4004 fideliter
954 3947 1274 4007 servatum
1351 3948 1491 4023 est,
1562 3939 1848 4023 quamvis

262 4021 616 4109 praeterito
668 4035 960 4093 vertente
1006 4026 1224 4093 seculo
1284 4026 1576 4095 nonnulli
1622 4028 1846 4095 selecti

263 4108 622 4209 Scriptores
667 4113 752 4180 de
796 4112 1042 4182 Phialae
1074 4115 1470 4200 Sanguineas
1513 4112 1706 4200 Signo
1753 4115 1848 4183 di·

265 4197 632 4265 versimode
693 4200 1165 4279 dubitaverint3
1225 4202 1456 4289 quibus
1501 4204 1846 4304 praecipue

267 4288 637 4373 gravissima
665 4288 990 4357 Benedicti
1023 4292 1162 4357 xlv
1198 4291 1533 4357 auctoritas
1577 4291 1846 4376 obstitit,

267 4392 470 4461 quum
516 4375 582 4442 in
626 4375 856 4442 Litoris
913 4378 1293 4466 Apostolicis
1348 4378 1427 4446 ad
1483 4379 1850 4464 Capitulum

267 4464 789 4550 Metropolitanae
814 4465 1134 4533 Ecclesiae
1154 4468 1565 4537 Bononiensis
1589 4467 1674 4534 de
1701 4471 1851 4537 San·

266 4559 375 4616 cto
418 4555 612 4619 Proco
646 4555 916 4639 llartyre
960 4573 1042 4621 ex
1080 4554 1480 4622 coemeterio
1523 4556 1853 4625 'thrasonis

271 4657 417 4705 cnm
451 4643 607 4707 vase
639 4641 974 4726 Sanguinis
1005 4642 1231 4708 effosso
1263 4643 1604 4712 edoceret:
1653 4664 1691 4709 ‹
1725 4646 1852 4730 Ipsi

270 4726 524 4794 debetur
571 4728 789 4795 cattas
833 4740 892 4795 et
937 4728 1182 4796 titulus
1228 4732 1484 4806 Sancti,
1520 4737 1682 4818 qaia
1706 4752 1853 4817 pro-

272 4815 378 4882 cui
423 4815 649 4898 dubio,
686 4828 762 4883 at
791 4818 1154 4885 eruditioni
1200 4831 1446 4887 vestrae
1473 4830 1702 4888 notam
1730 4840 1854 4887 esse

272 4903 466 4986 debet,
491 4905 664 4972 nulli
694 4923 988 4989 anquam
1008 4908 1183 4973 venit
1208 4910 1281 4973 ia
1311 4916 1602 4989 mentem,
1629 4928 1853 4994 qaam-

273 4996 513 5058 tamis
559 5004 751 5061 acuto
797 4997 1053 5080 ingenio
1112 4998 1170 5063 ia
1213 4998 1422 5080 fuerit
1463 5007 1527 5063 et
1579 4997 1854 5083 capides

271 5082 646 5163 quaerendi,
667 5092 744 5149 at
767 5085 991 5165 aiant,
1019 5083 1256 5149 nedum
1280 5088 1353 5151 ia
1382 5088 1620 5171 κίφος
1651 5085 1849 5169 nulii,

274 5174 572 5253 inquam,
621 5174 796 5237 venit
842 5174 915 5237 ia
961 5182 1226 5238 mentem
1276 5172 1641 5258 dubitatio,
1691 5173 1856 5260 quod

279 5260 523 5343 corpus
569 5262 643 5326 ia
691 5259 1101 5327 catacumbis
1163 5261 1466 5329 Romanis
1525 5265 1858 5333 inventam

277 5365 428 5412 cum
480 5346 746 5417 Vasciao
790 5348 1152 5434 Sanguinis
1184 5360 1305 5418 aut
1343 5350 1527 5437 pleae
1559 5361 1678 5419 aut
1726 5354 1855 5419 tia·

1919 422 2053 499 cto,
2104 434 2232 481 aaa
2289 418 2380 482 sit
2430 416 2672 499 Corpus
2723 414 3013 482 alicuius
3070 415 3187 499 qai
3239 420 3503 480 mortem

1917 522 2035 590 pro
2083 503 2337 571 Christe
2380 506 2774 571 sustinuerit
2806 524 2868 568 ν.
2922 504 3005 568 At
3047 501 3277 569 nostris
3326 499 3507 568 hisce

1923 592 2150 660 diebus
2195 592 2300 658 alii
2345 610 2778 679 supervenere
2824 588 2957 656 Viri
2997 589 3355 657 eruditione
3401 607 3502 655 ae·

1922 698 2050 766 que
2118 678 2440 766 pollentes
2466 729 2483 764 ‚
2534 687 2598 746 et
2644 678 2710 745 in
2765 697 2975 746 sacrae
3041 675 3501 764 Archeologiae

1923 766 2151 835 studiis
2215 768 2401 836 valde
2509 767 2652 834 eriti
2684 814 2703 849 ,
2751 766 2858 852 qui
2905 765 3012 832 vel
3080 764 3332 853 scriptis
3399 764 3501 830 vel

1926 855 2113 922 etiam
2159 854 2464 923 volumini
2511 875 2587 922 us
2635 854 2848 938 editis,
2881 853 3184 922 adversus
3229 851 3503 920 Phialam

1925 943 2348 1033 Sanguineam
2414 953 2640 1031 utpote
2709 940 3044 1011 indubium
3088 939 3362 1027 martyrii
3423 938 3505 1006 si·

1928 1047 2156 1119 gnum,
2205 1032 2637 1100 decertarunt.

2060 1119 2494 1188 Sanctissimus
2539 1129 2754 1186 autem
2784 1118 3085 1188 Dominus
3116 1120 3339 1184 Noster
3368 1114 3509 1182 Pius

1927 1213 2086 1295 Papa
2131 1211 2215 1274 IX
2261 1207 2343 1274 de
2388 1207 2639 1275 Decreti
2687 1206 2855 1273 illius
2909 1206 3137 1273 robore
3184 1217 3251 1270 et
3295 1215 3508 1271 aucto·

1931 1297 2114 1363 ritate
2161 1295 2328 1364 haud
2375 1295 2710 1380 haesitans,
2758 1312 2956 1382 quum
3003 1294 3253 1362 videret
3297 1304 3507 1361 tamen

1930 1383 2332 1452 eruditorum
2390 1382 2789 1451 difficultates
2837 1383 2900 1449 in
2956 1380 3505 1469 ephemeridibus,

1932 1471 2068 1542 tum
2114 1471 2451 1539 Catholicis
2495 1481 2634 1538 tum
2683 1469 3118 1555 heterodoxis,
3153 1468 3507 1557 divulgari3

1929 1561 2006 1630 ad
2123 1561 2586 1627 raecavendum
2653 1557 2990 1645 quodlibet
3057 1558 3225 1624 inter
3282 1556 3509 1627 fideles

1930 1668 2076 1716 scan
2160 1649 2293 1715 lum
2317 1696 2335 1731 ,
2381 1645 2841 1737 sapientissime
2885 1645 3135 1714 censuit
3179 1656 3250 1713 ut
3294 1645 3511 1715 huius-

1931 1736 2106 1804 modi
2151 1735 2556 1804 difficultates
2598 1736 2666 1802 in
2715 1734 2983 1820 quadam
3038 1733 3340 1823 peculiari
3405 1735 3511 1800 Sa-

1931 1843 2191 1892 crorum
2236 1824 2497 1892 Rituum
2528 1822 3031 1911 congregatione
3074 1841 3300 1890 severo
3363 1821 3511 1889 sub·

1930 1912 2283 1980 iicer'entur
2329 1909 2626 1978 examini.

2064 1999 2400 2067 Peculiaris
2430 2018 2582 2066 vero
2606 1998 3027 2087 congregatio
3059 1998 3213 2065 haec
3245 2018 3327 2065 ex
3353 2018 3515 2066 non-

1935 2089 2127 2157 nullis
2189 2088 2478 2155 eiusdem
2531 2088 2868 2154 Sacrorum
2920 2085 3177 2154 Rituum
3237 2090 3512 2174 Congre-

1934 2177 2211 2265 gationis‚
2254 2175 2730 2258 cardinalibus,
2787 2174 3081 2242 Praelatis
3138 2174 3516 2243 officialibus

1935 2287 2006 2332 ac
2049 2264 2304 2331 selectis
2363 2262 2817 2332 Ecclesiasticis
2859 2261 3022 2332 Viris
3080 2263 3355 2350 pietate,
3404 2263 3517 2330 do·

1937 2353 2161 2437 ctrina,
2189 2351 2528 2440 prudentia
2550 2368 2897 2437 rerumque
2927 2370 3048 2418 usu
3081 2350 3313 2418 eximie
3336 2369 3517 2452 prae-

1938 2440 2084 2510 ditis
2131 2440 2494 2525 constituta,
2539 2458 2693 2526 prae
2741 2437 2942 2506 oculis
2989 2439 3224 2506 habens
3262 2457 3519 2506 univer-

1936 2548 2068 2595 sam
2103 2538 2628 2616 argumentorum
2657 2528 2918 2610 seriem,
2943 2540 3061 2593 nec
3095 2547 3222 2595 non
3254 2526 3515 2594 fidelem

1941 2616 2231 2684 eiusdem
2263 2616 2599 2683 secretarii
2623 2615 3045 2699 Relationem,
3078 2632 3278 2702 quum
3307 2613 3519 2688 omnia

1939 2703 2400 2772 accuratissima
2432 2703 2884 2792 ponderaverit
2913 2701 3378 2789 disquisitione,
3414 2700 3520 2769 die

1941 2797 2022 2861 27
2049 2791 2425 2859 Novembris
2457 2791 2762 2859 vertentis
2792 2790 2935 2858 anni
2968 2790 3216 2858 duobus
3247 2790 3343 2858 his
3374 2808 3519 2879 pro-

1941 2879 2163 2968 positis
2206 2879 2454 2950 dubiisz
2742 2903 2759 2923 ·

2072 2971 2123 3035 1.
2171 2969 2269 3035 An
2314 2967 2558 3037 Phialae
2592 2969 2831 3036 vitreae
2874 2978 2985 3034 aut
3030 2965 3328 3053 figulinae
3369 2969 3521 3036 San-

1941 3056 2137 3145 guine
2184 3057 2416 3123 tinctae
2459 3074 2625 3143 quae
2679 3056 2756 3123 ad
2802 3054 3068 3122 Loculos
3119 3055 3523 3142 sepultorum

1943 3147 2008 3213 in
2075 3144 2265 3211 sacris
2309 3144 2724 3213 coemeteriis
2783 3140 2887 3209 vel
2951 3142 3119 3211 intus
3176 3143 3277 3210 vel
3342 3152 3522 3210 extra

1944 3235 2113 3321 ipsos
2183 3231 2638 3319 reperiuntur,
2706 3231 2953 3298 censeri
3022 3230 3302 3299 debeant
3368 3234 3524 3297 Mar-

1947 3321 2092 3408 tyrii
2141 3317 2452 3408 Signum?

2079 3412 2152 3476 ll.
2206 3415 2299 3475 An
2331 3409 2477 3476 ideo
2504 3408 2587 3475 sit
2617 3408 2911 3475 standum
2947 3408 3052 3475 vel
3083 3406 3522 3475 recedendum

1944 3519 1978 3564 a
2023 3501 2293 3564 Decreto
2341 3499 2561 3565 Sacrae
2606 3496 3129 3584 congregationis
3180 3495 3525 3583 Indulgen-

1949 3585 2179 3652 tiarum
2218 3595 2283 3650 et
2306 3584 2765 3671 Reliquiarum,
2792 3584 2919 3650 diei
2952 3586 3029 3652 10
3056 3584 3288 3671 Aprilis
3318 3579 3527 3651 1668?

2079 3673 2467 3761 Respondit:
2520 3673 2613 3740 Ad
2662 3677 2711 3739 Ι.
2762 3691 2800 3736 ‹
2833 3670 3222 3743 Affirmative
3253 3693 3318 3737 ν.

2080 3761 2177 3828 Ad
2227 3764 2302 3826 ll.
2347 3781 2388 3825 ι
2420 3762 2748 3827 Provisum
2796 3760 2857 3826 in
2903 3761 3112 3847 primo
3143 3781 3209 3826 ».

2080 3850 2359 3935 ldeoque
2382 3849 2753 3916 declaravit:
2786 3868 2824 3913 ‹
2845 3846 3363 3917 confirmandum
3388 3866 3527 3916 esse

1950 3942 2294 4007 Decretum
2338 3937 2480 4004 anni
2534 3940 2700 4005 1668
2730 3958 2798 4003 ν.

2081 4029 2262 4093 Facta
2327 4036 2542 4093 autem
2589 4025 2671 4092 de
2714 4024 3070 4111 praemissis
3131 4023 3526 4093 Sanctissimo

1950 4114 2216 4181 Domino
2260 4115 2488 4182 Nostro
2546 4116 2652 4180 Pio
2712 4118 2908 4200 Papae
2969 4115 3051 4180 lX
3096 4133 3127 4178 a
3173 4112 3530 4199 subscripto

1950 4201 2307 4270 Secretario
2382 4212 2665 4269 accurata
2733 4201 3021 4268 omnium
3089 4198 3526 4287 expositione,

1952 4290 2255 4357 Sanctitas
2313 4292 2433 4357 Sua
2479 4289 2857 4357 sententiam
2904 4291 3126 4355 Sacrae
3170 4292 3530 4376 congrega·

1955 4377 2141 4444 tionis
2210 4389 2404 4445 ratam
2472 4377 2692 4447 habuit
2736 4387 2805 4442 et
2847 4375 3241 4444 confirmavit
3272 4422 3290 4459 ,
3340 4387 3529 4461 atque

1953 4484 2253 4554 praesens
2294 4471 2637 4534 Decretum
2683 4461 2975 4551 expediri
3023 4463 3373 4553 praecepit.

2086 4553 2195 4621 Die
2249 4555 2326 4621 10
2371 4552 2739 4622 Decembris
2790 4555 2980 4620 1863.

1956 4732 2194 4802 3121.
2300 4735 2636 4803 PLURIUM
2681 4734 3173 4802 mol-:castum
3304 4733 3530 4821 (5331)

2086 4912 2387 4983 Nonnulli
2434 4912 2573 4980 nini
2604 4912 2946 4981 Galliarum
2974 4912 3327 4995 Antistites,
3360 4912 3531 4981 serio

1956 4999 2436 5087 perpendentes
2480 5000 2546 5068 in
2575 5000 2792 5069 multis
2835 5019 3092 5069 suarum
3136 4999 3533 5069 Dioecesiam

1958 5087 2257 5155 Ecclesiis
2302 5087 2561 5155 difficile
2607 5088 2949 5156 admodum
3004 5100 3069 5155 et
3112 5088 3361 5159 nonnisi
3405 5107 3532 5155 ma-

1957 5176 2101 5264 gnis
2143 5176 2500 5263 sumptibus
2546 5177 2892 5265 comparari
2936 5196 3120 5266 posse
3167 5178 3382 5249 oleum
3421 5174 3534 5242 oli-

1959 5283 2179 5332 varum
2227 5265 2304 5331 ad
2351 5262 2756 5333 nutriendam
2802 5264 2913 5331 diu
2943 5276 3262 5352 noctuque
3304 5264 3531 5335 saltem

1961 5371 2149 5421 unam
2198 5352 2555 5445 lampadem
2599 5363 2745 5421 ante
2790 5354 3259 5429 Sani-‚tissimum
3292 5351 3535 5425 Eucha-
