4042 5950
1789 317 2261 398 ...299-

377 477 737 567 Episcopus
781 481 1082 545 Portnen.
1115 479 1376 546 &notae
1405 476 1668 546 Rufinae
1701 485 1766 544 et
1796 479 1963 545 Gen·

380 566 871 653 tumcellarum,
935 568 1197 635 Sanctae
1264 565 1580 635 Romanae
1650 563 1962 632 Ecclesiae
2013 641 2021 652 ⁶

380 654 996 723 Vise-cancellarius
1025 665 1093 721 et
1122 656 1345 722 Sacrae
1392 653 1650 722 Ritunm
1680 656 1962 740 Congre-

379 742 619 830 gationi
667 741 1066 826 Praefectus,
1113 742 1342 830 vigore
1402 742 1772 810 facultatum
1840 739 1960 808 sibi

380 830 750 918 specialiter
778 850 810 895 a
841 830 1241 898 sanctissimo
1264 831 1530 898 Domino
1553 832 1778 896 Nostro
1809 832 1962 896 Gre-

381 918 569 1005 gorio
615 922 773 1004 Papa
817 920 954 986 XV!
1014 919 1430 1004 tributarum,
1481 917 1775 985 omnibns
1831 934 1964 982 ma-

384 1017 533 1072 ture
591 1006 959 1094 perpensis,
1010 1005 1273 1074 rescribi
1305 1006 1685 1075 mandavit:
1743 1026 1780 1069 ι
1813 1007 1962 1073 Ser·

382 1094 656 1160 vandam
725 1094 984 1161 omnino
1042 1113 1181 1160 esse
1237 1094 1300 1162 in
1362 1094 1654 1161 omnibus
1698 1094 1961 1161 formam

382 1202 418 1246 a
466 1185 741 1250 Romano
789 1181 1132 1249 Pontificali
1178 1183 1630 1271 praescriptam
1661 1202 1724 1248 a.

517 1269 631 1336 Die
675 1272 760 1338 22
807 1268 945 1336 Maii
997 1273 1186 1337 1841.

385 1450 641 1518 2827.
961 1450 1389 1517 ΑΠΒΙΑΝΕΝ.
1732 1446 1959 1537 (4915)

330 1694 346 1708 ‚
516 1623 1106 1692 Reverendissimus
1152 1623 1582 1691 Ambianensis
1611 1623 1965 1713 Episcopus

380 1710 742 1798 comperit,
812 1712 985 1799 quod
1057 1713 1119 1779 in
1178 1732 1289 1779 sua
1357 1712 1639 1780 Dioecesi
1701 1731 1781 1779 ex
1842 1730 1958 1777 usu

381 1800 521 1868 fere
569 1803 854 1886 generali
902 1800 1276 1868 Sacerdotes
1323 1800 1414 1868 bis
1460 1801 1792 1868 celebrent
1821 1799 1965 1866 Mis·

378 1905 516 1955 sam
575 1886 798 1955 diebus
859 1887 1201 1955 Dominicis
1254 1909 1322 1955 ac
1377 1888 1599 1956 Festis.
1657 1888 1769 1955 Hic
1825 1887 1962 1973 qui-

379 1977 536 2044 dem
581 1995 731 2042 usus
777 1997 858 2046 ex
906 1994 985 2042 eo
1032 1976 1401 2065 praesertim
1457 1976 1726 2043 invaluit
1787 1974 1960 2061 quod

379 2063 772 2156 plerumque
819 2083 939 2156 per
983 2081 1169 2151 agros
1204 2064 1478 2131 Ecclesia
1510 2064 1715 2152 aliqua
1745 2063 1827 2129 sit
1857 2062 1966 2130 ad-

381 2171 543 2231 nexa
615 2154 934 2222 Ecclesiae
1001 2151 1381 2241 parochiali,
1434 2152 1495 2219 in
1540 2172 1662 2238 qua
1722 2150 1963 2218 residet

379 2240 735 2320 Parecbus;
863 2243 878 2308 i
912 2240 1183 2328 proinde
1218 2240 1279 2306 in
1311 2261 1383 2308 ea
1416 2241 1648 2307 iterum
1682 2237 1962 2307 celebrat

381 2336 457 2394 ut
501 2326 730 2397 fideles
777 2333 860 2399 ihi
922 2326 1315 2395 domicilium
1375 2327 1681 2395 babentes
1726 2326 1965 2395 facilio-

383 2432 523 2483 rem
591 2417 862 2486 babeant
935 2416 1176 2483 aditum
1245 2418 1322 2484 ad
1389 2436 1559 2483 sacra
1636 2415 1957 2505 mysteria.

380 2505 566 2572 Unde
620 2506 809 2574 latius
854 2505 1228 2573 extenditur
1289 2524 1440 2571 usus
1487 2504 1839 2592 praefatus,
1885 2513 1960 2570 nt

381 2593 704 2661 nonnullis
754 2594 816 2661 in
865 2593 1017 2661 locis
1063 2593 1158 2660 bis
1205 2590 1573 2659 celebretur
1620 2591 1808 2657 etiam
1854 2609 1958 2658 su·

381 2700 503 2769 per
547 2681 720 2749 idem
765 2685 1007 2767 Altare,
1042 2691 1152 2747 aut
1180 2699 1376 2767 super
1408 2679 1637 2747 Altaria
1684 2679 1957 2764 diversa,

381 2768 494 2835 sed
552 2771 689 2838 sine
746 2770 920 2859 gravi
984 2769 1381 2836 necessitate.
1454 2771 1534 2836 Ut
1588 2766 1962 2853 ambiguitas

381 2858 585 2925 omnis
632 2878 669 2924 e
711 2859 927 2926 medio
986 2857 1266 2941 tollatur,
1317 2854 1665 2943 Episcopus
1710 2857 1957 2924 Sacram

381 2945 642 3014 Rituum
674 2945 1247 3036 congregationem
1295 2945 1579 3034 exposcit
1623 2962 1819 3033 super
1862 2961 1960 3010 se·

381 3033 724 3122 quentibus
767 3036 1018 3105 dubiis:

519 3126 579 3188 1.
631 3126 857 3191 Utrum
903 3123 1090 3189 liceat
1133 3109 1406 3190 Pal-ocho
1467 3121 1533 3188 in
1597 3121 1763 3224 agris
1809 3138 1956 3188 con·

379 3209 604 3277 stituto
651 3211 882 3279 iterare
928 3210 1171 3277 Missam
1217 3209 1443 3278 diebus
1491 3208 1832 3276 Dominicis
1892 3217 1958 3274 et

380 3297 607 3383 Pestis,
649 3298 835 3366 etiam
882 3317 1080 3386 super
1125 3298 1298 3365 idem
1348 3294 1612 3366 Altare?

511 3389 575 3453 2.
628 3388 724 3454 An
772 3387 956 3455 liceat
999 3387 1278 3455 Parocho
1311 3385 1373 3452 in
1405 3387 1563 3454 urbe
1612 3383 1955 3451 constituto

378 3473 613 3540 iterare
657 3475 901 3542 Missam
952 3474 1178 3542 iisdem
1212 3473 1438 3542 diebus
1467 3492 1664 3562 supet·
1707 3471 1954 3539 diversa

378 3561 643 3649 quidem
675 3563 930 3649 Altaria,
962 3562 1078 3630 sed
1122 3562 1564 3630 tantummodo
1607 3562 1683 3628 ad
1731 3578 1954 3627 consu-

377 3648 644 3718 lendum
689 3650 1212 3739 parochianorum
1244 3648 1720 3727 commoditati;
1755 3667 1822 3715 v.
1852 3664 1952 3734 gr.

379 3748 449 3805 ut
483 3736 851 3806 celebretur
879 3739 1055 3805 Missa
1092 3738 1239 3804 bora
1272 3748 1513 3821 octava,
1594 3738 1801 3803 nando
1834 3735 1954 3801 iam

377 3825 740 3894 celebratur
783 3827 970 3893 variis
1005 3825 1198 3909 boris,
1233 3825 1538 3894 videlicet
1614 3844 1719 3891 ora
1750 3833 1952 3907 sexta,

374 3914 669 4002 septima,
719 3934 881 3981 nona
929 3926 995 3981 et
1043 3911 1344 3982 decima?

510 4006 578 4069 3.
625 4005 851 4070 Utrum
889 4003 1094 4092 posito
1130 4002 1300 4088 quod
1332 4002 1457 4068 sint
1502 4001 1760 4068 illicitae
1790 4001 1954 4069 duae

373 4091 693 4179 praefatae
741 4090 1262 4175 consuetudines,
1328 4100 1621 4158 teneatur
1664 4090 1739 4157 iis
1790 4089 1957 4156 obsi·

374 4191 547 4245 stere
596 4179 982 4266 Episcopus;
1031 4197 1110 4246 an
1156 4198 1311 4245 vero
1358 4197 1462 4244 eas
1508 4179 1777 4245 tolerare
1808 4196 1954 4265 pos-

374 4266 481 4351 sit,
533 4277 605 4333 ut
649 4267 932 4335 vitentur
976 4267 1510 4335 murmurationes
1557 4276 1695 4334 tum
1725 4265 1949 4353 populi

379 4367 515 4422 tum
561 4354 788 4425 Cleri?

505 4446 586 4509 Et
633 4442 1184 4511 Eminentissimus
1229 4461 1298 4508 ac
1360 4442 1952 4512 Reverendissimus

374 4531 677 4598 Dominus
721 4530 1067 4599 cardinalis
1109 4531 1368 4599 Carolus
1431 4532 1614 4597 Maria
1672 4527 1955 4598 Pedicini

376 4619 724 4708 Episcopus
748 4624 1076 4706 Portuen.,
1111 4623 1370 4689 Sanctae
1402 4617 1663 4687 Rufinae
1699 4630 1764 4685 et
1796 4621 1952 4685 Cen-

376 4707 865 4791 tumcellarnm,
928 4709 1190 4774 Sanctae
1259 4711 1571 4777 Romanae
1635 4706 1951 4773 Ecclesiae

373 4795 980 4865 vice-cancellarius
1045 4816 1113 4862 ac
1182 4799 1406 4863 Sacrae
1465 4795 1726 4862 Rituum
1786 4797 1948 4862 Gon-

371 4883 726 4970 gregationi
758 4883 1141 4967 Praefectus,
1175 4884 1396 4972 vigore
1429 4882 1799 4951 facultatum
1831 4878 1949 4948 sibi

368 4972 736 5058 specialiter
763 4992 796 5038 a
826 4971 1229 5040 sanctissimo
1262 4971 1526 5039 Domino
1549 4972 1776 5038 Nostro
1806 4972 1952 5037 Gre-

370 5062 552 5148 gorio
611 5064 749 5129 XVl
804 5058 1222 5145 tributarum,
1286 5059 1547 5127 rescribi
1602 5061 1680 5128 ad
1744 5056 1951 5140 omnia

373 5149 731 5219 mandavitt
766 5170 803 5213 ιι
835 5148 984 5216 Sine
1014 5147 1276 5234 speciali
1306 5148 1668 5236 Apostolico
1699 5146 1951 5215 indulto

369 5258 498 5306 non
547 5237 779 5324 licere3
830 5248 896 5301 et
945 5236 1149 5302 teneri
1198 5236 1582 5337 Episcopum
1614 5242 1952 5304 consuetu·

368 5327 586 5395 dinem
635 5344 750 5392 seu
799 5325 1061 5392 abusum
1109 5342 1369 5392 omnmo
1413 5325 1740 5393 eliminare
1773 5346 1836 5390 ι».

502 5417 613 5482 Die
661 5417 746 5480 22
789 5411 926 5478 Maii
979 5414 1167 5480 1841.

2066 475 2323 547 2828.
2609 479 3114 547 emmaum.
3415 478 3641 568 (4916)

2193 648 2403 735 Quum'
2431 651 3016 721 Reverendissimus
3047 654 3458 722 cameracen.
3492 651 3641 741 Epi-

2063 759 2292 827 scopus
2335 743 2587 809 Sacram
2616 740 2875 808 llituum
2906 741 3479 828 congregationem
3514 741 3643 811 eni-

2067 848 2148 895 xe
2195 828 2464 914 rogavit,
2513 839 2584 896 ut
2629 830 2954 898 declarare
3001 830 3418 915 dignaretur:

2196 919 2360 983 Num
2383 916 2735 1003 canonicis,
2764 927 3073 1004 quatenus
3105 939 3135 983 a
3167 927 3463 1007 tempore
3486 921 3643 987 Con·

2066 1004 2360 1072 cordatus
2414 1007 2571 1072 1801
2626 1004 2688 1073 in
2736 1003 2949 1073 Galliis
2998 1003 3266 1072 instituti
3312 1015 3497 1091 sunt,
3546 1006 3641 1073 in-

2065 1089 2320 1159 cumbat
2364 1091 2661 1180 obligatio
2717 1113 2845 1161 non
2892 1102 3134 1160 tantum
3195 1093 3526 1161 assistendi
3576 1095 3639 1162 in

2063 1181 2274 1248 Chore
2298 1179 2706 1249 celebrationi
2733 1180 3089 1249 divinarum
3114 1182 3425 1266 Laudum,
3448 1193 3641 1270 prout

1923 1290 1930 1297 ·
2067 1269 2129 1334 in
2189 1267 2565 1354 respectivis
2620 1269 2923 1357 Capitulis
2990 1279 3085 1336 est
3144 1268 3462 1354 instituta,
3523 1269 3636 1337 sed

2066 1356 2255 1422 etiam
2288 1356 2577 1424 cantandi
2610 1361 2803 1424 Horas
2832 1357 3168 1425 Canonicas
3199 1357 3264 1423 in
3286 1357 3522 1446 Chor03
3558 1357 3641 1425 ita

2064 1454 2138 1511 ut
2181 1442 2530 1512 canonicus
2575 1445 2639 1512 in
2685 1444 2919 1530 Galliis,
2953 1444 3244 1512 assistens
3281 1446 3541 1531 quidem
3576 1445 3640 1513 in

2064 1531 2297 1613 Choro,
2344 1531 2457 1599 sed
2506 1551 2632 1600 non
2677 1533 3017 1600 decantans
3064 1532 3347 1621 publicas
3413 1550 3643 1622 preces

2067 1620 2417 1702 canonicas,
2445 1632 2671 1708 peccet
2703 1621 3081 1704 mortaliter,
3117 1632 3180 1688 et
3229 1633 3521 1689 teneatur
3560 1620 3635 1688 ad

2065 1700 2530 1775 restitutionem
2565 1709 2759 1795 partis
2790 1709 3114 1777 fructuum
3158 1708 3475 1776 emissioni
3506 1727 3642 1776 cor-

2062 1792 2562 1882 respondentis?

2197 1887 2389 1950 Emus
2436 1894 2501 1951 et
2545 1887 2739 1953 Rmus
2784 1890 2860 1952 D.
2908 1883 3096 1952 card.
3148 1883 3407 1953 Carolus
3450 1885 3636 1953 Baria

2064 1970 2340 2039 Pedicini
2374 1971 2584 2058 Episc.
2619 1976 2948 2056 Portuen.,
2983 1974 3247 2040 Sanctae
3277 1972 3538 2041 Rufinae
3571 1982 3639 2040 et

2061 2059 2670 2144 Centumcellarum,
2699 2063 2958 2129 Sanctae
2982 2063 3292 2128 Romanae
3317 2059 3638 2128 Ecclesiae

2066 2146 2673 2215 vice-cancellarius
2719 2159 2785 2215 et
2828 2151 3050 2217 Sacrae
3097 2148 3308 2216 eid-em
3379 2148 3638 2215 Rituum

2062 2235 2552 2322 congregationi
2574 2237 2955 2321 Praefectus,
3004 2237 3222 2325 vigore
3269 2235 3640 2304 facultatum

2060 2321 2177 2389 sibi
2206 2322 2569 2409 specialiter
2598 2346 2629 2390 a
2662 2323 3068 2393 sanctissimo
3113 2324 3380 2391 Domino
3410 2326 3636 2392 Nostro

2062 2412 2364 2498 Gregorio
2395 2416 2552 2500 Papa
2576 2416 2710 2481 xvi
2744 2412 3147 2496 tributarum,
3174 2411 3435 2479 rescribi
3468 2430 3639 2479 man-

2061 2499 2268 2566 davit:
2319 2520 2356 2563 ‹
2390 2500 2772 2569 canonicum
2816 2499 2880 2567 in
2926 2519 3098 2585 casu,
3135 2500 3306 2567 iuxta
3351 2500 3495 2567 alias
3526 2500 3637 2568 de·

2062 2598 2260 2670 creta,
2310 2588 2677 2675 obligationi
2726 2607 2854 2655 non
2896 2587 3252 2656 satisfacere
3294 2610 3360 2655 ».

2195 2676 2309 2743 Die
2356 2681 2438 2744 22
2485 2676 2623 2744 Maii
2676 2680 2866 2744 1841.

2498 2852 2882 2921 clvffA‘rls
2924 2853 3212 2921 PLEBIS.

2063 2850 2319 2924 2829.
3409 2850 3637 2941 (4917)

2191 3029 2397 3107 Quum
2450 3030 2540 3096 Re
2586 3028 2796 3094 ulares
2854 3027 3047 3093 totius
3108 3027 3421 3095 Dioecesis
3473 3027 3638 3096 Civi-

2063 3117 2204 3184 tatis
2268 3114 2475 3184 Plebis
2581 3113 2830 3182 ubitent
2889 3134 3041 3182 num
3096 3116 3161 3182 vi
3220 3115 3472 3183 Decreti
3531 3118 3636 3183 Sa-

2061 3223 2203 3272 crae
2249 3205 2509 3273 Rituum
2554 3203 3107 3291 congregationis,
3156 3219 3284 3290 quo
3335 3203 3659 3270 indicitur'

2058 3292 2346 3366 Officium
2392 3310 2539 3358 cum
2584 3289 2989 3357 Lectionibus
3044 3290 3321 3379 propriis
3380 3291 3636 3359 Sancto-

2058 3400 2204 3449 rum
2248 3378 2525 3448 Gervasii
2572 3391 2639 3446 et
2683 3378 2937 3446 Protasii
2998 3381 3344 3467 Martyrum
3404 3378 3637 3446 Titula-

2058 3469 2226 3537 rium
2270 3467 2663 3537 cathedralis
2707 3466 2991 3535 Civitatis
3032 3465 3278 3551 Plebis,
3331 3466 3468 3533 fieri
3521 3466 3639 3534 de·

2060 3557 2213 3625 bere
2260 3559 2345 3627 de
2393 3567 2734 3644 praecepto
2781 3555 2845 3622 in
2903 3554 3170 3622 Civitate
3227 3565 3292 3621 et
3350 3553 3635 3622 Dioecesi

2057 3645 2133 3712 ab
2177 3657 2451 3731 utroque
2496 3645 2710 3731 Clero,
2760 3643 3098 3731 adigantur
3128 3640 3316 3709 etiam
3348 3643 3425 3709 ad
3460 3642 3637 3710 insti-

2057 3736 2362 3804 tuendam
2395 3744 2674 3800 octavam
2707 3732 3085 3801 eorumdem
3118 3734 3533 3812 Sanctornm;
3566 3751 3637 3798 ac

2055 3822 2326 3909 proinde
2380 3824 2632 3890 Sacram
2692 3823 2888 3910 ipsam
2946 3821 3205 3887 Rituum
3277 3823 3636 3907 congrega·

2060 3912 2299 3980 tionem
2357 3910 2718 3978 humillime
2780 3908 3141 3998 rogaverint
3209 3918 3633 3995 opportunam

2058 3999 2236 4068 dubii
2284 3997 2829 4082 declarationem;

2190 4086 2743 4154 Eminentissimus
2788 4096 2854 4155 et
2899 4083 3491 4153 Reverendissimus
3514 4087 3633 4151 Do·
3756 4099 3760 4103 *

2061 4177 2267 4244 minus
2298 4173 2643 4243 cardinalis
2670 4175 2929 4243 Carolus
2958 4171 3144 4238 Maria
3173 4171 3456 4240 Pedicini
3487 4168 3637 4258 Epi·

2056 4283 2289 4354 scopus
2350 4267 2679 4346 Portuen.,
2729 4263 2988 4329 Sanctae
3047 4258 3307 4328 Rufinae
3353 4270 3418 4325 et
3471 4262 3635 4327 Cen-

2058 4352 2543 4434 tumcellarum,
2608 4353 2868 4418 Sanctae
2934 4354 3249 4416 Romanae
3311 4347 3634 4415 Ecclesiae

2057 4437 2663 4510 Vise-Cancellarius
2709 4450 2773 4505 et
2817 4440 3039 4506 Sacrae
3086 4435 3302 4503 eidem
3357 4437 3635 4521 Congre-

2055 4526 2289 4617 gationi
2356 4527 2751 4611 Praefectus,
2799 4524 3020 4612 vigore
3086 4523 3452 4590 facultatum
3514 4519 3634 4590 sibi

2052 4615 2414 4706 specialiter
2446 4636 2478 4680 a
2511 4615 2914 4684 sanctissimo
2938 4611 3201 4680 Domino
3221 4612 3448 4677 Nostro
3479 4614 3633 4677 Gre-

2054 4705 2233 4794 gorio
2300 4706 2439 4771 XVl
2506 4702 2808 4770 Pontifice
2876 4701 3142 4767 Maximo
3211 4697 3629 4782 tributarum,

2054 4792 2242 4861 scribi
2287 4792 2643 4859 mandavit:
2694 4811 2731 4854 ιι
2765 4794 2941 4858 luxu
2986 4787 3133 4854 alias
3181 4791 3471 4869 Decreta,
3510 4788 3634 4853 Re·

2053 4880 2309 4969 gulares
2361 4878 2426 4945 in
2473 4897 2619 4946 casu
2674 4896 2801 4945 non
2858 4876 3061 4944 teneri
3124 4875 3202 4943 ad
3248 4886 3531 4943 octavam
3564 4895 3629 4941 ι».

2185 4969 2298 5034 Die
2343 4970 2427 5035 22
2474 4967 2608 5033 llfaii
2665 4969 2856 5034 1841.

2054 5110 2315 5180 2830.
2628 5107 3066 5176 cenoman.
3400 5101 3628 5192 (tals)

2180 5238 2273 5300 Du
2326 5232 2514 5299 licem
2539 5227 3068 5298 consuetudinem
3093 5227 3409 5296 invectam
3436 5202 3630 5295 fuis'se

2055 5324 2119 5391 in
2164 5325 2275 5390 Cat
2324 5319 2522 5388 edrali
2568 5317 2846 5387 Ecclesia
2891 5319 3237 5404 Corcyren.
3274 5319 3497 5384 Sacrae
3528 5315 3633 5383 Ri-

2054 5425 2233 5479 tuum
2255 5406 2742 5498 congregationi
2767 5414 3099 5495 exponunt
3117 5403 3406 5474 nonnulli
3431 5401 3631 5491 ipsius
