4042 5950
1619 261 2088 337 —103—

343 417 552 494 Quoad
588 415 910 502 primum:
959 407 998 480 ⁴«
1032 415 1288 481 Praevio
1331 436 1584 483 recessu
1616 439 1650 481 a
1680 419 1794 484 de·

139 579 144 588 ⁴
223 504 380 586 uisis,
431 504 820 570 Affirmative
855 526 918 570 ν.
1246 564 1248 567 .

344 592 438 689 ild
493 594 559 658 2.
622 614 659 655 ‹
693 595 922 673 Posse,
989 594 1068 659 de
1141 591 1390 657 licentia
1462 592 1790 680 Archiepi-

224 699 568 831 woplitmita
630 767 973 834 declaravit
1032 787 1100 832 ac
1157 768 1389 833 servari
1441 769 1789 834 mandavit.

221 854 322 920 Die
369 858 453 920 22
504 853 734 941 Aprilis
786 859 978 922 1752.

223 993 475 1064 2420.
806 996 1189 1061 CASALEN.
1561 997 1785 1083 (4226)

341 1121 516 1183 lnter
581 1117 944 1202 Capitulum
1019 1117 1335 1186 Ecclesiae
1398 1117 1790 1186 cathedralis

218 1206 489 1272 casalen-
542 1225 624 1271 ex
670 1224 820 1286 una,
854 1217 1043 1289 atque
1089 1204 1521 1292 Praepositum
1570 1216 1634 1271 et
1677 1208 1787 1272 ca-

219 1292 467 1358 nonicos
516 1292 837 1359 Ecclesiae
876 1292 1262 1378 collegiatae
1309 1299 1375 1358 S.
1414 1293 1635 1358 Mariae
1669 1295 1788 1357 Ma-

222 1379 354 1444 ioris
401 1379 487 1445 de
534 1383 741 1454 Platea
791 1380 1076 1446 eiusdem
1127 1382 1409 1448 Civitatis
1466 1400 1546 1445 ex
1592 1381 1788 1445 altera

221 1469 524 1553 partibus,
592 1468 831 1533 exortis
888 1471 1208 1536 nonnullis
1266 1467 1475 1535 dubiis
1523 1471 1587 1533 et
1640 1487 1789 1534 con-

219 1555 530 1621 troversiis
572 1574 768 1643 super
816 1556 952 1621 iure
1001 1568 1067 1621 et
1113 1557 1306 1624 modo
1367 1557 1636 1622 sedendi
1686 1576 1787 1621 oc·

219 1642 452 1708 casione
514 1643 752 1731 synodi
815 1643 1081 1729 aliisque
1141 1643 1665 1731 praeeminentiis
1711 1646 1786 1710 ab

218 1729 428 1795 iisdem
474 1729 834 1830 praetensis
891 1732 952 1796 in
1015 1731 1441 1798 functionibus
1491 1731 1787 1797 ecclesia-

216 1817 394 1901 sucis,
432 1838 657 1903 eisque
688 1817 768 1883 ad
801 1820 864 1884 S.
895 1823 969 1885 R.
997 1823 1066 1885 c.
1108 1820 1357 1903 delatis:
1395 1820 1783 1906 infrascripta

217 1905 418 1989 dubia,
454 1924 672 1971 coram
721 1909 879 1971 Eme
931 1919 995 1971 et
1041 1911 1196 1974 Rmo
1229 1912 1301 1974 D.
1337 1905 1650 1972 cardinali
1683 1910 1787 1973 Sa-

215 1991 490 2079 cripante
513 1996 794 2059 Ponente
834 1997 1231 2079 concordata,
1259 1995 1610 2060 decidenda
1637 2014 1784 2081 pro-

219 2081 400 2164 posita
450 2081 744 2165 fuerunt,
794 2100 1077 2169 nempe:

337 2174 397 2234 1.
447 2173 550 2234 An
597 2180 662 2233 et
707 2170 962 2253 quando
1009 2171 1403 2258 praepositus
1444 2180 1634 2255 atque
1671 2173 1782 2236 ca·

215 2255 408 2322 nonici
475 2255 867 2342 collegiatae
927 2258 1246 2324 Ecclesiae
1302 2260 1367 2325 S.
1418 2256 1639 2323 Mariae
1702 2256 1782 2322 de

217 2343 403 2409 Platea
452 2344 850 2410 intervenire
895 2345 1137 2430 possint
1173 2345 1784 2431 congregationibus

217 2428 506 2499 habendis
555 2443 700 2498 ante
747 2433 981 2516 Synodi
1029 2429 1581 2501 celebrationem?

331 2522 396 2583 2.
429 2524 528 2585 An
578 2519 788 2585 dictus
833 2520 1254 2608 Praepositus,
1289 2519 1780 2587 interveniendo

215 2607 814 2692 Congregationibus
867 2608 1457 2694 antesynodalibus,
1521 2625 1780 2691 praece-

215 2695 352 2757 dere
398 2695 598 2778 possit
650 2695 993 2762 canonicos
1041 2693 1479 2763 cathedralis?

331 2785 392 2847 3.
429 2785 531 2847 An
566 2794 631 2846 et
661 2783 727 2847 in
772 2802 898 2868 quo
948 2783 1162 2849 babitu
1206 2785 1451 2867 possint
1483 2783 1781 2849 incedere

216 2868 553 2956 Dignitates
602 2881 666 2935 et
712 2872 1006 2938 canonici
1056 2873 1261 2937 dictae
1298 2870 1686 2957 collegiatae
1721 2873 1779 2935 in

214 2955 515 3043 synodo?

330 3049 391 3109 t.
442 3050 543 3112 An
591 3058 658 3111 et
708 3045 812 3111 ubi
872 3047 1200 3114 occasione
1256 3050 1486 3135 Synodi
1517 3049 1783 3114 sedere

212 3131 473 3199 debeant
545 3135 840 3202 canonici
913 3136 1301 3202 cathedralis
1369 3148 1430 3201 et
1489 3135 1780 3202 canonici

211 3218 635 3306 Collegiatae?

327 3311 392 3372 5.
442 3312 544 3375 An
591 3310 882 3376 canonici
933 3311 1251 3377 Ecclesiae
1298 3313 1688 3379 cathedralis
1719 3312 1781 3378 in

210 3395 453 3479 Synodo
505 3400 749 3484 possint
796 3398 887 3463 uti
937 3400 1207 3465 Sedibus
1257 3400 1778 3475 cumbi-achiis:

208 3484 298 3546 vel
349 3484 566 3570 potius
611 3487 704 3550 uti
752 3485 1027 3552 debeant
1055 3488 1322 3553 scamnis
1354 3512 1383 3551 a
1417 3488 1777 3574 pavimento

210 3571 458 3637 elevatis
510 3593 630 3660 per
678 3573 932 3641 unicum
981 3578 1246 3661 gradum
1301 3576 1514 3659 aliquo
1575 3594 1778 3662 panno

209 3661 562 3747 coopertis;
615 3676 679 3727 et
710 3683 788 3729 an
823 3665 1060 3749 possint
1093 3663 1280 3730 etiam
1313 3663 1602 3730 canonici
1638 3666 1779 3730 col·

210 3747 462 3833 legistae
515 3752 602 3817 uti
653 3753 883 3818 iisdem
931 3750 1219 3835 scamnis,
1269 3752 1504 3837 absque
1568 3764 1773 3818 tamen

208 3834 362 3901 <licto
409 3839 642 3989 gradu,
696 3842 856 3906 bene
906 3858 1059 3903 vero
1107 3839 1319 3923 aliquo
1381 3858 1586 3924 panno
1632 3860 1779 3905 coo-

211 3937 392 4010 pertis
529 3976 538 3983 .

324 4017 387 4080 6.
442 4017 539 4080 An
589 4016 926 4102 praedictis
981 4015 1250 4080 scamnis
1314 4026 1436 4079 tam
1481 4017 1774 4081 canonici

208 4101 588 4168 Catbedralis
633 4121 820 4188 quam
871 4103 1161 4170 canonici
1216 4101 1604 4187 collegiatae
1664 4102 1777 4168 de·

212 4188 378 4257 beant
411 4189 510 4256 uti
545 4189 608 4255 in
637 4189 1116 4277 Rogationibus,
1166 4192 1320 4256 dum
1369 4210 1401 4254 a
1450 4190 1779 4258 canonicis

209 4277 582 4344 cathedralis
627 4278 872 4345 canitur
917 4279 1093 4343 Missa
1136 4277 1200 4343 in
1239 4277 1535 4343 Ecclesiis
1566 4279 1777 4345 Colle·

210 4361 389 4445 gintae
438 4366 546 4431 vel
581 4366 1020 4453 Regularium,
1057 4378 1120 4430 et
1157 4365 1411 4432 ubinam
1445 4366 1774 4452 utriusque

211 4450 516 4519 Ecclesiae
563 4455 857 4520 canonici
906 4455 1135 4519 sedere
1179 4455 1480 4537 debeant,
1520 4455 1778 4539 quando

212 4539 664 4627 Presbyterium
713 4561 840 4608 non
888 4553 982 4607 est
1031 4540 1272 4628 capax?
1319 4551 1381 4604 et
1433 4562 1510 4608 an
1565 4543 1776 4628 potius

209 4627 277 4690 sit
321 4629 702 4695 servandum
751 4641 1060 4696 assertum
1106 4627 1414 4694 solitum?

327 4722 387 4780 7.
437 4721 576 4801 An,
634 4716 1038 4783 convenienti
1092 4717 1278 4782 simul
1338 4729 1612 4802 utroque
1665 4723 1775 4785 ca·

216 4803 392 4887 pitulo
440 4804 503 4870 in
552 4804 748 4889 Missis
795 4805 1238 4890 Rogationem,
1283 4808 1572 4871 osculum
1605 4807 1773 4890 pacis

153 4942 164 4953 .
213 4904 268 4952 et
299 4892 676 4958 thurificatio
724 4893 925 4959 danda
975 4892 1055 4959 sit
1103 4891 1430 4958 Canonicis
1464 4905 1528 4956 et
1563 4894 1773 4978 Digni-

215 4978 420 5043 tatibus
479 4980 670 5045 etiam
737 4983 1168 5065 collegiatae3
1241 4980 1340 5044 vel
1417 4981 1627 5066 potius
1695 4981 1774 5044 sit

212 5070 576 5134 servandum
620 5081 930 5134 assertum
980 5066 1295 5133 solitum?

329 5160 389 5220 8.
425 5160 521 5223 An
553 5171 619 5222 et
659 5179 689 5220 a
739 5175 866 5240 quo
916 5156 1180 5238 dictum,
1206 5157 1492 5222 osculum
1529 5171 1591 5222 et
1628 5156 1771 5222 thu-

216 5237 455 5310 rificatio
498 5246 706 5312 danda
750 5243 832 5309 sit
879 5241 1297 5329 Dignitatibus
1336 5255 1401 5308 et
1447 5244 1774 5311 canonicis

215 5328 634 5419 Collegiatae‘?

2028 422 2096 484 9.
2147 420 2242 483 An
2303 417 2596 504 Magister
2630 418 3211 488 'caeremoniarum
3272 420 3478 486 dictae

1895 505 2074 572 Colle
2127 506 2282 571 iatae
2309 518 2559 592 gestare
2585 504 2781 593 possit
2815 506 3097 572 habitum
3124 507 3478 573 violaceum

1896 611 2042 658 cum
2115 594 2317 676 erula,
2367 604 2430 658 et
2477 595 2780 660 associare
2814 592 3158 664 canonicos
3189 594 3475 661 eiusdem

1897 679 2284 767 Collegiatae
2333 681 2396 746 in
2443 679 2953 751 processionibus
2990 679 3055 746 in
3090 683 3319 767 quibus
3353 701 3480 748 non
3518 691 3523 697 ’

1896 767 2332 834 interveniunt
2378 767 2673 835 canonici
2719 765 3164 836 Cathedratis?

2036 859 2142 922 10.
2179 859 2271 920 An
2319 855 2631 941 Episcopo
2692 855 3070 924 Pontificalia
3129 857 3479 923 celebranti

1897 943 1960 1008 in
1999 942 2281 1009 Ecclesia
2315 942 2518 1009 dictae
2564 943 2949 1029 collegiatae
2999 945 3369 1029 praestanda
3400 945 3480 1010 sit

1894 1030 2243 1096 assistentia
2291 1051 2323 1094 a
2379 1030 2705 1097 Canonicis
2750 1031 3166 1116 Gathedralis‚
3214 1033 3316 1096 vel
3366 1051 3479 1120 po-

1895 1117 2018 1182 tius
2064 1139 2094 1181 a
2142 1119 2468 1185 canonicis
2516 1118 2803 1185 eiusdem
2849 1116 3291 1205 collegiatae?

2034 1210 2135 1271 11.
2171 1207 2268 1272 An
2309 1216 2372 1270 et
2402 1226 2433 1269 a
2467 1207 2698 1290 quibus
2743 1206 3072 1272 canonicis
3106 1209 3475 1292 praestanda

1893 1292 1973 1356 sit
2032 1291 2383 1359 assistentia
2446 1294 2758 1380 Episcopo
2827 1293 3174 1370 celebranti
3233 1295 3475 1360 Missam

1894 1378 2227 1465 privatam,
2262 1382 2363 1446 vel
2399 1382 2548 1445 alias
2583 1381 2852 1468 privatas
2898 1380 3255 1448 functiones
3291 1401 3476 1448 exer·

1895 1466 2063 1533 centi
2113 1469 2176 1534 in
2223 1470 2389 1534 dicta
2437 1465 2839 1556 collegiata?

1985 1558 2102 1627 ‚Et
2156 1558 2224 1621 S.
2267 1561 2339 1622 R.
2384 1558 2486 1639 c.,
2536 1568 2805 1641 utraque
2873 1567 3053 1641 parte
3114 1555 3349 1643 scripto
3412 1569 3478 1622 et

1893 1660 2052 1707 voce
2086 1642 2463 1708 informante
2494 1644 2705 1710 audita
2737 1644 3016 1727 visisque
3057 1643 3297 1710 iuribus
3331 1644 3473 1710 binc

1896 1730 2044 1797 inde
2092 1731 2389 1798 deductis
2438 1742 2813 1816 matureque
2863 1730 3193 1818 perpensis
3228 1751 3296 1797 ac
3329 1752 3475 1797 con-

1888 1816 2219 1900 sideratiS,
2288 1818 2366 1884 ad
2430 1817 2807 1884 relationem
2878 1818 3144 1904 praefati
3212 1818 3349 1885 Emi
3412 1828 3476 1885 et

1890 1905 2032 1970 Rmi
2090 1910 2165 2004 D.
2214 1906 2557 1972 cardinalis
2613 1905 2936 1988 Ponentis,
2986 1907 3477 1974 rescribendum

1891 2004 2185 2059 consult:
2450 2013 2463 2018 “

2022 2080 2116 2146 Ad
2172 2084 2230 2147 1.
2285 2104 2322 2145 ‹
2357 2080 2772 2162 Affirmative,
2819 2079 3078 2146 arbitrio
3136 2081 3469 2168 Episcopi;

1891 2178 1956 2232 et
2002 2169 2275 2256 amplius
2308 2190 2369 2233 ».
2661 2235 2669 2246 ‚

2021 2256 2118 2322 Ad
2165 2261 2230 2323 2.
2281 2280 2318 2321 ι
2356 2256 2656 2343 Negative
2694 2279 2754 2321 ν.

2019 2344 2115 2408 Ad
2166 2349 2228 2410 3.
2279 2366 2316 2407 ι
2351 2346 2660 2412 Incedere
2700 2345 2941 2410 debere
2975 2346 3040 2411 in
3075 2343 3289 2412 habitu
3324 2347 3471 2412 cbo-

1887 2432 1998 2496 rali
2031 2451 2050 2513 ς
2102 2443 2167 2497 et
2210 2433 2485 2519 amplius
2519 2455 2581 2495 ν.

1995 2519 2117 2588 ..tid
2165 2523 2234 2586 4.
2280 2541 2319 2583 ς
2350 2522 2659 2587 Servetur
2703 2521 2964 2588 solitum
2999 2544 3065 2587 ν.

2019 2607 2114 2672 Ad
2165 2612 2228 2673 tt.
2279 2629 2318 2671 ς
2353 2609 2682 2693 Negative,
2718 2609 2795 2674 ad
2860 2608 3128 2695 primam
3178 2620 3463 2696 partem3

1887 2693 2302 2778 Affirmative,
2343 2696 2417 2760 ad
2468 2698 2861 2774 secundam;
2912 2696 2986 2763 ad
3040 2698 3315 2773 tertiam,
3367 2697 3471 2763 Ar-

1889 2781 2234 2867 firmative3
2286 2796 2350 2847 et
2396 2782 2602 2866 quoad
2652 2785 2836 2870 panni
2874 2785 3180 2866 colorem,
3214 2783 3471 2849 arbitrio

1890 2868 2227 2958 Episcopi;
2279 2883 2341 2933 et
2388 2870 2660 2954 amplius
2694 2894 2756 2935 ›.

2021 2955 2115 3023 Ad
2164 2960 2227 3023 6.
2280 2980 2317 3021 ‹
2352 2957 2595 3024 Sedere
2642 2957 2883 3025 debere
2947 2961 3007 3025 in
3058 2960 3348 3044 scamnis,
3408 2970 3473 3024 et

1886 3046 1950 3113 in
1995 3045 2259 3130 reliquis
2290 3056 2587 3111 servetur
2612 3044 2892 3129 ⁴solitum
2925 3063 2942 3124 ;
2995 3061 3059 3113 et
3106 3048 3377 3135 amplius
3405 3069 3464 3111 ».

2019 3134 2115 3198 Ad
2168 3137 2229 3198 7.
2281 3154 2320 3196 ς
2352 3131 2740 3200 Affirmative
2768 3136 2845 3201 ad
2880 3135 3147 3222 primam
3181 3147 3467 3223 partem;

1889 3222 2219 3308 Negative,
2253 3222 2330 3286 ad
2379 3222 2767 3299 secundam;
2819 3237 2884 3288 et
2929 3224 3202 3311 amplius
3236 3246 3300 3286 ».

2020 3310 2115 3375 Ad
2161 3313 2228 3376 8.
2278 3331 2315 3372 ι
2348 3310 2570 3393 Dilata,
2608 3320 2669 3375 et
2704 3310 3073 3395 exquiratur
3106 3321 3323 3376 votum
3360 3314 3472 3376 lla·

1885 3399 2232 3483 gis-trorum
2279 3398 2842 3464 caeremoniarum
2874 3420 2939 3463 ».

2017 3485 2113 3550 Ad
2162 3486 2227 3551 9.
2282 3505 2322 3547 ι
2354 3485 2703 3571 Negative;
2756 3497 2820 3551 et
2865 3486 3139 3572 amplius
3175 3509 3234 3551 ν.

2017 3574 2113 3637 Ad
2167 3576 2268 3639 10.
2320 3593 2359 3635 ‹
2395 3572 2809 3657 Affirmative,
2864 3575 2939 3639 ad
3003 3574 3271 3660 primam
3328 3593 3470 3660 par-

1889 3673 2013 3726 tem
2044 3675 2061 3735 ;
2097 3661 2428 3746 Negative,
2464 3662 2539 3727 ad
2569 3661 2949 3739 secundam;
2991 3672 3057 3727 et
3098 3661 3369 3748 amplius
3403 3684 3463 3725 ».

2015 3749 2108 3813 Ad
2165 3753 2268 3814 11.
2318 3770 2355 3811 ‹
2388 3753 2575 3814 Posse
2624 3748 2921 3835 praestari
2970 3749 3386 3816 assistentiam
3437 3773 3466 3814 a

1884 3836 2210 3903 Canonicis
2272 3836 2603 3920 utriusque
2670 3837 2943 3922 capituli
3000 3856 3128 3905 non
3192 3856 3468 3904 renuen-

1887 3924 2053 3989 tibus
2087 3945 2169 3997 ›.,
3100 3966 3117 3985 .

2013 4015 2092 4077 Et
2126 4013 2207 4077 ita
2239 4012 2525 4078 decrevit
2555 4032 2626 4076 ac
2674 4015 2909 4079 servari
2956 4014 3305 4082 mandavit.
3352 4013 3461 4079 Die

1890 4102 1970 4164 ¹5
2018 4099 2157 4164 lulii
2210 4103 2399 4166 1752.

1886 4275 2132 4344 2421.
2461 4277 2882 4344 NOVARlEN.
3237 4278 3463 4364 (4228)

2012 4455 2108 4520 Ad
2158 4457 2596 4541 componenda
2644 4455 2895 4521 dissidia
2938 4466 3070 4520 orta
3107 4454 3273 4520 inter
3303 4458 3465 4519 con·

1881 4544 2339 4610 fraternitatem
2389 4542 2824 4609 Sanctissimae
2871 4541 3300 4608 Trinitatiset
3356 4544 3466 4606 So·

1880 4633 2178 4697 cietatem
2226 4631 2665 4717 Angustissimi
2706 4631 3005 4715 Corporis
3039 4628 3283 4694 Domini
3317 4633 3466 4695 Tei·-

1882 4739 1990 4784 rae
2048 4719 2402 4803 vespolatis
2469 4717 2783 4783 Dioecesis
2844 4716 3224 4798 Novarien.‚
3291 4736 3503 4782 occa-x

1878 4806 2055 4871 sione
2102 4806 2575 4872 Processionum
2627 4806 2800 4872 Ssfiii
2832 4804 3240 4888 sacramenti,
3272 4808 3465 4870 Emus

1880 4907 1944 4958 et
1977 4896 2171 4957 Rmus
2205 4896 2276 4957 D.
2315 4893 2661 4959 cardinalis
2697 4892 3060 4980 Sacripante
3092 4895 3339 4959 Ponens
3373 4892 3463 4957 in-

1883 4981 2203 5068 frascripta
2252 4979 2441 5046 dubia
2486 5002 2514 5041 a
2564 4981 2627 5046 S.
2666 4983 2743 5045 R.
2778 4980 2849 5045 C.
2895 4979 3273 5047 declaranda
3318 4999 3463 5065 pro-

1881 5067 2117 5156 posuit,
2167 5087 2452 5154 nempe:
2612 5096 2621 5109 .

2017 5162 2079 5221 1.
2127 5159 2248 5238 An,
2298 5174 2424 5221 non
2469 5157 2677 5221 solum
2745 5156 2810 5220 in
2855 5156 3152 5241 corporis
3216 5154 3459 5221 Domini

1875 5242 2384 5310 solemnitatibus
2426 5243 2539 5308 sed
2590 5243 2780 5309 etiam
2841 5244 2905 5308 in
2953 5243 3462 5328 quibuscumque

1876 5332 2386 5400 Processionibus
2419 5328 2499 5396 in·
2522 5330 2750 5416 qaibus
2797 5332 2985 5396 ssma
3016 5330 3308 5397 defertur
3339 5332 3461 5395 Eu-
