4042 5950
1529 275 2001 352 —211-

148 439 480 517 genterque
540 449 890 519 perpensa-
924 439 988 496 et
1042 430 1263 497 audito
1321 428 1502 515 prius
1558 440 1708 497 voto

150 524 294 586 lm).
321 517 694 601 Assessoris,
722 517 800 584 ad
834 517 1215 604 infrascripti
1246 517 1583 591 secretarii
1614 538 1713 584 re-

152 607 448 690 lationem,
485 606 604 672 etsi
636 616 1053 693 perspectum
1083 607 1310 673 habeat
1338 609 1714 674 Sanctorum

151 693 500 780 cognomina
549 697 654 761 vel
697 694 961 782 patriam
1008 712 1136 762 non
1183 714 1322 760 esse
1372 695 1713 762 inoratio·

152 781 312 848 nibus
339 802 419 869 ap
508 783 746 866 nenda,
774 802 973 869 quum
1005 784 1237 850 horum
1269 786 1438 850 Deus
1466 801 1595 850 non
1625 783 1715 849 in·

151 870 341 969 digest
380 892 413 936 a
502 870 1014 957 dignoscendum
1064 870 1128 938 in
1161 871 1486 938 cuiusnam
1533 872 1714 950 Servi

152 979 233 1022 sui
254 960 502 1026 nomine
526 958 734 1027 Oratio
757 958 874 1026 sibi
905 958 1251 1046 dirigatur;
1278 958 1714 1045 nihilominus,

152 1046 425 1132 quoniam
457 1067 587 1114 non
620 1047 797 1116 abest
826 1047 904 1114 ab
936 1048 1259 1115 Ecclesiae
1291 1047 1623 1134 disciplina
1648 1058 1719 1115 ut

155 1136 464 1221 peculiaris
490 1137 706 1221 ‘aliqua
730 1136 937 1203 virtus
969 1136 1443 1223 mirificumque
1476 1137 1718 1204 donum

153 1223 550 1323 significetur,
587 1226 669 1292 ob
702 1244 867 1312 quae
897 1244 1063 1292 unus
1095 1235 1203 1292 aut
1241 1225 1406 1292 alter
1438 1243 1520 1290 ex
1567 1229 1718 1294 San-

154 1325 255 1377 ctis
295 1312 526 1378 ceteris
588 1314 946 1400 praeluxit,
1009 1315 1086 1381 ab
1141 1313 1511 1381 huiusmodi
1567 1314 1716 1401 lege

156 1399 431 1488 excipere
476 1420 551 1468 ea
622 1402 907 1487 censuit,
966 1421 1129 1489 quae
1183 1402 1395 1469 minus
1455 1402 1719 1490 proprie

158 1489 501 1573 cognomina
551 1490 681 1559 dici
743 1491 1020 1572 debent,
1067 1493 1184 1560 sed
1227 1489 1444 1578 potius
1503 1490 1718 1558 chara-

158 1588 371 1643 cterem
418 1578 633 1646 Sancti
680 1578 949 1646 alicuius
980 1580 1084 1645 vel
1118 1580 1359 1648 donum
1390 1579 1487 1647 illi
1521 1600 1554 1646 a
1585 1582 1717 1648 Deo

159 1663 431 1733 collatum
481 1666 884 1754 exprimunt.

265 1755 572 1843 Adeoque
606 1756 747 1823 Emi
780 1760 994 1823 Patres
1027 1757 1231 1825 Sacris
1260 1756 1510 1824 Ritibus
1539 1777 1719 1844 prae·

164 1843 322 1929 positi
366 1842 429 1910 in
475 1864 673 1911 sensu
720 1845 954 1911 fuere:
1004 1866 1042 1910 a
1075 1847 1216 1913 Non
1264 1865 1403 1912 esse
1451 1846 1517 1912 in
1575 1849 1719 1914 Ora-

162 1931 402 1998 tionibus
462 1935 898 2022 expungenda
960 1934 1215 2001 nomina
1284 1933 1720 2023 Chrysostomi

161 2038 219 2083 ac
255 2019 658 2109 chrysologi,
706 2041 871 2109 quae
918 2022 1231 2089 adiectiva
1289 2025 1506 2109 potius
1574 2034 1722 2090 sunt

164 2117 214 2170 et
251 2109 343 2173 vel
388 2109 776 2194 facundiam,
828 2111 931 2176 vel
980 2111 1110 2177 vim
1157 2123 1224 2177 et
1256 2109 1596 2178 efficaciam
1628 2111 1723 2178 di-

164 2193 271 2261 vini
310 2199 621 2265 sermonis
668 2198 1003 2266 recensitis
1064 2199 1331 2283 Sanctis,
1382 2199 1558 2285 quasi
1617 2219 1721 2266 su-

170 2287 518 2369 pernaturali
552 2286 823 2356 inditam
853 2288 1122 2372 virtute,
1158 2286 1490 2373 designat3
1525 2286 1721 2374 idque

169 2370 375 2459 ubique
416 2376 808 2444 servandum
854 2394 1194 2460 censuere,
1242 2376 1294 2443 si
1350 2378 1543 2443 ssffio
1607 2381 1724 2444 Do-

168 2459 312 2526 mino
354 2468 583 2531 Nostro
619 2463 933 2553 placuerit
966 2486 1032 2529 ».
1079 2464 1193 2530 Die
1226 2468 1266 2530 ὅ
1296 2464 1497 2530 Martii
1527 2467 1720 2531 1825.

276 2552 445 2619 Facta
467 2568 688 2620 autem
714 2552 800 2619 de
822 2552 1186 2637 praemissis
1211 2551 1505 2619 omnibus
1530 2553 1724 2619 88ῶο

172 2637 401 2732 Domino
447 2643 679 2707 Nostro
737 2638 933 2706 Leoni
978 2643 1087 2708 ΧΠ
1150 2644 1335 2707 Pont.
1395 2644 1555 2707 Max.
1608 2660 1728 2729 per

172 2722 611 2814 infrascriptum
655 2727 1085 2796 secretarium
1117 2729 1456 2812 relatione,
1491 2728 1731 2796 Sancti-

174 2821 246 2875 tas
293 2815 404 2881 Sua
455 2818 681 2883 Sacrae
736 2816 1260 2903 congregationis
1311 2835 1571 2883 sensum
1620 2837 1655 2884 a

176 2901 454 2989 probavit,
502 2901 817 2990 iussitque
861 2903 970 2973 edi
1017 2909 1357 2973 Decretum
1413 2906 1659 2971 Genera
1687 2923 1723 2969 e

174 2996 359 3074 atque,
393 3004 462 3059 ut
488 2994 567 3061 ab
601 2992 897 3061 omnibus
932 3006 1254 3076 servetur,
1294 2993 1519 3060 referri
1550 3008 1725 3061 man-

175 3074 321 3143 davit
377 3080 441 3148 in
499 3083 655 3150 Acta
710 3083 1002 3149 eiusdem
1065 3082 1595 3170 Congregationis
1656 3100 1726 3147 ac

176 3165 318 3249 typis
360 3170 675 3257 evulgari.
723 3169 836 3237 Die
881 3175 923 3239 8
968 3170 1169 3237 Martii
1223 3174 1416 3238 1825.

178 3342 408 3414 2638.
654 3347 1224 3415 BRICTINORIEN.
1494 3344 1722 3432 (4611)

286 3525 587 3590 vertente
631 3524 884 3590 saeculo
929 3526 1093 3606 xlv,
1143 3523 1227 3590 ob
1285 3521 1509 3589 civiles
1558 3522 1725 3589 sedi·

181 3608 357 3675 tiones
397 3613 726 3698 multaque
771 3610 936 3677 bella
984 3615 1147 3677 Foro
1176 3610 1465 3700 Pompilii
1497 3611 1729 3677 Civitas

183 3696 326 3763 lerro
369 3700 628 3787 ignique
674 3719 840 3786 pene
887 3698 1214 3787 absumpta
1261 3719 1438 3766 suam
1469 3696 1731 3787 Episco-

184 3785 365 3870 palem
407 3790 644 3857 Sede-m
689 3787 931 3854 amisitz
977 3787 1296 3854 Robertus
1357 3787 1525 3853 enim
1576 3797 1728 3856 tunc

185 3874 427 3942 antistes
470 3878 550 3945 ad
596 3874 972 3959 viciniorem
1003 3874 1365 3942 Brictinorii
1394 3875 1729 3943 Civitatem

186 3978 239 4024 se
279 3965 604 4052 recipiens,
656 3964 831 4030 illam
876 3982 1097 4030 secum
1143 3962 1465 4030 transtulit
1513 3962 1730 4050 ibique

188 4046 445 4136 firmavit,
494 4073 567 4120 ac
611 4051 948 4139 Templum
996 4052 1196 4119 maius
1242 4056 1371 4118 Deo
1420 4051 1487 4118 in
1533 4052 1731 4118 hono·

192 4154 300 4204 rem
330 4143 389 4209 8.
417 4141 784 4208 catharinae
816 4139 993 4228 Virg.
1034 4150 1097 4206 et
1127 4142 1305 4206 Mart.
1341 4138 1620 4207 dicatum
1649 4140 1726 4207 ad

190 4225 544 4296 cathedralis
596 4240 809 4296 notam
867 4227 1111 4294 evexit.
1174 4227 1530 4295 Exordium
1580 4227 1733 4295 inde

195 4309 311 4408 luit,
339 4335 460 4402 quo
486 4317 722 4384 Christi
764 4319 1002 4403 Martyr
1044 4315 1373 4383 Catharina
1402 4332 1523 4383 ceu
1561 4315 1734 4404 prin·

195 4402 321 4484 cipis
350 4405 464 4472 loci
506 4409 769 4472 Patrona
813 4413 1109 4470 venerata
1140 4403 1284 4486 fuit,
1320 4404 1585 4489 eiusque
1620 4407 1728 4471 Ee·

196 4496 335 4557 stum
373 4492 610 4580 duplici
658 4494 775 4560 sub
821 4502 1168 4579 praecepto
1213 4511 1283 4558 ac
1320 4491 1732 4581 praecedenti

199 4576 388 4664 Vigilia
419 4581 838 4649 celebratum.
874 4584 1218 4665 Progressa
1253 4581 1583 4666 temporis,
1616 4579 1733 4644 sci-

200 4662 321 4731 licet
360 4688 514 4737 anno
551 4673 717 4738 1784
763 4689 831 4735 ac
878 4686 1040 4734 anno
1079 4671 1270 4750 1816,
1313 4665 1736 4734 annuentibus

201 4769 271 4816 sa.
303 4772 418 4823 me.
464 4759 570 4825 Pio
611 4761 692 4825 Vl
734 4777 804 4823 ac
852 4756 954 4823 Pio
998 4759 1129 4838 vn,
1178 4776 1209 4821 a
1254 4755 1524 4842 pristino
1568 4765 1735 4822 statu

202 4838 473 4913 Dioecesis
516 4846 783 4913 abducta
832 4856 960 4927 est,
1008 4844 1385 4931 praesertim
1432 4842 1512 4909 ob
1556 4842 1737 4910 unio-

203 4944 325 4995 nem
351 4935 795 5001 nonnullorum
820 4932 923 4998 vel
949 4935 1258 5019 Pagorum
1291 4933 1395 4998 vel
1418 4930 1737 4996 Paroecia·

204 5030 344 5101 rum,
368 5039 519 5104 quae
550 5030 889 5107 excerptae
924 5036 1001 5086 ex
1029 5017 1305 5086 Abbatiis
1336 5021 1402 5086 S.
1425 5018 1624 5084 Elleri
1654 5018 1737 5085 de

206 5102 447 5192 calcata,
494 5112 561 5176 S.
596 5109 817 5174 Mariae
865 5108 929 5174 in
987 5107 1329 5175 Cosmedin
1374 5128 1443 5173 ac
1489 5106 1738 5173 Nullius

208 5189 339 5258 Foro
393 5195 674 5283 Pompilii
736 5196 872 5263 eius
939 5194 1252 5284 spirituali
1319 5191 1739 5262 iurisdictioni

209 5277 486 5351 subiectae
530 5287 734 5353 luere.
785 5283 1122 5370 Multiplex
1170 5283 1320 5352 inde
1351 5292 1613 5353 exortus
1644 5290 1739 5349 est

214 5365 575 5441 Patronomm
601 5389 930 5441 numerus.
962 5376 1169 5459 Super
1200 5372 1321 5440 hoc
1346 5372 1557 5458 itaque
1589 5389 1742 5438 non·

1809 430 2312 518 nullisque-aliis
2356 431 2652 502 abusibus
2698 439 3123 507 vehementer
3171 438 3398 508 dolens

1812 524 2006 586 Rmus
2021 521 2376 609 Episcopus
2391 522 2861 609 Brictinorien.,
2880 527 3223 614 praecipue
3245 548 3401 595 vero

1815 626 1975 693 quae
2002 608 2200 696 ipsam
2225 610 2671 698 Episcopalem
2695 612 3069 699 dignitatem
3094 618 3400 701 quodam·

1815 696 2006 762 modo
2057 698 2442 784 respiciunt,
2509 710 2575 764 et
2619 699 3090 786 quammaxime
3135 703 3399 792 cupiens

1816 793 1888 850 ut
1931 783 2017 850 de
2063 785 2281 852 medio
2314 786 2649 870 tollantur,
2684 791 2910 856 Sacrae
2940 790 3199 858 Rituum
3235 794 3397 859 Con-

1817 872 2172 961 gregationi
2217 875 2549 960 sequentia
2596 876 2788 943 dubia
2834 878 3177 966 exposuit:

1954 963 2017 1025 1.
2068 961 2166 1029 An
2211 962 2409 1050 possit
2457 975 2522 1028 et
2569 963 2803 1031 debeat
2845 965 3202 1052 Episcopus
3248 967 3405 1054 vigi·

1823 1050 1952 1117 lare
2002 1062 2068 1115 et
2115 1050 2417 1135 exigere,
2466 1060 2540 1116 ut
2592 1055 2847 1118 Festum
2913 1057 2978 1122 S.
3033 1055 3403 1122 catharinae

1822 1137 2000 1223 Virg.
2053 1149 2120 1204 et
2165 1140 2344 1204 Mart.
2396 1141 2696 1206 Patronae
2741 1142 3109 1230 principalis
3148 1143 3405 1210 Dioece·

1817 1224 1926 1311 sis,
1976 1236 2296 1312 tamquam
2345 1229 2641 1294 Patronae
2691 1230 2880 1296 etiam
2975 1230 3295 1318 rincipalis
3341 1233 3406 1298 in

1819 1333 2248 1400 quocumque,
2293 1312 2611 1381 Dioecesis
2681 1316 2820 1385 loco
2881 1338 2917 1384 o
2998 1331 3263 1385 ervetur
3321 1320 3404 1386 de

1823 1400 2213 1491 praecepto?

1948 1495 2015 1558 2.
2071 1492 2164 1559 An
2210 1490 2534 1578 segregati
2568 1492 2632 1558 in
2659 1513 2691 1560 s
2740 1493 3095 1562 iritualibus
3128 1516 3162 1561 a
3195 1496 3409 1564 Terris

1819 1590 1886 1646 et
1929 1579 2198 1665 oppidis
2242 1583 2583 1647 Patronum
2614 1579 2692 1646 ha
2777 1583 2993 1651 atibus
3026 1594 3090 1650 et
3120 1584 3406 1651 Dioecesi

1819 1667 2298 1735 Brictinoriensi
2344 1667 2600 1735 noviter
2632 1680 2697 1736 et
2728 1680 3184 1759 permanenter
3215 1672 3405 1758 uniti,

1820 1754 2126 1841 debeant,
2153 1766 2464 1843 tamquam
2494 1760 2763 1825 Patrono
2808 1771 3125 1845 carentes,
3152 1779 3408 1828 servare

1821 1849 2169 1912 Decretum
2201 1848 2266 1913 S.
2301 1849 2376 1912 R.
2411 1847 2482 1912 c.
2517 1844 2758 1914 docens
2789 1857 2856 1913 et
2886 1856 3200 1934 statuens,
3234 1852 3406 1936 quod

1821 1951 1904 2019 po
1954 1932 2047 1998 uli
2094 1952 2220 2001 non
2269 1931 2575 1999 hahentes
2606 1933 3030 2021 principalem
3070 1940 3409 2004 Patronum

1822 2021 1906 2088 de
1954 2031 2102 2086 eant
2150 2020 2482 2088 celebrare
2527 2025 2785 2092 Festum
2832 2023 3084 2092 Patroni
3127 2025 3410 2092 Civitatis

1821 2129 1893 2177 ac
1938 2106 2305 2176 Dioecesis‘?

1899 2233 1905 2250 ·
1954 2202 2023 2265 3.
2074 2201 2170 2264 An
2214 2196 2413 2285 possit
2470 2197 2824 2285 Episcopus
2889 2201 3169 2267 tolerare
3237 2202 3409 2287 quod

1823 2287 1889 2353 in
1958 2285 2337 2354 calendario
2407 2284 2659 2352 dicatur
2719 2291 2983 2355 Patrona
3047 2287 3411 2389 principalis

1824 2373 2109 2443 Civitatis
2152 2395 2223 2440 ac
2269 2373 2587 2441 Dioecesis
2633 2385 2761 2442 tam
2803 2380 2952 2442 Bsna
2997 2380 3193 2463 Virgo
3224 2378 3411 2446 Maria

1824 2462 1908 2529 de
1952 2465 2117 2530 Lacu
2167 2470 2553 2549 nuncupata,
2586 2481 2777 2548 quam
2808 2466 2874 2531 S.
2910 2464 3240 2533 catharina
3270 2465 3411 2533 Vir·

1824 2569 1907 2637 go
1954 2559 2021 2615 et
2068 2552 2224 2616 Mart
2271 2569 2327 2633 r,
2389 2568 2588 2636 quum
2634 2551 2969 2638 utriusque
3009 2552 3296 2621 Officium
3347 2564 3410 2620 et

1828 2639 2003 2704 Missa
2076 2637 2216 2704 cele
2261 2647 2444 2704 retur
2499 2638 2619 2705 snb
2670 2638 2800 2706 ritu
2862 2639 3108 2727 duplici
3167 2640 3411 2727 primae

1827 2725 2041 2792 classis
2088 2744 2234 2792 cum
2283 2736 2500 2791 octava
2548 2725 2611 2791 in
2659 2735 2790 2792 tota
2820 2724 3152 2795 Dioecesi‘?

1960 2816 2025 2882 4.
2085 2818 2185 2880 An
2244 2813 2474 2898 Vigilia
2521 2814 2588 2880 S.
2624 2814 2992 2882 Catharinae
3047 2814 3415 2904 principalis

1826 2905 2131 2968 Patronae
2176 2900 2653 2986 Brictinorien.,
2702 2899 2787 2968 de
2831 2921 2958 2991 qua
3003 2903 3159 2973 nihil
3215 2903 3289 2973 fit
3350 2904 3413 2971 in

1824 2990 2042 3058 Officio
2074 3000 2140 3056 et
2172 2988 2373 3074 Missa,
2422 2988 2657 3057 debeat
2699 2991 2985 3078 expungi
3029 3013 3063 3059 a
3108 2993 3414 3061 Calenda-

1827 3080 1962 3165 τῆος
2030 3078 2136 3144 vel
2186 3077 2413 3144 saltem
2458 3076 2661 3144 notari
2723 3090 3039 3164 tamquam
3100 3080 3411 3148 ieiunium

1831 3187 1912 3234 ex
1970 3165 2323 3233 devotione
2370 3162 2753 3233 inductum?

1962 3259 2029 3321 ὅ.
2077 3261 2174 3322 An
2219 3253 2615 3342 Magistratus
2661 3253 2852 3320 etiam
2897 3275 3069 3322 nunc
3100 3254 3242 3343 cogi
3274 3274 3416 3343 pos-

1830 3343 1911 3410 sit
1969 3343 2047 3410 ad
2112 3340 2560 3430 praestandum
2617 3341 2932 3431 Episcopo
2988 3343 3249 3411 solitum
3302 3343 3411 3409 ob·

1828 3431 2152 3518 sequium,
2200 3430 2424 3497 saltem
2469 3430 2627 3499 dum
2671 3441 2976 3498 consueta
3029 3431 3412 3499 Pontificalia

1830 3519 2117 3588 celebrat
2159 3516 2388 3585 diebus
2431 3516 2963 3586 solemnioribus?
3007 3529 3073 3586 et
3099 3530 3414 3606 quatenus

1831 3606 2234 3690 affirmative,
2260 3605 2491 3690 quibus
2520 3605 2826 3673 remediis
2858 3608 3161 3695 compelli
3187 3605 3419 3695 possit?

1964 3700 2029 3762 6.
2082 3698 2179 3762 An
2225 3693 2410 3763 dictis
2456 3692 2687 3761 diebus
2743 3695 3241 3763 solemnioribus
3293 3698 3415 3762 Ma·

1832 3784 2135 3873 gistratus
2161 3781 2440 3849 comitari
2467 3780 2698 3849 debeat
2718 3783 3110 3871 Episcopum
3134 3783 3211 3850 ad
3233 3786 3415 3850 Tem·

1832 3873 2016 3960 plum
2065 3870 2297 3955 maius,
2359 3868 2435 3935 ab
2494 3889 2569 3936 eo
2635 3870 2927 3956 recipere
2983 3870 3416 3958 aspersionem

1832 3979 2030 4047 aquae
2083 3959 2460 4028 benedictae
2519 3978 2590 4024 ac
2635 3958 2946 4026 interesse
3005 3964 3209 4027 Horae
3265 3962 3416 4025 Ter-

1835 4048 1959 4116 tiae
1993 4050 2056 4114 in
2088 4059 2303 4128 cantu3
2350 4047 2453 4116 vel
2484 4046 2722 4147 potius,
2760 4065 2839 4113 ex
2888 4048 3019 4113 leto
3044 4058 3232 4114 cantu
3264 4050 3414 4112 'l'er-

1833 4136 1963 4204 tiae
2007 4146 2075 4203 et
2118 4136 2434 4223 Episcopo
2483 4152 2603 4199 1am
2664 4135 2837 4223 ponti
2892 4135 3115 4201 caliter
3168 4143 3414 4222 parato,

1835 4225 2033 4313 possit
2101 4224 2495 4311 Magistratus
2562 4224 2868 4290 accedere
2927 4222 3006 4288 ad
3064 4221 3417 4288 Ecclesiam

1837 4332 1987 4379 cum
2059 4314 2361 4379 comitatu
2431 4319 2498 4375 et
2567 4310 2788 4377 sonitu.
2832 4308 3416 4397 tympanistriarum

1836 4419 2048 4487 usque
2090 4399 2168 4466 ad
2200 4395 2718 4484 Presbyterium‘?

1922 4544 1929 4555 .
1971 4492 2037 4555 7.
2091 4489 2185 4555 An
2217 4488 2388 4555 idem
2419 4485 2812 4573 Magistratus
2842 4485 3152 4553 interesse
3183 4486 3416 4554 debeat

1837 4577 2070 4644 eodem
2134 4577 2399 4658 ordine,
2449 4575 2674 4641 saltem
2732 4574 3028 4643 secundis
3087 4575 3415 4660 vesperis,

1837 4684 2003 4751 quae
2052 4664 2284 4818 “3⁶⁰¹“
2327 4681 2588 4749 semper
2632 4662 2697 4729 in
2745 4661 2849 4730 die
2894 4667 3084 4730 Festo
3141 4671 3207 4727 et
3253 4663 3417 4730 sole·

1841 4771 2076 4820 mmort
2527 4816 2536 4823 .

1968 4843 2036 4907 8.
2086 4842 2182 4906 An
2241 4840 2642 4907 Gubernator
2697 4847 2762 4902 et
2820 4839 3215 4921 Magistratus
3274 4836 3421 4926 cogi

1926 4929 2084 4994 ssint
2129 4937 2201 4993 ut
2247 4928 2331 4995 de
2378 4945 2569 4994 manu
2613 4924 2909 5014 Episcopi
2940 4923 3247 5013 accipiant
3277 4944 3418 4993 can·

1840 4947 2094 5099 Sglam,
2155 5015 2403 5082 cineres
2465 5023 2529 5080 et
2589 5014 2901 5102 palmam,
2959 5015 3134 5080 iuxta
3187 5032 3309 5100 per

1844 5116 2017 5171 tuam
2082 5101 2655 5183 consuetudinem;
2704 5114 2770 5167 et
2829 5103 3061 5189 quibus
3119 5118 3257 5168 rem
3347 5100 3422 5167 iis

1846 5191 2279 5279 compellendi
2323 5187 2496 5258 sint‘?

1973 5282 2045 5347 0.
2094 5282 2190 5347 An
2238 5280 2301 5349 in
2364 5300 2533 5362 casu,
2581 5280 2664 5347 de
2719 5298 2849 5366 quo
2904 5278 3252 5365 loquimur,
3299 5280 3421 5345 Gu-

1849 5368 2147 5435 bernator
2179 5387 2295 5456 pro
2330 5378 2621 5457 tempore
2653 5368 3115 5454 computandus
3143 5366 3226 5432 sit
3255 5365 3423 5433 inter
