4042 5950
1980 241 2508 320 -—406—

631 404 812 471 moda
860 401 1143 490 permitti
1189 402 1386 489 pessit
1430 422 1461 466 a
1509 405 1668 469 Rmo
1715 398 2019 468 molinen.
2063 397 2213 484 Epi-

629 511 848 592 scopo,
882 503 953 557 ut
984 489 1242 558 Parochi
1274 494 1532 557 Sacrum
1566 488 1877 558 Viaticum
1921 487 2216 555 deferant

630 590 836 667 capite
884 590 1186 665 cooperto
1281 576 1461 647 ileo?
1503 583 1582 645 Et
1629 588 1941 662 quatenus
1979 575 2097 642 nisi
2132 574 2214 641 de

627 667 886 756 speciali
947 667 1145 754 gratia
1208 668 1224 732 i
1336 668 1569 749 liceat,
1639 664 2041 751 supplicatur
2099 683 2215 751 pro

628 766 809 842 parte
853 754 1197 842 supradicti
1248 754 1544 841 Episcopi
1590 753 1666 820 ad
1717 752 1891 818 illam
1947 752 2212 839 gratiam

630 842 1066 924 obtinendam,
1117 853 1312 929 prout
1357 842 1421 909 in
1470 861 1588 908 una
1651 841 2037 909 Bisinianen.
2085 840 2216 908 diei

630 936 712 999 23
762 932 896 997 Maii
952 934 1145 998 1846.

759 1023 895 1088 XX.
947 1022 1110 1087 Num
1159 1018 1517 1085 reverentia
1564 1038 1683 1106 per
1726 1018 2217 1106 genuflexiones

574 1128 581 1136 ’
629 1110 942 1178 debeatur
966 1106 1327 1175 celebranti
1355 1106 1417 1174 in
1441 1105 1934 1190 Pontificalibus,
1961 1106 2215 1192 quando

630 1208 725 1264 est
773 1195 1124 1282 Episcopus
1172 1206 1536 1279 extraneus,
1587 1195 1690 1260 vel
1740 1195 2059 1260 Praelatus
2106 1194 2215 1259 ba-

631 1285 784 1352 bens
831 1302 1014 1351 usum
1065 1282 1546 1367 Pontificalium,
1580 1283 1683 1348 vel
1718 1281 1945 1366 Abbas,
1981 1283 2118 1347 sive
2152 1281 2214 1346 in

629 1372 891 1462 proprio
916 1371 1290 1439 Monasterio
1313 1372 1445 1438 sive
1480 1391 1561 1438 ex
1585 1370 1844 1459 speciali
1877 1368 2215 1458 privilegio

629 1476 809 1528 extra
857 1460 1188 1547 proprium
1233 1456 1738 1527 nonasterium?

760 1554 928 1617 XXI.
975 1551 1203 1615 Utrum
1233 1548 1576 1637 Episcopo,
1611 1546 1675 1613 in
1707 1548 2051 1615 crastinum
2085 1564 2212 1612 non

629 1636 1066 1720 celebraturo,
1115 1640 1425 1724 vesperas
1496 1635 1874 1725 perficiente
1942 1634 2016 1700 ad
2087 1633 2214 1699 for-

628 1744 795 1794 mam
842 1724 1075 1811 capitis
1120 1729 1159 1790 2
1206 1724 1375 1791 Libri
1423 1730 1471 1792 11
1518 1722 2033 1806 coeremonialis,
2084 1721 2216 1788 offi-

627 1814 795 1882 cium
865 1812 1158 1881 canonici
1226 1811 1581 1900 Presbyteri
1650 1810 2016 1896 assistentis,
2088 1828 2214 1876 non

626 1903 691 1969 in
740 1899 1001 1991 pluviali
1046 1901 1158 1968 sed
1209 1900 1273 1966 in
1319 1899 1539 1968 habitu
1583 1898 1962 1984 canonicali,
2012 1898 2212 1987 perti-

626 2001 771 2057 neat
802 1990 878 2057 ad
911 1988 1181 2077 primam
1214 1989 1635 2077 Dignitatem;
1687 2007 1763 2053 an
1809 1986 1885 2053 ad
1926 1987 2208 2072 primum

624 2076 1011 2146 Canonicum
1059 2078 1513 2165 Presbyterum
1557 2085 1699 2163 post
1731 2073 2127 2160 Dignitates‘?

754 2168 944 2233 xxti.
1009 2168 1171 2232 Num
1233 2166 1401 2232 Stola
1469 2166 1844 2254 suppleatur
1901 2164 2035 2230 sive
2092 2182 2212 2250 per

625 2253 904 2341 pluviale
950 2266 1058 2321 aut
1102 2252 1420 2321 Planetam
1453 2273 1570 2342 pro
1611 2252 1937 2321 canonicis
1982 2251 2215 2340 paratis

626 2341 1181 2409 communicaturis
1246 2341 1311 2409 in
1380 2340 1838 2409 communione
1895 2337 2208 2426 generali,

626 2439 691 2497 et
734 2449 854 2532 per
900 2429 1307 2496 Dalmaticam
1365 2448 1485 2516 pro
1545 2429 1815 2496 Diacono
1876 2428 2210 2494 assistente

622 2520 899 2584 calicem
972 2518 1051 2585 de
1121 2536 1310 2585 manu
1377 2516 1673 2616 Episcopi
1742 2527 2082 2602 accepturo
2149 2516 2212 2581 in

623 2604 1027 2672 Processione
1074 2602 1290 2672 Feriae
1336 2607 1390 2672 V
1438 2624 1502 2670 nn
1550 2609 1756 2673 coena
1794 2602 2107 2679 Domini?

752 2696 969 2761 xxm.
1018 2696 1184 2760 Num
1229 2692 1522 2760 canonici
1589 2692 1965 2761 Sacerdotes
2023 2710 2207 2778 prae·

621 2791 835 2847 sentes
884 2781 944 2847 in
990 2782 1399 2849 ordinatione
1459 2782 1522 2846 in
1577 2779 1795 2847 babitu
1851 2780 2207 2848 Canonicali

622 2886 843 2935 manus
889 2867 1244 2957 imposituri
1292 2888 1491 2958 super
1531 2869 1920 2937 ordinandos
1951 2867 2030 2934 ad
2064 2875 2207 2935 Pre-

619 2956 1053 3045 sbyteratum,
1103 2955 1380 3026 debeant
1450 2959 1738 3043 accipere
1808 2955 2073 3026 Stolas‘?
2141 2969 2206 3025 et

621 3056 931 3131 quatenus
977 3045 1372 3132 affirmative,
1430 3065 1583 3113 num
1646 3046 1947 3129 debeant,
2005 3066 2203 3135 cappa

618 3151 733 3288 seu
781 3144 1094 3288 mognetta
1157 3134 1500 3222 depositis,
1550 3134 1821 3202 induere
1867 3135 2206 3224 superpel-

649 3241 857 3289 iceum
1512 3257 1521 3264 ι

746 3313 966 3378 XXIV.
1017 3312 1183 3378 Num
1233 3311 1418 3379 liceat
1464 3329 1793 3399 exponere
1855 3312 1916 3378 in
1979 3311 2201 3378 Eccle-

613 3398 721 3465 siis
766 3397 1114 3485 Imaginem
1157 3399 1382 3467 cordis
1444 3399 1609 3486 septi
1670 3401 1912 3466 corona
1971 3399 2201 3488 Spinea

615 3504 761 3553 cum
791 3490 997 3554 cruce
1028 3487 1424 3588 superposita
1469 3489 1546 3555 ad
1580 3486 2047 3575 designandum
2078 3490 2203 3555 cor

614 3575 861 3642 Domini
907 3577 1115 3641 Nostri
1162 3580 1301 3642 lesu
1347 3575 1604 3659 Christi,
1641 3574 1989 3661 absque'eo
2023 3577 2196 3662 quod

614 3680 880 3749 persona
949 3663 1197 3729 Domini
1268 3664 1475 3730 Nostri
1533 3663 1655 3730 alio
1701 3663 1894 3730 modo
1944 3683 2203 3752 reprae-

611 3759 937 3830 sentetur-3
985 3750 1091 3817 vel
1140 3750 1331 3818 etiam
1394 3753 1625 3820 eodem
1684 3753 1875 3819 modo
1943 3752 2200 3840 Effigies

611 3838 888 3906 duorum
934 3838 1237 3906 cordium
1285 3840 1455 3906 iuxta
1490 3841 1841 3926 positorum
1876 3840 1953 3907 ad
1986 3841 2199 3929 expri-

610 3927 842 3994 menda
888 3927 1091 3994 corda
1136 3927 1385 3994 Domini
1424 3928 1629 3995 Nostri
1682 3931 1819 3994 lesu
1852 3928 2083 3996 christi
2134 3941 2200 3996 et

608 4020 834 4082 Beatae
882 4015 1105 4081 Mariae
1153 4014 1481 4103 Virginis?

740 4106 936 4171 XXV.
987 4106 1215 4171 Utrum
1261 4105 1325 4170 in
1370 4103 1547 4171 Missa
1597 4115 1660 4171 et
1712 4104 1896 4170 etiam
1963 4105 2030 4172 in
2076 4108 2197 4172 Ve-

605 4191 834 4278 speris,
869 4194 1123 4279 quando
1153 4192 1696 4261 Hebdomadarius
1741 4211 1867 4258 non
1906 4194 2098 4261 sedet
2132 4196 2196 4262 in

606 4280 843 4365 choro,
878 4281 1308 4364 salutationes,
1336 4279 1720 4350 thurificatio
1754 4290 1882 4350 etc.
1917 4281 2194 4350 debeant

608 4367 898 4455 incipere
944 4366 1022 4434 ab
1068 4387 1138 4434 ea
1185 4381 1393 4456 parte,
1433 4369 1493 4435 in
1540 4388 1663 4456 qua
1709 4370 1891 4436 sedet
1938 4370 2194 4456 dignior

605 4477 686 4523 ex
732 4456 1212 4544 praesentibus;
1263 4476 1341 4522 an
1385 4454 1463 4522 ab
1510 4478 1580 4523 ea
1624 4467 1831 4546 parte,
1886 4458 1984 4525 cui
2026 4462 2195 4526 Heb-

604 4545 869 4700 dgmad?
918 4543 1229 4632 contingit
1261 4555 1327 4611 et
1359 4545 1459 4611 cui
1494 4547 1775 4635 apposita
1809 4556 1904 4611 est
1937 4548 2189 4614 Tabella

600 4637 646 4701 c
699 4632 795 4701 ori

731 4724 952 4788 XXVI.
1001 4724 1228 4788 Utrum
1275 4721 1572 4789 Moniales
1617 4741 1735 4789 seu
1780 4719 1921 4810 piae
1968 4723 2191 4790 foemi-

598 4828 715 4875 nae
762 4808 953 4875 vitam
1002 4818 1413 4877 communem
1446 4812 1563 4879 sub
1603 4809 1824 4899 regula
1872 4810 2187 4898 degentes

594 4896 837 4983 possint
884 4917 1027 4965 cum
1078 4898 1333 4965 licentia
1377 4899 1684 4966 Ordinarii
1733 4898 1996 4966 abluere
2038 4903 2189 4967 cor-

594 4984 859 5072 poralia,
908 4986 1103 5052 Pallas
1150 4999 1215 5053 et
1264 4985 1747 5054 Purificatoria‘?

724 5077 975 5143 x-xvu.
1022 5076 1250 5142 Utrum
1298 5075 1360 5141 in
1407 5075 1636 5142 Officiis
1681 5077 1988 5143 luctuosis
2020 5079 2186 5145 Heb-

592 5161 902 5229 domadae
948 5165 1210 5230 Sanctae
1257 5173 1324 5230 et
1371 5162 1434 5231 in
1490 5165 1720 5232 Officiis
1781 5175 2183 5233 mortuorum

592 5249 800 5319 omitti
848 5245 1169 5320 debeant:

727 5341 787 5411 1.
838 5336 1141 5405 Salutatio
1187 5338 1376 5405 chori
1424 5361 1455 5404 a
1511 5359 1922 5427 quocumque
1984 5342 2178 5410 adve-

2316 398 2533 465 niente
2581 409 2723 487 post
2768 399 3135 487 incoeptum
3180 399 3498 486 Officium,
3555 412 3619 469 et
3667 422 3884 491 oppor-

2317 496 2467 554 tuna
2517 485 2932 554 resalutatio?

2448 580 2512 642 2.
2568 576 2867 643 Salutatio
2911 578 3103 645 chori
3150 598 3183 643 a
3242 578 3622 646 celebrante
3681 578 3740 644 in
3795 599 3884 645 ac·

2319 682 2499 730 cessu
2547 676 2611 729 et
2657 684 2912 732 recessu
2935 663 2968 729 ⁸?

2450 756 2513 820 3.
2553 753 2864 821 ‚Salutatio
2912 753 3100 820 chori
3149 777 3180 819 a
3226 753 3605 822 celebrante
3656 774 3688 820 a
3733 755 3888 821 Sede

2317 859 2425 905 sua
2471 839 2547 907 ad
2594 840 2810 907 Altare
2851 842 3230 929 pergente?

2453 930 2514 993 4.
2567 928 2871 995 Salutatio
2915 931 3106 997 Chori
3151 952 3182 996 a
3230 949 3642 1017 quocumque
3697 942 3886 997 canta·

2320 1027 2461 1084 turo
2507 1016 2875 1083 Lectionem
2926 1029 2991 1084 et
3039 1039 3070 1082 a
3117 1018 3513 1087 Subdiacono
3552 1018 3903 1105 Epistolam

2319 1101 2699 1171 cantaturo?

2448 1195 2722 1260 XXVIII.
2769 1195 2975 1272 Quum
3023 1194 3085 1262 in
3133 1196 3328 1261 Gallia
3376 1194 3763 1283 praedicatio
3803 1212 3888 1261 so·

2320 1280 2595 1347 lemnior
2639 1281 2704 1348 in
2750 1282 3047 1383 vesperis
3093 1282 3234 1351 fleri
3280 1283 3713 1351 communiter
3757 1302 3886 1348 con·

2316 1369 2645 1445 sueverit3
2696 1382 3070 1457 quaeritur:
3138 1374 3365 1457 Utrum
3435 1370 3889 1438 Sermocinator

2318 1474 2529 1523 coram
2575 1457 2891 1544 Episcopo
2939 1469 3005 1525 et
3049 1460 3377 1527 canonicis
3407 1477 3890 1526 sermonemso-

2320 1544 2598 1611 lemnem
2648 1545 2709 1612 in
2742 1545 3041 1634 Vesperis
3091 1547 3353 1633 habens,
3389 1548 3582 1635 possit
3635 1546 3889 1614 induere

2316 1632 2601 1700 habitum
2632 1635 3101 1719 canonicalem,
3135 1648 3330 1726 prout
3359 1634 3498 1704 Lib.
3523 1641 3573 1720 1,
3611 1656 3686 1700 ca
3740 1682 3758 1701 .
3787 1638 3885 1715 22,

2316 1722 2420 1805 §2
2453 1722 2940 1801 caeremonialis
2975 1725 3437 1813 Episcoporum
3481 1723 3669 1813 provi
3724 1721 3890 1789 etur?

2449 1813 2612 1876 Haec
2645 1828 2838 1896 porro
2869 1809 3058 1877 dubia
3090 1831 3288 1898 quum
3336 1812 3731 1899 subscriptus
3760 1815 3889 1879 Car·

2316 1896 2544 1964 dinalis
2619 1901 2955 1967 Sacrorum
3032 1899 3292 1967 Rituum
3378 1898 3889 1988 congregationis

2315 1985 2715 2069 Praefectus,
2765 1986 2906 2053 loco
2969 1998 3032 2054 et
3092 1988 3231 2055 vice
3297 1991 3432 2056 Emi
3487 2000 3550 2055 et
3599 1986 3744 2057 Rufi
3785 1991 3891 2053 Do·

2316 2072 2468 2139 mini
2539 2074 2883 2141 Cardinalis
2949 2076 3300 2144 clementis
3361 2076 3733 2145 Villecourt
3791 2079 3889 2141 Po-

2316 2161 2526 2228 nentis
2573 2161 2637 2229 in
2683 2163 2795 2230 bac
2844 2182 3022 2231 causa
3070 2165 3379 2253 designati
3436 2166 3758 2248 absentiS,
3804 2182 3888 2229 re-

2318 2249 2539 2316 tulerit
2586 2250 2650 2317 in
2695 2251 3038 2318 ordinariis
3084 2255 3419 2320 Sacrorum
3466 2254 3733 2321 Rituum
3787 2255 3891 2318 Go-

2315 2337 2510 2404 mitiis
2570 2340 2646 2406 ad
2694 2339 3062 2408 Vaticanum
3121 2341 3424 2425 hodierna
3479 2341 3588 2411 die
3649 2340 3890 2422 habitis,

2314 2424 2453 2492 Emi
2502 2436 2566 2492 et
2612 2428 2751 2494 Rmi
2820 2431 3026 2495 Patres
3084 2428 3286 2496 Sacris
3349 2427 3608 2498 tuendis
3660 2428 3892 2497 Ritibus

2314 2516 2684 2603 praepositi,
2736 2515 3054 2602 exquisito
3098 2519 3275 2605 prius
3321 2528 3472 2584 voto
3519 2517 3786 2585 alterius
3822 2535 3891 2582 ex

2315 2604 2819 2688 Apostolicarum
2841 2605 3399 2673 caeremoniarum
3423 2607 3736 2694 Magistris
3755 2603 3891 2671 scri-

2313 2691 2436 2779 ptis
2472 2690 2646 2758 edito
2676 2693 3027 2780 praeloque
3076 2694 3439 2779 commisso,
3477 2697 3776 2762 omnibus
3804 2713 3889 2758 ac·

2309 2789 2524 2845 curate
2557 2781 2916 2868 perpensis,
2951 2780 3436 2850 rescribendum
3470 2792 3887 2850 censuerunt:

2443 2868 2536 2934 Ad
2568 2872 2614 2935 l.
2666 2889 2704 2932 ι
2739 2869 3159 2937 Retinendam
3183 2889 3324 2937 esse
3356 2870 3707 2939 lectionem
3729 2894 3748 2936 ε
3773 2873 3890 2935 Hoc

2308 2960 2539 3027 Crucis
2581 2959 2713 3043 fert
2756 2958 3151 3044 supplicium
3198 2962 3444 3027 Auctor
3475 2963 3652 3029 vitae
3680 2962 3890 3046 factas

2307 3048 2488 3112 homo
2521 3069 2587 3113 ».

2441 3135 2537 3203 Ad
2581 3139 2660 3202 11.
2707 3157 2746 3201 α
2781 3137 3177 3204 Servandum
3225 3137 3705 3205 caeremoniale
3753 3135 3887 3225 Epi·

2309 3242 2651 3311 scoporum
2685 3246 2747 3291 ».
3587 3238 3622 3254 ”

2439 3310 2534 3378 Ad
2584 3316 2682 3379 111.
2734 3333 2773 3377 α
2807 3313 3154 3403 Negativ03
3207 3324 3273 3380 et
3318 3314 3707 3382 servandum
3751 3318 3888 3381 cae·

2307 3400 2656 3467 remoniale
2704 3401 3167 3490 Episcoporum
3204 3428 3268 3471 ».

2436 3489 2532 3556 Ad
2580 3491 2684 3555 IV.
2736 3510 2774 3552 α
2808 3490 3140 3577 Negative,
3175 3493 3253 3560 ad
3286 3491 3559 3579 primam
3607 3502 3884 3577 partem

2306 3576 2719 3662 Affirmative,
2770 3578 2848 3645 ad
2891 3581 3238 3649 secundam
3271 3601 3332 3647 ›.

2438 3666 2532 3733 Ad
2579 3670 2655 3735 V.
2707 3687 2745 3729 ι
2778 3667 3121 3755 Negative;
3173 3681 3235 3737 et
3295 3667 3688 3736 servandum
3748 3671 3886 3735 cae-

2305 3754 2655 3821 remoniale
2703 3755 3166 3843 Episcoporum
3200 3781 3263 3824 ›.

2436 3842 2530 3908 Ad
2565 3846 2669 3911 Vl.
2704 3864 2743 3908 α
2776 3841 3207 3926 Affirmative3
3245 3857 3433 3932 caput
3464 3855 3717 3913 tantum
3752 3864 3882 3932 ape-

2306 3929 2554 4014 riendo,
2608 3933 2780 3998 iuxta
2828 3932 3076 4018 praxim
3110 3957 3173 4002 ».

2435 4018 2528 4084 Ad
2567 4022 2693 4086 Vll.
2732 4041 2770 4084 ‹
2804 4021 3126 4087 Servanda
3159 4043 3294 4090 esse
3328 4021 3595 4110 quidem
3629 4026 3882 4091 Decreta

2301 4108 2508 4193 quoad
2569 4106 2776 4173 Missas
2841 4107 3062 4175 stricte
3132 4111 3444 4199 privatas;
3509 4112 3623 4179 sed
3686 4109 3880 4198 quoad

2300 4195 2508 4261 Missas
2556 4195 2947 4262 Parochiales
2995 4199 3099 4265 vel
3144 4200 3386 4266 similes
3434 4197 3667 4266 diebus
3728 4199 3879 4265 sole·

2299 4282 2674 4367 mnioribuS,
2712 4294 2774 4350 et
2806 4286 3015 4370 quoad
3049 4287 3450 4374 Missasquae
3483 4287 3880 4354 celebrantur

2302 4372 2442 4437 loco
2467 4372 2769 4439 solemnis
2791 4384 2986 4460 atque
3013 4387 3321 4461 cantatae,
3348 4375 3677 4443 occasione
3707 4375 3879 4442 realis

2298 4469 2486 4544 atque
2551 4461 2817 4527 usitatae
2877 4462 3267 4530 celebritatis
3313 4475 3378 4531 et
3436 4464 3876 4545 solemnitatis,

2297 4548 2557 4614 tolerari
2605 4567 2792 4637 posse
2837 4550 2998 4617 duos
3045 4551 3357 4619 Ministros
3405 4551 3624 4618 Missae
3693 4554 3878 4618 inser-

2296 4633 2569 4721 vientes,
2620 4637 2883 4704 servatis
2931 4638 3435 4708 ordinationibus
3467 4642 3696 4707 Sacrae
3726 4643 3876 4707 Con-

2295 4724 2680 4814 gregationis
2731 4725 2794 4791 in
2842 4746 2963 4793 una
3012 4728 3261 4796 Tuden.
3314 4728 3444 4796 diei
3502 4731 3539 4795 7
3588 4731 3874 4816 Septem-

2295 4814 2425 4881 bris
2479 4817 2643 4879 1816
2689 4812 2765 4879 ad
2814 4814 3004 4881 dubia
3053 4819 3106 4883 V
3152 4827 3220 4881 et
3264 4820 3343 4884 Vl
3379 4839 3441 4882 ».

2422 4902 2520 4969 Ad
2578 4905 2732 4969 vm.
2782 4923 2820 4965 ι
2869 4906 2949 4969 Ut
3010 4905 3087 4972 ad
3148 4907 3296 4985 vl13
3358 4911 3614 4972 servata*
3673 4916 3872 4971 tamen

2293 4990 2490 5056 forma
2538 4990 2846 5057 Rubricae
2895 4993 3150 5059 Missalis
3178 5015 3224 5058 τ·
3251 4998 3337 5059 De
3372 4997 3531 5061 Ritu
3575 4992 3873 5060 servando

2293 5082 2363 5144 in
2411 5079 2828 5147 celebratione
2874 5083 3130 5163 Missae,
3167 5081 3290 5148 Tit.
3333 5086 3486 5167 Vlll,
3519 5101 3701 5151 num.
3741 5087 3781 5149 8
3812 5103 3870 5144 ι.

2423 5167 2517 5233 Ad
2566 5171 2669 5234 IX.
2721 5189 2760 5233 α
2794 5170 3123 5238 Provisum
3172 5169 3235 5237 in
3284 5174 3388 5238 Vn
3423 5193 3489 5238 ».

2419 5255 2515 5322 Ad
2562 5260 2643 5325 X.
2692 5278 2730 5320 ι
2764 5257 3193 5345 Affirmative,
3244 5259 3322 5327 ab
3382 5259 3620 5340 Altari;
3671 5271 3736 5326 et
3793 5257 3869 5325 de

2288 5361 2602 5412 consensu
2648 5344 2958 5413 Ordinarii
2996 5369 3058 5414 ›.
