4042 5950
1576 298 2048 376 -463—

153 459 357 526 brosii
421 457 648 549 Oppidi
717 451 1122 544 Valpolicella
1183 455 1497 525 Dioecesis
1550 458 1751 524 Vero-

153 567 360 636 nen.;
411 547 513 614 cni
560 548 730 615 hunc
791 547 875 614 de
934 565 1062 632 quo
1109 544 1452 634 exponitur
1520 545 1748 634 partim

148 636 442 703 similem
492 636 507 701 i
560 635 609 701 si
658 635 922 717 dicunt,
985 633 1102 701 etsi
1153 635 1216 701 in
1262 634 1519 718 multis,
1581 651 1746 720 qnae

150 723 509 791 substantia
542 724 597 789 ia
651 723 990 807 videntur,
1046 721 1540 811 perdissimilem
1607 740 1746 788 esse

147 812 337 880 ultro
383 812 832 879 confiteantur.

297 903 391 968 Ne
439 911 650 966 tamen
696 898 907 967 bacin
942 917 1013 968 re
1058 898 1293 966 leviter
1338 899 1760 989 procederet,

151 987 423 1075 cognito
468 986 641 1073 quod
678 988 739 1053 in
788 988 935 1054 huic
970 986 1402 1054 conterminae
1436 986 1749 1054 Dioecesis

149 1076 452 1144 vicensis
496 1075 770 1163 oppidu,
820 1073 923 1141 cni
965 1093 1204 1141 nomen
1250 1076 1315 1140 S.
1366 1078 1633 1142 loannes
1677 1075 1751 1140 de

148 1165 263 1230 las
313 1164 648 1245 Abadesas,
686 1162 901 1229 extitit
947 1182 1126 1229 casus
1155 1174 1372 1228 nostro
1405 1162 1749 1251 persimilis

154 1251 278 1339 (ibi
329 1251 498 1318 enim
543 1250 622 1318 ab
679 1269 842 1316 anno
910 1254 1073 1317 1261
1137 1249 1338 1317 hostia
1392 1262 1750 1319 asservatur

150 1339 580 1424 consecrata),
627 1338 954 1424 inquisivit
994 1338 1197 1425 qualis
1227 1337 1346 1425 ipsi
1394 1341 1602 1407 cultus
1638 1337 1748 1405 tri-

150 1425 516 1495 bueretur?
542 1437 609 1492 et
641 1427 958 1513 comperit
1001 1426 1245 1494 cultum
1280 1427 1472 1496 tribui
1512 1428 1745 1494 latreu-

149 1516 358 1583 ticum
392 1515 838 1604 approbatum,
871 1529 1372 1603 promotumqne
1406 1516 1616 1604 ipsum
1652 1534 1747 1580 es·

145 1623 229 1670 se
277 1624 311 1669 a
359 1607 442 1673 70
499 1613 565 1669 et
620 1601 893 1690 amplius
960 1602 1258 1682 Praelatis
1288 1652 1305 1687 ,
1353 1623 1514 1690 qnos
1580 1602 1747 1670 inter

146 1691 528 1759 cardinales
582 1701 648 1758 et
692 1689 1171 1782 Archiepiscopi
1236 1701 1480 1777 extant,
1530 1701 1595 1758 et
1641 1692 1745 1759 Sa-

145 1800 333 1847 cram
378 1780 636 1848 Rituum
698 1780 950 1864 congre
999 1779 1277 1847 ationem
1331 1784 1599 1847 Decreto
1656 1777 1747 1844 ln-

146 1868 432 1945 dnlsisse
482 1879 550 1933 ut
581 1878 796 1956 posset
836 1868 976 1934 cele
1025 1867 1144 1933 rari
1191 1865 1529 1955 quotannis
1573 1867 1746 1935 Missa

145 1957 368 2022 votiva
429 1956 510 2023 de
568 1958 761 2023 SSrIto
809 1958 1238 2041 sacramento,
1296 1956 1403 2025 die
1449 1975 1576 2041 quo
1632 1959 1744 2022 Fe·

146 2055 328 2110 stum
375 2042 562 2111 huius
622 2042 947 2127 miraculi,
998 2044 1169 2112 ssffii
1235 2044 1512 2133 mysterii
1559 2043 1742 2126 dicti,

147 2131 548 2200 celebratur.

286 2221 688 2308 Quapropter
744 2239 944 2307 quum
1004 2241 1118 2309 pro
1165 2220 1451 2307 Reliquia
1508 2219 1746 2289 Pretio-

143 2307 380 2374 sissimi
426 2309 760 2396 Sanguinis
791 2309 1264 2396 Redemptoris,
1298 2328 1462 2395 qnae
1511 2310 1574 2376 in
1620 2326 1748 2376 me-

143 2407 399 2463 morato
450 2397 717 2464 Sborrae
760 2398 1008 2485 Oppido
1051 2396 1311 2483 colitur,
1347 2399 1640 2480 eaedem,
1675 2406 1748 2463 ut

141 2483 457 2570 videtur,
518 2503 706 2571 quam
775 2505 892 2573 pro
940 2485 1047 2551 illa
1096 2487 1166 2554 S.
1214 2488 1481 2552 Ioannis
1529 2487 1603 2553 de
1647 2484 1747 2551 las

144 2572 470 2640 Abadesas
514 2573 791 2640 rationes
836 2572 1159 2653 militent;
1227 2573 1373 2641 hinc
1427 2571 1748 2676 praelatus

144 2670 368 2726 orator
413 2661 490 2728 ab
537 2662 760 2729 eadem
825 2666 1007 2731 Sacra
1070 2666 1578 2751 congregatione
1627 2662 1746 2728 hu·

145 2747 397 2815 militer
464 2749 806 2834 exquisivit
853 2761 925 2817 ut
985 2751 1310 2818 declarare
1370 2749 1745 2839 dignaretur

143 2836 498 2924 praefatam
544 2836 921 2923 Reliquiam,
969 2838 1106 2905 sine
1152 2838 1297 2905 labe
1348 2837 1745 2926 superstitio-

142 2924 280 3009 nis,
329 2924 548 2993 latriae
596 2926 772 2993 cultu
824 2945 962 3017 esse
1010 2926 1421 2995 adorandam.

287 3016 469 3081 Sacra
495 3034 652 3081 vero
677 3014 899 3082 eadem
931 3016 1384 3103 congregatio,
1417 3017 1746 3085 referente

144 3103 511 3170 Secretario
560 3113 625 3169 et
672 3102 964 3170 omnibns
1013 3113 1260 3170 mature
1309 3104 1546 3172 libratis
1593 3106 1746 3171 rite-

144 3208 283 3275 que
327 3190 687 3277 perpensis,
721 3190 1069 3276 auditoque
1106 3200 1254 3257 voto
1305 3204 1438 3258 tum
1487 3193 1747 3260 alterins

144 3297 230 3344 ex
268 3277 773 3365 Apostolicarum
806 3281 1362 3346 caeremoniarum
1408 3281 1741 3367 Magistris,

145 3379 290 3433 tum
325 3367 461 3433 Rmi
495 3371 572 3434 D.
604 3366 929 3434 Laurentii
960 3368 1263 3435 Advocati
1313 3369 1542 3435 Salvati
1581 3368 1746 3437 eius-

143 3456 304 3523 dem
350 3457 574 3522 Sacrae
634 3455 1156 3544 congregationis
1209 3456 1593 3540 Assessoris,
1643 3477 1744 3524 re·

142 3543 562 3610 scribendum
612 3544 856 3610 censuit
888 3543 964 3610 ad
1006 3545 1322 3611 tramitem
1379 3544 1631 3613 Decreti
1678 3545 1743 3612 in

145 3650 275 3697 una
323 3633 644 3698 veronen.
698 3632 824 3699 diei
874 3636 957 3699 22
992 3631 1387 3720 Septembris
1424 3636 1616 3716 1827,
1650 3633 1742 3700 ni·

147 3719 421 3786 mirum:
463 3736 504 3782 ‹
537 3722 601 3784 ln
635 3739 778 3786 casn
812 3720 895 3787 de
926 3738 1052 3807 quo
1085 3721 1320 3807 agitur,
1360 3721 1743 3808 permitten-

147 3806 267 3874 dae
317 3807 757 3875 tantnmmodo
803 3818 951 3874 sunt
1000 3807 1146 3875 illae
1199 3808 1629 3875 venerationis
1677 3819 1742 3875 et

148 3896 363 3961 cultus
418 3893 933 3981 significationes,
979 3914 1142 3997 quae
1185 3895 1576 3963 conveniunt
1620 3901 1739 3964 Re·

147 3981 365 4068 liquiis
411 3983 495 4050 de
528 3987 734 4051 cruce
769 3984 1017 4051 nemim
1049 3984 1257 4050 Nostri
1306 3988 1445 4051 lesu
1477 3983 1736 4054 christi.

149 4073 359 4157 Atque
410 4071 492 4136 ita
551 4072 840 4140 decrevit
897 4081 961 4138 et
1020 4071 1259 4137 servari
1321 4073 1735 4140 mandavit».

283 4160 393 4225 Die
444 4163 527 4227 27
577 4160 735 4227 lunii
790 4164 981 4229 1868.

146 4336 383 4405 3177.
478 4338 903 4404 DECRETUM
948 4337 1398 4404 GENERALE.
1508 4334 1736 4424 (6403)

279 4516 422 4579 Post
471 4512 796 4600 liturgicas
841 4514 1235 4580 recentiores
1283 4513 1461 4601 leges
1492 4533 1525 4579 a
1557 4516 1740 4581 Sum·

149 4601 270 4667 mis
313 4601 719 4668 Pontificibus
751 4600 858 4668 Pio
891 4603 967 4685 V,
1008 4602 1344 4668 Clemente
1375 4606 1533 4687 vlu,
1582 4605 1736 4669 Pau-

150 4688 213 4755 lo
244 4691 297 4756 V
332 4699 395 4755 et
441 4689 693 4756 Urbano
727 4693 859 4758 Vm
907 4689 1215 4774 conditas,
1250 4690 1458 4777 gravis
1506 4690 1740 4756 exarsit

148 4776 581 4843 controversia
630 4777 797 4844 inter
855 4781 1157 4845 Doctores
1204 4789 1271 4844 et
1315 4776 1736 4846 Rubricistas:

146 4885 183 4928 «
216 4868 311 4930 An
360 4864 423 4931 in
483 4866 681 4932 Missis
741 4865 1198 4934 defunctorum
1253 4866 1485 4954 aperiri
1545 4865 1739 4968 possit

150 4951 624 5020 tabernaculum
675 4954 753 5021 ad
802 4952 1030 5023 fideles
1089 4974 1256 5043 pane
1302 4955 1737 5021 Eucharistico

146 5040 526 5108 reficiendos
560 5063 623 5107 ν.
660 5045 996 5109 Sacrorum
1024 5044 1282 5110 Rituum
1314 5042 1737 5130 congregatio

149 5129 345 5213 prima
393 5129 534 5197 vice
582 5131 994 5219 interrogata,
1047 5132 1107 5198 in
1157 5150 1280 5197 nna
1310 5129 1731 5218 Albinganen.

149 5219 231 5283 24
290 5217 428 5283 lulii
492 5222 657 5287 1683
704 5219 780 5286 ad
842 5224 922 5303 2,
975 5219 1347 5306 respondit=
1405 5221 1547 5285 Non
1611 5238 1737 5286 esse

148 5316 374 5372 contra
405 5310 616 5373 ritum
663 5311 1048 5375 ministrare
1095 5310 1618 5374 communionem
1661 5311 1734 5375 in

150 5392 340 5460 mssa
385 5394 459 5460 de
503 5397 763 5479 Περαία,
799 5396 894 5463 vel
926 5405 1071 5483 post
1117 5394 1304 5463 illam
1350 5413 1499 5461 cnm
1538 5413 1737 5478 para-

1854 459 2087 524 mentis
2134 458 2366 542 niqris,
2420 459 2654 523 omissa
2706 455 3137 522 benedictione
3154 500 3173 535 ,
3223 456 3285 521 si
3329 453 3439 519 ad·

1854 548 2358 613 ministraretur
2392 554 2537 630 post
2584 546 2872 611 Missam.

1983 636 2224 701 Verum
2272 632 2700 700 controversia
2745 631 3032 698 nondum
3065 629 3439 720 composita,

1855 720 2211 790 identidem
2257 723 2439 789 Sacra
2486 721 2744 789 Rituum
2775 721 3201 807 congregatio
3244 738 3441 809 pecu-

1850 808 2110 877 liaribus
2157 809 2221 875 in
2254 809 2498 877 casibus
2531 827 2829 895 responsa
2874 807 3084 892 dedit,
3121 809 3275 911 quin
3323 826 3439 874 un-

1849 916 2039 983 quam
2086 898 2162 965 ad
2211 898 2521 966 cenerale
2553 901 2895 965 Decretum
2929 896 3292 964 devemret.
3342 900 3440 962 ln·

1852 997 2028 1053 terea
2094 1007 2174 1054 ex
2221 985 2682 1054 nonnullorum
2749 988 3094 1051 Doctorum
3210 984 3438 1064 lacitis,

1850 1085 1987 1142 tum
2034 1073 2313 1165 pervasit
2356 1073 2570 1162 opinio
2616 1092 2800 1159 posse
2855 1091 3093 1160 nempe
3188 1073 3442 1143 delibus

1850 1166 2141 1231 Sanctam
2186 1161 2645 1232 cucharistiam
2705 1160 3043 1228 ministrari
3116 1159 3441 1249 particulis

1850 1260 2097 1319 tantum
2141 1251 2208 1320 in
2256 1249 2428 1316 Missa
2487 1269 2608 1339 pro
2653 1248 2973 1317 defunctis
3018 1248 3436 1324 consecratis3

1852 1350 1987 1407 tum
2034 1339 2100 1408 in
2144 1337 2460 1427 aliquibus
2527 1337 2680 1407 locis
2739 1355 2875 1404 mos
2921 1337 3187 1404 invaluit
3233 1338 3440 1405 missas

1848 1427 2303 1496 defunctorum
2350 1426 2713 1495 celebrandi
2763 1426 2825 1493 in
2872 1425 3254 1528 paramentis
3305 1425 3440 1491 vio-

1852 1517 2065 1601 laceis,
2116 1528 2187 1584 nt
2218 1535 2345 1584 non
2374 1515 2584 1583 solum
2624 1515 2786 1582 intra
2818 1518 3061 1581 Missam
3093 1515 3207 1582 sed
3251 1513 3439 1580 etiam

1850 1615 1996 1672 ante
2044 1606 2146 1673 vel
2194 1615 2339 1692 post
2386 1604 2682 1671 eamdem
2731 1603 2947 1692 pietati
2994 1600 3287 1669 fidelium
3332 1601 3438 1669 Sa·

1851 1712 1953 1760 cra
1999 1692 2394 1761 Eucharistia
2438 1691 2616 1760 refici
2650 1691 3045 1780 cupientium
3075 1688 3432 1756 satisfieret.

1847 1783 2273 1871 Quapropter,
2307 1779 2637 1870 Episcopis
2681 1778 3055 1869 praesertim
3105 1781 3439 1845 Sacrorum

1848 1869 2111 1937 Ritunm
2156 1868 2736 1956 congregationem
2793 1865 3159 1957 saepissime
3212 1884 3437 1954 rogan-

1853 1956 2020 2025 tibus
2065 1967 2139 2026 ut
2183 1977 2304 2059 per
2347 1957 2657 2024 Generale
2716 1960 3057 2024 Decretum
3116 1954 3272 2041 quid
3322 1954 3435 2021 hac

1849 2047 1915 2114 in
1963 2065 2035 2113 re
2080 2045 2445 2113 iaciendum
2491 2044 2573 2111 sit
2618 2053 2966 2130 statueret3

1981 2136 2168 2202 Sacra
2200 2133 2427 2201 eadem
2457 2132 2879 2222 congregatio
2902 2150 3064 2199 anno
3102 2135 3265 2200 1823
3302 2129 3437 2198 edi·

1850 2222 1944 2290 xit
1974 2234 2047 2290 ut
2077 2221 2283 2310 gravis
2327 2223 2485 2290 haec
2531 2221 2814 2306 quaestio
2875 2220 3206 2287 videretur
3241 2237 3434 2306 pecn-

1849 2312 2118 2379 liariter
2148 2320 2208 2377 et
2230 2329 2309 2377 ew
2332 2306 2570 2398 Officio.
2599 2310 2779 2389 Quod
2813 2309 3047 2375 iterum
3068 2327 3232 2375 anno
3269 2309 3435 2375 1837

1849 2400 1924 2467 ad
1982 2398 2286 2466 dubium:
2336 2399 2438 2464 An
2484 2418 2616 2464 mos
2653 2400 2773 2482 qni
2821 2397 3143 2482 perdurat
3197 2395 3430 2477 adhuc,

1850 2486 2374 2555 communicandi
2410 2489 2482 2552 in
2529 2489 2747 2554 Missis
2791 2487 3248 2570 defunctorum
3290 2499 3438 2550 cnm

1839 2576 2201 2662 particulis
2234 2578 2808 2660 praeconsecratis,
2851 2575 3056 2660 possit
3093 2571 3438 2658 permitti?

1849 2682 2227 2753 responsum
2261 2673 2390 2730 est:
2426 2663 2679 2730 Dilata.
2708 2660 3132 2731 Nihilominus
3165 2660 3248 2729 ob
3281 2671 3438 2729 tem·

1845 2770 2078 2843 porum
2110 2771 2181 2818 ac
2231 2769 2450 2819 rerum
2497 2749 2991 2820 circumstantias
3037 2749 3277 2817 isthaec
3323 2769 3437 2838 pe-

1848 2839 2100 2909 culiaris
2145 2840 2385 2928 negotii
2434 2838 2799 2907 huiusmodi
2845 2837 3148 2905 salebrosi
3196 2835 3434 2925 disqui-

1847 2928 1991 2997 sitio
2037 2927 2112 2994 ad
2162 2939 2436 2995 aetatem
2484 2945 2686 3015 usque
2732 2938 3012 2995 nostram
3053 2924 3240 2993 dilata
3264 2924 3432 3004 luit3

1846 3016 2164 3103 siqnidem
2229 3015 2295 3086 in
2347 3020 2684 3085 Conventu
2743 3015 2850 3083 die
2909 3017 2988 3082 16
3036 3014 3434 3103 Septembris

1847 3105 1991 3172 anni
2045 3107 2212 3172 1866
2271 3105 2581 3187 collecto,
2629 3122 2779 3171 cum
2836 3112 3140 3190 ageretur
3185 3103 3266 3170 de
3315 3122 3435 3170 usu

1846 3191 2085 3281 coloris⁸
2135 3191 2403 3259 violacei
2451 3190 2515 3258 in
2590 3190 2787 3259 Missis
2853 3191 3309 3259 defunctorum
3370 3188 3434 3256 in

1844 3279 2042 3348 Altari
2090 3280 2196 3347 ubi
2244 3279 2719 3347 sanctissimum
2761 3278 3189 3347 Eucharistiae
3221 3281 3434 3347 Sacra-

1846 3380 2138 3436 mentum
2183 3378 2562 3452 asservatur,
2613 3386 2992 3456 responsum
3038 3366 3159 3434 luit
3197 3366 3430 3435 tertio:

1843 3456 2114 3539 Dilata,
2170 3466 2229 3523 et
2275 3466 2748 3542 reproponatnr
2793 3474 2932 3523 nna
2978 3474 3126 3522 enm
3159 3455 3292 3524 alio
3322 3456 3434 3522 dn-

1840 3546 1979 3612 bioe
2044 3547 2144 3610 An
2189 3545 2494 3612 Sacerdos
2544 3548 2748 3629 possit
2806 3548 3061 3628 aperire
3115 3545 3434 3612 ciborium

1842 3635 1925 3702 ad
1970 3633 2535 3700 communicandos
2577 3632 2783 3719 fideles
2820 3650 2975 3729 fam
3026 3634 3432 3717 paramentis

1845 3742 1916 3790 ni
1961 3742 2085 3789 ris.

1920 3742 2258 3878 y'l'andem
2318 3809 2499 3876 novis
2553 3829 2628 3877 su
2680 3807 3160 3877 ervenientibus
3222 3812 3437 3878 Sacroa

1846 3918 1988 3965 rum
2034 3897 2406 3965 Antistitum
2454 3897 2630 3988 preci
2677 3917 2788 3982 us,
2839 3896 2946 3965 die
2993 3900 3033 3965 3
3078 3897 3278 3964 Martii
3323 3916 3432 3963 an·

1843 3987 1908 4052 ni
1940 3989 2134 4071 1866,
2168 3986 2234 4054 in
2263 3985 2608 4055 Ordinariis
2633 3989 2966 4054 Sacrorum
2992 3984 3251 4052 Ritnum
3277 3986 3437 4057 Con·

1843 4074 2233 4162 gregationis
2263 4074 2548 4141 comitiis
2577 4076 2980 4163 propositum
3014 4071 3134 4139 luit
3164 4072 3431 4141 dubium

1842 4181 1967 4228 una
1998 4180 2147 4229 cum
2190 4163 2533 4246 sententia,
2568 4180 2757 4248 quam
2808 4181 2886 4228 ex
2935 4159 3141 4227 officio
3180 4161 3435 4251 aperuit

1842 4248 2007 4316 alter
2050 4269 2085 4316 e
2131 4250 2651 4318 consultoribus:
2702 4271 2741 4313 ‹
2776 4253 2874 4316 An
2911 4249 3205 4316 sacerdos
3229 4253 3433 4337 possit

1842 4341 2094 4422 aperire
2127 4338 2455 4407 ciborium
2503 4338 2587 4404 ad
2631 4338 3193 4406 communicandos
3228 4338 3434 4426 fideles

1841 4428 1916 4491 in
1939 4429 2343 4512 paramentis
2375 4425 2635 4512 niqris?
2665 4447 2704 4491 ι
2750 4428 2991 4493 Verum
3024 4425 3161 4493 Emi
3194 4436 3261 4494 et
3290 4425 3430 4495 Rmi

1840 4516 2052 4581 Patres
2097 4512 2459 4581 cardinales
2504 4515 3015 4603 responderunt:
3066 4513 3338 4595 Dilata,·
3371 4524 3429 4581 et

1836 4602 2080 4669 scribat
2129 4603 2294 4668 alter
2349 4602 2715 4683 Consultor,
2779 4621 2892 4668 nec
2938 4621 3067 4668 non
3115 4605 3429 4682 Assessor‚

1839 4694 2260 4775 reassumptis
2293 4689 2581 4757 omnibns
2605 4691 2688 4757 ad
2710 4710 2844 4757 rem
2865 4692 3285 4775 facientibus,
3316 4690 3432 4757 lta-

1837 4778 1974 4844 bita
1999 4780 2384 4864 praesertim
2417 4781 2675 4845 ratione
2710 4778 2913 4846 relate
2944 4780 3024 4845 ad
3056 4783 3431 4864 opportuni-

1841 4874 2068 4933 tatem.
2608 4896 2616 4905 ·

1970 4954 2160 5043 Typis
2184 4953 2429 5022 traditis
2453 4954 3065 5041 communicatisque
3089 4954 3262 5022 hisce
3285 4973 3428 5022 sen·

1840 5044 2057 5110 tentiis
2104 5053 2242 5109 tum
2287 5043 2427 5110 Rmi
2476 5043 2821 5113 Assessoris
2864 5054 3004 5110 tum
3052 5042 3314 5109 alterius
3347 5062 3429 5109 ex

1835 5130 2348 5218 Apostolicarum
2372 5131 2928 5199 caeremoniarum
2957 5131 3269 5218 Magistris
3291 5151 3429 5221 spe-

1834 5218 2081 5286 cialiter
2125 5218 2438 5308 deputati,
2474 5222 2809 5286 Sacrorum
2855 5218 3113 5287 Rituum
3146 5222 3425 5308 congre-

1838 5307 2006 5393 gatio
2056 5308 2119 5374 in
2163 5306 2493 5376 ordinario
2556 5310 2759 5375 coetu
2828 5307 3140 5375 hodierna
3192 5306 3297 5375 die
3345 5308 3423 5375 ad

1835 5394 2207 5464 Vaticanum
2234 5395 2583 5465 coadunata
2618 5405 2735 5463 est:
2772 5394 2879 5461 nbi
2912 5399 3108 5467 Emus
3137 5405 3204 5463 et
3232 5398 3424 5462 Rmus
