4042 5950
1530 278 2001 353 -143-

148 434 361 503 2515.
552 435 810 500 0130th
816 435 857 500 S
905 434 1260 501 amotum

668 540 734 604 S.
778 541 1182 605 FRANClSGl

229 646 677 711 PROVlNCIAE
723 644 1278 711 CONCEPTtole
1324 648 1395 710 B.
1429 645 1509 710 Μ.
1548 647 1627 711 V.

391 800 408 806 -
496 752 572 815 ΙΝ
619 750 879 852 ῌΕΕΝΟ
924 751 1332 817 LUSITANO.

1476 432 1709 519 (taes)

257 962 340 1023 Ex
401 971 587 1046 parte
645 960 993 1027 Directoris
1046 961 1402 1028 Calendarii
1463 962 1718 1028 Ordinis

155 1047 428 1113 umorum
493 1050 561 1114 S.
615 1049 921 1115 Francisci
984 1049 1069 1114 de
1114 1049 1524 1116 Observantia
1573 1053 1719 1115 Pro-

155 1135 359 1199 vinciae
407 1136 864 1224 conceptionis
910 1142 974 1202 B.
1011 1141 1091 1203 Μ.
1127 1140 1206 1203 V.
1246 1137 1308 1203 in
1339 1141 1432 1204 Re
1481 1157 1564 1204 no
1597 1141 1717 1204 Lu-

153 1223 320 1287 sitano
362 1224 532 1310 apud
567 1227 637 1290 S.
671 1228 746 1291 R.
782 1228 858 1292 c.
894 1225 1253 1291 humillime
1285 1245 1454 1314 supp
1481 1224 1712 1293 icatum

155 1310 249 1374 luit
277 1330 385 1396 pro
418 1311 853 1378 declaratione
893 1315 1304 1398 sequentium
1340 1313 1713 1398 dubiorum,

63 1437 66 1496 'r
155 1398 458 1464 videlicet:
493 1400 597 1485 (1)
633 1433 640 1441 ·

264 1490 316 1550 1.
367 1488 459 1554 An
521 1490 1049 1555 commemoratio
1100 1489 1274 1555 SSmi
1327 1488 1716 1558 Sacramenti

154 1573 218 1637 ob
257 1574 381 1638 eius
427 1595 508 1640 ex
564 1576 902 1644 ositionem
953 1577 1017 1643 in
1051 1577 1296 1664 duplici
1334 1576 1577 1665 primae
1609 1576 1712 1641 vel

63 1687 64 1708 1
153 1662 432 1730 secundae
481 1684 514 1729 c
547 1664 699 1728 assis
745 1663 976 1731 debeat
1024 1664 1189 1731 uniri
1239 1685 1385 1731 cum
1419 1664 1715 1731 Oratione

155 1751 334 1814 lissae
378 1752 498 1817 snb
547 1752 732 1816 unica
782 1751 1223 1835 conclusione,
1276 1753 1532 1839 quando
1567 1752 1715 1819 insi-

157 1839 258 1903 mul
303 1849 695 1906 concurrunt
741 1840 899 1905 aliae
945 1840 1591 1906 commemorationes
1631 1841 1714 1905 de

155 1939 460 2016 praecepto
508 1935 620 1993 aut
664 1927 748 1993 de
796 1927 976 1994 Feria
1022 1926 1320 1994 maiore?

255 2017 314 2081 2.
362 2019 456 2081 An
514 2016 897 2101 Regulares,
957 2028 1084 2082 tam
1131 2015 1480 2082 Celebrans
1526 2035 1715 2102 quam

155 2101 536 2186 Assistentes,
601 2103 665 2169 in
726 2103 1125 2171 celebrandis
1185 2104 1502 2170 matutinis
1553 2106 1752 2170 sole·-

153 2189 364 2344 glnigus
410 2190 665 2276 possint
708 2192 800 2257 uti
857 2191 1123 2277 pluviali
1171 2213 1200 2256 a
1253 2191 1566 2280 principio
1614 2192 1715 2259 Of-

188 2298 251 2342 cn

255 2371 310 2433 3.
361 2372 454 2433 An
498 2367 565 2432 in
614 2367 911 2434 Oratione
944 2381 1009 2433 et
1041 2367 1376 2434 versiculis
1419 2372 1493 2434 B.
1529 2371 1716 2434 Fran-

155 2453 268 2518 cisci
311 2455 509 2540 possit
558 2453 709 2521 addi
759 2476 790 2520 a
842 2455 1312 2523 Franciscanis:
1377 2456 1548 2522 Beati
1609 2460 1716 2521 Pa·

158 2540 243 2605 tris
282 2544 474 2608 nostri
500 2540 536 2607 ¹?

258 2633 318 2696 t.
356 2631 454 2697 An
503 2631 571 2695 in
618 2630 987 2698 adoratione
1034 2631 1254 2698 Crucis
1300 2631 1480 2697 Feria
1527 2635 1715 2699 Sexta

158 2721 203 2781 in
258 2720 595 2785 Parasceve
665 2718 942 2786 debeant
1014 2721 1273 2785 Praelati
1339 2721 1715 2803 Regulares,

157 2805 593 2889 pontificalibus
641 2824 768 2870 non
814 2817 1105 2888 utentes,
1159 2805 1553 2894 praecedere
1599 2825 1716 2872 suo

156 2891 373 2958 subdito
439 2891 859 2980 Celebranti3
936 2894 1035 2959 vel
1098 2895 1446 2961 Celebrans
1510 2894 1718 2983 primo

159 2979 270 3046 loco
308 2982 749 3049 adorationem
798 3001 1114 3069 peragere
1137 2980 1170 3048 ἰ’

261 3072 320 3135 δ.
366 3071 460 3136 An
513 3069 930 3136 thuriferario
978 3077 1043 3135 et
1088 3070 1400 3157 acolythis
1458 3069 1716 3137 minori-

65 3174 66 3177 *
158 3152 248 3220 bus
276 3156 709 3243 permittenda
742 3157 822 3221 sit
851 3158 1040 3224 sedes
1089 3159 1152 3223 in
1201 3160 1377 3224 Missa
1415 3158 1714 3241 solemni,

155 3246 367 3326 quando
415 3245 756 3312 celebrans
815 3245 999 3311 sedet
1059 3264 1204 3311 cum
1260 3243 1609 3311 ministris?
1653 3256 1718 3312 et

155 3345 430 3414 quatenus
460 3332 880 3400 affirmativez
918 3339 1011 3399 An
1055 3334 1307 3399 tolerari
1343 3336 1541 3420 possit
1575 3334 1719 3399 illos

155 3418 347 3484 sedere
389 3422 457 3486 in
505 3420 816 3506 gradibus
861 3419 1303 3508 Presbyterii‘?

259 3510 320 3572 6.
364 3511 458 3573 An
523 3510 590 3575 in
655 3507 995 3574 Dominicis
1059 3508 1717 3596 Quadragesimalibus

156 3603 206 3655 et
243 3595 634 3663 Paschalibus
681 3595 911 3663 debeat
972 3595 1223 3663 recitari
1283 3597 1589 3663 Praefatio
1636 3597 1717 3663 de

158 3690 410 3836 temp20re
483 3684 899 3772 respectivo,
969 3685 1070 3750 vel
1141 3685 1448 3750 Praefatio
1519 3684 1718 3750 Trini-

160 3769 273 3833 tatis

261 3862 315 3923 7.
363 3864 458 3926 An
500 3859 816 3927 Diaconus
851 3872 913 3927 et
944 3858 1410 3944 subdiaconus,
1460 3863 1718 3945 quando

67 4006 68 4029 χ
156 3944 461 4014 Celebrans
509 3947 660 4015 facit
709 3948 1136 4016 reverentiam
1171 3950 1356 4015 Cruci
1404 3949 1470 4015 in
1516 3949 1717 4015 Sacri·

156 4029 269 4114 stia,
312 4036 592 4102 debeant
640 4037 1122 4121 genuflectere3
1173 4037 1355 4100 sicuti
1405 4038 1471 4103 in
1517 4035 1717 4104 Altari

67 4128 68 4201 ζ
157 4123 562 4200 genuflectant
611 4123 869 4209 quando
915 4124 1264 4191 celebrans
1310 4127 1582 4191 Crucem
1630 4146 1717 4189 sa-

67 4218 68 4313 }
161 4206 286 4272 lutat
328 4213 719 4278 transeundo
765 4222 913 4278 ante
969 4213 1184 4295 illam,
1237 4222 1302 4277 et
1352 4213 1415 4279 in
1461 4233 1716 4280 accessu

67 4328 70 4347 ν
161 4302 210 4356 et
245 4315 488 4365 recessu
511 4299 547 4366 ¹?

261 4388 323 4451 8.
351 4390 448 4453 An
481 4388 547 4454 in
585 4386 756 4452 Elissa
805 4388 1256 4471 conventuali,
1305 4389 1543 4475 absque
1578 4387 1713 4455 Dia-

160 4487 287 4536 cono
339 4486 403 4540 et
462 4475 869 4543 subdiacono
928 4486 1207 4557 cantata,
1271 4476 1720 4544 adsistentibus

163 4568 366 4626 tantum
416 4562 826 4630 thuriferario
869 4575 934 4631 et
982 4564 1406 4648 ceroferariis,
1443 4576 1508 4631 et
1537 4584 1721 4652 prae-

159 4660 308 4742 sente
350 4651 540 4717 Clero
569 4670 685 4716 seu
716 4652 1215 4737 communitate,
1251 4651 1540 4720 adhiberi
1576 4673 1720 4740 pos-

163 4746 224 4797 st
263 4736 398 4802 thus
451 4748 574 4805 tam
638 4740 703 4805 in
745 4740 1062 4827 principio
1121 4741 1340 4807 Missae
1402 4760 1590 4826 quam
1655 4741 1716 4808 in

165 4820 469 4909 Evangelio
520 4838 586 4892 et
631 4825 1022 4894 offertorio?

263 4914 323 4976 9.
368 4916 460 4979 An
494 4915 559 4980 in
593 4916 769 4981 Missa
805 4915 1089 4985 Solemni
1121 4916 1350 4983 Clerus
1382 4916 1446 4984 in
1478 4917 1714 4999 Choro,

163 4999 302 5077 quod
361 5013 561 5067 exstat
607 5003 671 5068 in
736 5005 873 5070 loco
920 5003 1238 5090 superiori
1286 5018 1353 5070 et
1398 5004 1475 5069 ab
1521 5005 1715 5071 Altari

165 5096 400 5170 remoto,
428 5088 658 5155 debeat
691 5091 1001 5157 incensari
1027 5111 1059 5156 a
1088 5091 1523 5173 thuriferario,
1548 5103 1719 5193 post·

165 5186 319 5251 quam
351 5177 655 5243 Diaconus
686 5178 1156 5246 subdiaconum
1207 5179 1593 5247 thurificavit
1614 5179 1647 5246 ⁴?

1957 436 2057 499 10.
2111 437 2205 499 An
2266 433 2331 499 in
2394 432 2796 516 impositione
2862 431 3065 498 thuris
3130 432 3410 499 debeant

1819 521 2094 607 proferri
2144 520 2333 586 verba
2384 521 2459 586 ab
2523 520 2635 585 iuo
2689 520 3109 602 benedicaris,
3160 521 3416 604 quando

1826 609 2178 694 imponitur
2238 609 2564 674 incensum
2631 608 2693 673 in
2765 607 3128 688 thuribulo,
3192 620 3261 674 ut
3328 607 3416 673 vi-

1821 697 2013 762 detur
2086 695 2383 761 insinuari
2456 697 2519 761 in
2587 696 2853 782 Rubrica
2916 696 3252 780 generaliz
3310 696 3411 760 vel

1818 783 1976 851 dum
2028 784 2401 851 efformatur
2459 783 2710 871 signum
2761 785 3005 867 Crucis,
3056 795 3127 850 ut
3185 785 3247 849 in
3292 787 3416 848 Ru-

1821 873 1991 938 brica
2039 873 2433 959 particulari,
2487 872 2550 938 in
2597 890 2720 956 qua
2767 871 2988 937 Crucis
3028 871 3274 959 effigies
3324 870 3416 935 in-

1820 961 2078 1026 venitur
2103 960 2334 1026 inserta
2362 962 2424 1026 in
2450 959 2648 1025 verbo
2673 959 3184 1041 110neffidicari35
3209 957 3413 1022 veluti

1823 1050 2012 1112 etiam
2060 1047 2359 1114 similiter
2407 1046 2477 1113 fit
2527 1049 2586 1111 in
2636 1045 2931 1112 omnibus
2977 1047 3112 1112 aliis
3154 1044 3418 1112 benedi-

1821 1135 2163 1218 ctionibus,
2198 1134 2306 1201 ubi
2346 1139 2513 1200 Crux
2565 1153 2754 1200 manu
2787 1134 3175 1200 describitur
3208 1135 3318 1200 illo
3353 1135 3414 1197 in
3454 1129 3467 1152 ⁶

1823 1223 2050 1307 verbo,
2098 1224 2208 1289 ubi
2258 1223 2475 1289 Crucis
2520 1224 2781 1289 schema
2825 1235 2945 1287 stat
2993 1219 3376 1308 depictum?

1956 1317 2033 1376 Et
2088 1315 2156 1379 S.
2210 1312 2431 1379 eadem
2487 1315 2560 1378 R.
2613 1314 2716 1393 C.,
2768 1310 2985 1376 audito
3042 1311 3217 1398 prius
3264 1323 3415 1374 voto

1820 1401 2008 1465 unius
2044 1419 2122 1465 ex
2159 1400 2667 1485 Apostolicarum
2703 1399 3257 1465 Caeremoniarum
3297 1402 3417 1465 Ma-

1819 1487 2059 1572 gistriS,
2094 1486 2348 1573 scriptis
2382 1498 2637 1552 exarato
2673 1486 2970 1573 typisque
3017 1488 3304 1573 vulgato,
3339 1488 3412 1551 ad

1820 1575 2197 1642 relationem
2251 1574 2387 1640 Emi
2436 1586 2502 1640 et
2548 1576 2687 1641 Rmi
2738 1580 2919 1641 Dom.
2970 1578 3159 1641 card.
3195 1573 3418 1641 Boschi

1823 1663 2143 1747 Ponentis,
2195 1663 2685 1730 rescribendum
2735 1662 3029 1729 censuitt

1949 1751 2044 1818 Ad
2105 1755 2162 1818 1.
2218 1773 2254 1814 ‹
2288 1750 2647 1817 Uniendam
2697 1769 2835 1816 esse
2885 1751 2944 1816 in
2994 1751 3119 1818 fine
3152 1752 3412 1818 aliarum

1818 1839 2506 1905 commemorationum
2555 1839 2638 1904 de
2689 1851 3035 1925 praecepto
3069 1862 3130 1905 ».

1950 1927 2045 1992 Ad
2097 1932 2160 1993 2.
2217 1938 2281 1993 et
2331 1932 2393 1994 3.
2448 1949 2485 1990 ι
2522 1928 2832 2015 Negative
2869 1951 2930 1993 ι.

1953 2017 2048 2082 Ad
2101 2020 2162 2083 4.
2215 2039 2252 2080 ς
2288 2015 2634 2103 Negative,
2685 2015 2895 2101 quoad
2959 2016 3227 2103 primam
3277 2036 3417 2104 par·

1822 2117 1993 2184 tem;
2044 2103 2463 2188 Affirmative,
2512 2105 2721 2189 quoad
2770 2104 3119 2171 secundam
3155 2126 3216 2169 v.

1951 2191 2046 2258 Ad
2097 2198 2161 2260 δ.
2214 2213 2251 2257 ‹
2288 2197 2354 2259 ln
2389 2191 2563 2258 Missa
2595 2191 2895 2276 solemni,
2944 2193 3198 2277 quando
3232 2192 3415 2258 Cele-

1821 2282 2004 2348 brans
2042 2291 2105 2345 et
2140 2280 2399 2347 Ministri
2436 2278 2591 2344 sacri
2626 2280 2886 2363 sedent,
2921 2291 3183 2368 possunt
3229 2277 3415 2346 etiam

1821 2370 1882 2435 in
1940 2367 2240 2454 gradibus
2288 2366 2668 2454 Presbyterii
2717 2369 2951 2434 sedere
3000 2368 3300 2453 acolythi,
3353 2380 3415 2433 et

1821 2455 2015 2523 etiam
2053 2455 2526 2540 thuriferarius,
2561 2457 2816 2542 quando
2851 2476 2978 2522 non
3011 2459 3179 2543 gerit
3213 2457 3415 2521 vicem

1820 2543 2316 2611 Caeremoniarii
2356 2566 2418 2611 »-

1952 2632 2049 2699 Ad
2097 2637 2159 2697 6.
2213 2653 2250 2697 α
2283 2637 2351 2698 ln
2384 2633 2728 2699 Dominicis
2757 2631 3414 2720 Quadragesimalibus

1819 2730 1884 2786 et
1946 2719 2348 2786 paschalibus
2411 2721 2610 2787 debet
2672 2718 2926 2786 recitari
2983 2720 3286 2787 Praefatio
3333 2720 3416 2785 de

1820 2818 2149 2893 tempore,
2197 2828 2324 2874 non
2371 2827 2528 2875 vero
2575 2810 2659 2876 de
2705 2812 2891 2876 SSma
2924 2808 3230 2875 Trinitate
3261 2830 3322 2873 ».

1955 2896 2050 2962 Ad
2089 2899 2151 2962 7.
2189 2919 2226 2960 ‹
2254 2895 2564 2983 Negative
2598 2919 2663 2963 v.

1952 2984 2047 3050 Ad
2083 2987 2152 3051 8.
2191 3007 2227 3048 ‹
2252 2986 2564 3070 Negative
2598 3008 2660 3051 ιν.

1952 3073 2048 3139 Ad
2082 3075 2151 3139 9.
2189 3096 2226 3137 ‹
2253 3072 2319 3138 Si
2367 3073 2612 3140 Chorus
2658 3084 2865 3138 exstat
2909 3075 3067 3139 intra
3107 3073 3415 3140 ambitum

1821 3172 1887 3225 et
1933 3179 2146 3226 aream
2197 3159 2545 3244 Ecclesiae,
2595 3160 3025 3247 Affirmative3
3073 3160 3169 3227 sin
3201 3173 3414 3228 autem

1822 3248 1888 3314 in
1949 3250 2127 3331 loco,
2192 3248 2271 3314 ad
2332 3267 2528 3333 quem
2589 3249 2803 3315 accedi
2871 3260 3233 3333 nequeant,
3297 3249 3413 3314 nisi

1823 3337 2124 3402 exeundo
2172 3338 2249 3402 ab
2296 3337 2600 3415 Ecclesia,
2650 3337 2952 3423 Negative
2988 3356 3051 3401 ›.

1952 3424 2047 3490 Ad
2104 3428 2210 3492 10.
2259 3444 2296 3488 «
2330 3427 2683 3490 Serventur
2728 3425 3040 3491 Rubricae
3073 3425 3419 3490 Generales

1823 3512 2085 3577 Missalis
2114 3512 2377 3578 Romani
2410 3514 2490 3579 de
2517 3513 2663 3578 Ritu
2696 3514 3009 3578 servando
3046 3513 3105 3579 in
3141 3513 3416 3578 celebra-

1825 3600 1997 3665 tione
2048 3600 2269 3666 Missae
2319 3602 2441 3667 Tit.
2480 3602 2581 3665 lV.
2618 3620 2683 3666 n.
2723 3603 2788 3681 4,
2826 3611 2890 3665 et
2936 3601 3421 3666 caeremoniale

1827 3687 2288 3773 Episcoporum
2341 3688 2451 3754 lib.
2499 3692 2554 3752 1.
2594 3708 2736 3776 cap.
2773 3692 2884 3755 23.
2921 3689 2958 3771 ἓ
2999 3693 3026 3753 1
3070 3700 3134 3754 et
3166 3693 3205 3755 2
3241 3710 3301 3755 ν.

1958 3779 2034 3840 Et
2094 3776 2178 3840 ita
2239 3776 2586 3861 declaravit
2647 3797 2717 3840 ac
2775 3776 3013 3842 servari
3065 3776 3415 3843 mandavit.

1823 3863 1934 3927 Die
1991 3867 2071 3929 18
2117 3864 2489 3930 Decembris
2543 3867 2733 3931 1779.

1822 4022 2077 4091 2516.
2463 4025 2770 4091 ORDlNlS

2353 4133 2416 4195 S.
2474 4131 2883 4196 BENEDlCTl

1914 4235 2579 4301 CONGREGATlONlS
2626 4237 3326 4302 VALLISOLETANAE

2363 4342 2437 4406 ΙΝ
2483 4342 2885 4408 HISPANHS.

3184 4025 3413 4110 (4396)

1953 4484 2254 4547 Porrecto
2315 4500 2513 4569 penes
2582 4483 2648 4548 S.
2700 4485 2773 4548 R.
2825 4484 2927 4562 C.,
2978 4483 3235 4547 nomine
3300 4483 3412 4549 ho-

1822 4569 2028 4634 dierni
2068 4573 2133 4635 P.
2165 4571 2490 4636 Generalis
2521 4570 2771 4636 Ordinis
2802 4573 2865 4637 S.
2895 4569 3225 4637 Benedicti
3257 4575 3415 4637 Con·

1822 4656 2216 4742 gregationis
2251 4657 2733 4723 vallisoletanae
2784 4658 2846 4722 in
2892 4656 3227 4744 Hispaniis,
3263 4678 3411 4743 sup-

1823 4744 2000 4897 suff·
2040 4745 2286 4830 libello,
2341 4745 2671 4830 quaeritur
2724 4745 3030 4811 resolutio
3087 4747 3414 4830 sequentis

1873 4850 1910 4895 u
1963 4853 2044 4896 n:

1951 4924 2047 4984 An
2080 4920 2508 4986 Ecclesiarum
2544 4920 2859 5007 praefatae
2885 4921 3414 5008 congregationis

1821 5017 2003 5072 certo
2062 5024 2189 5073 non
2256 5020 2802 5092 consecratarum,
2855 5009 2956 5075 vel
3010 5010 3095 5074 de
3142 5029 3407 5095 quarum

1822 5095 2310 5161 Consecratione
2372 5095 2737 5179 dubitatur,
2799 5096 3087 5164 Officium
3153 5097 3412 5163 Dedica-

1825 5180 2011 5247 tionis
2071 5200 2320 5266 earum,
2369 5185 2445 5250 ab
2508 5184 2994 5251 immemorabili
3051 5186 3300 5252 recitari
3352 5198 3414 5252 et

276 5364 346 5436 (1)
383 5368 438 5424 Ε.
477 5369 615 5427 Dub.
661 5370 708 5435 1,
744 5370 797 5437 2,
832 5373 882 5439 5,
921 5372 970 5435 4.
1005 5370 1056 5437 5,
1095 5373 1145 5433 6.
1183 5372 1233 5437 7,
1268 5373 1319 5439 9,
1358 5373 1440 5437 10,
1482 5372 1563 5439 11,
1606 5373 1686 5439 u,
1728 5374 1809 5440 13,
1850 5375 1916 5432 tt
1953 5384 2007 5432 et
2042 5375 2130 5433 24.
