4042 5950
1527 267 1995 349 -189—

132 457 271 505 rum
319 433 812 520 Canonicorum,
847 444 1150 521 actusque
1197 449 1417 500 omnes
1462 430 1539 498 ad
1574 449 1711 498 rem

131 526 313 592 istam
363 534 751 612 spectantes,
800 533 1185 590 conventum
1234 530 1330 586 est
1375 530 1447 585 ut
1493 519 1707 585 obser-'-

129 623 319 679 vetur
366 612 535 680 Ordo
581 632 701 699 pro
747 614 905 680 bona
965 607 1295 678 sacristiae
1353 606 1709 674 directione

128 700 435 788 probatus
473 700 606 788 ‚iam
645 700 723 765 ab
767 718 929 768 anno
981 700 1183 776 17593
1231 691 1416 762 salvis
1445 694 1710 761 ulterio-

130 789 303 854 ribus
352 786 872 853 attributionibus
915 783 1280 852 Primicerio
1342 792 1709 867 competen-

134 878 345 959 tibus,
394 893 517 961 pro
572 874 801 961 quibus
849 874 907 940 ei
953 875 1030 940 ab
1080 870 1397 938 Ecclesiae
1456 868 1713 937 Fabrica

132 962 361 1050 viginti
406 962 743 1047 quotannis
772 970 1011 1029 scutata
1055 960 1413 1028 solvuntur.

265 1055 373 1118 10.
446 1053 584 1116 Non
652 1049 970 1122 inficiatur
1034 1047 1407 1115 servandam
1474 1064 1613 1112 esse
1679 1065 1715 1108 a

132 1138 502 1206 Primicerio
574 1137 820 1204 clavem
887 1136 1211 1202 custodiae
1241 1184 1259 1220 ,
1325 1154 1449 1219 qua
1514 1135 1715 1219 Caput

134 1231 192 1294 S.
223 1224 507 1294 Petronii
548 1224 921 1296 includitur.
962 1226 1225 1302 Verum,
1254 1222 1459 1308 quoad
1508 1230 1716 1288 custo·

134 1317 298 1382 diam
351 1313 550 1381 trium
595 1311 932 1396 Altarium,
967 1310 1270 1378 nimirum
1310 1309 1541 1376 Altaris
1584 1326 1715 1378 ma·-

134 1404 307 1486 ioris,
361 1404 477 1468 SS.
528 1400 914 1468 sacramenti
961 1419 1030 1465 ac
1075 1399 1254 1484 parvi
1300 1397 1522 1480 Cbori,
1572 1415 1715 1483 pos-

136 1490 327 1557 sessio
400 1488 881 1555 conservabitur
947 1484 1264 1576 praesenti
1324 1483 1713 1566 PmmiceriO,

137 1577 443 1665 quamdiu
486 1576 835 1646 Primicerii
867 1592 1101 1642 munus
1130 1573 1515 1651 obtinuerit;
1562 1571 1717 1657 quin

143 1681 350 1734 tamen
400 1664 642 1731 idcirco
691 1662 1154 1752 praeiudicium
1223 1660 1516 1747 capitulo
1560 1678 1717 1744 qno·

140 1753 482 1821 dammodo
515 1751 763 1833 inferri,
796 1759 905 1817 aut
931 1769 1049 1836 pro
1096 1749 1328 1816 ceteris
1367 1748 1539 1815 illius
1576 1767 1718 1813 suc-

142 1842 497 1910 cessoribus
566 1838 946 1906 Pfimiceriis
1014 1838 1109 1904 ius
1156 1836 1427 1922 quodvis
1479 1829 1757 1921 acquiri'

140 1930 367 1996 valeat.

268 2021 378 2084 11.
432 2018 562 2084 Nec
610 2016 750 2084 insu
800 2035 870 2081 er
915 2014 1321 2098 denegantur
1354 2010 1719 2082 Primioerio

142 2108 417 2174 honores
463 2124 531 2170 ac
581 2104 717 2171 iura
785 2102 1048 2188 egitime
1096 2101 1352 2168 inducta
1408 2109 1597 2184 atque
1644 2097 1719 2163 ab

143 2194 271 2262 eius
294 2191 902 2281 praedecessoribus
923 2199 1238 2274 suscepta,
1257 2188 1582 2258 Pontificio
1602 2187 1721 2253 Gu'-

148 2283 366 2348 bernio
404 2282 704 2367 vigente;
751 2278 1015 2345 servatis
1047 2290 1263 2343 tamen
1309 2276 1721 2344 modis'nunc

144 2381 205 2435 et
236 2369 300 2435 in
335 2369 457 2436 bac
492 2369 765 2453 benigna
795 2366 1143 2433 Concordia
1180 2363 1522 2445 expressis,
1555 2381 1720 2448 quae

143 2457 213 2524 ad
263 2455 589 2524 tollendas
634 2453 1093 2521 controversias
1137 2453 1306 2522 etad
1343 2464 1578 2520 certam
1623 2470 1722 2515 or-

144 2545 536 2612 dinationem
580 2542 1020 2612 stabiliendam
1068 2539 1587 2612 constituebatur.

274 2638 385 2702 12.
420 2632 707 2716 Denique
734 2639 1121 2697 conventum
1151 2637 1273 2711 est,
1301 2635 1371 2694 ut
1392 2628 1445 2694 si
1469 2627 1724 2714 quando

150 2720 544 2809 perturbatio
592 2719 796 2804 aliqua
844 2718 909 2785 in
940 2716 1227 2786 Sacristia
1264 2715 1429 2782 forte
1478 2715 1723 2782 exoria-

148 2823 269 2895 tur,
318 2806 733 2876 Primicerius
778 2805 1229 2892 praesens-ius
1273 2803 1499 2874 babeat
1546 2802 1725 2889 quie-

147 2909 271 2964 tem
325 2906 401 2963 et
458 2914 683 2983 pacem
751 2892 1179 2978 instaurandi,
1224 2912 1297 2958 ac
1363 2892 1723 2960 remedium

41 3059 42 3066 χ
147 2984 509 3053 confusioni
552 2982 887 3066 afferendi3
938 2999 1017 3049 eo
1061 2992 1277 3047 autem
1329 2979 1615 3065 absente,
1659 2979 1731 3047 id.

41 3273 44 3340 'l

145 3085 395 3161 spectet
420 3073 497 3139 ad
522 3071 684 3138 duos
706 3069 1053 3138 Canonicos
1082 3069 1418 3155 deputatos
1443 3078 1516 3135 ut
1545 3087 1725 3155 prae-

41 3155 42 3170 *
146 3163 396 3229 sideant
440 3160 770 3226 Sacristiae
816 3168 883 3224 et
928 3156 1265 3243 invigilent
1282 3172 1305 3235 ;¹
1353 3155 1729 3257 eisdemque

149 3268 409 3335 quoque
454 3246 846 3329 absentibus,
891 3246 968 3313 ad
1014 3247 1372 3333 digniorem
1418 3244 1543 3331 qui.
1572 3245 1725 3312 mibi

41 3405 44 3414 ,
149 3338 331 3406 adsit.
387 3337 451 3403 Si
498 3354 653 3401 vero
700 3335 766 3401 in
794 3333 1087 3420 capitulo
1135 3344 1444 3420 exurgant
1475 3344 1729 3403 contro·

152 3426 419 3508 versiae,
470 3423 838 3491 Primicerio
884 3421 980 3488 ius
1026 3421 1148 3488 erit
1190 3439 1367 3488 suam
1436 3432 1581 3489 ante
1627 3441 1729 3488 ce-

153 3526 319 3581 teros
367 3512 759 3579 senteutiam
807 3511 1113 3589 edicet-«33
1163 3509 1469 3576 resolutio
1516 3521 1729 3577 tamen

41 3587 42 3670 Ῐ
152 3601 464 3687 privative
513 3599 806 3688 capitulo
868 3598 1115 3685 integra
1175 3617 1292 3684 pro
1346 3597 1567 3666 maiori
1620 3618 1731 3664 vo-

41 3693 44 3722 *
132 3703 365 3755 ,torum
415 3706 688 3755 numero
734 3685 1040 3755 manebit.

277 3779 645 3861 Quumque,
679 3785 751 3840 ut
799 3772 1163 3843 huiusmodi
1196 3773 1534 3841 concordia
1564 3777 1729 3862 Apo-

156 3866 377 3931 stolica
408 3862 706 3930 firmitate
741 3861 1109 3945 roboretur,
1140 3861 1467 3947 supplices
1501 3879 1729 3950 preces

156 3953 226 4021 ad
261 3953 423 4019 banc
457 3950 870 4018 obtinendam
902 3960 1237 4036 porrectae
1273 3948 1508 4019 tuerint
1538 3954 1730 4018 SSmo

158 4041 419 4107 Domino
466 4041 695 4105 Nostro
739 4039 843 4105 Pio
877 4042 980 4105 Vll
1025 4042 1205 4104 Pont.
1256 4040 1455 4113 Max.;
1505 4038 1730 4107 eadem

160 4128 465 4195 Sanctitas
523 4130 643 4195 Sua
709 4126 787 4191 ad
852 4125 1224 4195 relationem
1280 4126 1419 4193 Emi
1478 4136 1541 4192 et
1586 4127 1727 4193 Rmi

162 4216 403 4285 Domini
449 4214 638 4282 Card.
688 4214 773 4280 de
818 4215 1089 4283 Somalia
1135 4216 1198 4281 S.
1252 4218 1325 4281 R.
1364 4218 1434 4281 c.
1484 4215 1731 4281 Praefe-

166 4303 242 4367 cti
285 4307 550 4388 bmiyne
599 4306 867 4383 annuit,
920 4313 990 4369 ut
1036 4321 1113 4369 ex
1158 4302 1451 4389 sequenti
1486 4302 1729 4369 Rescri-

165 4401 267 4476 pto
313 4391 607 4461 eiusdem
657 4391 791 4456 Emi
835 4410 904 4458 ac
949 4391 1089 4458 Rsni
1132 4394 1343 4473 Dom.,
1390 4389 1725 4456 videlicet:

171 4480 253 4545 Ex
300 4478 642 4546 Audientia
687 4479 887 4563 ssffii,
936 4479 1042 4545 die
1095 4482 1172 4544 16
1220 4477 1480 4545 ianuarii
1528 4481 1727 4545 1820:

167 4590 201 4629 ι
230 4566 482 4634 Uteudo
531 4566 928 4634 facultatibus
971 4588 1004 4633 a
1052 4570 1243 4643 Ssmo
1292 4571 1471 4633 Dom.
1506 4568 1731 4632 Nostro

170 4653 263 4720 Pio
309 4658 417 4723 Vll
464 4659 641 4720 Pont.
692 4658 851 4723 Max.
903 4655 1092 4722 Nobis
1138 4655 1202 4721 in
1247 4654 1560 4721 audientia
1615 4654 1733 4721 sub

170 4742 274 4808 bac
317 4742 424 4809 die
469 4742 830 4828 specialiter
889 4744 1269 4831 impertitiS,
1316 4742 1735 4829 adprobamus

172 4841 229 4894 et
260 4829 702 4897 confirmamus
732 4831 1028 4898 insertam
1066 4831 1467 4898 concordiam
1518 4829 1731 4897 initam

170 4915 328 4984 inter
372 4918 806 4985 Primicerium
874 4920 1141 5005 primam
1212 4918 1589 5007 Dignitatem
1649 4938 1732 4984 ex

172 5024 285 5070 uua
316 5055 334 5089 ,
398 5015 464 5072 et
523 5007 881 5094 capitulum
943 5026 1011 5073 ac
1064 5008 1408 5073 Canonicos
1472 5006 1733 5092 Insignis

172 5095 547 5181 collegiatae
614 5096 677 5161 S.
729 5095 1004 5161 Petronii
1074 5094 1385 5163 Bononiae
1449 5097 1732 5181 partibus

175 5198 251 5245 ex
293 5185 518 5267 altera3
570 5182 700 5266 cui,
750 5193 816 5248 et
859 5183 1154 5255 omnibus
1212 5202 1285 5247 ac
1327 5182 1591 5268 singulis
1637 5201 1731 5248 ar-

180 5269 379 5334 ticulis
424 5271 488 5337 in
520 5289 591 5336 ea
624 5271 962 5357 contentis,
999 5270 1222 5337 eadem
1269 5271 1572 5341 Sanctitas
1609 5275 1728 5338 Sua

181 5354 562 5442 Apostolicae
610 5357 923 5424 firmitatis
965 5359 1219 5444 pondus
1248 5358 1489 5443 adiicit,
1525 5356 1731 5425 indul·

1813 427 2029 515 gendo
2073 437 2138 496 et
2183 427 2546 510 derogando
2591 423 2642 494 si
2686 421 2947 512 quaein
2977 422 3199 492 eadem
3229 444 3378 492 con-

1815 515 2029 583 cordia
2095 515 2540 599 contentisque
2605 513 2900 582 Articulis
2963 523 3109 578 sunt
3139 561 3156 595 ‚
3217 531 3378 598 quae

1812 601 2206 688 indulgentia
2238 612 2343 668 aut
2375 602 2788 687 derogatione
2837 599 3184 685 indigeant.
3235 600 3379 678 Qui-

1815 690 2211 775 buscumque
2235 688 2310 756 ‚in
2342 688 2723 757 contrarium
2756 688 3236 776 disponentibus
3266 687 3380 753 mi-

1814 780 1987 845 nime
2034 776 2418 844 obstantibus
2452 801 2513 843 ›.
2564 780 2644 842 Et
2689 777 2771 843 ita
2801 776 3230 844 declararunt.
3271 776 3382 842 Die

1819 870 1898 933 16
1943 864 2208 932 Ianuarii
2259 867 2456 934 1820.

1819 1046 2083 1116 2602.
2392 1046 2810 1113 MAZARIEN.
3158 1043 3380 1129 (4566)

1948 1225 2268 1294 Dioecesis
2309 1223 2641 1291 mazarien.
2689 1241 2851 1291 anno
2904 1225 3068 1290 18⁰4
3111 1222 3384 1288 obtinuit

1821 1312 1896 1378 ab
1965 1314 2080 1379 bac
2145 1315 2366 1380 Sancta
2431 1309 2804 1398 Apostolica‘
2853 1310 3022 1377 Sede
3063 1309 3382 1378 indultum

1820 1400 2052 1488 agendi
2083 1411 2401 1487 postrema
2433 1400 2670 1466 mensis
2691 1398 2957 1484 Augusti
2987 1397 3100 1464 die
3129 1400 3384 1463 Festum

1821 1492 1890 1556 S.
1923 1487 2194 1555 conradi
2238 1487 2419 1555 coni.
2457 1498 2521 1553 et
2550 1485 2655 1553 die
2695 1486 2965 1572 septima
2993 1485 3383 1571 subsequen·

1822 1577 1898 1644 tis
1944 1574 2338 1664 Septembris
2381 1575 2657 1642 alterum
2686 1578 2755 1640 B.
2789 1577 2874 1640 M.
2908 1576 2984 1640 V.
3035 1575 3121 1641 de
3165 1573 3385 1641 lubino

1823 1672 2221 1750 nuncupatae
2254 1661 2372 1728 sub
2421 1662 2548 1729 ritu
2589 1662 2772 1749 dupl.
2824 1663 2984 1730 cum
3005 1671 3218 1727 autem
3263 1659 3388 1747 pri·

1822 1771 1935 1820 mo.
1974 1771 2054 1817 ex
2088 1750 2185 1817 his
2229 1750 2456 1818 diebus
2501 1750 2781 1817 Ecclesia
2810 1749 3154 1836 collegiata
3193 1748 3390 1815 castri

1823 1838 2124 1908 Veterani
2170 1839 2374 1905 dictae
2419 1838 2735 1906 Dioecesis
2777 1837 3244 1904 solemnitatem
3294 1854 3391 1902 re-

1826 1930 1990 2008 colat
2037 1926 2330 2025 propriae
2397 1924 2857 2004 Dedicationis3
2930 1936 2994 1991 et
3057 1927 3125 1991 in
3190 1924 3394 1991 altero

1826 2026 2043 2082 octava
2098 2013 2235 2080 dies
2280 2013 2550 2080 solemni
2609 2012 2806 2079 finem
2851 2014 3129 2101 imponat
3180 2030 3394 2079 recor-

1828 2101 2103 2184 dationi3
2166 2101 2409 2168 indulta
2473 2100 2686 2168 Officia*
2741 2102 2974 2169 cedere
3040 2102 3392 2167 necessario

1830 2192 2041 2258 locum
2072 2189 2424 2257 debuerant
2470 2199 2774 2274 erantque
2822 2199 3162 2276 eapropter
3200 2199 3394 2255 trans-

1831 2278 2094 2348 ferenda
2127 2277 2192 2344 in
2224 2276 2491 2363 primam
2529 2276 2706 2343 diem
2733 2296 2863 2343 non
2898 2276 3264 2366 impeditam
3293 2277 3395 2345 Of-

1827 2366 1971 2436 ficio
1992 2371 2073 2434 lX
2095 2364 2492 2448 Lectionum,
2521 2364 2687 2431 iuxta
2711 2364 3037 2452 Rubrica33
3065 2384 3192 2433 non
3211 2384 3396 2432 secus

1829 2474 1901 2520 ac
1933 2453 2239 2520 talis-dies
2270 2452 2571 2537 assignata
2607 2451 2725 2518 tuit
2748 2453 2928 2519 Festo
2955 2455 3020 2522 S.
3042 2453 3393 2540 Raymundi

1828 2542 2123 2626 Nonnati,
2194 2539 2374 2605 cuius
2425 2539 2661 2628 pariter
2726 2541 3010 2608 Officium
3064 2562 3095 2606 a
3141 2540 3394 2630 propria

1830 2631 1985 2698 sede
2035 2628 2496 2695 removendum
2535 2638 2694 2693 erat.
2743 2631 3196 2697 Verumtamen
3227 2626 3397 2694 illius

1831 2718 2019 2787 Chori
2068 2716 2425 2785 Praefectus
2456 2716 2822 2801 vigesimam
2849 2717 3186 2804 septimam
3227 2717 3395 2784 diem

1831 2805 2067 2872 mensis
2110 2805 2396 2872 Octobris
2439 2808 2625 2872 Festo
2669 2809 2740 2871 B.
2773 2809 2853 2871 M.
2892 2808 2966 2872 V.
3019 2806 3100 2873 de
3152 2806 3397 2889 lubino,

1832 2911 2064 2960 nonam
2110 2902 2323 2958 autem
2365 2911 2553 2979 supra
2600 2890 2967 2993 vigesimam
3028 2895 3401 2961 Novembris

1833 2985 1898 3051 S.
1950 2981 2222 3049 conradi
2266 2979 2478 3048 Officio
2524 2999 2642 3067 pro
2680 2981 2938 3067 ingenio
2968 3002 3083 3048 suo
3131 2981 3399 3068 assigna-

1830 3070 1947 3152 vit,
1997 3068 2239 3135 etiamsi
2285 3068 2504 3155 plures
2550 3076 2694 3155 post
2739 3078 3022 3136 octavam
3048 3068 3404 3137 Dedicatioi

1831 3157 1926 3226 nis
1991 3155 2130 3224 dies
2183 3175 2314 3223 non
2377 3154 2675 3244 impediti
2738 3155 2951 3224 Officio
3015 3161 3095 3224 lx
3156 3157 3399 3224 Lectio-

1832 3265 1987 3313 num
2017 3243 2431 3311 haberentur.
2467 3248 2820 3331 Eapropter
2842 3245 3144 3312 Sacerdos
3173 3248 3405 3331 Gaspar

1834 3334 2078 3421 Maggio
2125 3332 2441 3399 Ecclesiae
2488 3333 2658 3399 illius
2715 3332 3097 3419 collegiatae
3155 3331 3400 3400 Benefi-

1831 3424 2027 3490 ciatus
2071 3430 2136 3486 et
2181 3421 2732 3490 caeremoniarum
2780 3421 3074 3507 Magister
3118 3421 3401 3508 muneris

1832 3511 1929 3578 sui
1988 3519 2203 3597 partes
2262 3526 2400 3575 esse
2464 3508 2799 3577 arbitratus
2846 3519 2942 3576 est
3005 3512 3254 3577 Sacram
3299 3508 3401 3575 Ri-

1827 3609 2013 3666 tuum
2060 3597 2632 3683 congregationem
2699 3615 2922 3685 rogare
2981 3617 3099 3686 pro
3158 3598 3403 3665 resolu-

1833 3688 2007 3754 tione
2054 3687 2465 3771 sequentium
2510 3684 2889 3752 dubiorum:

1971 3778 2030 3840 1.
2083 3777 2312 3842 Utrum
2359 3773 2497 3839 talis
2543 3774 2874 3860 assignatio
2921 3773 3064 3840 fieri
3123 3772 3405 3863 potuerit

1804 3884 1867 3928 -a
1921 3862 2249 3949 praedicto
2311 3861 2634 3928 Praefecto
2693 3862 2884 3930 chori
2947 3863 3049 3928 vel
3108 3863 3404 3931 debuerit

1836 3950 1975 4019 fieri
2021 3951 2098 4017 ab
2143 3949 2469 4017 Ordinario
2515 3948 2942 4018 Dioecesano?

1962 4042 2028 4105 2.
2079 4040 2176 4110 An
2205 4085 2223 4122 ,
2274 4039 2416 4123 quia
2464 4038 2794 4125 assignatio
2865 4037 2991 4105 diei
3061 4040 3219 4111 tacta
3280 4057 3406 4105 non

1836 4126 1953 4192 fuit
1997 4126 2198 4214 prima
2245 4126 2347 4192 die
2395 4144 2522 4192 non
2571 4125 2912 4212 impedita,
2959 4126 3133 4193 iuxta
3177 4127 3403 4194 Rubri-

1835 4234 1934 4281 cas
1979 4213 2278 4281 Breviarii
2325 4214 2586 4281 Romani
2633 4216 2720 4279 de
2751 4215 3154 4280 translatione
3201 4218 3408 4281 Festo-

1835 4320 1975 4369 rum
2036 4313 2102 4369 et
2147 4305 2343 4368 multa
2401 4305 2471 4369 S.
2519 4305 2595 4370 R.
2647 4304 2717 4368 c.
2766 4305 3062 4386 Decreta,
3119 4301 3260 4369 talis
3308 4320 3410 4367 en-

1836 4390 2220 4546 *⁰¹'f330be't
2278 4390 2510 4477 corrigi
2557 4400 2626 4456 et
2683 4387 2806 4456 illis
2851 4388 3101 4478 legibus
3161 4391 3408 4457 confor-

1834 4498 1989 4545 mari

1968 4572 2034 4635 3.
2085 4570 2206 4635 An·
2227 4566 2626 4635 consuetudo
2672 4565 3084 4653 quindecimJj
3098 4584 3407 4633 annorum

1837 4656 2035 4742 possit
2077 4653 2406 4740 suffragari
2435 4653 2795 4722 huiusmodi
2828 4653 3232 4741 assignationi
3263 4670 3410 4741 per-

1838 4761 2058 4830 peram
2104 4739 2355 4809 factae?
3027 4752 3040 4767 ·

1972 4836 2037 4898 t.
2088 4832 2181 4895 An
2230 4830 2292 4895 in
2338 4828 2584 4915 Vigiliis
2629 4826 3105 4918 Apostolorum,
3157 4848 3233 4896 eo
3266 4829 3410 4915 quia

1845 4937 1961 5006 per
2003 4918 2247 4984 Bullam
2303 4916 2478 4984 ssmi
2524 4922 2598 4985 D.
2648 4916 2856 4984 Nostri
2915 4917 3005 4984 Pii
3061 4920 3259 5006 Papae
3307 4921 3410 4986 Vll

1839 5006 1957 5072 sub
1989 5006 2098 5073 die
2131 5009 2209 5071 10
2240 5004 2471 5092 Aprilis
2525 5009 2691 5073 1818
2735 5024 2853 5091 pro
2898 5004 3412 5093 Siciliaejtegno

1838 5093 2132 5180 abrogata
2190 5092 2450 5160 fuerunt
2511 5093 2789 5177 Ieiunia,
2844 5092 3411 5196 genuflectendum

1839 5180 1918 5249 sit
1962 5203 1996 5247 a
2041 5183 2248 5249 choro
2295 5181 2369 5249 ad
2419 5182 2886 5250 Preces‘Dfficii
2921 5192 2986 5250 et
3027 5181 3092 5251 in
3121 5184 3299 5251 Missa
3329 5183 3413 5250 de

1841 5271 2066 5338 iisdem
2112 5269 2379 5358 Vigiliis,
2414 5270 2560 5356 quia
2607 5270 2672 5335 in
2703 5271 2870 5338 dicta
2915 5272 3090 5338 Bulla
3137 5273 3411 5359 legitur:

1840 5359 2050 5426 Officia
2097 5368 2161 5424 et
2220 5358 2427 5425 Missas
2497 5368 2620 5424 tam
2683 5358 2746 5424 in
2815 5358 3038 5427 iisdem
3105 5359 3414 5449 abrogatis
