4042 5950
1543 251 2019 331 —153—

167 412 299 480 uicis
337 412 727 480 cathedralis
760 422 1080 500 competat
1109 412 1208 478 ius
1240 409 1533 479 elevandi
1613 430 1715 477 ro·

170 503 339 589 priam
384 503 658 567 crucem
706 500 769 566 in
814 499 1220 568 processione
1258 514 1542 601 peragen
1590 518 1624 564 a
1656 497 1719 565 in

170 589 361 655 eadem
407 588 823 673 Festivitate3
874 591 977 656 vel
1025 588 1238 690 potius
1269 588 1573 656 incedere
1605 586 1717 653 de-

171 678 324 743 beant
365 675 483 743 sub
528 679 736 743 cruce
784 675 1054 766 capituli
1109 672 1547 763 collegiatae?

281 768 372 832 19.
420 768 549 848 An,
596 766 925 850 quomodo
969 775 1035 831 et
1081 787 1110 831 a
1158 784 1287 851 quo
1318 763 1399 830 sit
1430 762 1717 829 iacienda

168 851 516 920 thurificatio
588 863 714 918 tam
785 852 1204 938 Dignitatibus
1264 863 1330 919 et
1389 849 1721 919 canonicis

167 940 401 1026 Capituli
446 939 873 1025 cathedralis,-
922 960 1111 1026 quam
1157 941 1453 1029 capitulo
1513 938 1724 1006 colle·

168 1030 360 1115 giatae,
406 1028 472 1095 in
528 1028 752 1097 eadem
800 1027 1221 1095 Festivitate‘?

270 1121 371 1185 20.
422 1119 549 1202 An,
584 1117 904 1202 quomodo
954 1130 1019 1184 et
1064 1138 1097 1183 a
1129 1136 1258 1204 qno
1290 1117 1373 1183 sit
1409 1114 1725 1201 accipien-

167 1204 292 1271 dum
333 1217 398 1273 et
443 1205 1048 1273 communicandum
1098 1206 1390 1273 osculum
1424 1201 1637 1304 pacis?

270 1298 372 1359 21.
420 1296 521 1360 An
568 1293 1104 1379 Dignitatibuset
1149 1294 1479 1360 canonicis
1542 1290 1720 1378 Capi·

168 1381 256 1446 tuli
298 1380 694 1449 cathedralis
743 1383 806 1449 in
861 1381 1270 1450 processione
1330 1380 1724 1469 praecedere

165 1469 327 1556 possit
372 1468 679 1557 proprius
714 1469 993 1537 Semifer
1036 1489 1151 1544 seu
1183 1465 1682 1538 clavicularius?

269 1561 371 1623 22.
418 1560 522 1625 An
570 1557 916 1646 praedictis
963 1556 1385 1645 Dignitatibus
1432 1567 1499 1623 et
1522 1561 1721 1624 cano·

164 1644 289 1712 uicis
330 1644 610 1712 invitatis
654 1648 732 1715 ab
781 1647 1097 1735 Episcopo
1145 1656 1465 1732 competat
1497 1645 1593 1711 ius
1625 1664 1725 1710 ac-

166 1734 399 1801 cedendi
434 1735 515 1800 ad
562 1735 917 1801 Ecclesiam
955 1738 1019 1802 S.
1056 1735 1228 1803 Pauli
1263 1746 1327 1801 et
1358 1733 1718 1815 assistendi,

164 1841 539 1909 quacumque
584 1823 702 1890 alia
749 1822 1077 1890 occasione
1125 1833 1190 1890 et
1236 1822 1370 1907 die,
1419 1841 1541 1908 qna
1595 1820 1724 1909 pla-

92 1913 101 1922 ’
165 1910 333 2009 cuerit
376 1911 702 2065 Episcopo
734 1927 1050 1999 peragere
1082 1911 1166 1978 ibi
1199 1909 1586 1978 Pontificalia
1613 1909 1723 1974 vel

161 2007 415 2065 mstere
1096 2063 1097 2066 ,

262 2091 366 2154 23.
416 2089 520 2155 An
566 2088 796 2156 iisdem
843 2086 1267 2176 Dignitatibus
1298 2097 1364 2153 et
1395 2087 1726 2155 canonicis

72 2241 73 2252 ¹
158 2175 593 2260 assistentibus,
645 2188 715 2244 ut
775 2195 993 2264 supra,
1055 2190 1180 2242 tam
1251 2175 1315 2243 in
1378 2175 1547 2242 dicta
1614 2176 1724 2243 die

72 2309 73 2312 ,
161 2263 516 2331 Festivitatis
583 2269 650 2334 S.
699 2265 870 2331 Pauli
921 2283 1113 2351 quam
1179 2262 1247 2331 in
1316 2283 1725 2351 quacumque

72 2357 73 2360 ’
158 2351 251 2416 alia
291 2352 419 2435 die,
476 2353 666 2421 liceat
711 2352 805 2420 uti
851 2362 1078 2420 ornatu
1123 2353 1302 2420 strati
1352 2352 1572 2420 viridis
1617 2352 1727 2419 da-'

159 2438 443 2508 masceni?
491 2451 558 2508 et
588 2451 906 2528 quatenus
937 2441 1313 2508 affirmative
1343 2465 1359 2506 z
1411 2444 1505 2508 An
1539 2441 1722 2528 capi-

72 2585 73 2612 ,
160 2528 267 2593 tulo
309 2530 705 2615 collegiatae
741 2542 892 2598 tunc
927 2528 1112 2597 liceat
1144 2529 1237 2597 uti
1273 2540 1499 2597 ornatu
1533 2528 1724 2618 panni

72 2673 73 2680 ,
158 2616 293 2683 lanei
336 2619 578 2685 coloris
633 2618 995 2707 praedicti?

261 2708 366 2773 24.
417 2707 754 2784 Quomodo
816 2719 882 2774 et
944 2727 1072 2794 quo
1122 2709 1348 2776 ordine
1420 2706 1725 2775 incedere

154 2791 401 2862 debeant
451 2794 750 2862 Canonici
795 2796 1187 2881 collegiatae
1220 2796 1284 2862 in
1314 2796 1726 2864 associatione

156 2880 426 2985 Episcopi
477 2884 557 2954 ab
601 2883 887 2950 Oratorio
933 2884 1221 2950 caritatis
1263 2884 1343 2951 ad
1376 2883 1726 2951 Ecclesiam

72 2992 73 3007 ¹
154 2970 545 3126 Gollq'giatam
602 2982 669 3038 et
719 2993 750 3037 a
807 2973 990 3039 ianua
1048 2967 1371 3040 Ecclesiae
1423 2974 1501 3040 ad
1563 2973 1724 3041 clio-

155 3077 274 3125 mm
1676 3110 1679 3115 ,

72 3118 75 3147 Ι

260 3153 449 3217 Sacra
511 3149 741 3216 eadem
808 3150 1262 3239 Congregatio,
1319 3149 1441 3216 sub
1488 3149 1593 3217 die
1649 3153 1726 3218 19

154 3236 266 3302 11ώί
318 3241 517 3323 1786,
557 3237 930 3339 respondit:
974 3268 983 3276 ·

72 3400 73 3407 χ
258 3329 354 3395 Ad
409 3331 472 3393 1.
528 3347 566 3389 ⁴
598 3326 951 3413 Dignitates
1000 3324 1066 3394 e‘t
1126 3328 1475 3395 canonicos
1530 3327 1729 3394 inter·-

72 3458 73 3469 ¹
152 3414 348 3482 venire
407 3412 657 3481 debere
721 3416 1145 3502 collegialiter
1215 3415 1279 3482 in
1349 3416 1729 3502 obsequium

72 3508 75 3597 ἑ
154 3502 456 3590 Episcopi,
508 3512 575 3569 et
620 3504 696 3571 ad
741 3504 1012 3572 effectus
1059 3522 1400 3592 expressos
1441 3504 1508 3571 in
1558 3523 1729 3569 reso-

152 3590 483 3658 lutionibus
516 3595 742 3658 Sacrae
763 3593 1028 3661 Rituum
1052 3594 1580 3679 congregationis
1610 3591 1730 3658 sub

72 3718 73 3729 κ
150 3675 239 3744 die
283 3684 364 3746 21
417 3678 687 3748 Ianuarii
722 3685 918 3764 1741,
971 3692 1036 3746 et
1084 3680 1148 3748 in
1179 3678 1730 3768 subsequentibus

72 3772 73 3779 ’
152 3767 593 3855 exprimendos
628 3790 691 3833 ›.

266 3857 360 3925 Ad
408 3861 473 3925 2.
526 3879 564 3921 ι
598 3858 934 3945 Negative,
982 3858 1061 3924 ad
1117 3857 1385 3946 primam
1434 3870 1729 3947 partem3

152 3943 561 4029 affirmative,
610 3944 686 4011 ad
735 3947 1083 4015 secundam
1118 3972 1181 4011 ».

267 4034 361 4101 Ad
413 4040 476 4101 3.
530 4057 568 4099 «ι
602 4034 1036 4120 Affirmative,
1092 4035 1171 4103 ad
1234 4038 1501 4104 formam
1560 4055 1731 4101 reso·

156 4120 452 4188 lutionum
501 4122 643 4189 anni
699 4125 892 4208 1741,
928 4132 995 4191 et
1043 4123 1216 4190 iuxta
1250 4125 1633 4192 methodum
1668 4122 1733 4188 in

153 4211 590 4277 eaeremoniali
638 4211 1105 4300 Episcopomm
1169 4215 1629 4302 praescriptam
1665 4233 1728 4276 ι».

72 4312 75 4327 ’
271 4300 365 4366 Ad
409 4300 475 4365 4.
529 4322 567 4364 c
601 4299 696 4367 Ad
732 4299 1119 4388 Episcopum
1146 4301 1316 4367 iuxta
1351 4313 1639 4368 mentem
1664 4321 1730 4382 π),

157 4398 211 4452 et
253 4407 431 4457 mens
478 4399 625 4455 est:
677 4411 716 4453 «
744 4392 884 4456 Non
930 4390 1235 4477 denegari
1285 4390 1600 4476 Episcopo
1635 4389 1732 4456 ius

158 4474 416 4545 ducendi
449 4495 674 4545 secum
704 4496 1010 4564 personas
1041 4478 1158 4546 sibi
1195 4476 1552 4561 benevisas,
1583 4487 1735 4543 tam-

157 4581 330 4646 qnam
375 4568 457 4633 de
502 4585 621 4647 suo
672 4565 1026 4633 honorifico
1073 4566 1406 4650 comitatu,
1445 4567 1560 4632 sed
1608 4584 1739 4632 non

158 4654 447 4739 expedire
496 4666 596 4738 ut,
644 4664 903 4739 praeter
956 4653 1310 4741 Dignitates
1359 4667 1424 4721 et
1470 4653 1735 4721 Canoni-

158 4758 253 4802 cos
298 4742 728 4824 Gathedralis,
793 4742 949 4808 alios
1006 4743 1279 4809 adducat
1350 4742 1427 4810 ad
1493 4741 1613 4807 boc
1662 4752 1734 4807 ut

158 4828 330 4893 sacris
357 4830 799 4919 functionibus,
822 4830 1146 4896 Ecclesiae
1177 4830 1564 4916 collegiatae
1600 4830 1727 4897 ior.-

161 4913 335 4982 miter
376 4918 802 4985 interveniant
852 4930 917 4984 et
963 4917 1347 4988 assistant».

280 5006 365 5074 Λᾶ
413 5012 477 5073 5.
531 5029 570 5071 ‹
604 5006 915 5094 Negative
949 5029 1013 5073 ›.

280 5093 365 5161 Ad
410 5098 477 5160 6.
530 5117 571 5160 ‹
607 5095 1006 5163 Affirmative
1033 5118 1097 5161 ».
1374 5128 1387 5141 ι

285 5182 369 5248 Ad
420 5188 480 5250 7.
533 5206 571 5248 c
607 5185 703 5251 Ad
753 5189 1094 5252 cantorem
1142 5185 1461 5251 Ecclesiae
1527 5186 1738 5253 colle-

158 5270 345 5355 giatae
391 5283 678 5360 spectare
727 5273 1086 5341 functiones
1130 5273 1419 5340 chorales
1453 5272 1757 5343 muneris.

158 5358 249 5423 sui
294 5361 590 5446 proprias,
644 5363 859 5428 locum
907 5372 1119 5429 autem
1190 5361 1252 5428 in
1323 5360 1736 5430 associatione

1817 408 2112 499 Episcopi
2162 420 2229 478 et
2274 410 2337 477 iu
2399 410 2907 479 processionibus
2958 410 3406 497 assignandum

1822 516 1960 564 esse
2003 500 2078 566 ad
2133 499 2402 568 formam
2447 498 2940 567 caeremonialis
2963 521 3032 565 ιν.
3097 537 3104 546 =

1950 587 2047 653 Ad
2095 591 2163 654 8.
2213 609 2251 651 c
2285 592 2335 656 Α
2383 587 2563 655 nullo
2612 585 2734 654 alio
2767 588 3209 676 occupandum
3247 607 3409 672 esse,

1821 672 1934 739 sed
1983 694 2256 741 vacuum
2302 675 2579 762 relinqui
2611 698 2677 741 ιν.

1953 763 2050 830 Ad
2097 768 2163 832 9.
2214 785 2252 827 c
2285 764 2503 832 Omnia
2551 765 2926 852 praestanda
2973 783 3113 830 esse
3160 764 3236 831 ad
3286 765 3414 832 for-

1823 870 1991 917 mam
2038 852 2561 930 Caeremonialis;
2628 863 2693 918 et
2762 850 3169 919 resolutionis
3221 872 3411 940 supe·

1823 940 2009 1006 rioris
2056 939 2231 1006 dubii
2280 940 2400 1008 sub
2446 958 2717 1008 numero
2766 940 2958 1007 tertio
2988 963 3058 1007 ».

1958 1027 2055 1095 Ad
2108 1031 2213 1095 10.
2264 1027 2671 1117 ‹Negative,
2722 1028 2786 1095 in
2846 1044 3035 1107 casu;
3108 1038 3175 1093 et
3241 1029 3412 1095 iuxta
3525 1049 3532 1056 ·

1827 1127 2110 1183 mentem
2140 1137 2201 1182 ›.
2256 1120 2427 1184 Mens
2473 1130 2685 1185 autem
2732 1120 2796 1185 S.
2833 1121 2908 1185 lt.
2947 1121 3018 1184 c.
3069 1116 3227 1183 baec
3258 1117 3411 1184 fuit:

1827 1226 1865 1268 c
1898 1203 1962 1273 Si
2011 1204 2259 1293 placeat
2304 1204 2596 1293 capitulo
2643 1203 3029 1293 collegiatae
3060 1203 3413 1273 Ministrum

1827 1292 2109 1379 aliquem
2140 1295 2481 1381 deputare,
2516 1292 2625 1379 qui
2659 1303 2884 1360 tenens
2916 1292 3214 1360 baculum
3262 1301 3418 1379 quo·

1828 1383 2306 1468 modocumque
2374 1392 2668 1462 ornatum
2739 1383 2954 1450 turbas
3013 1381 3413 1468 submoveat,

1760 1519 1767 1534 .
1828 1469 2186 1536 ministrum
2221 1469 2587 1539 huiusmodi
2620 1479 2865 1536 tantum
2899 1469 3234 1538 universae
3267 1473 3412 1536 Pro-

1827 1557 2098 1624 cessioni
2148 1559 2401 1647 praeire
2447 1577 2633 1646 posse
2667 1580 2730 1624 ›.

1960 1648 2057 1713 Ad
2109 1650 2214 1713 11.
2264 1669 2305 1712 ‹
2338 1648 2431 1712 Ne
2478 1645 2674 1729 ative,
2725 1648 2800 1715 ad
2854 1645 3060 1713 om'nia
3084 1644 3160 1712 ›.'

1962 1734 2057 1801 Ad
2110 1738 2213 1801 12.
2265 1756 2304 1798 ‹
2337 1736 2390 1801 Α
2465 1733 2733 1801 rmative
2766 1757 2831 1800 ›.

1960 1822 2055 1888 Ad
2112 1827 2213 1890 13.
2268 1845 2304 1886 ‹
2339 1821 2753 1908 Affirmative,
2781 1823 2943 1890 etad
2970 1822 3239 1892 [ormam
3265 1826 3419 1893 cae-

1830 1910 2195 1979 remonialis
2228 1933 2290 1978 ›.

1956 1999 2054 2069 Ad
2110 2004 2214 2066 14.
2264 2022 2302 2064 c
2336 1998 2753 2083 Affirmative,
2805 2000 2869 2068 in
2918 1998 3214 2068 omnibus
3260 2025 3329 2070 ›.

1960 2088 2057 2155 Ad
2112 2092 2216 2155 15.
2269 2110 2307 2152 c
2340 2087 2729 2156 Affirmative
2760 2112 2831 2156 ιν.

1959 2178 2056 2244 Ad
2113 2181 2216 2244 16.
2269 2199 2307 2241 c
2339 2178 2645 2264 Negative
2682 2199 2747 2243 ».

1961 2268 2059 2334 Ad
2112 2269 2214 2332 17.
2267 2287 2304 2331 ‹
2340 2265 2675 2351 Negative3
2700 2276 2765 2330 et
2789 2266 2867 2335 ad
2884 2275 3230 2350 mentem»⁸
3257 2286 3423 2353 quae

1830 2354 1989 2421 fuit:
2041 2376 2079 2418 α
2115 2356 2376 2420 Attento
2422 2355 2595 2440 quod
2642 2352 2993 2441 Dignitates
3024 2367 3091 2422 et
3121 2354 3419 2423 canonici

1827 2442 2224 2510 Catbedralis
2273 2441 2643 2529 Melitensis,
2677 2453 2822 2529 post
2853 2443 3247 2511 erectionem
3277 2443 3421 2510 col—

1831 2529 2100 2617 legiatae
2148 2530 2283 2604 Divi
2330 2530 2502 2598 Pauli
2549 2542 2615 2598 et
2661 2543 2806 2620 post
2853 2531 3283 2599 resolutiones
3315 2551 3421 2597 au-

1830 2639 1914 2686 no
1966 2622 2133 2687 1741
2183 2631 2524 2704 emanatas,
2572 2620 2754 2687 novis
2800 2632 2866 2686 et
2929 2619 3271 2687 maioribus
3333 2619 3424 2685 in-

1830 2706 2145 2794 signibus,
2194 2708 2426 2795 quibus
2473 2729 2505 2774 a
2554 2708 2807 2795 reliquo
2854 2710 3045 2777 Clero
3097 2719 3163 2776 et
3220 2729 3251 2773 a
3313 2711 3426 2776 ca-

1832 2796 2076 2863 nonicis
2122 2796 2330 2863 dictae
2378 2795 2770 2883 collegiatae
2802 2797 3318 2884 distinguuntur,
3352 2795 3429 2863 ab
3519 2830 3534 2839 -

1833 2884 2196 2985 Apostolica
2224 2884 2398 2953 Sede
2446 2884 2726 2952 decorati
2758 2884 3058 2953 luerunt:
3114 2895 3177 2953 et
3209 2904 3429 2973 quam·

1825 2992 1921 3039 vis
1970 2971 2164 3041 iidem
2215 2973 2277 3039 in
2313 2973 2687 3040 tractatibus
2727 2994 2940 3042 coram
2972 2975 3289 3064 Episcopo
3318 2973 3427 3041 ha·
3537 3046 3548 3061 ⁸

1834 3060 1980 3127 bitis
2026 3081 2189 3130 anno
2242 3065 2405 3129 1781
2452 3081 2642 3128 suum
2690 3061 3129 3149 praebuerunt
3160 3081 3427 3130 consen-

1830 3168 2022 3234 sum,
2051 3162 2148 3237 ut,
2199 3149 2732 3217 convenientibus
2777 3150 2929 3237 ipsis
2975 3151 3040 3218 in
3074 3150 3427 3218 Ecclesiam

1830 3240 2274 3340 collegiatam,
2327 3238 2654 3307 occasione
2699 3238 3122 3306 solemnitatis
3169 3239 3428 3307 Naufra-

1835 3327 1921 3416 gii
1965 3329 2104 3395 Divi
2153 3327 2354 3412 Pauli,
2389 3326 2682 3394 eiusdem
2711 3327 3100 3413 collegiatae
3133 3326 3427 3396 canonici

1794 3434 2064 3504 -cappas
2109 3433 2366 3503 magnas
2412 3435 2559 3483 cum
2592 3415 2874 3504 pellibus
2920 3416 3287 3483 armilinis
3319 3414 3431 3482 de-

1836 3503 2011 3570 ferre
2086 3505 2412 3588 valerent,
2487 3504 2715 3573 horum
2765 3515 2976 3589 tamen
3047 3504 3331 3587 nomine,
3378 3504 3431 3571 si

1830 3591 2171 3679 placuerit,
2211 3592 2711 3679 supplicandum
2742 3595 2963 3676 SSffiO,
3001 3604 3072 3659 ut
3103 3593 3181 3662 ad
3215 3592 3432 3660 huius-

1835 3679 2010 3746 modi
2060 3681 2363 3748 effectum
2413 3682 2477 3748 in
2523 3681 2639 3748 hac
2707 3691 2893 3769 parte
2959 3683 3279 3769 derogare
3336 3680 3432 3748 di-

1835 3779 2074 3857 gnetur
2119 3769 2346 3836 Literis
2392 3768 2776 3857 Apostolicis
2804 3789 3007 3857 super
3037 3790 3263 3839 eorum
3289 3770 3435 3838 Col-

1838 3859 2105 3946 legiatae
2154 3858 2483 3926 erectione
2528 3880 2562 3925 a
2608 3860 2946 3927 clemente
2993 3861 3101 3926 xu
3148 3859 3337 3928 editis
3365 3881 3427 3923 ι».

1967 3946 2063 4014 Ad
2117 3951 2220 4014 18.
2272 3969 2310 4011 ι
2344 3947 2682 4035 Negative,
2715 3949 2792 4015 ad
2844 3947 3114 4035 primam
3149 3960 3432 4036 partem;

1836 4032 2256 4119 Affirmative‚
2306 4035 2383 4102 ad
2430 4039 2781 4103 secundam
2815 4058 2876 4101 ».

1969 4123 2067 4190 Ad
2124 4127 2227 4190 19.
2278 4124 2742 4192 ‹Affirmative
2815 4126 2878 4191 in
2945 4124 3280 4209 omnibus,
3344 4124 3421 4191 ad

1839 4214 2107 4279 formam
2175 4212 2669 4279 caeremonialia
2726 4224 2790 4280 et
2850 4212 3256 4279 resolutionis
3318 4232 3427 4279 an-

1838 4302 1903 4367 ni
1944 4303 2109 4367 1741
2150 4323 2215 4366 ›.

1972 4389 2068 4457 Ad
2116 4393 2228 4457 20.
2277 4410 2315 4455 ι
2350 4390 2772 4477 Affirmative‚
2802 4403 2872 4457 ut
2903 4392 2980 4459 ad
3014 4390 3309 4478 proxime
3334 4410 3432 4457 su·

1889 4497 2060 4547 erius
2093 4499 2160 4544 ›.

1842 4500 1894 4666 p·
1972 4567 2067 4634 Ad
2117 4571 2227 4635 21.
2279 4561 2317 4632 ‘‹
2359 4568 2693 4635 Provisum
2763 4566 2828 4634 in
2894 4586 3165 4635 numero
3234 4566 3436 4633 unde-

1843 4675 2009 4722 cimo
2045 4677 2114 4722 ι».

1968 4743 2065 4810 Ad
2114 4749 2225 4810 22.
2276 4765 2314 4807 c
2347 4742 2778 4831 Affirmative3
2832 4756 2897 4811 et
2944 4744 3021 4810 ad
3075 4754 3360 4812 mentem
3391 4768 3429 4807 »

1839 4842 1903 4897 et
1952 4850 2135 4897 mens
2182 4842 2317 4897 est:
2366 4854 2404 4896 c
2439 4833 2577 4899 Non
2625 4833 2937 4920 expedire
2984 4830 3335 4920 Dignitates
3368 4845 3435 4899 et

1837 4919 2184 4987 Canonicos
2230 4920 2629 4988 cathedralis
2674 4924 2752 4986 ab
2801 4921 3117 5010 Episcopo
3151 4919 3433 5006 invitari,

1840 5017 1937 5091 ut,
1986 5019 2248 5095 praeter
2286 5008 2650 5076 solemnem
2683 5008 2859 5076 diem
2891 5011 3242 5077 memoriae
3274 5010 3438 5076 Nan-

1842 5097 2026 5182 fragii
2059 5100 2130 5163 S.
2162 5096 2335 5163 Pauli
2367 5096 2668 5182 dicatam,
2704 5098 2840 5164 aliis
2887 5096 3322 5169 occasionibus
3374 5108 3442 5164 et

1842 5184 2073 5253 diebus
2117 5183 2183 5250 in
2255 5184 2603 5253 Ecclesiam
2664 5187 3081 5275 collegiatam
3155 5186 3439 5254 civitatis

1844 5273 2155 5342 Vallettae
2226 5274 2653 5362 conveniant,
2727 5275 2944 5362 ibique
3014 5275 3441 5364 collegialiter

1843 5361 2034 5430 sacris
2093 5361 2526 5430 [unctionibus
2586 5364 2876 5449 adstent,
2950 5365 3058 5452 qui
3120 5365 3436 5451 Episcopo
