4042 5950
1576 332 1993 412 -57—

168 490 554 575 functorum,
614 491 837 557 induta
890 490 1182 577 pluviali,
1247 491 1309 557 in
1356 490 1539 572 sede,
1598 508 1724 556 non

166 595 309 642 vero
357 576 423 642 in
468 578 739 662 feretro,
789 588 862 645 ut
906 577 1282 665 praescribit
1324 579 1573 646 Rituale
1610 581 1732 644 Ro-

165 682 616 819 mnSlffneadem
662 756 736 819 R.
773 754 877 835 0.,
924 751 1134 819 audita
1202 750 1513 819 relatione
1588 752 1735 839 Epi·

164 838 351 924 scopi,
410 839 771 926 rescripsit:
819 861 857 904 ‹
889 843 1028 907 Non
1062 839 1298 919 licere;
1344 848 1409 905 et
1439 850 1734 906 servetur

165 926 407 994 Ritnale
464 931 810 997 Romanum
844 950 906 995 ».
957 926 1069 994 Die
1116 931 1197 995 21
1248 926 1481 1016 Aprilis
1533 930 1720 995 1736.

166 1100 407 1171 2319.

706 1103 1190 1169 EINSIEDELN.
1503 1102 1730 1189 (4044)

277 1272 479 1340 Dubia
527 1275 690 1341 varia
734 1275 898 1342 circa
942 1274 1336 1341 Breviarium
1374 1274 1733 1343 Benedicti-

165 1381 327 1446 nnm,
380 1381 499 1450 pro
545 1381 818 1448 quorum
874 1361 1268 1429 resolutione
1326 1374 1392 1428 et
1445 1363 1727 1429 declara-

166 1450 321 1516 tione
369 1450 538 1538 apud
571 1454 637 1518 S.
673 1454 747 1517 R.
783 1454 854 1518 C..
890 1449 1254 1517 humillime
1299 1450 1722 1537 supplicatur.

618 1570 721 1637 AD
768 1574 1107 1638 'rlwmm
1155 1574 1259 1637 Vll

237 1678 1123 1745 RUBRICAE'GENERALES
1153 1681 1254 1743 DE
1285 1682 1636 1748 OCTAVIS.

274 1798 550 1864 Dubium
596 1796 887 1865 unicum:
929 1804 1025 1863 An
1057 1798 1592 1865 commemoratio
1625 1821 1723 1866 so-

163 1885 374 1951 lemnis
418 1887 485 1951 S.
537 1884 729 1951 Patris
783 1885 1111 1952 Benedicti
1174 1886 1236 1953 in
1295 1903 1516 1952 mense
1559 1888 1720 1955 lulio

161 1973 229 2037 sit
268 1971 717 2039 celelebranda
762 1992 908 2039 cum
954 1982 1169 2038 octava
1199 1971 1232 2039 ἰ)

164 2063 447 2213 cia¹33:
478 2060 811 2147 Negative‚
846 2060 962 2127 nisi
1007 2060 1171 2127 adsit
1218 2060 1539 2129 concessio
1568 2082 1719 2150 spe-

602 2273 706 2336 An
750 2270 1092 2337 TITULUM
1136 2272 1265 2337 Vlll

337 2378 439 2440 DE
485 2375 781 2442 OFFICIO
833 2377 901 2440 S.
949 2375 1520 2442 SCHOLASTICAE

196 2465 265 2528 m
308 2465 482 2529 FER.
533 2464 609 2527 lll
662 2464 808 2527 PRO
865 2456 1213 2529 SINGULlS
1258 2465 1665 2531 MENSIBUS.

273 2587 365 2650 An
410 2582 743 2650 Lectiones
793 2601 873 2647 ex
919 2585 1079 2649 Ven.
1116 2583 1283 2650 Beda
1329 2602 1448 2670 pro
1496 2601 1719 2650 mense

160 2672 422 2737 Ianuario
468 2670 534 2737 in
590 2668 811 2737 Officio
877 2669 1218 2738 cuiuslibet
1277 2671 1512 2737 mensis
1570 2672 1721 2737 assi-

160 2769 387 2843 gnatae,
437 2776 710 2844 quarum
756 2756 1007 2824 initium
1041 2768 1176 2823 est:
1218 2758 1391 2835 Quia
1422 2762 1497 2824 B.
1527 2759 1718 2823 Scho-

32 2868 33 2871 “
159 2844 409 2912 Ιωείοαε
475 2849 1066 2913 commoratione
1125 2850 1496 2931 pei-aqimus
1563 2856 1717 2930 etc„

160 2934 389 3018 qnando
435 2951 516 3001 eo
563 2951 785 3000 mense
840 2931 1119 3000 Ianuario
1171 2932 1462 3001 Officium
1517 2933 1721 3023 impe·

160 3019 371 3105 diatur,
413 3020 539 3087 sint
585 3020 901 3088 dicendae
949 3040 1168 3089 mense
1213 3021 1533 3108 sequenti,
1591 3041 1718 3109 quo

184 3108 418 3261 ³4:331?
463 3107 537 3175 fit
578 3107 866 3176 Officium
915 3109 979 3176 in
1024 3126 1246 3176 mense
1293 3111 1375 3178 de
1419 3113 1485 3177 S.
1521 3111 1717 3177 Scho-

278 3287 356 3369 ιζι.
406 3304 445 3348 ‹
480 3285 824 3371 Negative;
872 3282 1120 3350 scilicet
1165 3285 1497 3352 Lectiones
1530 3284 1718 3352 unius

163 3371 399 3454 mensis,
434 3371 583 3438 licet
613 3391 741 3438 non
787 3372 1027 3439 fuerint
1054 3373 1382 3458 recitatae,
1410 3391 1536 3440 non
1567 3384 1717 3440 sunt

165 3457 450 3541 legendae
499 3479 722 3526 mense
765 3460 1059 3545 sequenti
1095 3480 1159 3523 ι.

621 3583 726 3647 ΑΙ)
769 3584 1109 3649 ΤΙΤΠΙᾸΙΜ
1157 3584 1240 3649 lx

420 3690 520 3752 DE
566 3688 1422 3755 GOHUEHORATIONIBUS.
1710 3767 1715 3772 .

270 3812 363 3875 An
435 3809 500 3875 in
576 3810 1070 3898 Desponsatione
1116 3815 1183 3877 B.
1236 3814 1318 3878 Μ.
1373 3815 1450 3880 V.
1500 3812 1580 3877 sit
1627 3813 1714 3879 fa·

165 3894 359 3962 cienda
404 3898 921 3964 commemoratio
969 3900 1036 3965 S.
1071 3897 1321 3984 losephi
1352 3896 1385 3964 ⁴?

272 3986 352 4068 Il.
402 4007 443 4048 ι
472 3984 806 4072 Negative,
856 3985 974 4052 nisi
1022 3994 1269 4052 constet
1314 3987 1395 4053 de
1452 3986 1715 4073 speciali

167 4071 549 4138 concessione
584 4095 648 4138 ».
686 4073 783 4159 (1)
1264 4105 1267 4114 ·

586 4196 690 4260 AD
749 4195 1091 4261 TlTULUIll
1146 4196 1259 4261 XX

686 4301 788 4364 DE
834 4300 1189 4374 HYltmls.-

272 4420 543 4486 Dubium
590 4419 886 4487 unicum:
929 4422 1025 4486 An
1080 4424 1360 4507 Hymnus
1414 4422 1714 4509 proprius

161 4507 215 4570 S.
243 4506 718 4594 Hermenegildi
764 4507 1049 4595 Martyris
1095 4509 1347 4595 quando
1393 4509 1456 4574 in
1485 4509 1710 4595 primis

164 4595 433 4694 vesperis
489 4594 754 4660 omissus
814 4595 1006 4661 luerit
1036 4643 1053 4678 ‚
1123 4596 1217 4695 sit·
1256 4597 1597 4695 ponendus
1647 4597 1711 4662 in

160 4682 459 4766 latntmo,
514 4691 579 4747 et
626 4685 907 4767 Hymnus
936 4683 1221 4749 matutini
1255 4704 1316 4750 in
1347 4681 1711 4751 Laudibus?

270 4773 350 4855 13.
401 4792 440 4836 ι
480 4768 869 4836 Affirmative
916 4770 993 4838 ad
1041 4782 1386 4856 utrumque
1420 4793 1481 4838 ».

534 4893 646 4957 AD
703 4892 1096 4957 Tl'rULtm
1153 4894 1311 4957 XXI

610 5000 712 5062 DE
759 4998 1235 5064 ANTIPHONIS.

272 5118 537 5185 Dubium
595 5123 655 5184 1.
704 5123 799 5184 An
844 5118 908 5184 in
968 5119 1148 5185 Feria
1207 5122 1284 5186 vl
1331 5129 1397 5185 et
1445 5119 1711 5200 sabbato

32 5267 33 5272 ,
162 5215 285 5287 post
328 5219 610 5272 octavam
641 5207 1040 5273 Ascensionis
1066 5206 1468 5293 Antiphonae
1506 5211 1535 5272 1
1574 5217 1639 5274 et
1671 5212 1711 5273 2

1832 490 2136 557 Nocturni
2183 491 2495 559 dicendae
2540 489 2664 555 sint
2708 489 3023 574 absolute,
3073 499 3145 557 ut
3192 489 3254 555 in
3284 492 3399 556 Fe-

1834 577 1921 643 ria
1967 582 2048 646 Vl
2095 589 2159 644 et
2181 577 2472 666 *sabbato
2520 577 2677 644 infra
2735 585 3018 643 octavam
3075 576 3403 643 Ascensio-

1832 665 1950 750 nis,
1997 664 2290 752 adeoque
2334 665 2691 754 Antiphona
2738 663 3006 730 mevam
3048 673 3142 731 cst
3186 675 3253 729 et
3282 666 3403 729 Do-
3439 748 3446 753 .

1834 756 2055 818 minus
2101 757 2174 820 in
2229 752 2471 837 Templo
2515 751 2639 819 sint
2698 750 3022 819 habendae
3085 762 3404 837 tamquam

1836 839 2000 906 fixae
2047 850 2111 905 et
2155 839 2452 926 propriae
2481 858 2598 927 pro
2628 838 2805 904 Feria
2835 842 2914 906 vl
2947 848 3090 925 post
3121 850 3402 906 octavam

1836 926 2258 1011 Ascensionis,
2291 936 2357 993 et
2386 927 2529 993 Anti
2580 925 2821 992 honae:
2870 927 2921 991 A
2965 944 3211 992 summo
3241 926 3404 991 coelo

1834 1025 1896 1080 et
1943 1016 2261 1081 Exultare
2306 1032 2423 1100 pro
2468 1017 2543 1082 Sa
2591 1012 2734 1078 bato
2786 1032 2900 1079 seu
2959 1012 3187 1100 Vigilia
3246 1016 3401 1079 Pen-

1838 1110 2144 1188 tecostes;
2194 1121 2323 1169 non
2368 1101 2673 1182 curando,
2709 1118 2788 1166 an
2832 1099 3040 1167 adhuc
3084 1098 3403 1186 supersint

1831 1188 1987 1255 aliae
2036 1188 2380 1276 impeditae
2486 1207 2557 1255 er
2611 1197 2895 1254 octavam
2961 1183 3405 1254 Ascensionis‘?

1834 1278 1930 1342 An
1975 1295 2130 1342 vero
2177 1276 2381 1361 quoad
2477 1295 2550 1342 oc
2597 1272 2785 1341 etiam
2801 1273 2910 1340 ‘illi
2941 1275 3071 1343 duo
3101 1275 3240 1342 dies
3278 1272 3404 1340 sint

1830 1363 2171 1451 reputandi
2217 1381 2336 1449 pro
2382 1363 2607 1431 dicbus
2650 1360 2811 1427 infra
2857 1372 3139 1428 octavam
3166 1364 3402 1428 Ascen-

1833 1451 2052 1533 sionis,
2080 1451 2162 1516 ita
2209 1460 2280 1518 ut
2325 1467 2451 1517 non
2496 1448 2774 1517 debeant
2822 1449 2884 1515 in
2930 1446 3025 1515 his
3067 1446 3294 1516 diebus
3325 1445 3402 1513 ab

1834 1536 2011 1605 initio
2039 1538 2244 1623 repeti
2278 1537 2397 1604 hae
2420 1536 2820 1624 Antiphonae
2846 1554 2926 1601 ex
2956 1539 3141 1602 Festo
3171 1537 3401 1602 Ascen-

1834 1622 2025 1691 sionis
2069 1625 2184 1692 sed
2231 1644 2348 1713 pro
2394 1624 2714 1710 exigentia
2762 1624 2895 1706 rei,
2944 1622 3100 1689 aliae
3146 1623 3269 1689 sint
3311 1621 3404 1690 di-

1831 1711 2115 1778 cendae:
2162 1713 2346 1779 verb.
2382 1732 2483 1801 gr.
2518 1711 2570 1777 si
2618 1711 2778 1777 infra
2834 1720 3111 1777 octavam
3169 1713 3402 1777 Ascen-

1828 1798 2017 1864 sionis
2063 1799 2263 1866 semel
2316 1799 2398 1865 sit
2445 1799 2679 1865 factum
2724 1797 3010 1865 Officium
3041 1798 3125 1864 de
3159 1806 3397 1880 octava,

1829 1896 1895 1953 et
1941 1886 2182 1953 fuerint
2227 1885 2498 1973 proinde
2543 1885 2751 1953 dictae
2781 1886 2942 1952 duae
2988 1884 3229 1971 primae
3275 1886 3399 1951 An-

1828 1973 2131 2062 tiphonae
2193 1993 2274 2041 ex
2321 1973 2528 2061 primo
2585 1976 2907 2040 Nocturno
2951 1972 3120 2039 Festi
3172 1973 3404 2038 Ascen-

1826 2059 2020 2128 sionis
2065 2061 2344 2128 scilicet:
2394 2061 2664 2127 Elocuta
2705 2069 2799 2126 ost
2843 2068 2909 2124 et
2954 2062 3268 2127 Dominus
3327 2062 3401 2126 iu

1835 2149 2117 2231 Templo,
2168 2149 2401 2216 deince
2450 2168 2480 2214 s
2523 2155 2737 2215 autem
2798 2163 3020 2214 omnes
3088 2146 3227 2214 dies
3278 2145 3401 2214 sint

1826 2234 2174 2322 dupliciter
2234 2236 2404 2322 impe
2452 2236 2561 2323 iti3
2612 2232 2787 2301 Feria
2847 2237 2926 2302 Vl
2986 2244 3198 2301 autem
3255 2242 3402 2320 post

1826 2332 2109 2390 octavam
2155 2342 2284 2391 non
2328 2332 2619 2391 occurrat
2670 2326 2952 2405 Festum,
3012 2321 3128 2388 sed
3183 2320 3401 2388 dicen-

1826 2410 1983 2479 dum
2028 2411 2110 2477 sit
2155 2411 2239 2479 de
2282 2411 2475 2477 Feria‘
2506 2413 2587 2479 Vl
2628 2420 2774 2497 post
2836 2419 3119 2475 octavam
3166 2410 3397 2474 Ascen-

1824 2496 2055 2563 sionist
2106 2509 2257 2565 tunc
2304 2516 2430 2564 non
2474 2498 2601 2565 sin't
2646 2516 2866 2564 rursus
2910 2495 3216 2564 dicendae
3275 2496 3399 2560 An-

1825 2584 2163 2672 tiphonae=
2211 2586 2478 2654 Elocuta
2523 2596 2617 2652 cst
2661 2593 2728 2651 et
2772 2586 3084 2651 Dominus
3117 2587 3191 2650 iu
3233 2585 3400 2648 Tem—

1817 2673 1923 2756 plo
1944 2695 1971 2747 ,·
2018 2673 2133 2740 sed
2177 2672 2536 2761 Antiphone
2566 2678 2603 2741 3
2641 2681 2704 2739 et
2735 2676 2801 2755 4,
2834 2672 3102 2739 scilicet:
3147 2674 3200 2736 Α
3228 2689 3400 2737 sunt-

1824 2778 1924 2825 mo
1969 2762 2136 2826 coelo
2184 2770 2250 2826 et
2316 2761 2634 2827 Exultare
2656 2782 2680 2825 .·
2727 2759 2891 2827 sicut
2952 2759 3146 2826 moris
3193 2767 3289 2825 est
3336 2758 3400 2824 in

1827 2847 1935 2915 die
1984 2846 2169 2914 tertia
2214 2846 2374 2914 infra
2419 2844 2752 2915 octavam?

1952 2938 2040 3036 Pl.
2092 2955 2131 3000 s
2157 2937 2465 3003 Servetur
2510 2934 2768 3004 omnino
2806 2935 3073 3003 nubrica
3105 2932 3395 3002 eiusdem

1821 3021 2125 3089 Breviarii
2193 3023 2513 3089 monastici
2569 3022 2853 3122 apposita
2910 3031 3056 3109 post
3111 3032 3392 3089 octavam

1819 3109 2222 3177 Ascensionis
2267 3118 2413 3176 ante
2455 3110 2743 3178 Officium
2789 3110 3006 3177 Feriae
3053 3113 3155 3195 Vl,
3191 3118 3257 3176 et
3296 3127 3395 3174 re·
3451 3179 3454 3182 ,

1820 3198 2102 3264 citentur
2147 3196 2295 3264 illae
2339 3197 2953 3284 Antiphonae,quae
3002 3196 3101 3263 tali
3147 3197 3253 3262 vel
3289 3194 3398 3261 tali

1822 3285 1929 3352 die
1975 3284 2374 3372 assignantur
2403 3305 2465 3350 ι.
2506 3285 2601 3371 (2)

1955 3372 2229 3438 Dubium
2297 3375 2361 3438 2.
2431 3370 2690 3451 Quando
2758 3375 3015 3438 Festum
3084 3374 3194 3439 SS.
3260 3368 3399 3436 Phi-

1821 3458 1979 3546 lippi
2030 3469 2094 3525 et
2141 3458 2343 3526 lacobi
2390 3458 2752 3527 celebratur
2796 3467 2975 3526 extra
3008 3468 3137 3525 tem
3230 3477 3259 3523 s
3289 3459 3399 3522 Pa-

1819 3547 2061 3629 schale,
2096 3564 2407 3640 quaenam
2452 3545 2660 3614 omitti
2689 3547 2793 3612 vel
2829 3546 3090 3614 retineri
3171 3546 3400 3613 ebeant

1820 3634 2129 3715 Alleluia,
2181 3644 2250 3701 et
2293 3654 2372 3701 an
2416 3633 2690 3701 tollendi
2735 3633 2861 3700 sint
2906 3633 3204 3702 Asterisci
3233 3631 3266 3699 ἰ)

1950 3727 2040 3809 R).
2089 3744 2128 3788 ι
2161 3726 2352 3788 Extra
2399 3731 2652 3809 tempus
2692 3720 2983 3789 Paschale
3026 3721 3403 3788 omittantur

1820 3811 2030 3876 omnia
2089 3811 2374 3877 Alleluia
2395 3834 2424 3891 ,-
2486 3820 2551 3876 et
2616 3808 2915 3876 Asterisci
2977 3827 3105 3877 non
3172 3809 3399 3875 tollan-

1822 3908 1930 3963 tur
1960 3917 2025 3963 ».
2076 3898 2172 3984 (3)

2258 4022 2362 4086 AD
2407 4020 2746 4086 ‘rrmntm
2789 4022 2959 4086 XXV

2114 4127 2224 4188 DE
2292 4125 3110 4193 BENEDICTIONIBUS

2279 4214 2377 4277 ΕΤ
2416 4213 2946 4280 LECTlONIBUS.

1945 4333 2218 4401 Dubium
2272 4338 2333 4399 1.
2379 4335 2475 4399 An
2522 4333 2886 4400 benedictio
2932 4338 3012 4401 Xl
3063 4335 3126 4400 in
3172 4329 3385 4402 Officio

1816 4431 2145 4490 menstruo
2187 4423 2254 4488 S.
2288 4420 2732 4505 scholasticae,
2784 4420 2936 4487 item
2985 4422 3162 4488 Feria
3195 4425 3272 4487 111
3301 4421 3387 4487 de

1815 4514 1879 4577 S.
1930 4507 2307 4591 Benedicto,
2356 4527 2475 4574 nec
2521 4527 2650 4576 non
2680 4509 2764 4575 de
2798 4508 3194 4575 immaculata
3233 4509 3390 4574 Con-

1815 4597 2116 4684 ceptione
2162 4596 2225 4662 in
2273 4594 2542 4665 sabbato
2589 4596 2668 4662 sit
2716 4598 2924 4663 Cuius
2956 4613 3394 4661 commemora-

1818 4688 2054 4753 tionem
2101 4683 2416 4751 colimus?

1943 4775 2031 4857 ἢ.
2083 4791 2120 4833 ‹
2155 4770 2498 4858 Negative,
2548 4781 2613 4836 et
2658 4770 2909 4837 dicatur
2953 4788 3212 4855 semper
3265 4772 3394 4836 Gu-

1814 4862 1921 4925 ius
1967 4861 2225 4923 Festum
2269 4857 2539 4923 colimus
2568 4878 2628 4921 ».

1944 4945 2218 5011 Dubium
2265 4949 2328 5010 2.
2363 4947 2458 5011 An
2507 4944 2571 5010 in
2601 4950 2785 5011 Festo
2817 4948 2881 5013 S.
2911 4944 3154 5012 loannis
3186 4946 3386 5032 Chry·

1811 5032 2069 5099 sostomi
2117 5029 2562 5098 universaliter
2607 5031 2671 5098 in
2701 5032 2908 5117 primo
2938 5034 3260 5099 Nocturno
3296 5033 3389 5099 le-

1812 5119 2062 5207 gendae
2106 5117 2233 5186 sint
2278 5117 2610 5186 Lectiones
2673 5121 3077 5203 Sapientiam
3134 5131 3256 5199 etc.
3306 5122 3389 5187 de

1813 5207 2213 5291 Doctoribus,
2264 5205 2453 5274 etiam
2501 5215 2678 5273 extra
2721 5205 3329 5293 Quadragesimam?

273 5396 3201 5473 (nanumaadtit.x.-(²)E.Dub.2‚5,tettt.-,(5)E.Duhiaadtitxxmetxxlv.
