4042 5950
1692 287 2116 363 —13—

241 443 477 509 sistere
544 443 611 509 in
675 442 1037 509 cathedrali
1107 442 1334 528 primis
1405 443 1708 529 vesperis
1780 455 1846 509 et

246 531 451 596 Missis
502 532 906 598 solemnibus
952 530 1395 596 Festivitatum
1446 533 1676 598 SSffiae
1740 534 1850 598 As-

240 618 634 705 sumptionis
681 624 911 686 Beatae
944 619 1171 684 Mariae
1203 619 1483 707 Virginis
1534 630 1600 683 et
1649 621 1717 685 S.
1752 621 1851 687 Ri-

241 704 528 773 chardi‘?
570 719 637 772 et
682 718 1002 793 quatenus
1047 706 1450 790 affirmative,

381 801 449 863 2.
500 800 597 863 An
620 795 975 862 convenire
992 795 1275 861 debeant
1298 796 1375 861 ad
1408 815 1634 861 sonum
1666 800 1847 864 cam-

241 901 490 969 panae3
571 884 676 949 vel
755 883 1156 969 praecedere
1238 883 1475 949 debeat
1549 886 1846 970 specialis

244 969 624 1038 intimatio?
1713 1020 1723 1032 .

382 1064 447 1126 3.
500 1064 599 1127 An
632 1072 699 1124 et
747 1059 811 1126 in
844 1078 972 1145 quo
1008 1061 1148 1125 loco
1186 1060 1510 1126 Ecclesiae
1545 1062 1843 1127 assistere

244 1158 313 1212 et
360 1148 600 1214 sedere
646 1145 979 1215 debeant?

379 1241 440 1304 4.
491 1240 589 1304 An
651 1249 717 1302 et
774 1236 838 1302 in
890 1255 1018 1321 quo
1066 1255 1340 1303 numero
1389 1238 1703 1305 accedere
1748 1250 1845 1304 te·

239 1321 581 1392 neantur?

380 1419 446 1480 5.
496 1416 596 1480 Au
643 1414 706 1479 in
758 1433 907 1479 casu
939 1434 1068 1500 quo
1100 1433 1229 1482 non
1262 1416 1590 1499 accedant,
1625 1415 1842 1503 puniri

239 1505 496 1590 possint
539 1521 660 1589 per
706 1502 1141 1585 ordinarium,
1192 1514 1260 1568 et
1307 1504 1539 1589 quibus
1570 1502 1847 1590 poenis?

381 1594 447 1656 6.
500 1594 597 1657 An
630 1590 996 1677 Capitulum
1030 1590 1425 1657 cathedralis
1476 1593 1538 1657 in
1586 1594 1846 1659 associa-

238 1678 422 1745 tione
472 1679 857 1744 cadaverum
891 1680 1422 1745 tumulandorum
1460 1680 1523 1747 in
1560 1681 1841 1747 Ecclesia

236 1770 304 1834 S.
365 1766 678 1833 Dominici
730 1768 931 1852 possit
977 1787 1117 1834 eam
1184 1767 1439 1853 ingredi
1496 1788 1643 1834 cum
1691 1788 1841 1856 pro-

236 1857 381 1941 pria
445 1859 652 1922 cruce
717 1868 972 1941 erecta;
1026 1867 1091 1921 et
1139 1856 1352 1921 facere
1402 1856 1594 1923 funus
1650 1877 1841 1945 supra

238 1941 583 2011 cadaver?
640 1976 693 1999 ,ι

382 2038 446 2099 7.
500 2034 594 2101 An
643 2032 958 2099 P'arochus
1002 2032 1211 2099 dictae
1260 2033 1698 2117 cathedralis,
1748 2055 1844 2098 as-

238 2123 494 2187 socians
538 2121 715 2186 solus
774 2121 944 2185 dicta
1002 2121 1308 2186 cadavera
1372 2124 1611 2208 absque
1667 2123 1845 2210 capi-

243 2210 416 2292 tulo,
466 2209 668 2295 possit
722 2208 960 2275 dictam
1010 2208 1359 2274 Ecclesiam
1408 2213 1478 2277 S.
1528 2211 1839 2278 Dominici

238 2298 501 2384 ingredi
552 2315 700 2363 cum
748 2296 919 2362 Stola
972 2308 1037 2363 et
1081 2297 1616 2383 superpelliceo?

382 2388 448 2451 8.
500 2389 597 2452 An
629 2388 846 2451 Patres
891 2384 1285 2451 Dominicani
1333 2387 1579 2471 possint
1624 2407 1842 2473 aspor-

242 2486 387 2540 tare
456 2474 532 2539 ad
605 2474 1060 2561 sepeliendum
1134 2474 1198 2539 in
1262 2493 1487 2540 eorum
1561 2475 1840 2542 Ecclesia

238 2563 556 2629 cadavera
590 2561 1010 2648 parvulorum
1042 2573 1189 2629 ante
1221 2564 1665 2650 septennium,
1701 2562 1839 2629 sine

240 2649 509 2716 licentia
557 2648 874 2717 Parochi‘?
1034 2709 1039 2715 .

378 2741 445 2805 9.
497 2740 595 2804 Au
647 2739 709 2803 in
740 2739 910 2805 dicta
943 2740 1377 2827 asportatione
1419 2740 1608 2806 liceat
1654 2739 1843 2806 dictis

238 2826 540 2893 Patribus
583 2827 848 2894 deferre
900 2830 1139 2896 Stolam
1164 2826 1197 2893 ⁸?

380 2916 449 2982 8.
493 2917 573 2981 R.
620 2916 723 3000 G.,
788 2915 1075 3004 partibus
1142 2926 1268 2983 tam
1332 2916 1588 3006 scriptis
1653 2936 1841 3003 quam

236 3022 406 3069 voce
452 3003 709 3087 auditis,
759 3006 1284 3093 respondendum
1329 3006 1617 3071 censuit:

380 3091 476 3156 Ad
531 3094 593 3156 1.
644 3112 681 3155 ‹
715 3091 1110 3160 Affirmative
1146 3116 1208 3158 ι».

383 3179 480 3245 Ad
531 3182 597 3245 2.
651 3201 688 3244 α
716 3180 1134 3264 Affirmative,
1162 3182 1372 3268 quoad
1399 3181 1670 3268 primam
1707 3201 1846 3268 par·

244 3279 423 3354 tem;
472 3268 810 3354 Negative,
859 3269 1066 3355 quoad
1114 3270 1463 3340 secundam
1497 3287 1559 3336 ν.

379 3355 479 3422 Ad
533 3360 595 3423 3.
650 3380 687 3423 α
723 3358 977 3426 Servari
1024 3359 1284 3424 solitum
1320 3381 1385 3423 ι».

384 3445 480 3510 Ad
533 3446 600 3510 4.
648 3469 688 3510 αι
724 3445 984 3518 ὃεῐνπὶ
1015 3446 1276 3512 solitum
1312 3468 1372 3511 ι».

384 3533 481 3632 Ad
530 3537 597 3599 δ.
647 3555 684 3598 ‹
718 3533 1001 3599 Arbitrio
1036 3534 1359 3622 Episcopi,
1400 3545 1667 3620 excepta
1710 3555 1841 3599 car·

240 3630 577 3708 ceratJone
626 3632 692 3688 et
738 3621 1029 3688 censuris
1072 3649 1132 3688 ».

382 3708 480 3774 Ad
529 3712 598 3773 6.
649 3731 686 3774 ‹
720 3709 1137 3795 Affirmative,
1164 3710 1375 3796 quoad
1401 3710 1673 3797 primam
1700 3731 1842 3798 par·

242 3809 421 3871 tem;
470 3797 811 3883 Negative,
860 3798 1070 3883 quoad
1119 3799 1465 3865 secundam
1510 3822 1572 3863 ι».

383 3885 479 3951 Ad
532 3888 595 3950 7.
647 3907 687 3948 «
719 3888 1032 3972 Negative
1069 3902 1130 3951 ν.

383 3974 478 4039 Ad
528 3976 593 4040 8.
646 3996 686 4037 αι
719 3976 1058 4062 Negative,
1107 3976 1280 4040 salvo
1341 3974 1481 4040 iure
1528 3976 1838 4063 probandi

242 4061 832 4129 immemorabilem
868 4086 930 4130 ι».

382 4150 478 4215 Ad
528 4154 593 4218 9.
646 4171 683 4214 ‹
718 4152 1030 4237 Negative
1062 4173 1129 4216 ιι.

382 4241 462 4303 Et
516 4238 600 4304 ita
655 4239 1005 4306 declaravit
1067 4251 1132 4305 et
1189 4240 1428 4306 servari
1490 4241 1839 4308 mandavit.

242 4325 365 4392 Die
419 4329 498 4393 19
544 4327 690 4396 lulii
743 4331 938 4396 ¹710.

246 4501 511 4570 220⁷.
865 4504 1262 4571 SENARUM.
1614 4501 1837 4587 (3831)

384 4678 518 4743 Emi
569 4698 637 4743 ac
670 4678 807 4743 Rmi
843 4680 1132 4746 Domini:
1168 4678 1464 4765 Virgines
1496 4682 1839 4746 conserva-

248 4765 397 4832 torii
446 4770 512 4834 S.
550 4767 785 4832 Nicolai
838 4767 900 4832 in
949 4770 1138 4850 Saxo,
1182 4768 1462 4834 Civitatis
1509 4770 1836 4850 Senensis,

248 4852 632 4920 Eminentiis
664 4854 902 4920 Vestris
942 4855 1280 4922 humiliter
1311 4866 1645 4941 exponunt
1675 4874 1839 4941 quae

246 4952 657 5028 sequuntur:

381 5031 543 5095 cum
594 5031 919 5097 Ecclesiae
966 5032 1244 5119 ipsarum
1293 5031 1661 5119 cappellani
1713 5031 1842 5097 ani'-

245 5118 783 5202 madvertissent,
848 5138 1048 5205 super
1094 5119 1382 5186 inferiori
1432 5120 1638 5206 gra'du
1687 5122 1842 5186 alte-

248 5206 381 5270 rius
407 5225 489 5270 ex
524 5208 845 5273 Altaribus
879 5207 1246 5274 lateralibus
1282 5222 1501 5274 extare
1536 5208 1838 5294 lapidem,

246 5313 381 5379 quo
442 5295 686 5382 tegitur
715 5296 1064 5362 descensus
1110 5296 1174 5364 in
1229 5297 1677 5384 sepulchrum,
1728 5296 1836 5361 ubi

247 5382 595 5450 defunctae
641 5384 925 5486 virgines
975 5386 1399 5463 tumulantur,
1450 5393 1841 5449 censuerunt

1949 444 2301 530 praefatum
2341 445 2552 512 Altare
2585 446 2644 510 vi
2679 452 3097 514 Decretorum
3147 450 3538 548 Apostolico-

1952 551 2092 598 rum
2142 553 2280 600 esse
2315 533 2760 617 interdictum,
2811 545 2883 601 ut
2932 535 2995 602 in
3029 557 3106 601 eo
3145 538 3535 605 Missae-fieri

1948 634 2298 705 nequeant.
2342 626 2504 688 cum
2536 635 2754 688 autem
2782 623 2960 689 locus
2987 625 3355 712 exploratus
3390 628 3540 693 fuis·

1948 720 2075 792 set,
2124 720 2458 797 repertum
2512 710 2655 794 fuit,
2701 711 2983 796 lapidem
3030 714 3293 797 quidem
3341 734 3545 801 super

1949 798 2153 884 gradu
2187 809 2429 882 extare,
2464 800 2577 865 sed
2614 798 2763 865 satis
2795 800 3033 866 distare
3082 800 3159 865 ab
3189 801 3389 867 Altari
3440 823 3540 867 se·

1951 887 2302 973 pulturam,
2331 887 2503 952 iuxta
2536 889 2848 954 acclusam
2874 884 3425 976 ichnographiam,
3458 892 3537 956 ita

1949 983 2020 1039 ut
2082 993 2209 1040 non
2257 976 2843 1060 comprehendatur
2890 977 2952 1042 in
2998 977 3313 1043 Decretis.
3381 980 3537 1045 Hinc

1945 1082 2212 1130 recursu
2269 1061 2483 1128 habito
2539 1065 2614 1129 ad
2665 1062 3266 1150 Archiepiscopum,
3319 1067 3420 1131 cui
3473 1078 3538 1131 et

1947 1152 2333 1218 documenta
2381 1151 2645 1219 fuerunt
2693 1150 3003 1233 exhibita,
3041 1154 3373 1240 respondit
3418 1154 3534 1220 sibi

1943 1259 2072 1309 non
2108 1259 2249 1306 esse
2281 1239 2684 1324 propositum
2736 1240 3246 1324 Apostolicorum
3305 1246 3534 1307 Decre-

1948 1342 2161 1395 torum
2195 1327 2692 1412 interpretandi,
2724 1328 2838 1392 sed
2887 1329 3062 1394 velle
3093 1342 3158 1394 ul
3206 1330 3537 1395 audiamus

1948 1420 2277 1483 oraculum
2313 1419 2537 1482 Sacrae
2571 1415 3128 1503 congregationis,
3163 1434 3243 1482 ex
3277 1437 3406 1502 quo
3440 1439 3537 1485 re·

1947 1506 2146 1594 gendi
2193 1523 2412 1571 norma
2470 1502 2801 1569 habeatur.
2853 1504 3003 1570 Ideo
3054 1517 3320 1570 exorant
3366 1507 3537 1572 Emi·

1946 1594 2195 1660 nentias
2242 1596 2523 1673 Vestras,
2574 1602 2671 1673 ut,
2722 1592 3170 1677 designatione
3223 1594 3533 1680 inspecta,

1943 1684 2272 1749 declarare
2297 1681 2655 1765 dignentur
2685 1679 2884 1745 licere
2919 1681 2980 1745 in
3010 1680 3300 1765 proxima
3323 1685 3391 1749 S.
3414 1686 3535 1749 Ma-

1948 1772 2076 1836 riae
2109 1772 2187 1837 ad
2220 1770 2412 1836 Nives
2459 1767 2832 1834 Festivitate
2878 1788 3077 1854 super
3115 1768 3292 1835 dicto
3339 1770 3532 1836 Altari

1945 1858 2192 1925 Missam
2238 1876 2462 1944 agere.

2079 1951 2150 2013 S.
2183 1949 2256 2011 R.
2303 1948 2407 2024 c.,
2445 1943 2740 2024 omnibus
2787 1956 3037 2010 mature
3088 1947 3424 2033 perpensis
3470 1958 3536 2012 et

1944 2035 2402 2113 consideratis,
2462 2035 2710 2099 censuit
2764 2034 3295 2120 respondendum
3361 2035 3532 2101 iuxta

1946 2136 2169 2191 votum
2224 2121 2506 2208 Magistri
2573 2121 3173 2204 caeremoniarum,
3243 2142 3532 2211 nempe:

1945 2234 1982 2277 α
2016 2211 2520 2298 Archiepisco‘po
2589 2213 2937 2293 Senarum5
2997 2210 3105 2293 qui
3170 2212 3339 2276 veris
3401 2211 3536 2276 exi-

1944 2299 2262 2366 stentibus
2307 2298 2572 2365 narratis
2620 2298 2911 2363 restituat
2943 2297 3019 2363 ad
3056 2300 3533 2365 sacrosanctum

1947 2390 2167 2455 Missae
2216 2385 2611 2456 Sacrificium
2662 2386 2879 2452 Altare
2915 2408 2979 2450 ι».

2079 2480 2160 2541 Et
2249 2475 2330 2540 ita
2424 2475 2803 2541 declaravit.
2881 2475 2990 2539 Die
3080 2479 3157 2541 ¹3
3239 2477 3534 2563 Septem-

1950 2565 2077 2631 bris
2132 2568 2328 2647 ¹710.
2804 2618 2812 2625 .

1948 2744 2217 2812 2208.
2499 2744 3009 2808 PLACENTINA.

3306 2745 3532 2830 (3832)

2082 2921 2294 3003 Super
2341 2916 2480 2982 iure
2527 2915 2883 3002 peragendi
2933 2918 3296 2984 functiones
3348 2936 3534 3006 paro-

1946 3007 2211 3086 chiales,
2254 3006 2425 3071 inter
2470 3004 2856 3070 Canonicum
2905 3009 2995 3071 Io.
3045 3006 3383 3090 Baptistam
3447 3007 3532 3072 de

1949 3095 2252 3180 Augustis
2321 3092 2672 3158 Parochum
2747 3093 3064 3158 Ecclesiae
3143 3094 3531 3180 collegiatae
3606 3125 3612 3146 ι

1949 3188 2184 3248 Terrae
2216 3181 2426 3248 curtis
2473 3180 2727 3258 maioris
2777 3199 2852 3244 ex
2888 3199 3037 3262 una,
3077 3193 3140 3246 et
3185 3183 3534 3247 nonnullos

1948 3271 2317 3338 Confratres
2365 3268 2916 3336 confraternitatis
2963 3271 3032 3335 S.
3068 3268 3315 3354 losephi
3365 3270 3531 3334 eius-

1948 3360 2100 3425 dem
2147 3363 2380 3423 Terrae
2426 3356 2743 3423 Dioecesis
2802 3356 3200 3422 Placentinae
3246 3357 3531 3443 partibus

1950 3465 2031 3513 ex
2079 3446 2305 3526 altera,
2370 3443 2826 3513 controversiis
2887 3445 3125 3510 exortis
3186 3444 3406 3529 eisque
3453 3445 3531 3511 ad

1949 3538 2014 3602 S.
2052 3540 2130 3602 R.
2165 3537 2239 3601 c.
2288 3533 2563 3614 delatis,
2618 3536 2810 3597 Esnus
2860 3541 2924 3597 et
2978 3536 3172 3598 Rfims
3229 3534 3532 3598 Dominus

1946 3623 2140 3690 card.
2188 3625 2257 3690 S.
2305 3621 2655 3688 Clementis
2717 3620 3115 3706 infrascripta
3177 3620 3369 3687 dubia
3418 3623 3533 3686 de-

1949 3710 2219 3778 cidenda
2265 3710 2651 3796 proposuit:

2084 3803 2145 3865 1.
2194 3802 2291 3864 An
2339 3796 2528 3864 liceat
2573 3796 2850 3862 Parocho
2908 3795 3240 3862 celebrare
3299 3797 3531 3883 primas

1947 3898 2012 3953 et
2058 3886 2372 3952 secundas
2407 3889 2720 3972 vesperas
2765 3903 2836 3949 ac
2884 3902 3115 3951 canere
3161 3885 3372 3950 Missas
3431 3905 3528 3950 so·

1946 3977 2199 4042 lemnes
2249 3974 2312 4040 in
2346 3971 2820 4039 Festivitatibus
2855 3972 2990 4039 fieri
3039 3974 3242 4038 solitis
3292 3975 3355 4040 in
3384 3976 3529 4040 Ora-

1947 4064 2114 4128 torio
2144 4083 2174 4126 a
2209 4062 2650 4128 confratribus
2681 4062 2746 4126 S.
2778 4059 3027 4147 losephi
3053 4065 3287 4126 Terrae
3318 4064 3529 4130 curtis

1948 4151 2239 4236 maioris3
2289 4151 2393 4216 vel
2445 4151 2658 4236 potius
2692 4149 2898 4215 dictae
2945 4149 3303 4215 functiones
3348 4169 3530 4238 spec-

1945 4249 2087 4305 tent
2158 4239 2235 4305 ad
2284 4237 2746 4327 Cappellanum
2797 4255 3020 4302 eorum
3070 4235 3532 4305 confratrum?

2080 4331 2145 4393 2.
2196 4330 2294 4393 An
2344 4329 2531 4393 liceat
2590 4326 2806 4392 eidem
2857 4326 3134 4392 Parocbo
3195 4326 3527 4394 celebrare

1946 4419 2262 4502 vesperas
2309 4426 2374 4481 et
2421 4433 2650 4482 canere
2696 4415 2908 4479 Missas
2942 4414 3152 4480 minus
3204 4415 3528 4481 solemnes

1948 4505 2011 4569 in
2059 4503 2196 4569 aliis
2260 4503 2731 4570 Festivitatibus
2799 4501 2950 4568 inibi
3010 4501 3147 4568 fieri
3197 4503 3403 4569 solitis
3466 4504 3525 4569 in

1950 4592 2178 4658 eodem
2213 4592 2541 4677 Oratori03
2577 4593 2682 4656 vel
2716 4586 2929 4676 potius
2961 4591 3212 4678 expleri
3247 4590 3529 4657 debeant

1949 4700 1981 4745 a
2030 4677 2478 4766 cappellano?

2081 4772 2143 4834 3.
2196 4772 2292 4833 An
2338 4780 2404 4832 et
2449 4768 2526 4832 ad
2577 4784 2769 4851 quem
2805 4775 3058 4854 spectet
3103 4786 3335 4834 canere
3384 4768 3526 4834 Mis·

1946 4874 2078 4920 sam
2125 4866 2191 4921 et
2251 4855 2457 4921 facere
2504 4853 2793 4922 Officium
2857 4855 3127 4921 funebre
3173 4873 3370 4943 super
3432 4878 3527 4922 ca-

1946 4939 2289 5010 daveribus
2321 4942 2714 5027 sepeliendis
2754 4942 2815 5009 in
2848 4942 3132 5010 oratorio
3167 4942 3533 5033 praedicto?

2080 5035 2145 5097 4.
2195 5035 2293 5096 An
2342 5030 2527 5096 liceat
2573 5029 3006 5097 confratribus
3054 5051 3234 5097 sacco
3289 5033 3529 5099 indutis

1946 5120 2305 5200 celebrare,
2337 5118 2659 5184 mediante
2693 5138 2916 5185 eorum
2950 5122 3368 5205 cappellam,
3403 5126 3528 5187 An·

1946 5207 2288 5272 niversaria
2321 5227 2482 5292 quae
2529 5225 2677 5273 cum
2713 5207 2908 5273 Missis
2953 5209 3087 5272 sive
3129 5209 3528 5275 solemnibus

1944 5295 2079 5360 sive
2129 5296 2340 5361 minus
2386 5291 2781 5361 solemnibus
2826 5296 3137 5361 celebrari
3188 5298 3400 5363 solent
3463 5298 3524 5361 in

1945 5401 2174 5448 eorum
2217 5382 2536 5450 Oratorio'?
2579 5395 2646 5450 et
2692 5395 3006 5470 quatenus
3053 5384 3376 5469 negative,
3411 5401 3416 5408 ·
