4042 5950
1990 244 2460 325 ..282-

593 404 954 488 solvuntur,
978 422 1106 470 non
1136 414 1376 470 remota
1402 404 1626 472 eadem
1657 401 1969 491 Reliquia3
1997 402 2171 470 iuxta
2267 412 2464 489 petuo
2511 402 2854 470 valiturum
2885 399 3248 490 supradicto
3280 399 3574 488 capitulo
3619 420 3846 468 conce·

595 492 1182 580 interpretationem
1227 492 1534 559 cavalieri
1578 493 1655 560 ad
1692 495 2033 559 Decretum
2064 494 2169 559 Sa-

594 600 736 647 crae
780 580 1039 647 Rituum
1091 580 1609 667 congregationis
1653 578 1773 646 sub
1818 579 1923 646 die
1970 585 2011 644 2
2058 581 2170 646 Se-

2273 492 2428 558 dere
2476 491 2808 576 dignetur.

2400 579 2766 646 Huiusmodi
2802 577 3094 680 precibus
3125 597 3246 666 per
3272 576 3712 664 subscriptum
3743 579 3845 644 Se-

596 667 906 768 ptembris
955 671 1145 753 1741,
1196 668 1259 734 in
1304 668 1717 755 responsione
1775 668 1850 734 ad
1898 666 2165 734 dubium
2269 668 2613 734 cretarium
2645 668 2854 732 relatis
2888 685 2949 732 in
2980 664 3323 734 ordinariis
3368 667 3713 733 Sacrorum
3748 666 3843 732 lli-

595 773 876 844 primum
921 755 985 822 in
1031 752 1321 841 Aquen.‘?

729 849 804 911 Et
849 845 1031 911 Sacra
1076 843 1335 911 Rituum
1381 843 1829 932 congregatio,
1880 842 1955 909 ad
2003 841 2169 911 Vati-

595 950 821 998 canum
867 930 1174 998 hodierna
1227 932 1333 1000 die
1378 932 1443 998 in
1487 932 1830 1000 ordinariis
1890 930 2171 998 Comitiis

596 1019 961 1106 coadunata,
1010 1019 1335 1087 referente
1388 1019 1743 1107 subscripto
1789 1018 2168 1102 secretario,

595 1108 1117 1265 {eospfipdeptsslggl
1177 1108 1468 1175 censuit:
1519 1129 1556 1172 «
1589 1109 1896 1193 Negative
1927 1130 1990 1174 ιν.
2058 1107 2169 1174 Die

824 1217 865 1262 ιι
1095 1244 1112 1262 .

597 1336 854 1406 2⁷80.
1170 1339 1611 1407 nnn‘roNEN.
1944 1334 2171 1425 (4333)

729 1461 811 1525 Ut
863 1461 1138 1549 primum
1205 1464 1551 1527 Dertonen.
1613 1459 1931 1528 Ecclesiae
1994 1459 2170 1525 inno-

595 1547 719 1616 tuit
748 1550 971 1615 Sacrae
998 1549 1259 1617 Rituum
1282 1548 1802 1636 Congregationis
1831 1552 2174 1615 Decretum

602 1636 984 1703 extensionis
1033 1637 1227 1704 Officii
1279 1638 1341 1703 in
1386 1637 1696 1705 honorem
1755 1638 2014 1703 Sanctae
2061 1639 2173 1703 ca-

601 1722 879 1791 tharinae
924 1724 1162 1790 Fliscae
1208 1726 1500 1793 Adurnae
1547 1725 1788 1793 viduae
1821 1722 2169 1809 lanuensis,

599 1811 808 1897 quoad
872 1810 1064 1900 ipsius
1121 1813 1318 1880 Officii
1380 1811 1862 1901 assignationem
1913 1822 2172 1878 exortae

599 1908 748 1966 sunt
809 1900 1262 1968 sententiarum
1327 1900 1746 1967 diversitates.
1811 1904 1924 1967 ista
1979 1897 2177 1985 siqui-

600 1988 750 2055 dem
798 1988 1075 2053 Ecclesia
1119 1988 1373 2073 speciali
1407 1990 1771 2079 Apostolico
1817 1987 2057 2076 gaudet
2089 1990 2174 2053 in-

599 2075 784 2142 dulto
815 2075 1178 2143 celebrandi
1209 2077 1400 2144 etiam
1434 2075 1495 2144 in
1519 2076 2000 2165 Quadi-agesima
2027 2093 2174 2143 cum

601 2174 818 2230 octava
847 2167 1102 2231 Festum
1143 2166 1350 2233 Sancti
1390 2165 1751 2245 Benedicti3
1788 2176 1854 2233 et
1883 2163 2174 2251 quamvis

600 2250 921 2318 indultum
947 2251 1118 2321 istud
1144 2251 1224 2319 sit
1249 2263 1492 2321 tantum
1524 2253 1849 2340 temporis,
1876 2252 2177 2318 nimirum

601 2358 718 2493 gro
747 2339 1254 2430 Quadragesima,
1285 2343 1350 2409 in
1380 2360 1502 2428 qua
1535 2353 1790 2408 octavae
1822 2344 2038 2408 locum
2070 2339 2174 2406 ha·

646 2447 757 2494 ere
802 2439 1136 2513 nequeunt
1181 2447 1262 2496 ex
1313 2428 1635 2512 Rubi-icis,
1684 2440 1956 2495 attamen
2019 2447 2176 2496 non-

600 2515 761 2582 nulli
809 2515 1147 2603 opinantur
1193 2516 1352 2587 intra
1399 2517 1693 2584 eamdem
1754 2527 2035 2583 octavam
2085 2518 2175 2583 lo-

603 2621 748 2669 cum
781 2602 1064 2673 dandum
1093 2624 1219 2673 non
1252 2625 1390 2673 esse
1420 2614 1769 2671 memorato
1791 2605 2005 2672 Officio
2029 2608 2179 2673 San-

604 2702 741 2757 ctae
784 2694 1149 2762 catharinae
1193 2693 1536 2779 undecimo
1583 2693 1888 2761 calendas
1919 2693 2177 2779 Aprilis,

604 2797 674 2844 ac
694 2780 962 2869 proinde
982 2781 1572 2849 Reverendissimus
1592 2781 1942 2869 Episcopus
1960 2784 2181 2849 Sacrae

604 2865 863 2937 Rituum
881 2870 1367 2958 congregationi
1394 2870 1752 2938 humillime
1775 2869 2181 2957 supplicavit,

599 2969 677 3027 ‚ut
721 2968 865 3046 post
918 2969 1198 3025 octavam
1257 2958 1464 3029 Sancti
1515 2957 1839 3027 Benedicti
1892 2957 2180 3027 Officium

603 3047 866 3115 Sanctae
909 3048 1275 3115 catharinae
1321 3049 1661 3116 transferre
1708 3047 2101 3134 dignaretur.

737 3134 1231 3204 Eminentissimi
1301 3155 1456 3204 vero
1519 3157 1590 3204 ac
1646 3134 2180 3208 Reverendissimi

604 3228 818 3290 Patres
860 3223 1058 3292 Sacris
1106 3225 1358 3293 tuendis
1410 3225 1654 3292 Ritibus
1701 3222 2067 3312 praepositi,
2119 3226 2182 3292 in

604 3311 946 3379 ordinariis
991 3312 1272 3381 comitiis
1301 3313 1376 3380 ad
1411 3313 1776 3381 Vaticanum
1824 3311 2181 3398 subsignata

604 3397 713 3465 die
737 3401 1091 3485 coadunati,
1114 3421 1186 3467 re
1208 3412 1455 3469 mature
1478 3420 1790 3491 perpensa
1813 3420 1883 3467 ac
1910 3399 2183 3487 diligen-

607 3497 708 3552 ter
738 3487 1135 3555 considerato
1166 3488 1527 3578 Apostolico
1557 3490 1804 3557 indulto
1834 3489 1979 3555 anni
2014 3493 2182 3557 1816

607 3577 816 3661 quoad
847 3577 1319 3644 concessionem
1367 3588 1620 3644 octavae
1665 3577 1872 3644 Sancti
1918 3577 2187 3646 Benedi-

609 3660 718 3745 cti,
749 3681 869 3729 nec
900 3681 1028 3728 non
1058 3664 1383 3731 referente
1413 3666 1771 3753 subscripto
1803 3666 2183 3748 Secretario,

610 3749 1126 3836 respondendum
1165 3763 1572 3820 censuerunt.
1624 3775 1662 3816 ι
1687 3756 1825 3820 Νοιι
1854 3753 2181 3841 indigere;

612 3855 811 3922 quum
858 3849 1072 3905 octava
1119 3842 1324 3908 Sancti
1385 3841 1709 3908 Benedicti
1758 3860 1882 3908 non
1929 3842 2010 3908 sit
2057 3842 2185 3929 pri·

613 3923 905 4011 vilegiata
938 3947 1005 3993 ν.
1053 3927 1167 3994 Die
1220 3933 1297 3998 19
1345 3929 1480 3995 Maii
1535 3932 1726 3998 1838.

613 4085 718 4154 27
722 4083 850 4154 81.
1215 4088 1551 4154 BEATINA
1565 4137 1580 4154 .

829 4229 1196 4296 Beatissime
1242 4233 1452 4295 Pater.

1955 4086 2183 4174 (assa)

742 4369 1034 4439 Canonici
1083 4368 1403 4437 Ecclesiae
1457 4368 1845 4436 Cathedralis
1891 4368 2187 4436 Reatinae

613 4470 1106 4544 consueverunt,
1156 4477 1237 4523 ex
1283 4476 1401 4524 usu
1447 4456 1828 4540 inveterato,
1877 4477 2047 4524 sacra
2096 4478 2191 4524 as·

611 4564 867 4615 sumere
917 4555 1277 4635 paramenta
1326 4564 1439 4631 pro
1485 4544 1701 4611 Missae
1732 4543 2188 4630 celebratione,

614 4635 964 4708 dummodo
1013 4635 1362 4723 Episcopus
1409 4633 1828 4700 Dioecesanus
1861 4652 1989 4700 non
2025 4644 2194 4699 esset

614 4742 938 4812 praesens,
987 4722 1052 4788 in
1098 4740 1298 4789 cornu
1342 4720 1593 4788 Altaris.
1641 4719 1752 4786 Hic
1784 4743 1933 4788 usus
1979 4720 2193 4809 paucis

614 4811 838 4880 abhinc
897 4812 1074 4877 annis
1133 4809 1210 4876 ab
1275 4810 1504 4897 Episco
1555 4828 1592 4874 o
1665 4819 1814 4877 tunc
1880 4808 2194 4897 temporis

617 4900 802 4968 huius
833 4897 1146 4966 Dioecesis
1191 4897 1475 4965 sublatus
1507 4829 1677 4977 1f)uit.;
1731 4918 1807 4965 eo
1855 4899 2027 4984 quod
2060 4897 2194 4964 exi·

613 4989 898 5054 stimaret
929 4986 993 5053 id
1028 4997 1272 5055 tantum
1316 4987 1458 5053 iure
1495 4996 1869 5073 competere
1899 4986 2197 5055 Praelatis

618 5087 683 5142 et
705 5076 1152 5142 Protonotariis
1174 5072 1572 5160 Apostolicis.
1601 5075 1960 5143 Hodiernus
1982 5087 2195 5142 autem

612 5163 965 5252 Episcopus
996 5163 1321 5247 Reatinus,
1352 5162 1612 5252 speciali
1660 5163 1876 5231 favore
1906 5163 2198 5250 capitulo

614 5250 915 5341 prosequi
963 5250 1251 5338 cupiens,
1301 5252 1709 5319 sanctitatem
1756 5255 2046 5320 Vestram
2079 5252 2197 5318 hu-

616 5338 860 5409 militer
918 5349 1171 5422 exorat,
1220 5347 1292 5405 ut
1348 5357 1535 5406 nsum
1594 5338 1995 5425 praedictum
2055 5357 2201 5426 per-

2274 765 2458 821 tuum
2503 753 2785 822 comitiis
2830 754 2906 822 ad
2956 754 3322 821 Vaticanum
3381 753 3691 821 hodierna
3745 753 3843 820 die

2274 842 2661 926 coadunatis,
2697 846 2878 910 Sacra
2910 840 3333 930 congregatio
3366 840 3841 909 rescribendum

2272 931 2567 998 censuit:
2616 952 2653 995 «ι
2687 929 2945 998 obstant
2991 935 3254 997 Decreta
3288 953 3355 998 ιν.

2409 1020 2520 1086 Die
2573 1021 2650 1088 19
2698 1018 2837 1085 Maii
2886 1022 3081 1087 1838.

2276 1176 2381 1245 27
2385 1177 2527 1245 82.
2786 1177 3063 1244 SANCTI
3103 1177 3342 1243 muci

2456 1278 2472 1301 ⁸
2668 1285 2783 1347 ET
2860 1282 3453 1350 BISINIANEN.

2449 1418 3003 1492 Reverendissime
3036 1423 3301 1492 Domine
3333 1420 3428 1488 uti
3462 1425 3703 1490 Frater.

2409 1550 2575 1617 Acce
2652 1549 2702 1613 is
2747 1570 2779 1614 a
2825 1552 3006 1616 Sacra
3050 1548 3307 1617 Rituum
3341 1550 3843 1637 congregatione

2277 1636 2562 1725 Amplitu
2613 1636 2730 1703 inis
2789 1641 2958 1703 Tuae
3022 1636 3470 1704 informatione
3541 1649 3609 1704 et
3672 1648 3841 1721 voto,

2278 1745 2439 1813 quae
2505 1728 2677 1792 iuxta
2749 1725 2919 1790 illius
2981 1724 3370 1792 voluntatem
3432 1725 3708 1794 dederas
3760 1745 3845 1792 se·

2279 1816 2479 1901 ptimo
2547 1812 2849 1881 calendas
2904 1812 3041 1878 Maii
3092 1813 3400 1881 vertentis
3459 1814 3604 1880 anni
3664 1833 3847 1902 snper

2275 1901 2550 1990 supplici
2597 1900 2843 1967 Libello
2890 1900 3229 1987 dubiisque
3277 1901 3342 1968 in
3392 1921 3469 1968 eo
3517 1902 3845 1990 propositis

2280 2012 2313 2055 a
2357 1989 2701 2058 Sacerdote
2749 1988 3082 2057 Vincentio
3129 1994 3487 2078 campagus
3543 1990 3843 2057 canonico

2279 2078 2605 2163 Theologo
2654 2076 2835 2143 istius
2869 2078 3262 2144 cathedralis
3293 2077 3619 2145 Ecclesiae
3650 2078 3847 2146 Sancti

2280 2166 2493 2249 Marci,
2543 2182 2736 2251 super
2786 2164 3012 2235 iisdem
3059 2167 3142 2233 de
3186 2185 3370 2233 more
3415 2177 3630 2232 actum
3673 2166 3847 2232 estin

2279 2252 2621 2321 ordinariis
2646 2251 2936 2319 eiusdem
2960 2257 3180 2321 Sacrae
3207 2254 3729 2340 congregationis
3749 2257 3848 2323 co-

2280 2341 2473 2409 mitiis
2503 2342 2581 2409 ad
2613 2341 2934 2408 Vaticauas
2958 2342 3169 2409 Aedes
3199 2342 3561 2428 subsignata
3594 2341 3699 2408 die
3724 2363 3848 2409 coa-

2281 2429 2555 2498 dunatis.
2606 2433 2699 2495 Ex
2748 2430 3031 2498 omnium
3075 2430 3495 2518 allegatorum
3543 2431 3846 2513 examine,

2281 2530 2474 2604 atque
2521 2537 2603 2583 ex
2651 2517 2723 2582 iis
2771 2515 2959 2585 etiam
3007 2537 3171 2605 quae
3216 2528 3470 2608 peracta
3499 2530 3649 2584 sunt
3694 2518 3849 2607 apud

2283 2610 2532 2673 Sacram
2563 2608 3137 2691 congregationem
3167 2610 3422 2673 Patrum
3445 2605 3714 2673 concilii
3738 2606 3853 2672 Tri·

2283 2694 2533 2762 dentini
2584 2699 3012 2782 interpretum
3061 2704 3276 2761 contra
3308 2694 3534 2761 lividos
3568 2713 3854 2762 recursus

2283 2781 2625 2870 supradicti
2654 2782 2979 2867 canonici,
3013 2781 3514 2849 Eminentissimi
3543 2785 3759 2849 Patres
3785 2783 3856 2849 ad

2283 2890 2423 2937 rem
2471 2888 2726 2937 omnem
2783 2871 3239 2939 conciliandam
3297 2870 3490 2937 satius
3536 2871 3857 2938 duxerunt

2282 2958 2525 3046 duplici
2571 2958 2771 3026 forma
2815 2960 3203 3040 rescribere3
3251 2959 3595 3027 nimirum:
3647 2971 3722 3025 ut
3757 2962 3857 3027 Ca·

2284 3046 2548 3116 nonicus
2593 3047 2669 3114 ad
2717 3048 3221 3134 Amplitudinem
3278 3051 3476 3115 Tuam
3536 3066 3859 3115 recursum

2286 3136 2554 3204 haberet
2596 3155 2792 3221 super
2835 3137 3159 3224 expositis,
3195 3147 3260 3202 et
3292 3135 3407 3223 ipsi
3443 3135 3859 3224 Amplitudini

2285 3229 2452 3291 Tuae
2511 3223 2901 3291 scriberetur
2962 3225 3134 3292 iuxta
3193 3228 3496 3292 Mentem.
3558 3223 3862 3290 Prudenti

2289 3310 2651 3381 huiusmodi
2698 3311 2960 3378 consilio
3022 3311 3117 3379 via
3171 3312 3626 3380 intercluditur
3671 3315 3861 3379 cano·

2288 3401 2410 3466 nici
2456 3403 2811 3487 campagna
2853 3401 3037 3467 livori
3069 3421 3138 3467 ac
3170 3401 3319 3467 odio
3351 3413 3565 3466 contra
3600 3401 3858 3487 primam

2289 3488 2578 3556 eiusdem
2622 3488 2893 3577 Capituli
2939 3488 3347 3576 Dignitatem,
3382 3500 3573 3574 atque
3612 3487 3857 3575 Episco-

2287 3575 2447 3664 palis
2503 3575 2774 3661 dignitas
2824 3588 2893 3643 et
2951 3577 3287 3644 auctoritas
3347 3587 3507 3642 sarta
3575 3588 3857 3661 tectaque

2292 3665 2718 3750 relinquitur;
2766 3665 2921 3732 dum
2966 3665 3216 3731 nullum
3266 3664 3495 3752 recipit
3524 3684 3722 3754 super
3749 3663 3858 3730 du-

2292 3751 2409 3818 biis
2453 3752 2774 3821 directum
2832 3771 3208 3838 responsum
3257 3765 3321 3820 et
3369 3755 3476 3819 lex
3524 3753 3618 3819 illi
3665 3752 3855 3820 iniun-

2290 3840 2462 3926 gitur
2520 3841 2596 3907 ad
2652 3841 3055 3908 ordinarium
3115 3840 3576 3924 conveniendi,
3637 3852 3706 3907 ut
3762 3857 3856 3905 res

2287 3928 2581 4015 componi
2630 3941 2821 4014 queat
2868 3938 3061 4015 atque
3098 3929 3178 3996 ad
3224 3931 3509 3999 debitum
3544 3928 3852 4011 ordinem,

2288 4027 2597 4104 quatenus
2629 4035 2789 4101 opus
2838 4016 3054 4101 fuerit,
3092 4018 3399 4085 revocari.
3451 4020 3627 4083 Mens
3657 4017 3855 4102 itaque

2290 4106 2479 4173 huius
2526 4108 2748 4171 Sacrae
2793 4107 3313 4193 congregationis
3360 4117 3480 4190 est,
3515 4115 3587 4171 ut
3629 4104 3857 4191 Ampli-

2296 4194 2451 4261 tudo
2484 4197 2612 4260 ‘l'ua
2642 4212 2758 4281 pro
2789 4194 2881 4259 sui
2916 4194 3200 4260 muneris
3247 4204 3425 4281 parte
3459 4212 3718 4260 omnem
3744 4195 3857 4258 sol-

2293 4281 2690 4349 licitudinem
2737 4300 3085 4367 curamque
3116 4299 3373 4349 omnem
3409 4281 3759 4370 impendat,
3800 4290 3862 4344 ut

2297 4372 2360 4437 in
2393 4370 2603 4437 Sancti
2634 4369 2818 4436 Marci
2848 4369 3141 4459 Capitulo
3172 4369 3426 4437 debitus
3471 4369 3680 4455 quoad
3713 4367 3862 4434 cho·

2297 4476 2435 4525 rum
2482 4465 2777 4524 servetur
2822 4459 3006 4542 ordo,
3041 4469 3107 4524 et
3153 4458 3202 4525 si
3250 4457 3358 4544 qui
3406 4457 3636 4524 abusus
3671 4456 3867 4522 forsan

2297 4545 2669 4645 irrepserint
2714 4545 2798 4611 de
2846 4547 3059 4613 medio
3120 4547 3443 4613 tollantur.
3508 4543 3709 4611 Huius
3765 4561 3866 4630 ge-

2297 4652 2468 4700 neris
2528 4633 2749 4719 procul
2810 4632 3003 4700 dubio
3068 4644 3272 4716 esset,
3322 4654 3355 4700 a
3414 4633 3707 4722 pluribus
3766 4638 3867 4699 De-

2298 4721 2491 4788 cretis
2540 4721 2662 4787 iam
2716 4721 3057 4789 interdicta
3113 4722 3507 4789 consuetudo
3566 4716 3867 4787 recitandi

2300 4814 2555 4878 Sextam
2616 4818 2681 4874 et
2735 4812 3009 4896 Nonam,
3058 4812 3217 4878 dum
3272 4828 3394 4896 per
3449 4819 3743 4876 cantores
3795 4825 3867 4872 ex

2297 4903 2543 4987 Organo
2575 4899 2871 4986 expletur
2902 4898 3257 4966 decantatio
3295 4899 3538 4980 Missae,
3572 4915 3739 4983 quae
3767 4893 3866 4961 ali-

2301 4987 2579 5074 quando,
2607 5004 2689 5052 ne
2721 4986 2962 5053 tardior
3038 4986 3477 5054 retraheretur
3508 4985 3665 5051 hora
3688 4983 3867 5051 chori

2300 5086 2445 5164 post
2498 5072 2873 5159 meridiem,
2924 5096 2961 5142 e
3012 5086 3145 5142 ecta
3212 5084 3307 5141 est
3359 5094 3392 5139 a
3437 5072 3769 5140 canonicis
3810 5079 3866 5135 et

2303 5162 2725 5231 Mansionariis
2788 5162 2854 5231 in
2919 5164 3128 5231 choro
3197 5161 3405 5252 posito
3465 5168 3609 5250 post
3668 5161 3865 5228 Altare

2304 5251 2527 5318 maius.
2579 5254 2732 5319 Nam
2784 5253 2988 5319 omnis
3040 5250 3341 5339 obligatio
3389 5249 3579 5319 chori
3632 5264 3865 5316 succes-

2308 5339 2443 5416 sive
2494 5356 2750 5427 semper
2803 5350 2868 5406 et
2917 5358 3046 5408 non
3097 5339 3481 5407 simultanee
3536 5348 3633 5405 est
3686 5335 3864 5404 adim·

3629 1176 3836 1263 (4835)
