4042 5950
2007 263 2477 337 —128—

607 418 846 485 laborat
890 418 1183 485 chronica
1231 418 1637 499 infirmitate3
1687 419 1844 483 duas
1889 436 2046 484 vero
2108 439 2189 485 ex

609 505 837 572 iisdem
907 506 1056 571 alias
1125 506 1352 571 talibus
1419 505 1702 594 corporis
1771 506 2190 590 incommodis

609 592 1013 660 habitualiter
1079 613 1215 658 esse
1277 592 1603 676 obnoxias,
1653 604 1723 659 ut
1769 614 1888 681 pro
1934 614 2189 661 suarum

608 680 836 747 virium
902 680 1338 748 insufficientia
1402 682 1629 749 merito
1693 682 1902 747 timeri
1966 685 2189 769 possit,

607 789 689 835 ne
741 770 956 853 aliquo
1012 768 1434 855 corripiamur
1488 770 1813 854 deliquio,
1879 780 1944 835 et
1998 771 2192 858 impa-

607 878 709 922 res
776 858 899 922 sint
967 858 1393 928 absolvendae
1463 857 1733 942 longiori
1800 870 1867 924 et
1926 857 2193 925 laborio-

605 966 709 1011 sae
753 945 1166 1027 solemnitati,
1218 944 1421 1030 qualis
1467 947 1757 1030 profecto
1814 957 1910 1010 est
1964 948 2194 1012 Monia·

609 1034 763 1098 lium
833 1034 1066 1098 velatio
1134 1053 1246 1099 seu
1315 1032 1708 1098 consecratio
1777 1033 2061 1102 facienda
2132 1035 2193 1099 in

603 1123 886 1189 Ecclesia
935 1121 1267 1186 exteriori.
1316 1121 1520 1198 Quare
1550 1139 1634 1186 ne
1669 1134 1796 1186 tres
1829 1122 2193 1207 praedictae

610 1210 905 1276 moniales
964 1207 1313 1297 spirituali,
1367 1228 1553 1292 quam
1613 1227 2029 1294 summopere
2087 1231 2194 1276 ex·

603 1310 850 1387 optant,
886 1297 1313 1364 consolatione
1363 1297 1744 1383 priventur;
1795 1297 2197 1381 supradictae

603 1389 904 1453 oratrices
949 1386 1165 1452 eidem
1213 1389 1277 1451 S.
1314 1387 1385 1450 C.
1438 1386 1671 1450 devote
1718 1385 2192 1472 supplicarunt,

604 1489 835 1544 utnon
865 1477 1072 1540 solum
1109 1473 1316 1558 quoad
1368 1483 1495 1537 tres
1541 1471 1840 1537 Moniales
1887 1473 2195 1556 infirmas,

608 1583 830 1630 verum
879 1564 1066 1628 etiam
1112 1563 1316 1646 quoad
1371 1571 1615 1626 ceteras
1649 1561 2015 1626 enunciatas
2048 1565 2198 1628 San-

604 1651 999 1719 ctimoniales
1047 1649 1371 1731 velandas,
1421 1668 1538 1733 pro
1587 1647 1700 1713 bac
1731 1648 1888 1713 .vice
1952 1659 2197 1716 tantum

603 1742 975 1826 dispensare
1041 1738 1416 1822 dignaretur
1482 1754 1685 1822 super
1753 1735 2197 1804 observatione

603 1827 984 1896 Pontificalis
1029 1825 1315 1907 Romani,
1352 1842 1703 1907 earumque
1749 1825 2055 1890 solemnis
2088 1844 2196 1891 ve·

607 1918 753 1983 latio
791 1916 927 1983 fieri
964 1914 1158 2002 possit
1191 1913 1266 1978 ad
1302 1912 1704 1978 fenestellam
1741 1912 2194 1979 vestitionum:

604 2024 731 2092 quo
781 2024 932 2071 vero
981 2004 1057 2069 ad
1103 2001 1531 2088 supradictam
1581 2001 1918 2065 Monialem
1952 2013 2097 2065 actu
2135 2013 2198 2068 et

605 2094 819 2161 babitu
851 2092 1161 2157 infirmam
1187 2101 1378 2173 atque
1406 2089 1826 2173 impotentem
1847 2090 2195 2155 accedendi

603 2184 677 2248 ad
730 2179 1301 2258 consecrationem,
1334 2177 1676 2246 annuendo
1709 2176 2092 2262 permittere
2127 2190 2196 2243 ut

606 2269 776 2336 inter
820 2268 1146 2334 Missarum
1195 2264 1513 2331 Solemnia
1570 2286 1598 2325 a
1660 2263 1908 2329 duabus
1969 2265 2199 2331 Meuia-

605 2359 770 2424 libus
817 2358 1033 2421 velum
1087 2354 1496 2420 benedictum
1547 2353 1623 2417 ad
1679 2353 1973 2417 eamdem
2021 2354 2202 2420 defe-

605 2459 805 2513 ratur.

735 2537 814 2599 Ei
863 2535 929 2598 S.
981 2538 1052 2598 R.
1105 2535 1208 2610 C.,
1262 2526 1463 2593 habita
1515 2527 1691 2613 prius
1745 2527 1879 2593 Emi
1928 2538 1991 2593 et
2056 2529 2194 2594 Rmi

605 2619 849 2690 Domini
899 2616 1378 2705 Arcbiepiscopi
1431 2615 1873 2681 informatione
1925 2626 1989 2679 et
2021 2629 2195 2701 voto,

603 2711 680 2777 ad
728 2708 1104 2773 relationem
1151 2704 1287 2771 Emi
1347 2715 1413 2769 et
1473 2704 1611 2774 Rmi
1671 2703 1918 2769 Domini
1982 2704 2197 2770 Cardi-

604 2797 763 2863 nalis
810 2795 1113 2860 Praefecti
1164 2805 1227 2858 et
1273 2791 1594 2874 Ponentis,
1630 2792 1888 2857 attentis
1919 2792 2201 2878 peculia-

603 2884 780 2950 ribus
844 2882 986 2948 facti
1045 2878 1575 2960 circumstantiis,
1629 2879 1907 2964 benigne
1967 2882 2195 2945 rescri-

608 2974 766 3061 psit:
815 2995 853 3035 ι
889 2975 1004 3037 Pro
1052 2970 1286 3056 gratia;
1334 2967 1593 3032 arbitrio
1642 2978 1707 3031 et
1755 2967 1924 3033 iuxta
1974 2982 2194 3034 votum

604 3063 741 3128 Emi
788 3059 1202 3127 ordinarii».
1251 3057 1364 3124 Die
1418 3061 1490 3122 ss
1545 3057 1677 3121 Maii
1736 3059 1927 3121 1765.

610 3204 854 3273 2477.
1191 3200 1623 3266 roLnrANA.
1965 3198 2196 3285 (4328)

738 3328 1389 3392 Inter‘Promotorem
1444 3321 1746 3387 Fiscalem
1812 3321 2038 3389 Curiae
2101 3343 2197 3387 ar-

607 3414 1094 3500 chiepiscopalis
1117 3412 1453 3477 Toletanae
1490 3428 1568 3473 ex
1604 3429 1750 3491 una,
1788 3421 1852 3474 et
1887 3414 2048 3475 Ven.
2084 3413 2197 3477 So·

605 3503 904 3566 cietatem
954 3502 1127 3566 SSmi
1175 3498 1474 3565 crucifixi
1528 3497 1900 3563 iniuriarum
1952 3512 2198 3564 nun‘cu·

610 3599 812 3675 patam
867 3587 1130 3672 eiusque
1178 3585 1542 3655 confratres
1575 3634 1591 3667 ‚
1645 3597 1922 3651 erectam
1972 3585 2031 3650 in
2080 3591 2190 3653 Ec-

604 3675 796 3740 clesia
867 3678 930 3741 S.
1000 3672 1327 3739 Aemiliani
1377 3675 1819 3757 suffraganeae
1877 3676 2194 3740 Ecclesiae

607 3762 984 3827 Parocbialis
1027 3766 1403 3830 Sanctorum
1451 3764 1597 3826 lusti
1633 3773 1699 3826 et
1732 3763 1994 3826 Pastoris
2029 3763 2197 3829 eius-

606 3853 756 3917 dem
830 3850 1111 3918 Civitatis
1180 3870 1264 3916 ex
1332 3849 1526 3914 altera
1598 3848 1910 3934 partibus,
1951 3864 2197 3917 -exorta

605 3939 1035 4006 controversia
1060 3957 1256 4023 super
1278 3938 1753 4003 continuatione
1780 3938 2199 4003 Processionis

608 4027 827 4128 peragi
859 4028 1079 4092 solitae
1115 4024 1291 4091 Feria
1327 4028 1400 4090 Vl
1439 4025 1688 4089 maioris
1718 4025 2194 4109 Hebdomadae,

609 4117 848 4198 illaque
906 4115 983 4179 ad
1044 4119 1107 4181 S.
1162 4119 1235 4180 R.
1289 4118 1365 4179 C.
1425 4114 1671 4195 delata,
1724 4112 2192 4198 infrascriptum

606 4203 874 4270 dubium
921 4222 1128 4269 coram
1179 4207 1334 4267 Emo
1367 4211 1431 4265 et
1464 4204 1620 4267 Rmo
1669 4205 1846 4265 Dom.
1883 4200 2196 4267 Cat-dinali

607 4291 827 4359 Albani
876 4291 1188 4378 Episcopo
1236 4289 1561 4357 Sabinensi
1612 4292 1896 4353 Ponente
1943 4307 2202 4355 concor-

605 4382 851 4463 datum,
901 4378 1342 4446 decidendum
1395 4375 1789 4463 propositum
1841 4376 2007 4441 fuit:
2075 4378 2195 4461 An,

606 4482 669 4535 et
719 4468 1045 4551 quomodo
1092 4469 1168 4532 sit
1218 4466 1638 4531 continuanda
1689 4464 2058 4547 Processio,
2117 4466 2199 4531 de

607 4576 727 4640 qua
762 4554 1010 4639 agitur;
1059 4557 1161 4621 vel
1196 4555 1406 4641 potius
1441 4552 1651 4616 obstet
1699 4550 2011 4616 ordinatio
2059 4553 2196 4619 Rmi

609 4643 1088 4730 Arcbiepiscopi
1113 4642 1145 4708 ⁴?

737 4733 816 4796 Et
865 4735 931 4796 S.
981 4736 1057 4797 R.
1111 4734 1213 4813 C.,
1267 4743 1528 4811 utraque
1595 4737 1770 4815 parte
1833 4728 2070 4815 scripto
2134 4740 2197 4795 et

608 4837 764 4885 voce
805 4820 1184 4901 informante
1219 4818 1427 4884 audita
1463 4816 1740 4901 visisque
1778 4813 2020 4882 iuribus
2052 4817 2197 4884 binc

608 4907 759 4971 inde
805 4907 1141 4987 deductis,
1193 4909 1267 4970 ad
1321 4907 1693 4969 relationem
1740 4905 2006 4990 praefati
2056 4906 2194 4971 Emi

605 4995 924 5075 Ponentis,
955 4992 1440 5061 rescribendum
1473 4992 1720 5057 censuit
1747 5014 1763 5056 ι
1798 5013 1836 5055 4
1863 4994 2193 5077 Negative,

607 5081 680 5145 atl
737 5081 1003 5164 primam
1052 5090 1338 5166 partem3
1388 5078 1805 5157 Affirmative,
1847 5081 1923 5147 ad
1971 5100 2197 5149 secun·

610 5171 753 5234 dam
789 5189 849 5233 ».

743 5260 819 5321 Et
890 5257 971 5321 ita
1039 5255 1388 5321 declaravit
1435 5274 1506 5319 ac
1552 5252 1788 5334 servari
1846 5253 2192 5318 mandavit.

611 5344 724 5410 Die
779 5348 851 5409 lt
903 5343 1039 5409 Maii
1098 5346 1287 5407 1765.

2736 420 3016 485 MON‘rls
3062 418 3438 486 Pott'rmm

2626 527 2750 590 lUR
2761 526 2829 590 ts
2871 524 3553 590 PRAECEDENTIAE.

2291 417 2540 487 24⁷8.
3655 416 3868 502 (4329)

2425 684 2520 749 Ad
2582 683 2971 750 dirimendas
3032 683 3368 749 nonnullas
3424 683 3878 748 controversias

2296 782 2549 838 exortas
2596 771 2764 838 inter
2808 771 3228 857 Cappellanos
3276 770 3596 836 Ecclesiae
3662 772 3878 837 Cathe-

2295 860 2485 925 dralis
2534 860 2757 925 Montis
2804 858 3089 924 Politiani
3141 877 3219 922 ex
3260 877 3408 940 una,
3443 870 3637 942 atque
3672 863 3876 924 Sacer-

2296 948 2482 1013 dotes
2528 947 2949 1012 inservientes
2994 944 3317 1012 Ecclesiae
3366 948 3429 1011 S.
3464 946 3660 1012 ·Blasii
3712 956 3877 1012 extra

2298 1034 2545 1101 moenia
2592 1034 2874 1101 Civitatis
2938 1054 3017 1099 ex
3064 1035 3260 1100 altera
3318 1034 3645 1119 partibus,
3696 1054 3882 1121 super

2294 1123 2704 1189 associatione
2751 1125 3132 1191 cadaverum
3178 1121 3254 1187 ad
3308 1123 3659 1187 Ecclesiam
3714 1141 3881 1208 prae·

2300 1212 2482 1276 fatam
2535 1214 2595 1276 S.
2634 1210 3188 1296 Blasii,-quoniam
3234 1209 3383 1275 illae
3431 1211 3515 1275 de
3562 1208 3877 1276 communi

2301 1299 2573 1386 partium
2630 1318 2981 1382 consensu,
3043 1301 3202 1364 Rmo
3252 1298 3568 1386 Episcopo
3629 1317 3879 1382 quoque

2297 1389 2713 1474 approbante,
2764 1386 2841 1452 ad
2875 1390 2939 1454 S.
2974 1390 3047 1452 R.
3086 1388 3157 1453 C.
3194 1387 3444 1452 delatae
3482 1395 3659 1463 sunt,
3696 1390 3881 1452 Emus

2300 1477 2364 1542 et
2408 1481 2604 1544 Rmus
2650 1476 2955 1541 Dominus
2999 1472 3346 1540 Cardinalis
3393 1479 3456 1539 S.
3504 1473 3733 1560 Angeli
3780 1479 3880 1540 Po-

2301 1585 2459 1631 nens
2505 1563 2975 1648 infrascriptum
3013 1561 3281 1628 dubium
3315 1565 3677 1648 proposuit,
3711 1582 3879 1628 nem·

2299 1673 2420 1739 pe:
2472 1657 2566 1724 An
2598 1650 2927 1717 occasione
2959 1651 3305 1718 associandi
3336 1671 3568 1739 corpus
3599 1649 3880 1718 defuncti

2301 1741 2595 1821 alicuius,
2645 1738 2753 1824 qui
2803 1737 2997 1804 fuerit
3043 1738 3125 1804 de
3172 1759 3321 1805 cura
3372 1749 3436 1804 et
3485 1740 3730 1827 populo
3775 1742 3880 1803 Ec-

2301 1827 2528 1895 clesiae
2576 1825 2971 1894 Catbedralis
3022 1827 3367 1892 Politianae
3412 1827 3486 1892 ad
3538 1827 3881 1893 Ecclesiam

2301 1921 2365 1984 S.
2402 1914 2585 1981 Blasii
2633 1913 2902 1998 positam
2934 1912 3098 1979 intra
3146 1913 3305 1980 fines
3354 1915 3683 1981 Ecclesiae
3712 1933 3883 2001 paro·

2299 2001 2518 2070 cbialis
2549 2005 2618 2070 S.
2651 2002 3110 2068 Bartholomaei
3146 2003 3229 2069 de
3261 2002 3540 2068 Castello
3570 2001 3885 2069 Dioecesis

2302 2091 2680 2172 Politianae,
2745 2109 2890 2155 cum
2953 2089 3029 2154 ad
3092 2089 3572 2155 associationem
3649 2089 3881 2155 invitati

2304 2181 2540 2248 fuerint
2572 2188 2707 2245 tum
2741 2178 3112 2264 Cappellani
3147 2179 3470 2244 Ecclesiae
3500 2175 3884 2246 Catbedralis

2299 2270 2539 2353 absque
2586 2267 2958 2331 interventu
3008 2265 3311 2351 Capituli,
3349 2276 3483 2332 tum
3530 2264 3879 2351 Presbyteri

2303 2355 2724 2422 inservientes
2770 2353 2981 2418 dictae
3026 2353 3352 2419 Ecclesiae
3401 2356 3463 2420 S.
3516 2353 3730 2434 Blasii,
3782 2351 3883 2417 de-

2300 2444 2525 2509 beatur
2592 2442 3041 2528 praecedentia
3104 2441 3506 2527 Gappellanis
3576 2442 3882 2526 praefatae

2298 2529 2731 2605 Catbedralis;
2799 2529 2901 2593 vel
2968 2528 3178 2616 potius
3218 2529 3639 2614 Presbyteris
3698 2528 3884 2594 inser-

2302 2617 2621 2684 vientibus
2667 2616 2989 2682 Ecclesiae
3024 2620 3088 2684 S.
3126 2616 3309 2681 Blasii
3348 2629 3674 2701 tamquam
3710 2616 3884 2683 Clero

2305 2705 2623 2773 Ecclesiae
2677 2701 3094 2770 tumulantis‘?

2434 2800 2511 2858 Et
2558 2797 2621 2859 S.
2658 2795 2737 2858 R.
2771 2796 2875 2873 C.,
2929 2790 3135 2857 habita
3184 2791 3362 2876 prius
3412 2792 3705 2859 eiusdem
3760 2788 3881 2856 Rriii

2302 2881 2593 2969 Episcopi
2646 2880 3117 2962 informatione,
3169 2879 3243 2944 ad
3294 2880 3681 2946 relationem
3728 2895 3886 2967 prae·

2301 2970 2405 3036 fati
2441 2969 2579 3034 Efni
2616 2982 2679 3034 et
2711 2967 2847 3034 Rmi
2885 2967 3130 3034 Domini
3178 2967 3528 3035 cardinalis
3577 2966 3882 3046 Ponentis,

2298 3058 2787 3123 rescribendum
2836 3056 3125 3121 censuit:
3176 3078 3214 3118 ι
3251 3057 3592 3142 Negative,
3646 3057 3723 3122 ad
3769 3052 3885 3140 pri-

2303 3165 2470 3212 mam
2506 3158 2788 3232 partem;
2826 3144 3244 3226 Affirmative,
3282 3146 3357 3211 ad
3392 3144 3785 3220 secundam;
3829 3152 3883 3203 et

2300 3236 2377 3305 ad
2426 3245 2710 3299 mentem
2760 3232 2898 3297 Emi
2948 3232 3268 3297 PonentiS.
3319 3236 3493 3299 Mens
3522 3243 3742 3298 autem
3776 3238 3883 3305 est,

2298 3323 2470 3407 quod
2522 3321 2872 3408 Episcopus
2924 3318 3260 3406 probibeat
3306 3320 3715 3408 cappellanis
3779 3323 3882 3383 Ec·

2299 3412 2530 3476 clesiae
2597 3409 3030 3490 CatbedraliS,
3094 3427 3216 3490 ne,
3286 3427 3434 3474 cum
3497 3409 3562 3473 in
3622 3404 3885 3492 publicis

2296 3496 2867 3586 supplicationibus
2926 3496 3063 3582 sive
3122 3496 3572 3563 defunctorum
3631 3492 3883 3561 associa-

2302 3586 2578 3652 tionibus
2603 3584 2966 3672 procedunt
2989 3583 3225 3668 absque
3251 3584 3693 3651 interessentia
3731 3580 3883 3647 illius

2301 3675 2601 3759 Capituli,
2652 3673 2977 3738 almutiam
3026 3692 3222 3759 super
3254 3672 3528 3739 brachiis
3559 3672 3880 3763 deferant}

2299 3763 2607 3828 indecens
2657 3761 2828 3826 enim
2865 3772 2963 3826 est
2995 3760 3167 3845 quod
3202 3760 3321 3845 ipsi
3350 3758 3751 3846 cappellani,
3784 3774 3878 3841 qut

2303 3870 2449 3916 cum
2505 3849 2799 3935 Capitulo
2840 3851 3191 3915 dumtaxat
3262 3868 3462 3914 unum
3528 3866 3762 3932 corpus
3808 3844 3880 3910 fa-

2301 3940 2500 4017 ciunt,
2537 3937 2612 4001 ab
2646 3939 2878 4003 eodem
2912 3955 3181 4023 corpore
3229 3936 3557 4015 disiuncti,
3595 3935 3670 4000 iis
3703 3934 3875 4000 etiam

2302 4036 2560 4094 utantur
2609 4024 2988 4111 insignibu3‚
3038 4043 3204 4108 quae
3251 4044 3377 4089 non
3424 4024 3734 4090 membris
3778 4017 3875 4083 sed

2306 4116 2414 4178 toti
2467 4115 2716 4200 corpori
2766 4113 3244 4178 conveniunt».
3284 4116 3363 4176 Et
3392 4113 3477 4177 ita
3509 4109 3796 4178 decrevit
3825 4116 3876 4169 et

2299 4202 2539 4266 servari
2590 4201 2933 4266 mandavit.
2987 4200 3099 4264 Die
3149 4202 3230 4265 20
3281 4200 3417 4265 lulii
3476 4202 3668 4266 1765.

2308 4344 2554 4410 2479.
2933 4343 3278 4407 vssNn'rA.
3667 4334 3873 4428 (4332)

2430 4467 2643 4543 Quoad
2693 4465 3232 4531 continuationem
3261 4465 3720 4535 ,celebrationis
3750 4460 3876 4529 Mis·

2302 4573 2509 4619 sarum
2565 4555 2629 4619 in
2674 4553 2869 4619 Altari
2920 4552 3150 4619 nobilis
3202 4553 3499 4619 Familiae
3546 4552 3778 4619 Renier
3821 4547 3873 4610 in

2303 4642 2584 4707 Ecclesia
2616 4644 2681 4708 S.
2718 4642 2945 4706 Mariae
2977 4641 3058 4707 de
3092 4646 3285 4707 Horto
3319 4652 3747 4728 nuncupatae,
3772 4632 3876 4700 sub

2301 4749 2429 4814 quo
2480 4730 2732 4796 humata
2791 4729 3203 4815 reperiuntur
3263 4729 3569 4794 cadavera
3630 4738 3869 4794 suorum

2301 4820 2613 4883 maiorum
2644 4829 2773 4884 etc.
2807 4840 2844 4880 αι
2871 4819 3125 4900 SSmus,
3156 4816 3596 4883 confirmando
3619 4820 3872 4881 Decreto

2302 4906 2832 4991 Congregationis
2892 4907 3231 4971 Sacrorum
3300 4905 3562 4971 Rituum
3620 4904 3872 4996 de‘non

2304 4994 2694 5059 celebrando
2744 4998 3150 5058 Sacrosancto
3196 4992 3416 5057 Missae
3465 4991 3777 5059 Sacrificio
3820 5001 3870 5047 tn

2306 5076 2501 5146 Altari
2559 5083 2678 5147 sub
2738 5101 2863 5167 quo
2923 5081 3174 5167 sepulta
3239 5079 3525 5145 existunt
3586 5080 3868 5145 cadavera

2302 5169 2786 5250 defunctorum,
2820 5168 3143 5233 mandavit
3189 5169 3397 5232 Missas
3444 5185 3571 5233 non
3619 5185 3753 5231 esse
3782 5178 3869 5225 ce·

2306 5255 2639 5320 lebrandas
2704 5256 2765 5319 in
2824 5256 3061 5337 Altari,
3110 5256 3194 5320 de
3252 5275 3378 5340 quo
3438 5254 3501 5320 in
3563 5252 3864 5339 precibus

2305 5343 2513 5407 donec
2558 5342 2686 5406 sint
2731 5342 2848 5407 sub
2913 5361 2990 5407 eo
3054 5342 3323 5427 eiusque
3374 5343 3664 5428 pradella
3713 5337 3869 5406 cada·
