4042 5950
2009 299 2325 380 —476
2381 345 2483 359 -

592 457 922 525 Canonicis
967 457 1045 526 ad
1092 457 1156 526 id
1205 477 1325 546 per
1369 467 1633 525 turnum
1673 457 1948 524 invitatis
1983 456 2048 524 in
2080 457 2182 523 ΑΙ-

598 545 714 612 tari
758 566 875 613 seu
919 546 1220 634 cappella
1265 545 1555 613 eiusdem
1602 544 1879 632 Virginis
1923 547 1996 612 do
2033 549 2185 615 Cin-

593 634 780 720 gulo,
830 653 992 720 quae
1051 635 1248 701 altera
1306 644 1401 701 est
1470 652 1551 700 ex
1609 634 1933 721 cappellis
1996 633 2187 701 buius

595 723 957 789 Ecclesiae:
1004 721 1265 790 absente
1311 743 1342 788 a
1389 721 1598 790 choro
1646 722 1936 809 capitulo
1986 731 2054 790 et
2083 742 2184 794 re-

599 811 995 878 manentibus
1042 811 1119 878 ad
1169 821 1426 878 cantum
1457 810 1607 877 solis
1636 810 2185 879 commensalibus

598 911 662 966 et
707 897 1127 966 Beneficiatis.
1180 901 1423 966 Verum
1490 917 1638 966 cnm
1682 917 1847 965 anno
1896 899 2188 987 proxime

597 986 812 1074 elapso
860 998 1071 1053 orator
1115 986 1531 1074 significasset
1587 987 1698 1054 bas
1761 986 1966 1053 Missas
2029 986 2189 1053 voti-

596 1095 726 1159 vas,
774 1094 888 1141 sno
938 1087 1003 1142 et
1047 1077 1473 1161 quorumdam
1521 1074 1791 1142 aliorum
1837 1075 2187 1144 canonico-

598 1181 744 1230 rum
791 1163 1051 1247 iudicio,
1087 1164 1258 1230 iuxta
1291 1162 1591 1231 Rubricas
1624 1176 1690 1229 et
1730 1162 1913 1229 istius
1961 1166 2186 1230 Sacrae

597 1250 1122 1339 Congregationis
1169 1255 1434 1318 Decreta
1481 1251 1788 1320 celebrari
1841 1271 1966 1317 non
2002 1269 2188 1351 posse

597 1339 833 1426 absque
891 1338 1148 1428 speciali
1221 1340 1402 1407 Sedis
1460 1340 1862 1429 Apostolicae
1922 1338 2185 1427 privile-

600 1427 743 1516 gio,
794 1446 1072 1514 cumque
1149 1427 1235 1494 de
1303 1428 1640 1516 privilegio
1712 1447 1838 1495 non
1908 1438 2183 1513 constet,

604 1517 892 1601 quamvis
925 1516 1202 1583 existere
1232 1518 1714 1605 supponebatur
1742 1531 1761 1594 ;
1793 1535 1963 1583 nunc
1994 1534 2188 1601 quae·

602 1604 724 1669 stio
771 1623 850 1670 eo
894 1604 1197 1671 devenit:
1248 1607 1341 1670 An
1392 1604 1742 1672 continuari
1795 1604 1993 1693 possit
2041 1620 2190 1669 con·

599 1692 902 1777 suetudo,
918 1711 1109 1779 quam
1136 1693 1711 1760 immemorabilem
1732 1694 1978 1776 dicunt,
2008 1710 2189 1781 prae·

599 1779 796 1848 dictas
824 1780 1030 1847 Missas
1052 1781 1445 1865 celebrandi,
1464 1782 1752 1869 quamvis
1774 1779 2188 1870 privilegium

600 1886 732 1934 non
785 1868 1038 1935 existat.
1095 1871 1316 1936 Orator
1364 1869 1558 1958 igitur
1603 1891 1634 1935 a
1683 1873 2018 1938 Sacrorum
2083 1866 2189 1935 Ri-

606 1967 786 2022 tunm
816 1959 1325 2045 congregatione
1371 1957 1701 2026 humiliter
1746 1958 2043 2045 exposuit
2075 1957 2191 2024 de·

604 2043 849 2128 clarari,
883 2062 961 2111 an
992 2046 1156 2113 dicta
1199 2048 1597 2115 consuetudo
1645 2045 1997 2113 continuari
2046 2065 2192 2134 pos-

602 2132 707 2216 sit,
756 2152 905 2200 cum
949 2153 1076 2202 non
1123 2147 1372 2201 constet
1402 2137 1483 2204 de
1513 2135 1768 2223 speciali
1803 2134 1986 2202 Sedis
2020 2135 2189 2220 Apo·

604 2221 863 2287 stolicae
907 2219 1208 2290 indulto?
1558 2251 1568 2257 ·
1833 2299 1838 2304 ,

737 2309 1009 2377 Dubium
1043 2314 1115 2378 11.
1167 2313 1347 2377 Anne
1380 2312 1444 2378 in
1475 2310 1813 2401 praedictis
1845 2309 2041 2377 Missis
2074 2313 2194 2378 Vo-

609 2396 752 2463 tivis
796 2399 1030 2465 cantari
1076 2400 1274 2487 possit
1325 2400 1548 2467 Gloria
1595 2409 1661 2466 et
1710 2398 1955 2467 Credo?

736 2483 1011 2553 Dubium
1067 2490 1163 2554 111.
1229 2489 1326 2554 An
1393 2487 1619 2556 diebus
1686 2488 1843 2555 infra
1905 2499 2191 2554 octavam

604 2574 951 2641 Nativitatis
1003 2579 1068 2643 B.
1117 2578 1199 2642 Μ.
1256 2579 1334 2644 V.
1385 2577 1709 2663 praedicta
1755 2576 1930 2642 mssa
1979 2572 2190 2641 votiva

605 2663 840 2730 cantari
885 2661 1119 2730 debeat
1163 2664 1247 2731 de
1298 2665 1629 2731 Nativitate
1677 2665 1845 2731 iuxta
1886 2663 2037 2731 alias
2075 2664 2189 2730 de-

608 2762 813 2828 creta;
855 2750 960 2817 vel
990 2751 1075 2817 de
1110 2763 1399 2840 tempore
1432 2770 1578 2819 cum
1607 2752 1901 2821 Oratione
1935 2751 2189 2839 propria

606 2843 678 2905 Β.
728 2842 807 2903 Μ.
859 2841 938 2905 V.
985 2839 1058 2905 dc
1106 2840 1433 2927 (Πειραιοῖ

735 2923 1008 2996 Dubium
1052 2932 1154 2998 tv.
1209 2934 1301 2998 An
1347 2928 1666 2999 Dominica
1714 2928 1872 2997 inira
1905 2940 2187 2997 octavam

604 3016 952 3083 Nativitatis
998 3023 1070 3086 B.
1105 3021 1183 3086 N.
1223 3022 1332 3104 V.,
1383 3028 1760 3086 occurrente
1796 3023 1979 3086 Festo
2009 3019 2190 3087 ssmi

603 3103 886 3173 Nominis
941 3106 1111 3193 eius,
1158 3108 1484 3195 praedicta
1538 3107 1713 3175 Missa
1776 3107 1985 3174 votiva
2046 3126 2189 3174 can·

608 3192 722 3259 tari
768 3193 997 3260 debeat
1044 3195 1129 3263 de
1176 3208 1414 3280 octava,
1447 3198 1551 3264 vel
1599 3196 1684 3262 de
1715 3199 1927 3278 Festo,
1964 3196 2070 3262 vel
2103 3195 2188 3262 de

607 3285 938 3436 ἓρωρῖνο,
967 3301 1112 3350 cum
1156 3284 1450 3352 Oratione
1495 3284 1750 3374 propria
1781 3288 1851 3350 B.
1889 3286 1974 3351 Μ.
2009 3287 2087 3353 V.
2120 3285 2192 3352 dc

662 3390 735 3438 m
777 3390 822 3436 u
852 3389 885 3434 o
1619 3422 1624 3427 .

736 3389 1010 3529 {abtum
1056 3464 1131 3529 V.
1183 3450 1411 3530 Utrum
1470 3460 1793 3550 praedicta
1849 3461 2026 3527 Missa
2080 3482 2189 3529 vo·

609 3547 732 3613 tiva
778 3549 1008 3614 cantari
1059 3551 1256 3639 possit
1301 3550 1438 3639 ipso
1485 3550 1590 3618 die
1622 3553 1810 3615 Festo
1838 3548 2190 3616 Nativitatis

607 3639 681 3701 B.
714 3637 795 3703 N.
832 3638 941 3719 V.,
985 3638 1156 3723 quod
1203 3639 1268 3705 in
1315 3638 1430 3705 bac
1476 3637 1757 3706 Dioecesi
1792 3638 1918 3704 ritu
1950 3637 2193 3726 duplici

606 3723 848 3813 primae
894 3725 1101 3792 classis
1147 3737 1213 3792 et
1259 3725 1379 3792 sub
1424 3725 1662 3817 duplici
1709 3737 2055 3826 praecepto
2098 3736 2191 3792 est

607 3810 975 3898 colendum,
1026 3824 1251 3903 utpote
1297 3818 1620 3883 Patronale
1669 3815 1960 3881 eiusdem
2008 3815 2189 3881 Dioe·

609 3899 768 3967 cesis
814 3920 896 3968 ex
942 3902 1351 3971 concessione
1399 3905 1755 3991 Apostolica
1804 3902 1906 3969 die
1961 3905 2039 3968 12
2071 3905 2191 3968 De-

608 3989 881 4056 cembris
933 3988 1154 4058 1867?

707 4082 819 4145 ·Et
863 4082 1047 4149 Sacra
1094 4080 1353 4148 Rituum
1383 4078 1828 4169 congregatio,
1865 4079 2189 4146 referente

605 4165 963 4255 subscripto
1009 4170 1365 4236 secretario
1411 4180 1475 4234 et
1521 4169 1733 4238 audita
1778 4166 2092 4235 sententia
2124 4166 2190 4233 in

605 4255 858 4341 scriptis
902 4255 1162 4322 alterius
1197 4277 1276 4324 ex
1311 4258 1811 4348 Apostolicarum
1855 4259 2189 4323 caeremo-

607 4341 857 4409 niarnm
905 4345 1248 4433 Magistris,
1298 4346 1639 4434 propositis
1695 4344 1903 4414 dubiis
1962 4344 2191 4410 rescri-

611 4429 768 4498 bere
816 4442 940 4498 rata
987 4445 1136 4500 est:

740 4521 835 4587 Ad
867 4526 914 4588 1.
964 4544 1002 4587 ‹
1033 4525 1373 4611 Negative3
1408 4524 1521 4592 sed
1565 4525 1787 4592 eadem
1822 4526 2004 4592 Sacra
2036 4524 2195 4588 con-

608 4611 893 4696 gregatio
940 4611 1025 4678 de
1068 4613 1326 4700 speciali
1375 4612 1569 4701 gratia
1617 4611 1935 4697 indulget,
1973 4622 2043 4676 ut
2075 4610 2193 4677 du·

611 4709 790 4764 rante
857 4699 1112 4768 octiduo
1181 4702 1364 4769 unica
1431 4701 1604 4767 Missa
1674 4700 1976 4766 solemnis
2046 4718 2190 4766 cum

614 4786 837 4853 Gloria
885 4798 947 4854 et
996 4789 1215 4865 Credo,
1269 4799 1338 4855 ut
1388 4790 1450 4855 in
1496 4793 1684 4855 Festo
1728 4792 1801 4855 B.
1850 4790 1932 4856 N.
1983 4790 2065 4855 V.
2120 4789 2193 4854 de

614 4874 886 4960 cinqulo
933 4877 1252 4944 decantari
1298 4878 1527 4962 valeat,
1577 4878 1832 4963 expleta
1880 4876 2192 4944 tamenin

608 4962 818 5028 choro
865 4965 1238 5032 recitatione
1285 4969 1486 5032 Horae
1531 4967 1772 5050 Nonae,
1808 4984 1936 5032 non
1966 4966 2189 5031 omissa

610 5051 1028 5119 Conventuali
1077 5054 1161 5120 de
1209 5055 1344 5139 die,
1379 5065 1443 5120 et
1489 5052 1774 5140 exceptis
1821 5053 2194 5141 Duplicibus

610 5137 853 5242 primae
899 5142 1112 5208 classis
1159 5153 1223 5210 et
1255 5142 1544 5229 quolibet
1573 5143 1695 5208 alio
1727 5146 1913 5210 Festo
1945 5143 2049 5207 vel
2085 5142 2193 5209 die

611 5226 770 5295 inira
817 5240 1108 5296 octavam·
1148 5231 1439 5298 eiusdem
1488 5229 1791 5333 Deiparae
1822 5254 1881 5297 ι.

695 5404 708 5417 ·
745 5316 840 5383 Ad
886 5320 960 5383 11.
1011 5338 1049 5381 ι
1081 5319 1425 5406 Negativ03
1463 5318 1580 5385 nisi
1609 5338 1673 5384 tn
1704 5319 1952 5387 indulto
1985 5317 2050 5384 id
2085 5335 2190 5382 ex-

613 5412 924 5495 primatur
956 5423 1019 5467 ».

2419 459 2513 526 Ad
2562 462 2666 526 lll.
2716 481 2754 524 ι
2789 458 3219 545 Affirmative,
3267 460 3347 529 ad
3410 462 3685 549 primam
3742 483 3879 552 par·

2286 556 2464 631 tem;
2516 548 2843 633 Negative,
2893 548 2970 615 ad
3017 549 3365 617 secundam
3399 573 3462 614 ι.

2424 636 2516 701 Ad
2569 639 2673 704 tv.
2722 646 2788 703 et
2835 639 2912 704 V.
2963 658 3001 701 ι
3031 637 3465 704 omittendam
3534 659 3675 706 esse
3742 639 3873 706 Uis·

2288 741 2421 790 sam
2467 724 2746 791 votivam
2777 746 2839 791 ».

2410 814 2629 911 ’Atque
2677 813 2761 880 ita
2807 813 3159 900 rescripsit,
3194 816 3507 882 concessit
3556 826 3625 882 et
3666 816 3875 884 decla·

2298 911 2484 965 ravit.
2676 915 2682 924 ·

2423 989 2534 1054 Die
2581 993 2618 1055 3
2669 988 2809 1056 Iulii
2866 992 3059 1058 1869.

2291 1143 2549 1213 3210.
2924 1146 3231 1213 ORDlNlS

2569 1250 2919 1318 fflNORUM
2968 1252 3613 1322 Rssrossussottuu

2823 1359 2889 1425 S.
2930 1358 3350 1438 FRAthscl.

2420 1518 2613 1582 Rmus
2660 1520 2840 1583 Pater
2884 1517 3310 1584 Bernardinns
3340 1539 3374 1583 a
3414 1522 3608 1586 Portu
3656 1523 3879 1587 Roma·

2290 1605 2421 1670 tino
2499 1604 2779 1671 Minister
2851 1606 3177 1672 Generalis
3242 1605 3493 1674 Ordinis
3565 1609 3881 1675 Uinorum

2290 1696 2353 1760 S.
2405 1692 2749 1777 Francisci,
2809 1711 3010 1780 quum
3066 1695 3496 1761 Procuratoris
3556 1697 3883 1763 Generalis

2292 1799 2561 1847 munere
2608 1799 2723 1867 pro
2770 1780 3281 1870 Reformatorum
3337 1783 3594 1850 Familia
3658 1784 3885 1872 funge-

2293 1880 2500 1950 retur,
2548 1889 2580 1932 a
2626 1870 2812 1935 Sacra
2869 1869 3129 1938 Rituum
3189 1872 3706 1959 congregatione
3770 1875 3885 1942 bu·

2298 1955 2536 2023 militer
2582 1957 2974 2043 postolavit:

2424 2047 2518 2110 An
2579 2044 2859 2132 religiosi
2917 2044 3167 2113 Ordinis
3233 2046 3332 2113 sui
3392 2046 3458 2114 in
3518 2049 3887 2137 suppressis

2293 2131 2502 2200 ltaliae
2534 2132 2878 2199 ProvinciIs
2921 2146 3389 2202 commorantes
3437 2147 3782 2205 teneantur
3811 2137 3885 2203 ad

3654 1150 3877 1236 (sm)

2294 2219 2732 2287 recitationem
2778 2220 2976 2288 Officii
3022 2223 3271 2290 Patroni
3312 2224 3712 2312 respectivae
3742 2228 3885 2292 Pro·

2290 2307 2535 2376 vinciae
2581 2309 2947 2397 Regularis3
2999 2310 3075 2376 ad
3140 2313 3311 2398 quod
3375 2309 3665 2379 Officium
3722 2313 3889 2380 reci-

2292 2397 2556 2464 tandum
2604 2408 2905 2464 tenentur
2950 2417 3032 2464 ex

2292 2484 2412 2573 prii
2460 2483 2714 2552 Ordinis
2760 2487 2838 2550 N.
2893 2483 3031 2554 16⁶?

2288 2631 2293 2640 .
2427 2578 2503 2640 Et
2549 2574 2730 2639 Sacra
2778 2574 3039 2643 Rituum
3068 2575 3517 2666 congregatio,
3555 2575 3889 2644 referente

2292 2660 2651 2749 subscripto
2698 2663 3057 2730 Secretario
3105 2674 3171 2730 et
3215 2664 3425 2731 audita
3486 2664 3680 2730 etiam
3741 2683 3889 2731 sen·

2297 2750 2490 2816 tentia
2536 2750 2798 2817 alterius
2846 2770 2927 2818 ex
2975 2753 3481 2838 Apostolicarum
3542 2755 3890 2821 caeremo-

2293 2839 2537 2905 niarum
2586 2838 2915 2927 magistris,
2965 2840 3317 2907 rescribere
3365 2850 3494 2906 rata
3528 2852 3667 2906 est:
3702 2862 3742 2904 ι
3780 2841 3889 2908 Δί·

2296 2925 2650 3015 firmative3
2700 2945 2816 2995 seu
2862 2928 3019 2996 nibil
3069 2928 3409 2997 innovetur
3442 2948 3504 2997 ιν.
3558 2933 3771 3016 Atque
3808 2930 3890 2997 ita

2296 3015 2616 3105 rescripsit
2665 3026 2729 3082 et
2772 3017 3008 3083 servari
3057 3017 3398 3086 mandavit.

2426 3106 2537 3171 Die
2586 3110 2624 3172 3
2675 3104 2812 3171 tulii
2869 3108 3062 3173 1869.

2293 3244 2530 3315 3211.
2760 3248 2983 3315 muns
3032 3249 3133 3313 ET
3178 3248 3419 3314 oseis.
3652 3249 3889 3333 (aasz)

2427 3372 2517 3435 De
2564 3368 2739 3436 Missa
2786 3369 3061 3456 Spiritus
3105 3362 3342 3454 Sancti,
3389 3390 3583 3458 quam
3614 3374 3891 3441 Sanctis·

2293 3455 2491 3525 simus
2551 3458 2855 3526 Dominus
2914 3461 3145 3526 Noster
3208 3459 3350 3524 Pius
3409 3463 3567 3547 Papa
3614 3464 3696 3529 IX
3760 3464 3889 3529 Lit-

2297 3548 2450 3612 teris
2497 3546 2871 3632 Apostolicis
2918 3546 2981 3613 in
3028 3547 3224 3614 forma
3272 3551 3491 3615 Brevis
3552 3549 3713 3616 datis
3784 3551 3891 3619 die

2299 3638 2375 3701 11
2428 3634 2660 3722 Aprilis
2704 3633 2846 3702 anni
2900 3638 3068 3703 1869
3115 3635 3409 3703 omnibus
3444 3637 3749 3704 Ecclesiis
3780 3642 3891 3707 cn·

2292 3722 2670 3875 Bitalaribus
2721 3734 2786 3789 et
2831 3723 3367 3791 conventualibus
3414 3725 3597 3792 Urbis
3646 3738 3709 3792 et
3779 3729 3890 3794 Or-

2296 3812 3759 3986 ittatffssn‘20‘q53ftt‘zt‘2tfi}‘’tvffitffa
3786 3836 3891 3969 ‘²323

2294 3987 2573 4054 Collecta
2621 3988 2705 4055 de
2751 3987 2983 4055 eodem
3030 3987 3274 4075 Spiritu
3322 3992 3549 4057 Sancto
3594 3989 3660 4055 in
3692 3991 3895 4057 Nissis

2295 4075 2584 4160 quotidie
2645 4076 2974 4160 addenda,
3022 4077 3355 4163 sequentia
3411 4074 3605 4143 dubia
3671 4081 3893 4146 Sacro·

2295 4181 2446 4264 rum·
2463 4165 2721 4231 Rituum
2747 4167 3239 4253 congregationi
3276 4164 3553 4232 exhibita
3585 4165 3890 4254 luerunt3

2296 4270 2638 4319 numu-um:

2425 4340 2698 4408 Dubium
2745 4346 2792 4409 1.
2843 4344 2940 4408 An
2987 4341 3310 4430 praedicta
3351 4339 3527 4408 lissa
3557 4341 3774 4408 votiva
3806 4345 3893 4412 de

2296 4427 2536 4517 Spiritu
2568 4433 2796 4497 Sancto
2829 4429 3061 4498 debeat
3093 4450 3231 4497 esse
3263 4439 3501 4497 cantata
3534 4431 3639 4497 vel
3678 4430 3898 4498 lecta?

2429 4517 2704 4586 Dubium
2751 4524 2825 4587 11.
2877 4519 2974 4585 An
3022 4518 3168 4586 buic
3218 4518 3432 4585 Missae
3462 4518 3612 4586 addi
3655 4520 3896 4587 debeat

2301 4607 2526 4673 Gloria
2575 4619 2640 4673 et
2691 4606 2936 4676 Credo?

2428 4695 2702 4762 Dubium
2762 4699 2867 4763 Ill.
2932 4697 3028 4763 An
3088 4696 3244 4764 baec
3301 4696 3477 4762 Missa
3535 4697 3894 4763 omittenda

2296 4783 2376 4851 sit
2422 4784 2486 4850 in
2530 4785 2775 4851 Octavis
2824 4785 3242 4873 privilegiatis
3287 4783 3599 4851 Pascbatis
3647 4794 3714 4850 et
3750 4785 3895 4873 Epi·

2297 4871 2609 4961 pbaniae,
2683 4871 2967 4960 itemque
3033 4872 3385 4941 Nativitatis
3452 4884 3519 4938 et
3586 4874 3895 4960 corporis

2296 4959 2558 5045 christi,
2611 4961 2979 5049 praesertim
3026 4962 3074 5028 si
3126 4972 3221 5028 est
3268 4957 3487 5027 lecta?

2429 5048 2704 5115 Dubium
2751 5053 2853 5116 IV.
2903 5051 3032 5127 Qua
3079 5049 3232 5117 bora
3279 5050 3434 5117 baec
3482 5048 3658 5115 missa
3715 5050 3891 5118 cele-

2300 5138 2465 5204 brari
2512 5136 2805 5206 debeat?

2428 5225 2703 5293 Dubium
2748 5228 2829 5294 V.
2880 5229 2973 5293 An
3019 5227 3084 5294 in
3114 5228 3229 5295 hac
3261 5226 3437 5294 Missa
3466 5226 3652 5293 unica
3679 5225 3891 5296 Oratio

2300 5313 2403 5466 {el
2466 5313 2723 5466 pleures,
2773 5327 2843 5382 ut
2904 5315 2968 5383 in
3026 5315 3221 5383 Missis
3279 5313 3546 5400 votivis,
3594 5314 3724 5383 dici
3778 5316 3891 5383 de-

2348 5409 2493 5467 eant

3082 2399 3385 2487 peculiari
3432 2399 3706 2467 Rubrica
3739 2421 3889 2489 pro-
