4042 5950
2006 223 2483 310 —176—

613 399 735 450 nus
780 383 1288 468 sublatum⁸est;
1336 386 1452 455 sed
1487 387 1615 454 imo
1648 407 1730 454 ex
1763 387 1973 455 Sancti
2004 386 2147 454 Iulii
2179 391 2204 455 1

613 472 1381 561 Pt·aedecessoris}Nostri
1427 476 1798 543 auctoritate
1856 476 2202 552 demanda,-

613 570 751 627 tum
811 561 1038 628 iisdem
1098 571 1194 629 est
1254 561 1537 632 studiose
1593 563 1989 649 describere,
2038 583 2199 649 quae

614 648 695 716 de
752 649 907 716 Fide
969 671 1040 716 ac
1098 650 1437 740 Disciplina
1496 655 1833 721 Sacrorum
1888 653 2200 718 decerne-

614 736 864 823 bantur,
914 758 1117 825 eaque
1178 751 1247 807 et
1308 752 1518 807 cetera
1578 741 1785 807 omnia
1841 742 1934 807 rei
1984 760 2198 807 sacrae

612 839 1026 894 monumenta
1084 838 1231 916 apte
1286 828 1631 917 periteque
1688 839 1945 911 notare,
2007 838 2200 913 atque

611 934 735 981 una
782 934 930 981 cum
977 916 1148 984 Actis
1192 919 1539 1003 Martyrum
1572 917 1635 984 in
1672 916 1931 1000 Scriniis
1977 918 2203 983 Eccle-

611 1004 756 1158 siae1
764 1004 1095 1103 'recondita
1131 1004 1205 1070 ad
1241 1004 1629 1093 posteritatis
1678 1004 2052 1071 memoriam
2094 1025 2201 1072 cu·

611 1101 709 1156 sto
761 1111 880 1159 tre.
1237 1101 1247 1113 “

742 1180 1226 1267 Amplissimum
1299 1180 1540 1248 idcirco
1616 1182 2197 1249 Protonotariorum

611 1269 1127 1354 Apostolicorum
1204 1269 1491 1338 Officium
1576 1269 1864 1336 habitum
1939 1289 2201 1356 semper

614 1368 734 1443 est,
784 1377 853 1424 ac
898 1378 1018 1445 pro
1067 1358 1349 1425 muneris
1399 1358 1593 1445 ipsius
1651 1376 2200 1444 personarumque

536 1497 543 1502 .
611 1443 773 1513 illud
821 1445 1202 1513 obeuntium
1247 1446 1518 1530 ratione,
1569 1446 1740 1514 omni
1789 1466 2047 1535 prorsus
2097 1453 2238 1512 ae·'

613 1545 743 1601 tate
838 1554 911 1600 er
954 1536 1478 1601 praedecessores
1523 1536 1780 1601 Nostros
1841 1534 2200 1601 illustribus

610 1623 794 1689 Ponti
844 1622 975 1692 cias
1025 1620 1512 1690 benevolentiae
1549 1623 1927 1689 testimoniis
1959 1633 2057 1689 est
2088 1625 2202 1690 ho-

612 1720 959 1778 nestatum.
994 1711 1398 1778 Nominatum
1492 1732 1597 1777 rae
1637 1711 1871 1778 ceteris
1903 1711 2200 1778 volumus

615 1798 865 1867 Sixtum
897 1802 946 1865 V
982 1797 1186 1868 felicis
1232 1817 1416 1865 recor
1464 1799 1690 1867 ationis
1724 1800 2005 1886 (1),.qui
2049 1819 2201 1865 cum

615 1905 724 1954 eos
753 1897 1007 1975 septem
1038 1886 1399 1971 dumtaxat,
1434 1908 1552 1976 pro
1582 1892 1837 1974 septem
1864 1887 2049 1964 Urbis
2080 1892 2202 1955 Re-

613 1975 908 2062 gionibus
953 1975 1316 2062 designatos
1360 1988 1582 2043 nactus
1628 1986 1823 2061 esset,
1858 1976 2202 2043 duodecim

614 2064 920 2152 deinceps
964 2083 1105 2129 esse
1154 2064 1357 2148 iussit,
1393 2064 1895 2149 clarioribusque
1944 2064 2204 2152 privile-

613 2153 734 2240 giis
766 2153 1056 2235 donatos,
1092 2151 1405 2220 reditibus
1436 2152 1626 2218 etiam
1658 2153 2032 2234 cumulavit,
2062 2153 2202 2238 qui-

613 2244 732 2309 bus
778 2240 855 2307 ad
903 2239 1162 2307 honoris
1208 2240 1589 2327 dignitatem
1636 2241 2046 2309 referendam
2092 2261 2204 2308 ne-

615 2331 881 2397 cessaria
925 2339 1378 2416 suppeterent.

743 2421 906 2485 Cum
940 2434 1102 2483 vero
1131 2428 1393 2503 praeter
1421 2425 1616 2483 statos
1663 2418 1855 2484 hosce
1901 2422 2205 2485 Protono·

616 2507 828 2591 tarios,
864 2504 971 2590 qui
1006 2505 1089 2571 de
1122 2525 1394 2571 numero
1439 2504 1954 2593 Participantium
2000 2507 2205 2572 vocati

613 2605 786 2678 sunt,
835 2594 989 2660 alios
1035 2592 1253 2677 etiam,
1285 2592 1396 2679 qni
1445 2592 1672 2661 iisdem
1702 2593 1965 2662 forsitan
2009 2593 2207 2661 Adiu-

615 2694 791 2749 tores
835 2682 1182 2759 adstarent‚
1233 2682 1403 2747 viros
1450 2691 1516 2748 et
1562 2682 1753 2751 laude
1796 2683 2111 2749 virtutum
2143 2692 2209 2747 et

612 2769 949 2839 nobilitate
996 2768 1253 2855 generis
1302 2779 1369 2836 et
1413 2770 1659 2837 meritis
1707 2773 1770 2836 in
1813 2790 1953 2838 rem
2004 2782 2071 2837 et
2115 2789 2210 2837 sa-

616 2879 788 2927 cram
854 2867 919 2924 et
974 2856 1297 2943 publicam
1366 2859 1838 2946 probatissimos
1906 2859 1969 2925 in
2038 2858 2211 2927 Urbe

617 2944 937 3035 elegerint
966 2947 1228 3014 Romani
1260 2945 1617 3032 Pontifices,
1646 2966 1754 3015 eos
1785 2947 1974 3014 etiam
2004 2947 2211 3015 omni-

616 3038 757 3121 bus,
792 3034 1023 3123 quibus
1052 3035 1631 3102 Protonotariorum
1656 3035 2016 3123 Collegium
2046 3038 2209 3125 poti-

618 3136 722 3192 tur
746 3123 1106 3214 privilegiis
1155 3122 1541 3210 honorisque
1588 3125 1960 3213 insignibus,
1995 3134 2214 3191 auctos

614 3214 1001 3282 decrevere.
1482 3270 1495 3281 ,

630 3343 637 3352 ·
746 3302 855 3370 His
900 3311 1308 3369 accesserunt
1351 3301 1557 3368 exteri
1604 3302 1863 3389 quidam
1908 3305 2209 3368 Protono·

616 3391 759 3458 tarii
805 3390 872 3457 in
916 3389 1051 3457 aliis
1107 3389 1414 3458 Catholici
1471 3389 1649 3456 Orbis
1711 3389 2083 3476 regionibns
2143 3389 2209 3455 in

619 3481 793 3548 idem
823 3496 1058 3545 munus
1088 3497 1211 3564 per
1240 3481 1556 3545 Romanos
1587 3479 1927 3545 Pontifices
1957 3476 2208 3562 adsciti,

617 3567 892 3656 pietate,
949 3565 1237 3633 doctrina
1299 3576 1367 3632 et
1426 3566 1574 3633 satis
1633 3567 1898 3633 honesta
1955 3566 2214 3654 generis

619 3653 988 3722 conditione
1035 3654 1489 3737 commendati,
1539 3654 1968 3741 peculiaribus
2014 3652 2212 3741 privi-

620 3741 807 3830 legiis
868 3740 1185 3808 instructi.
1253 3744 1488 3808 Verum
1556 3743 1746 3829 (quae
1790 3761 1942 3808 sane
1989 3743 2209 3809 huma-

619 3848 848 3899 narum
880 3847 1101 3896 rerum
1136 3829 1413 3896 conditio
1446 3840 1542 3896 est
1575 3831 1765 3918 plane
1795 3829 2209 3918 collugenda)

620 3920 897 3989 decursu
944 3918 1257 4005 temporis
1306 3917 1593 3984 titulares
1641 3919 1704 3986 id
1751 3935 1955 4003 genus
1999 3921 2214 3986 Proto-

614 4005 847 4077 'notarii
908 4014 1089 4075 extra
1156 4005 1393 4073 Urbem
1458 4025 1540 4071 ex
1599 4007 1974 4074 auctoritate
2035 4008 2212 4073 statis

620 4095 1001 4184 quibusdam
1037 4095 1325 4181 personis
1356 4092 1430 4159 ad
1468 4112 1576 4158 eos
1608 4093 2048 4162 adsciscendos
2080 4094 2210 4162 col-

620 4187 766 4269 lata,
816 4183 923 4251 vel
973 4201 1055 4248 ex
1099 4180 1301 4250 Officii
1345 4182 1519 4268 quod
1568 4183 1882 4269 gerebant
1930 4183 2096 4265 iure,
2148 4183 2211 4249 in

620 4292 773 4341 eum
819 4272 1091 4360 gradum
1122 4271 1302 4337 nullo
1333 4269 1599 4337 delectu
1646 4269 1959 4361 nulloque
1991 4270 2211 4337 discri-

618 4361 793 4430 mine
841 4357 1098 4427 obtrudi
1146 4368 1528 4445 coeperunt,
1562 4369 1751 4444 atque
1786 4357 1870 4424 ita
1902 4357 2074 4445 quod
2109 4361 2210 4425 vel

619 4470 730 4518 sua
761 4459 966 4517 aetate
1000 4445 1395 4531 querebatur
1425 4446 1639 4513 Sixtus
1674 4449 1751 4514 Ν
1784 4446 1849 4512 in
1882 4447 2213 4533 ingentem

620 4537 1103 4607 multitudinem
1131 4553 1399 4603 crevere
1424 4534 1558 4621 (2);
1590 4553 1718 4619 quo
1751 4536 1987 4601 factum
2018 4534 2214 4603 fuisse

622 4627 944 4710 novimus,
971 4644 1059 4691 ne
1089 4625 1245 4693 duni
1279 4633 1352 4689 ut
1385 4623 1446 4690 in
1479 4622 2032 4712 contemptionem
2066 4622 2211 4710 ipsi,

623 4716 1135 4805 despectumque
1180 4711 1686 4796 adducerentur,
1734 4711 1849 4779 sed
1898 4723 1964 4778 et
1996 4731 2074 4778 eo
2106 4731 2213 4778 au·

623 4804 837 4872 daciae
897 4800 1304 4886 devenerint,
1355 4811 1426 4866 ut
1471 4798 1921 4867 Protonotariis
1967 4801 2052 4867 de
2098 4820 2214 4866 nu·

621 4910 803 4960 mero
848 4889 1401 4977 Participantium,
1450 4889 1671 4955 aliisve
1729 4907 1891 4975 quos
1949 4908 2034 4955 ex
2092 4892 2218 4955 Ro-

624 4981 824 5049 manis
878 4978 1277 5046 praesulibus
1336 4978 1595 5045 honoris
1654 4996 1833 5045 causa
1880 4998 1913 5042 a
1960 4976 2216 5043 Pontifi-

623 5067 802 5135 cibus
849 5066 914 5132 in
964 5067 1348 5133 eorumdem
1393 5066 1885 5153 privilegiorum
1930 5084 2218 5132 commu-

626 5158 885 5225 nionem
932 5152 1450 5243 praemonuimus
1487 5155 1807 5240 advocari,
1846 5154 2216 5220 assimilatos

2306 407 2379 455 se
2424 408 2592 474 esse,
2643 389 3004 477 iisdemque
3060 391 3332 481 proinde
3381 391 3630 460 iuribus
3669 393 3899 481 potiri,

2308 477 2462 562 quin
2510 489 2574 545 et
2619 498 2652 542 a
2700 477 2915 545 debita
2963 478 3028 546 in
3075 480 3404 547 Antistites
3450 481 3582 548 fide
3616 494 3682 548 et
3712 481 3905 548 obse-

2307 565 2462 649 quio
2509 566 2836 635 exsolutos
2881 588 2952 635 se
3001 588 3140 634 esse
3188 568 3781 637 comminiscantur.

2438 657 2600 721 Cum
2647 654 2846 741 igitur
2875 656 3567 725 Venerabiles.Fratres
3601 659 3902 745 Episcopi

2308 743 2700 827 complures,
2748 743 2914 810 datis
2957 746 3037 812 ad
3081 748 3206 811 Nos
3243 745 3492 831 Literis,
3528 745 3907 813 innumeros

2309 830 2546 897 exinde
2622 830 2853 898 abusus
2928 833 3269 900 invaluisse
3344 834 3901 908 existimaverintz

2306 936 2584 1003 cumque
2632 937 2750 1004 pro
2798 921 3140 993 commissa·
3172 920 3366 988 Nobis
3396 922 3770 989 Dominicae
3801 923 3906 990 Vi-

2261 1041 2266 1046 ·
2305 1025 2465 1072 neae
2509 1008 2961 1093 procuratione
3006 1020 3485 1077 succrescentes
3533 1029 3776 1112 vepres
3825 1030 3903 1075 ex

2308 1113 2378 1159 ea
2426 1095 2715 1161 evellere
2776 1095 3147 1185 adigamur,
3197 1108 3561 1185 opportune
3627 1119 3695 1165 1n
3763 1117 3904 1165 eam

2293 1200 2445 1248 rem
2477 1183 2817 1250 consulere
2842 1185 3230 1253 censuimus.
3260 1186 3622 1253 Particulari
3659 1188 3906 1254 idcirco

2305 1273 2797 1359 congregationi
2824 1274 3300 1348 venerabilium
3324 1278 3617 1342 Fratrum
3641 1278 3901 1341 Nostro-

2307 1377 2450 1424 rum
2482 1363 2744 1426 Sanctae
2776 1363 3094 1428 Romanae
3127 1363 3446 1429 Ecclesiae
3468 1353 3904 1430 cardinalium

2308 1447 2392 1513 de
2440 1449 2707 1515 Somalia
2768 1451 2993 1515 Sacrae
3051 1448 3310 1516 Rituum
3373 1450 3907 1551 congregationis

2307 1536 2651 1621 Praefecti,
2700 1537 2862 1604 Litta
2924 1549 2990 1606 et
3048 1539 3304 1604 Antonii
3362 1539 3466 1606 ab·
3501 1544 3737 1624 Auria,
3789 1558 3904 1605 nec

2309 1641 2437 1690 non
2486 1625 2776 1691 eiusdem
2815 1628 3038 1692 Sacrae
3070 1626 3330 1694 Rituum
3375 1628 3906 1715 congregationis

2309 1712 2675 1798 secretarii,
2725 1715 3071 1781 Assessoris
3117 1726 3184 1780 et
3229 1714 3493 1782 alterius
3528 1733 3611 1780 ex
3659 1716 3907 1783 Nostris

2309 1799 2819 1886 Apostolicarum
2839 1802 3396 1869 caeremoniarum
3417 1806 3504 1868 Ha
3557 1803 3758 1887 ‘sti-is,
3777 1804 3906 1890 qui-

2309 1887 2588 1955 buslibet
2621 1889 2834 1957 eidem
2881 1889 3202 1978 attributis
3245 1891 3523 1958 facultati
3618 1912 3676 1974 s,
3716 1894 3902 1958 etiam

2311 1985 2490 2041 extra
2552 1976 2881 2062 ordinem,
2930 1978 3300 2045 necessariis
3363 1991 3427 2046 et
3488 1981 3901 2066 opportunis,

2306 2064 2373 2130 id
2404 2064 2958 2150 demandavimus,
2990 2077 3066 2132 ut
3089 2068 3297 2133 omnia
3331 2087 3399 2134 ea
3432 2085 3595 2154 quae
3630 2069 3904 2135 circum·

2310 2152 2608 2220 feruntur
2637 2153 3012 2220 Titularium
3042 2154 3406 2223 huiusmodi
3438 2156 3909 2223 Protonotario-

2283 2259 2455 2334 ⁸rum
2504 2253 2686 2309 extra
2730 2242 2967 2309 Urbem
3016 2243 3372 2330 Privilegia,
3417 2245 3494 2312 ad
3539 2244 3908 2311 severiores

2311 2330 2466 2397 iuris
2495 2333 2783 2397 Canones
2806 2341 2996 2416 atque
3028 2333 3304 2418 Regulas
3336 2332 3776 2420 espenderet,
3811 2333 3906 2397 iis-

2312 2438 2441 2504 que
2473 2418 2549 2485 ad
2585 2417 2781 2504 ipsius
2813 2419 2968 2484 iuris
3005 2420 3499 2520 praeceptiones.
3537 2421 3902 2508 descriptis,

2313 2517 2524 2573 cetera
2551 2506 2877 2592 quaelibet
2907 2508 2984 2573 ab
3014 2507 3242 2576 iisdem
3275 2508 3503 2576 absona
3536 2509 3902 2597 abrogaret,

2311 2615 2381 2661 ac
2429 2604 2670 2660 certam
2718 2594 3145 2682 stabilemque
3190 2597 3570 2664 methodum
3603 2599 3903 2678 sanciret,
3991 2603 3992 2614 ¹

2309 2702 2430 2769 qua
2465 2691 2530 2749 et
2562 2681 2816 2767 abusus,
2867 2699 3026 2769 quos
3073 2683 3419 2751 infeliciter
3453 2684 3906 2772 percrebuisse

2398 2771 2752 2856 rdolemus,
2801 2771 3353 2856 convellerentur,
3390 2786 3455 2839 et
3484 2783 3686 2839 statae
3720 2793 3905 2862 quae-
3991 2815 3992 2822 κ

2312 2792 2461 2927 ἔξω
2527 2860 2707 2946 leges
2777 2859 3306 2945 conditionesque
3378 2861 3904 2949 praefinit-entur,

2311 2947 2544 3034 quibus
2592 2959 2658 3013 et
2703 2951 3122 3014 Personarum
3159 2948 3465 3016 ‘delectus
3499 2948 3817 3017 habeatur
3847 2959 3905 3016 et

2312 3056 2464 3103 usus
2507 3035 2997 3122 Psivilegiorum
3051 3035 3285 3103 debitis
3347 3036 3656 3104 limitibus
3710 3040 3906 3105 conti-

2312 3134 2566 3204 neatur,
2600 3145 2670 3190 ac
2702 3144 2786 3191 ne
2819 3123 2948 3189 ulla
2984 3125 3406 3212 imposterum
3457 3125 3906 3193 honestissimo

2311 3213 2892 3280 Protonotariorum
2953 3213 3167 3279 coetui
3237 3214 3412 3281 labes
3470 3214 3903 3300 inspergatur,

2314 3299 2550 3366 salubri
2607 3300 2871 3367 consilio
2933 3301 3382 3388 prospiciatur.
3446 3300 3759 3369 Universa
3807 3303 3908 3367 ita-

2315 3407 2445 3475 que
2495 3387 2586 3454 rei
2631 3388 2874 3454 ratione
2913 3388 2978 3455 in
3027 3406 3298 3456 examen
3328 3389 3631 3473 deducta,
3669 3389 3905 3457 Nostris

2317 3476 2493 3543 hisce
2541 3476 2703 3542 votis
2749 3475 3019 3543 mirifice
3083 3477 3310 3543 eadem
3351 3477 3704 3564 peculiaris
3753 3482 3904 3546 Con·

2316 3564 2608 3651 gregatio
2653 3564 3139 3643 obsecundavit,
3192 3566 3464 3651 dataque
3526 3565 3644 3635 sibi
3695 3578 3905 3633 aucto·

2315 3655 2503 3719 ritate
2549 3662 2738 3720 utens
2784 3663 3152 3740 opportune
3179 3664 3328 3741 post
3359 3653 3629 3720 multam
3681 3672 3908 3743 opero·

2316 3760 2581 3826 samque
2630 3740 3158 3807 consultationem
3210 3741 3359 3807 tulit
3388 3742 3681 3825 demum,
3721 3754 3902 3829 atque

2313 3830 2580 3895 sancivit
2623 3832 2914 3913 Decreta,
2951 3840 3113 3914 quae
3146 3840 3509 3915 sequuntur
3553 3830 3897 3898 videlicet:

2450 3973 2873 4041 DECRETUM
2899 3974 2987 4037 De
3008 3972 3386 4057 Privileqt’is
3417 3975 3899 4039 Protonotario·

2317 4079 2468 4125 rum
2524 4059 2929 4143 Titularium
2974 4060 3081 4129 laic
3114 4063 3474 4141 omittitur,
3512 4064 3674 4144 quia
3710 4078 3902 4146 supra

2310 4168 2422 4233 per
2467 4158 2798 4215 emensum
2845 4149 3125 4214 relatum
3172 4160 3291 4214 est.

2448 4274 2612 4337 Haec
2637 4271 2832 4357 igitur
2855 4271 3005 4353 Nos,
3025 4281 3098 4336 ut
3123 4270 3366 4336 firmius
3389 4284 3688 4338 maneant
3712 4269 3902 4339 omni·

2318 4359 2563 4445 busque
2610 4368 2903 4446 pateant,
2960 4358 3067 4425 illa
3131 4360 3392 4444 quidem
3451 4360 3902 4448 approbatione

2317 4467 2445 4513 non
2493 4447 2806 4528 contenti,
2854 4465 2978 4531 qua
3023 4446 3188 4531 viva,
3238 4456 3311 4512 ut
3358 4446 3483 4514 dici
3521 4447 3718 4533 solet,
3753 4463 3902 4514 voce

2317 4536 2508 4602 simul
2567 4554 2638 4600 ac
2697 4534 2886 4601 Nobis
2955 4556 2988 4600 a
3059 4546 3446 4602 memoratae
3515 4534 3901 4623 particularis

2318 4622 2841 4711 congregationis
2909 4624 3264 4690 Secretario
3333 4623 3530 4690 relata
3599 4624 3897 4702 fuerunt,

2320 4712 2547 4778 eadem
2598 4711 3146 4796 confirmavimus3
3194 4711 3467 4777 solemni
3514 4710 3700 4778 etiam
3740 4711 3897 4778 edita

2319 4798 2811 4883 Constitutione,
2861 4818 3052 4885 quam
3100 4799 3526 4886 congregatio
3583 4800 3724 4887 ipsa
3775 4810 3898 4865 tan-

2323 4899 2548 4976 topere
2583 4887 2950 4976 concupivit
2979 4907 3048 4954 ac
3081 4909 3113 4953 a
3145 4888 3336 4956 Nobis
3365 4887 3702 4972 deprecari
3732 4885 3894 4964 fecit,

2321 4995 2542 5043 rursus
2599 4976 2934 5064 approbari
2996 4977 3318 5044 voluimus
3382 4986 3448 5042 et
3506 4972 3898 5043 demandavi-

2321 5082 2503 5146 mus,
2551 5065 2826 5150 perinde
2885 5085 2955 5130 ac
3015 5064 3242 5132 Literis
3305 5064 3481 5131 hisce
3539 5065 3782 5132 Nostris
3833 5077 3897 5124 re

2324 5172 2474 5218 vera
2505 5151 2841 5238 efficimus,
2876 5151 3302 5241 approbemus
3332 5165 3397 5218 et
3437 5151 3891 5228 confirmamus,

768 5350 853 5426 (l)
896 5352 1128 5410 constit.
1167 5353 1323 5409 Rem.
1359 5352 1518 5409 Pout.
1556 5351 1703 5407 xlx,
1742 5376 1807 5390 —-
1845 5350 1926 5423 (1)
1960 5352 2183 5411 Exti-av.
2222 5351 2270 5411 ἱ.
2304 5352 2375 5409 de
2412 5351 2628 5420 Tregua
2664 5356 2717 5404 et
2758 5363 2894 5420 pace
2932 5350 2990 5406 in
3026 5348 3235 5406 Comm.
