4042 5950
1553 244 1655 261 ·-—
1712 196 1869 282 337
1900 246 2029 287 ,—

277 363 341 429 5.
407 362 501 427 Αιι
557 378 785 428 omnes
850 361 1227 429 Sacerdotes
1290 360 1726 444 celebrantes,

156 450 296 516 dum
329 449 393 515 in
427 452 679 516 Canone
712 446 928 515 Missae
959 452 1185 535 Papam
1228 448 1584 532 nominant,
1619 446 1733 513 de-

155 538 333 604 beant
401 547 590 623 caput
659 535 1004 620 inclinare,
1072 548 1266 624 prout
1324 537 1593 605 Rubrica
1648 535 1734 601 fa-

156 624 887 779 ciendum?praescribit,
937 644 1136 711 quum
1184 624 1248 690 in
1291 624 1586 692 Oratione
1620 643 1732 690 no-

158 714 421 780 minatur

1830 359 2083 445 dotum,
2119 360 2276 427 dum
2304 381 2336 425 a
2367 360 2563 431 domo
2609 383 2719 430 sua
2761 363 3150 435 deferuntur
3193 366 3271 435 ad
3307 369 3427 433 Ec·

1836 448 2098 515 clesiam
2141 460 2207 516 et
2256 449 2317 516 in
2366 450 2837 539 eaJexplentur
2883 454 3254 540 Exequiae;
3324 455 3428 521 vel

1841 534 1978 602 talis
2025 537 2426 605 consuetudo
2476 538 2864 608 eliminanda
2909 540 3043 609 sit?

1976 628 2078 693 10.
2115 632 2185 694 ln
2216 625 2547 693 funeribus
2579 627 2948 697 huiusmodi
2982 629 3428 714 sacerdotum,

1837 711 2013 779 finita
2037 716 2261 797 Missa,
2313 723 2647 782 cantantur
2679 717 2758 783 ad
2791 718 3135 784 Tumulum
3170 719 3286 786 tria
3309 723 3431 789 Re·

275 806 341 868 6.
390 805 570 869 Anne
619 802 684 869 in
728 801 909 871 Missa
956 802 1265 885 solemni,
1299 801 1456 867 dum
1489 801 1735 868 Chorus
1836 802 2162 888 sponsoria
2210 815 2274 868 et
2321 812 2445 886 ter,
2482 803 2546 870 id
2582 817 2678 871 est
2696 826 2826 904 ‘pro
2856 804 3122 893 singulis
3151 810 3272 875 Res
3362 826 3434 883 n:

157 891 607 971 cantatGredo,
661 890 910 977 quoties
955 891 1032 956 ad
1068 892 1258 957 verba
1309 892 1393 955 Et
1425 893 1735 956 incarna-

157 988 254 1045 tus
296 990 389 1047 est
433 998 639 1065 usque
670 979 749 1046 ad
784 997 857 1044 ea
885 988 946 1046 ot
978 979 1155 1045 homo
1186 980 1409 1064 factus
1454 991 1568 1060 est,
1621 981 1735 1045 Ce-

160 1068 396 1133 lebrans
458 1080 525 1132 et
571 1067 744 1134 Sacri
792 1066 1054 1133 ministri
1102 1066 1547 1159 genuflectunt
1592 1079 1736 1133 ante

156 1156 385 1239 Altare,
435 1154 716 1223 debeant
760 1153 952 1222 simul
1001 1169 1191 1242 caput
1238 1154 1581 1235 inclinare;
1632 1153 1735 1219 vel

156 1244 412 1313 sufficiat
472 1244 605 1311 sola
665 1243 1069 1330 genuflexio,
1131 1244 1270 1310 sine
1329 1244 1455 1313 ulla
1519 1241 1742 1330 capitis

159 1332 560 1400 inclinatione
581 1329 614 1399 't‘
862 1398 869 1407 ,

279 1425 341 1489 7.
401 1421 747 1491 celebrans
817 1421 880 1488 in
946 1419 1122 1487 Missa
1189 1420 1499 1503 solemni,
1565 1419 1740 1485 dicto

159 1514 369 1596 Aquita
398 1513 522 1579 Dei
570 1520 637 1576 et
684 1509 885 1609 prima
934 1529 1016 1575 ex
1066 1509 1267 1576 tribus
1311 1509 1737 1590 Orationibus,

161 1619 500 1667 conversus
524 1596 601 1667 ad
636 1602 982 1667 Diaconum
1010 1608 1074 1665 et
1098 1598 1540 1684 complectens
1565 1616 1738 1679 eum,

162 1690 259 1754 dat
291 1687 347 1754 ei
381 1705 610 1774 pacem
654 1685 926 1753 sinistris
972 1686 1154 1772 genis
1187 1686 1300 1754 sibi
1334 1686 1611 1753 invicem
1642 1706 1745 1772 ap-

161 1773 752 1864 propinquantibus.
828 1775 1098 1842 Rubrica
1167 1794 1323 1841 vero
1392 1794 1521 1841 non
1589 1775 1745 1841 dicit

163 1883 234 1930 an
290 1865 601 1933 Diaconus
661 1861 940 1929 vicissim
1000 1861 1233 1930 debeat
1295 1864 1745 1931 celebrantem

164 1953 527 2038 complecti.
580 1954 759 2018 Pater
804 1954 1117 2017 Gavantus
1162 1971 1359 2039 super
1407 1950 1563 2017 banc
1620 1955 1745 2017 Ru·

164 2040 391 2110 bricam
438 2038 598 2109 dicit
643 2040 819 2125 quod
873 2040 1184 2107 Diaconus
1240 2041 1547 2127 supponit
1609 2038 1744 2105 bra-

165 2129 294 2196 chia
325 2150 435 2196 sua
469 2126 589 2195 sub
635 2126 905 2195 brachiis
951 2127 1371 2199 celebrantis.
1423 2127 1750 2195 Nihilomi-

165 2237 276 2285 nus
319 2217 516 2306 aliqui
568 2214 1022 2301 Ecclesiastici,
1058 2217 1212 2284 dum
1250 2214 1507 2282 Diaconi
1540 2214 1746 2283 officio

166 2305 224 2372 in
268 2306 442 2372 Missa
492 2302 764 2371 solemni
798 2304 1181 2393 funguntur,
1214 2324 1340 2372 non
1379 2314 1750 2393 supponunt

166 2394 407 2461 brachia
458 2414 568 2460 sua
618 2392 888 2459 brachiis
932 2392 1368 2474 celebrantis3
1432 2395 1545 2462 sed
1592 2393 1749 2458 acci·

165 2483 343 2571 piunt
372 2501 604 2573 pacem
634 2481 713 2548 ab
744 2481 862 2547 isto
910 2491 1208 2547 tenentes
1249 2500 1470 2548 manus
1514 2482 1754 2548 iunctas

167 2581 305 2641 ante
349 2579 607 2660 pectus.
656 2569 1039 2648 Quaeritur:
1090 2574 1186 2636 An
1233 2569 1540 2637 Diaconus
1600 2569 1755 2637 acci·

167 2660 342 2748 piens
368 2679 605 2749 pacem
635 2680 667 2725 a
700 2659 1081 2727 celebrante
1111 2657 1341 2726 debeat
1377 2658 1570 2725 simul
1604 2676 1755 2745 sup-

213 2768 405 2816 onere
450 2746 707 2815 brachia
737 2767 850 2814 sua
881 2746 1151 2813 brachiis
1198 2746 1619 2830 CelebrantiS,
1661 2746 1753 2812 uti

173 2770 533 2905 laciendum
579 2836 770 2904 docet
821 2839 1005 2902 Pater
1050 2838 1409 2915 Garantus;
1474 2835 1579 2903 vel
1642 2835 1756 2900 de-

174 2927 312 2995 beat
355 2937 529 2994 stare
576 2923 866 2992 manibus
915 2923 1145 2992 iunctis
1191 2936 1335 2991 ante
1383 2934 1636 3012 pectuS,
1685 2935 1758 2991 ut

177 3016 235 3083 in
273 3015 453 3103 praxi
502 3014 607 3081 alii
654 3011 1105 3082 contendunt?
1148 3017 1228 3080 Et
1274 3013 1612 3080 similiter:
1660 3019 1757 3079 An

179 3104 339 3172 idem
383 3104 599 3170 facere
654 3101 887 3171 debeat
943 3101 1380 3170 Subdiaconus
1441 3101 1760 3188 accipiens

177 3211 389 3280 pacem
436 3213 472 3258 a
519 3189 817 3275 Diacono,
850 3200 923 3257 ut
954 3188 1129 3255 iuxta
1169 3190 1474 3256 eumdem
1511 3194 1759 3256 Patrem

178 3283 553 3364 Garamum,
601 3280 834 3347 debeat
888 3296 1150 3365 quoque
1203 3296 1575 3367 supponere
1621 3279 1760 3346 bra·

181 3369 307 3438 chia
352 3390 463 3437 sua
512 3368 783 3435 brachiis
829 3364 1137 3433 Diaconi‘?

301 3463 367 3526 8.
416 3464 490 3525 ln
533 3455 867 3545 sepultura
914 3455 1395 3540 defunctorum,
1445 3457 1604 3522 dum
1666 3478 1765 3521 ca-

182 3547 369 3615 daver
415 3566 452 3613 e
501 3565 614 3613 sua
671 3546 866 3612 domo
922 3543 1217 3612 defertur
1275 3546 1352 3612 ad
1413 3543 1764 3611 Ecclesiam

184 3655 322 3704 cum
374 3632 725 3702 assistentia
782 3631 1042 3700 Parocbi
1098 3643 1162 3698 et
1219 3630 1517 3699 Ministris
1575 3632 1765 3701 sacris

184 3723 480 3811 pluviali,
551 3720 889 3790 Dalmatica
957 3730 1022 3786 et
1079 3721 1408 3789 Tunicella
1472 3719 1763 3804 indutie,

186 3812 444 3878 Ministri
494 3810 593 3882 isti
641 3810 781 3877 sine
826 3809 1059 3876 amictu
1107 3828 1318 3896 neque
1372 3810 1508 3877 alba
1553 3828 1766 3896 neque

186 3900 434 3985 cingulo
489 3899 1029 3988 superimponunt
1085 3897 1488 3964 Dalmaticam
1539 3908 1605 3964 et
1650 3901 1770 3964 Tu-

185 3989 477 4056 nicellam
511 3987 628 4054 soli
663 3996 872 4053 cottae
903 4006 1020 4054 seu
1048 3985 1553 4074 superpelliceo.
1580 3988 1773 4066 Quae-

188 4077 388 4146 ritur:
441 4081 538 4144 An
588 4075 727 4142 talis
774 4074 1174 4143 consuetudo
1209 4074 1406 4163 possit
1435 4075 1769 4156 sustineri;

190 4164 287 4230 vel
319 4164 596 4255 cogendi
629 4164 753 4232 sint
786 4164 1048 4233 Ministri
1080 4165 1264 4248 sacri,
1300 4173 1372 4229 ut
1400 4163 1588 4230 simul
1625 4183 1771 4231 cum

191 4254 523 4322 Dalmatica
567 4263 633 4320 et
665 4251 990 4320 Tunicella
1027 4250 1291 4319 induant
1321 4250 1647 4336 amictum,
1683 4253 1770 4319 al-

193 4341 329 4409 bam
375 4339 455 4411 et'
489 4339 887 4429 cingulum?

319 4435 385 4499 9.
429 4430 751 4498 cadavera
797 4430 1216 4499 Sacerdotum
1248 4428 1309 4495 in
1342 4430 1456 4497 bac
1489 4428 1774 4496 Dioecesi

195 4519 578 4588 deferuntur
607 4518 825 4587 induta
859 4517 1240 4606 paramentis
1281 4517 1777 4584 sacerdotalibus

198 4616 385 4693 atque
430 4627 585 4697 prae
631 4608 918 4675 manibus
967 4603 1260 4673 habentia
1305 4604 1587 4673 Calicem
1632 4625 1780 4672 cum

198 4697 421 4764 Patent
467 4697 629 4763 intra
664 4713 939 4785 cuppam
975 4695 1246 4761 elevata.
1296 4697 1457 4761 Sunt
1486 4694 1600 4780 qui
1631 4714 1779 4761 con-

203 4784 541 4868 tradicunt,
575 4786 866 4854 volentes
911 4784 1085 4869 quod
1126 4784 1430 4850 cadavera
1478 4783 1781 4851 Sacerdo-

204 4879 333 4940 tum
379 4874 652 4961 perinde
698 4893 767 4940 ac
816 4872 1117 4940 cadavera
1166 4871 1472 4957 laicorum
1514 4870 1785 4940 babeant

203 4959 527 5030 dumtaxat
572 4980 795 5030 manus
825 4971 971 5028 ante
1003 4970 1231 5047 pectus
1278 4957 1647 5026 coniunctas
1693 4958 1785 5026 in·-

207 5060 430 5136 terque
460 5050 694 5138 digitos
726 5051 983 5139 parvam
1017 5052 1291 5116 Crucem
1323 5065 1470 5115 cum
1511 5047 1789 5134 imagine

206 5138 522 5206 crucifixi.
571 5139 955 5217 Quaeritur:
1006 5139 1104 5205 An
1151 5137 1340 5203 liceat
1391 5136 1789 5204 consuetudo

210 5225 271 5293 in
322 5227 437 5295 hac
505 5226 791 5294 Dioecesi
850 5235 1098 5293 servata
1162 5224 1446 5313 ponendi
1513 5224 1788 5292 Calicem

216 5333 355 5381 cum
400 5318 627 5383 Patena
673 5315 739 5381 in
783 5314 1071 5382 manibus
1132 5313 1514 5381 cadaverum
1573 5315 1790 5382 Sacer-

420 5458 635 5504 Decreta
660 5454 978 5503 Anthemiou
1005 5457 1055 5500 8.
1082 5456 1146 5500 R.
1173 5457 1226 5500 c.
1254 5478 1305 5488 -
1332 5437 1443 5500 Vol.
1470 5456 1533 5499 11.

1840 888 2061 974 soriis,
2131 891 2402 957 cadaver
2462 904 2824 979 aspergitur
2880 914 3036 980 aqua
3097 893 3261 961 bene
3314 896 3435 963 icta

1840 989 2033 1063 atque
2069 979 2470 1063 thurificatur
2501 979 2940 1048 aCelebrante
2975 981 3434 1050 circumeundo

1841 1068 2184 1134 Tumulum
2229 1078 2296 1134 et
2341 1069 2638 1136 cadaver.
2685 1071 3069 1151 Quaeritur:
3133 1072 3230 1137 An
3295 1069 3435 1137 talis

1845 1155 2247 1222 consuetudo
2316 1157 2670 1223 continuari
2739 1159 2987 1245 possit;
3049 1160 3152 1226 vel
3222 1160 3436 1247 potius

1844 1240 2188 1398 ³h⁰·¹⁶¹¹d{¹’
2239 1246 2547 1312 cantando
2598 1255 2843 1314 tantum
2891 1266 3092 1318 unum
3152 1251 3437 1335 Respon-

1845 1350 2091 1397 sorium

1986 1424 2089 1488 11.
2140 1423 2209 1487 ln
2262 1419 2370 1487 die
2431 1422 2849 1511 depositionis
2912 1423 3273 1509 aliquorum
3324 1424 3438 1494 de·

1848 1510 2243 1592 functorum,
2295 1522 2542 1577 cantato
2589 1511 2804 1578 Officio
2852 1524 2918 1579 et
2962 1511 3141 1578 Missa
3186 1513 3271 1580 de
3317 1516 3438 1581 Re-

1849 1596 2070 1684 quiem
2117 1608 2463 1684 praesente
2509 1599 2847 1682 cadavere,
2894 1620 3032 1667 mos
3078 1600 3344 1668 invaluit
3375 1599 3440 1673 iu

1850 1685 2167 1773 aliquibus
2235 1686 2538 1753 Ecclesiis
2605 1687 2796 1754 buius
2853 1688 3209 1774 Dioecesis,
3266 1688 3438 1774 quod

1850 1775 2041 1842 etiam
2091 1776 2154 1843 in
2198 1774 2567 1862 duplicibus
2613 1776 2967 1847 minoribus
3013 1791 3077 1845 et
3110 1777 3302 1845 etiam
3332 1776 3444 1843 ali·
3518 1794 3529 1817 ⁸

1851 1863 2107 1950 quando
2174 1861 2547 1947 maioribus,
2598 1862 2808 1931 adbuc
2869 1876 3211 1952 praesente
3262 1863 3445 1932 cada·

1852 1970 2045 2035 vere,
2096 1961 2433 2019 cantentur
2488 1951 2725 2019 iterum
2774 1953 2902 2019 duo
2961 1954 3067 2019 vel
3132 1965 3262 2020 tres
3321 1955 3445 2019 No-

1849 2038 2061 2107 cturni
2121 2039 2574 2107 defunctorum
2628 2051 2823 2126 atque
2886 2040 3158 2109 totidem
3225 2040 3445 2111 Missae

1853 2129 1938 2195 de
1985 2126 2341 2213 Requiem;
2393 2127 2477 2194 ita
2522 2140 2594 2195 ut
2642 2148 2764 2195 una
2811 2129 3168 2215 eademque
3206 2129 3312 2197 die
3342 2148 3444 2196 ce-

1857 2217 2195 2283 lebrentur
2238 2216 2526 2283 Officium
2574 2226 2639 2282 et
2684 2218 2862 2283 Missa
2911 2218 2996 2286 de
3041 2219 3151 2286 die
3209 2217 3443 2301 obitus,

1856 2306 1940 2373 de
1985 2305 2092 2374 die
2155 2305 2375 2388 tertia,
2423 2305 2698 2392 septima
2758 2314 2824 2372 et
2883 2306 3210 2395 trigesima
3257 2327 3291 2373 a
3336 2305 3449 2373 de-

1855 2393 2171 2480 positione
2203 2393 2519 2460 defuncti.
2552 2394 2887 2471 Quaeritur
2916 2418 2932 2462 :
2984 2397 3080 2462 An
3129 2395 3267 2462 talis
3300 2412 3446 2461 con-

1856 2482 2134 2549 suetudo
2184 2480 2372 2548 liceat
2432 2481 2495 2548 in
2556 2481 2781 2551 diebus
2833 2483 3200 2571 duplicibus
3246 2481 3449 2549 mino-

1857 2571 2036 2638 ribus
2080 2570 2188 2636 vel
2253 2568 2629 2651 maioribus,
2679 2572 2888 2639 adbuc
2951 2581 3291 2660 praesente
3352 2590 3450 2639 ca-

1854 2658 2140 2738 davere;
2205 2658 2313 2724 vel
2374 2657 2456 2723 sit
2518 2659 2800 2727 tollenda
2850 2668 3078 2748 utpote
3141 2659 3450 2726 contraria

1857 2745 2176 2900 pluribus?
2212 2746 2499 2812 Decretis
2566 2748 2794 2814 Sacrae
2850 2744 3116 2816 Rituum
3169 2750 3453 2833 Congre-

1901 2837 2124 2904 ationis

1857 2856 1895 2925 g
2001 2929 2103 2992 12.
2155 2928 2225 2992 In
2288 2922 2688 2993 absolutione
2753 2924 2830 2991 ad
2901 2924 3247 2994 Tumulum
3310 2935 3454 3012 post

1864 3015 2108 3082 Missam
2138 3013 2224 3080 de
2254 3012 2570 3096 Requiem
2599 3012 2976 3098 praescribit
3004 3013 3280 3081 Rubrica
3313 3033 3454 3081 can·

1864 3103 2144 3170 tandum‘
2172 3100 2671 3188 Responsorium
2712 3103 2942 3168 Libera
2990 3121 3107 3182 me,
3161 3103 3451 3185 Domina,

1863 3192 1935 3258 de
1982 3202 2184 3257 morte
2213 3202 2368 3269 θεας
2402 3199 2466 3256 et
2514 3188 2672 3255 haec
2719 3201 2815 3256 est
2907 3187 3074 3258 raxis
3110 3191 3452 3277 generalis.

1865 3278 2296 3346 Nihilominus
2326 3276 2520 3363 aliqui
2551 3278 2780 3344 volunt
2810 3297 2841 3342 a
2893 3276 3017 3344 buc
3042 3277 3106 3344 in
3140 3279 3246 3346 die
3268 3281 3457 3346 Gom-

1866 3366 2343 3436 memorationis
2396 3364 2695 3433 Omnium
2749 3365 3069 3434 Fidelium
3115 3366 3458 3438 Defuncto·

1870 3476 2014 3524 rum
2074 3455 2322 3522 licitum
2386 3472 2525 3521 esse
2583 3464 2836 3522 cantare
2888 3453 3061 3524 aliud
3123 3453 3460 3540 quodlibet

1872 3542 2352 3631 responsorium
2400 3563 2481 3609 ex
2527 3562 2788 3627 novem,
2839 3563 3003 3630 quae
3056 3553 3205 3612 sunt
3249 3541 3315 3610 in
3358 3544 3461 3610 Of-

1870 3633 2013 3701 ficio
2060 3633 2542 3699 defunctorum.
2594 3631 2976 3711 Quaeritur:
3039 3639 3136 3702 An
3192 3632 3314 3699 boc
3365 3651 3460 3698 re-

1871 3740 2025 3788 vera
2073 3717 2319 3786 liceat?

2011 3814 2116 3877 13.
2168 3811 2267 3875 An
2311 3807 2375 3875 in
2421 3807 2652 3876 diebus
2698 3808 3064 3897 duplicibus
3112 3809 3466 3877 minoribus

1873 3919 1942 3966 ac
1988 3895 2333 3965 maioribus
2380 3897 2569 3964 liceat
2615 3898 2846 3966 cantari
2905 3899 3305 3965 Nocturnum
3349 3898 3463 3966 de·

1876 3989 2247 4055 functorum
2307 4005 2377 4052 ac
2437 3987 2630 4053 etiam
2690 3995 2896 4052 totum
2950 3985 3273 4070 Officium,
3335 4006 3466 4054 non

1876 4075 2143 4162 quidem
2194 4094 2276 4141 ex
2323 4074 2721 4159 fundatione,
2769 4074 2884 4142 sed
2933 4094 3014 4141 ex
3059 4075 3192 4141 sola
3221 4075 3323 4161 pia
3356 4094 3466 4142 vo·

1875 4166 2121 4231 luntate
2189 4161 2591 4249 petentium,
2664 4162 2819 4249 quin
2885 4162 3258 4230 immediate
3326 4174 3468 4252 post

1880 4261 2173 4320 cantetur
2218 4250 2445 4330 Missa3
2494 4252 2628 4334 vel,
2676 4249 2728 4317 si
2775 4251 3090 4336 postulata
3174 4261 3469 4318 cantetur

1879 4341 1963 4408 de
2010 4342 2196 4406 Festo
2243 4350 2350 4405 aut
2396 4339 2479 4407 de
2527 4339 2634 4405 die
2680 4299 3124 4407 occurrente}

2018 4431 2124 4494 14.
2158 4427 2450 4495 Officium
2486 4437 2550 4493 et
2579 4426 2758 4493 Missa
2788 4426 3298 4516 Desponsationis
3320 4431 3471 4494 Bea-

1883 4527 1982 4583 tae
2030 4515 2258 4582 Mariae
2308 4514 2585 4602 Virginis
2629 4534 2778 4582 cum
2824 4517 3050 4584 Sancto
3096 4515 3324 4603 loseph
3368 4534 3470 4581 re-

1883 4605 2115 4671 citatur
2161 4605 2228 4671 in
2276 4604 2393 4670 hac
2455 4604 2739 4671 Dioecesi
2795 4603 2901 4671 die
2947 4605 3143 4672 XXVI
3200 4606 3473 4670 Novem·

1886 4692 2041 4775 bris,
2092 4703 2157 4759 et
2204 4692 2269 4758 in
2315 4691 2407 4759 eis
2452 4692 2526 4760 fit
2573 4693 3096 4760 commemoratio
3137 4691 3348 4760 Sancti
3378 4696 3473 4758 lo-

1884 4781 2049 4870 seph
2094 4791 2241 4848 ante
2286 4781 2436 4847 alias
2467 4800 2688 4847 omnes
2717 4780 3378 4849 commemorationes.
3423 4784 3474 4847 A

1889 4868 2111 4937 multis
2158 4878 2369 4936 tamen
2415 4888 2545 4936 non
2606 4870 2677 4937 fit
2740 4868 2877 4935 talis
2928 4868 3472 4953 commemoratio,

1887 4975 2079 5047 quam
2127 4957 2351 5025 dicunt
2400 4956 2649 5024 licitum
2695 4977 2828 5025 non
2876 4977 3018 5026 esse
3076 4957 3288 5024 lacere
3339 4956 3479 5025 sine

1888 5045 2149 5135 speciali
2219 5046 2626 5114 concessione
2696 5045 2876 5112 istius
2933 5048 3197 5113 Sanctae
3265 5046 3476 5116 Sedis.

1890 5138 2290 5222 Quapropter
2320 5134 2690 5221 quaeritur:
2743 5136 2837 5201 An
2869 5152 3094 5202 revera
3128 5134 3479 5204 omittenda

1892 5224 1972 5290 sit
2021 5223 2544 5289 commemoratio
2580 5222 2790 5290 Sancti
2837 5221 3062 5310 loseph
3096 5223 3161 5290 in
3191 5223 3481 5311 utrisque

1900 5312 2229 5401 Vesperis,
2279 5309 2596 5379 Laudibus
2644 5321 2708 5378 et
2755 5311 2931 5378 Missa
2978 5312 3483 5399 Desponsationis
