4042 5950
1593 187 2099 322 -423-⁸

167 396 689 482 quaestionibus,
716 398 851 465 sive
882 399 1093 485 quoad
1122 409 1382 469 veteres
1400 402 1536 469 sive
1568 401 1772 489 quoad

172 503 381 551 novas
426 487 867 553 concessiones
899 485 1164 574 obortis,
1198 488 1595 576 insequentia
1626 509 1777 575 qua-

173 585 338 640 tuor
381 572 571 641 dubia
615 576 952 642 Sacrorum
981 576 1243 644 Ritunm
1283 579 1773 664 Congregationi

167 663 474 749 exposita
520 672 716 729 sunt:

314 748 593 817 Dubium
623 754 673 817 l.
707 755 933 819 Utrum
969 771 1048 818 ex
1081 752 1364 840 praefato
1395 754 1582 821 Brevi
1606 757 1773 840 Apo·

166 837 408 904 stolico
460 838 610 923 (diei
660 843 699 906 2
746 839 947 907 Martii
983 840 1176 926 1850)
1225 841 1521 909 standum
1567 842 1646 908 sit
1694 842 1769 909 ad

164 925 758 995 constitutionem:
807 930 993 995 Decet
1042 932 1357 996 Romanos
1400 932 1766 1017 Pontifices,

163 1032 343 1098 quae
377 1013 606 1082 limitat
642 1027 956 1117 tempora,
989 1017 1221 1103 quibus
1253 1017 1532 1121 Dignitas
1564 1030 1628 1085 et
1662 1022 1773 1087 ca-

161 1100 444 1169 nonicus
485 1102 549 1168 in
579 1122 835 1191 propria
867 1105 1148 1172 Ecclesia
1180 1105 1634 1194 pontificaliter
1665 1126 1767 1172 ce·

165 1188 431 1256 lebrare
480 1191 703 1279 possit,
740 1193 805 1258 in
850 1191 1115 1279 reliquis
1153 1213 1309 1260 vero
1340 1192 1622 1262 civitatis
1653 1199 1764 1260 Ec-

161 1277 391 1345 clesiis
436 1297 583 1345 cum
629 1280 944 1365 permissu
992 1281 1288 1369 Episcopi
1331 1303 1400 1349 ac
1432 1292 1767 1370 praesente

109 1421 116 1430 .
159 1365 501 1453 Capitu103
549 1368 654 1434 vel
703 1368 863 1437 illud
909 1373 1156 1454 quoties
1204 1372 1362 1455 ipsis
1391 1371 1662 1459 libum-it
1693 1375 1767 1438 in

151 1456 1766 1629 wtainlsssgrqsswngyggisfxass&agvg-

392 1587 413 1622 ,
1740 1583 1767 1600 .

157 1641 320 1712 tem,
389 1631 795 1719 interpretari
854 1637 1052 1719 possit
1110 1634 1370 1702 arbitrio
1420 1636 1763 1703 canonico·

159 1736 345 1803 rum,
389 1719 456 1787 id
503 1730 599 1786 est
642 1719 1026 1789 Pontificalia
1073 1723 1150 1789 ab
1199 1721 1429 1789 iisdem
1474 1722 1763 1790 exerceri

157 1824 362 1894 posse
391 1825 653 1895 semper
681 1811 799 1875 seu
829 1809 1026 1876 nullis
1055 1810 1306 1877 statutis
1340 1810 1762 1897 temporibus,

155 1915 231 1961 ac
281 1894 426 1960 sine
471 1913 784 1963 consensu
828 1897 1126 1986 Episcopi
1169 1907 1234 1964 et
1279 1900 1515 1985 absque
1565 1900 1763 1966 inter-

157 1992 376 2051 ventu
419 1981 752 2070 Capituli?

303 2071 576 2138 Dubium
605 2075 716 2139 ⁴11.
772 2074 872 2142 An
938 2074 1072 2140 sola
1140 2073 1405 2162 iusignia
1469 2075 1761 2143 dicantur

157 2177 496 2243 concessa,
543 2179 673 2227 non
717 2181 875 2230 vero
922 2161 1082 2230 ritus
1125 2162 1200 2229 ad
1252 2165 1446 2230 instar
1504 2162 1760 2232 Abbatis
1838 2186 1852 2200 ’

153 2248 398 2315 Montis
444 2248 706 2334 cassini,
755 2262 826 2318 ut
872 2248 1119 2337 supra?
1633 2279 1640 2286 ·

297 2334 576 2403 Dubium
621 2342 725 2405 111.
775 2340 910 2423 An,
961 2349 1026 2405 et
1071 2340 1396 2425 quomodo
1458 2339 1522 2406 in
1577 2358 1758 2430 prae-

153 2424 331 2491 senti
376 2423 592 2512 specie
638 2426 1057 2514 Dignitatibus
1118 2437 1183 2494 et
1241 2428 1572 2496 canonicis
1625 2431 1755 2493 Me·

155 2512 587 2599 tropolitanae
633 2512 956 2582 Ecclesiae
1004 2517 1429 2602 Syracusanae
1475 2534 1757 2584 annuen-

153 2600 323 2666 dum
369 2599 450 2666 sit
497 2609 569 2666 ut
614 2613 884 2690 pergant
929 2602 1237 2671 adbibere
1282 2602 1329 2671 1’
1348 2622 1463 2672 uso
1505 2606 1607 2671 dei
1640 2605 1753 2670 Co·

154 2692 362 2754 turni
405 2709 438 2754 ο
479 2689 583 2756 dei
633 2690 905 2757 catzari
947 2691 1019 2758 dt·
1058 2702 1194 2759 seta
1223 2704 1418 2761 esteso
1453 2693 1653 2760 attelae
1685 2695 1758 2760 ai

151 2778 445 2844 marom
505 2779 664 2846 nelle
705 2782 895 2847 Messe
931 2779 1221 2863 -solenni,
1271 2801 1303 2846 e
1343 2782 1508 2849 delta
1570 2785 1754 2848 trina

150 2867 566 2934 benedizione
611 2867 707 2934 col
751 2868 1143 2935 Santiniae
1188 2870 1636 2955 Sapramemo,
1679 2873 1753 2935 in

147 2957 286 3057 fine
313 2954 482 3022 della
513 2957 714 3025 uma
745 2957 1036 3038 sotmn05
1081 2957 1602 3044 quandoquidem
1634 2958 1749 3025 bu·

151 3044 440 3111 msmodi
499 3064 650 3112 usus
707 3044 825 3112 sibi
871 3046 1213 3132 provenire
1263 3046 1621 3114 existimant
1669 3066 1750 3113 ex

150 3131 486 3220 generice,
542 3151 667 3218 qua
717 3133 1035 3221 gaudent,
1098 3137 1507 3202 concessione
1551 3135 1750 3202 bono-

151 3238 333 3304 rum,
371 3220 1017 3310 praeeminentiarum
1048 3242 1119 3288 ac
1149 3222 1751 3290 decoramentorum

148 3308 232 3375 ad
283 3308 483 3375 instar
526 3309 966 3398 capitulorum
1011 3311 1366 3395 catanien„
1403 3314 1746 3378 Messanen.

152 3408 220 3463 et
270 3393 795 3465 Panormitanae'?

290 3483 564 3553 Dubium
614 3487 720 3553 IV.
770 3485 906 3569 An,
958 3495 1024 3552 et
1075 3487 1405 3571 quomodo
1463 3486 1529 3553 in
1599 3508 1745 3555 casu

146 3593 307 3640 usus
368 3573 588 3641 Crucis
655 3574 1031 3660 pectoralis,
1079 3575 1192 3659 qui
1254 3593 1589 3642 concessus
1648 3585 1747 3642 est

148 3681 277 3728 una
325 3670 572 3728 tantum
640 3680 789 3729 cum
848 3660 1316 3748 pontificalibus
1364 3662 1740 3749 insignibus,

146 3746 447 3836 permitti
486 3769 745 3838 quoque
791 3748 989 3836 possit
1034 3769 1166 3817 non
1213 3751 1480 3836 quidem
1525 3752 1745 3839 singu-

149 3837 255 3922 lis,
288 3836 407 3904 sed
439 3837 889 3925 capitulariter
935 3838 1512 3905 intervenientibus
1554 3839 1619 3906 in
1649 3840 1744 3907 di·

144 3924 294 3992 vina
341 3926 716 4010 psalmodia,
751 3926 826 3993 iis
858 3924 1082 3994 diebus
1129 3925 1358 4014 quibus
1391 3927 1748 4027 Episcopus

145 4013 348 4101 pallio
380 4015 471 4080 uti
507 4025 755 4103 potest;
804 4014 866 4081 in
915 4014 1157 4082 duabus
1203 4014 1738 4100 Processionibus‚

147 4120 316 4187 quae
387 4101 545 4169 fiunt
614 4122 834 4170 mense
898 4102 1274 4186 Decembri,
1347 4105 1744 4172 recurrendo

147 4191 320 4259 festo
383 4194 742 4276 Patronae3·
787 4191 848 4257 in
907 4189 1417 4258 processionibus
1476 4192 1744 4260 Sanctis-

142 4277 292 4346 simi
339 4279 640 4366 Corporis
698 4278 930 4348 Christi
975 4298 1008 4344 a
1055 4279 1217 4347 festo
1275 4277 1566 4346 eiusdem
1634 4279 1743 4347 die

145 4367 227 4434 ad
273 4376 471 4433 totam
504 4379 790 4434 octavam
835 4365 1181 4455 inclusive3
1232 4368 1295 4433 in
1335 4368 1742 4435 processione

146 4455 362 4524 Sancti
395 4453 1000 4524 sebastiani-mense
1033 4453 1349 4541 lanuario;
1402 4465 1466 4521 et
1497 4455 1561 4521 in
1593 4460 1738 4521 Pro-

146 4542 544 4610 cessionibus
589 4541 1066 4632 Rogationum'?

279 4634 463 4700 Sacra
510 4650 704 4719 porro
735 4630 997 4698 Rituum
1025 4631 1476 4720 congregatio,
1515 4631 1737 4717 exqui-

143 4720 270 4787 sito
314 4720 494 4806 prius
534 4738 737 4807 super
780 4720 1076 4787 omnibus
1120 4720 1383 4786 alterius
1429 4738 1510 4786 ex
1569 4722 1736 4807 Apo-

142 4806 514 4875 stolicarum
581 4808 1143 4876 caeremoniarum
1210 4806 1518 4893 Magistris
1587 4816 1738 4874 voto

142 4893 401 4983 scriptis
447 4896 624 4963 edito
673 4894 871 4984 (quod
923 4896 1091 4984 typis
1121 4896 1244 4962 iam
1290 4914 1582 4982 pressum
1615 4895 1734 4983 est)

146 4993 213 5051 et
249 4982 478 5051 habitis
507 4983 861 5073 diligenter
892 5001 1045 5072 prae
1077 4983 1280 5051 oculis
1313 4995 1447 5051 tum
1480 4983 1737 5051 Litteris

143 5071 287 5141 ami
316 5071 792 5160 Archiepiscopi
827 5072 1224 5160 Syracusani,
1263 5083 1399 5140 tum
1449 5071 1736 5157 utrisque

143 5161 535 5249 Dignitatum
569 5172 634 5226 et
664 5161 1129 5228 canonicorum
1164 5159 1736 5243 observationibus,

143 5248 208 5316 in
253 5246 584 5316 Ordinatio
615 5250 818 5315 Coetu
848 5248 1061 5315 habito
1109 5247 1502 5336 infrascripta
1532 5246 1637 5315 die
1670 5246 1734 5314 in

141 5336 373 5403 Palatio
418 5335 786 5423 Apostolico
834 5335 1157 5422 Vaticano,
1208 5336 1533 5403 referente
1570 5338 1732 5403 Eme

1878 410 1944 469 et
1993 407 2150 471 amo
2196 403 2462 470 Domino
2520 402 2835 471 cardinali
2898 403 3152 474 Nicolao
3208 404 3467 474 clarelli

1877 490 2267 575 Paracciani,
2312 511 2385 558 re
2446 500 2694 559 mature
2751 502 2818 557 et
2884 492 3313 581 undequaque
3370 493 3465 562 di·

1875 598 2110 663 scussa,
2162 579 2687 667 respondendum
2733 579 3018 647 censuit:
3068 602 3107 645 α
3141 586 3319 649 luxta
3355 601 3465 648 vo·

1880 677 2014 732 tum
2047 666 2322 754 Magistri
2355 665 2906 735 caeremoniarum
2940 691 2978 732 ιν
3025 668 3331 736 nimirum
3360 693 3375 734 ε

2005 755 2102 821 Ad
2150 760 2201 823 1.
2250 777 2289 820 α
2320 756 2536 832 Quoad
2567 754 2831 843 primam
2874 767 3146 843 partem,
3179 757 3465 824 Affirma-

1875 841 2050 919 tive;
2101 842 2270 909 iuxta
2319 844 2619 911 modum:
2681 842 2926 911 scilicet
2984 845 3336 932 Dignitates
3397 854 3463 912 et

1874 929 2222 999 Canonicos
2256 932 2565 998 concessis
2600 931 3066 1020 pontificalibus
3111 930 3464 1034 insignibus

1877 1019 1968 1084 uti
2015 1035 2199 1104 posse
2247 1018 2499 1104 quoties
2544 1018 2695 1107 ipsis
2749 1017 3029 1105 libuerit,
3082 1032 3205 1090 tam
3236 1040 3303 1088 m
3334 1023 3464 1088 Me-

1872 1104 2250 1207 tropolitana
2296 1126 2483 1192 quam
2533 1107 2597 1174 in
2644 1107 2780 1173 aliis
2826 1110 3251 1196 Syracusanae
3298 1107 3462 1177 civi-

1875 1203 2015 1260 tatis
2044 1193 2371 1279 Ecclesiis,
2396 1212 2656 1282 semper
2687 1204 2902 1263 tamen
2928 1195 3317 1266 assentiente
3344 1199 3461 1262 Ar-

1871 1280 2282 1370 cbiepiscopo
2324 1293 2391 1348 et
2422 1282 2754 1350 assistente
2802 1283 3093 1370 capitulo
3122 1320 3213 1335 —
3241 1285 3455 1363 Quoad

1867 1369 2213 1437 secundam
2261 1381 2533 1459 partem,
2582 1371 2909 1438 Provisum
2958 1370 3020 1438 in
3057 1373 3272 1472 prima
3303 1395 3366 1438 ».

2001 1457 2098 1558 ᾼᾶ
2121 1461 2213 1558 ll..
2256 1481 2295 1524 α
2331 1459 2472 1526 Sola
2507 1458 2770 1546 insignia
2803 1459 2976 1528 iuxta
2999 1463 3270 1528 Litteras
3307 1478 3457 1527 con-

1872 1563 2169 1612 cessionis
2199 1567 2265 1613 ›.

1999 1635 2095 1701 Ad
2159 1638 2261 1701 111.
2329 1656 2368 1699 ι
2403 1637 2710 1703 Servetur
2775 1635 3198 1704 constitutio:
3271 1639 3456 1704 Decet

1866 1723 2181 1788 Romanoa
2226 1724 2608 1810 Pontifices,-
2655 1735 2723 1790 et
2767 1723 3026 1792 interim
3070 1723 3149 1791 ab
3181 1725 3302 1794 boc
3334 1743 3456 1791 usu

1865 1808 2220 1893 desistant,
2269 1813 2476 1880 donec
2533 1811 2619 1878 de
2675 1822 2905 1880 asserta
2966 1812 3455 1901 privilegiorum

1863 1897 2225 1982 existentia,
2258 1900 2342 1967 de
2385 1900 2619 1986 quibus
2662 1898 2728 1965 in
2776 1899 3000 1986 dubio,
3035 1903 3259 1969 Sacrae
3286 1904 3453 1968 Con-

1908 1986 2221 2070 regationi
2254 1989 2639 2056 documenta
2673 1986 3096 2056 exhibeantur
3128 1989 3206 2057 ab
3247 2006 3450 2074 eaque

1886 2072 2216 2141 avorabilis
2260 2073 2574 2142 sententia
2620 2075 2880 2142 obtenta
2925 2076 3122 2144 fuerit
3152 2098 3220 2142 ».

1990 2161 2086 2228 Ad
2137 2167 2242 2232 lv.
2290 2187 2329 2230 α
2362 2165 2501 2230 Non
2548 2162 2858 2252 expedire
2892 2184 2957 2232 ›.

1991 2254 2204 2336 Atque
2262 2252 2347 2319 ita
2406 2254 2588 2319 Sacra
2644 2249 3066 2340 congregatio
3123 2251 3452 2340 rescripsit

1861 2357 1932 2403 ac
1974 2339 2218 2406 servari
2264 2340 2610 2408 mandavit.

1993 2426 2108 2495 Die
2156 2432 2242 2497 st
2286 2427 2491 2497 Martii
2540 2431 2732 2497 1860.

1857 2608 2130 2677 3094.
2466 2605 2859 2673 atessam.
3216 2603 3443 2691 (5297)

1987 2782 2193 2860 Quum
2235 2778 2302 2846 in
2352 2777 2633 2846 Ecclesia
2691 2777 3051 2846 cathedrali
3111 2776 3446 2863 Algarensi

1856 2890 2005 2937 usus
2051 2870 2128 2936 ab
2172 2868 2428 2954 antiqua
2474 2876 2677 2934 aetate
2724 2865 3091 2950 invaluerit,
3126 2872 3196 2931 ut
3240 2867 3439 2934 cano-

1855 2957 1978 3025 nici
2050 2956 2362 3046 Episcopo
2437 2953 2821 3041 pontificalia
2889 2952 3223 3040 peragenti
3292 2951 3441 3019 assi-

1852 3056 2096 3113 stentes
2159 3043 2469 3132 pileolum
2514 3042 2580 3109 in
2627 3042 2831 3131 capite
2890 3040 3247 3109 retinerent
3322 3041 3443 3107 du·

1853 3133 2058 3201 bitans
2145 3132 2432 3199 eiusdem
2506 3130 2831 3198 Ecclesiae
2908 3089 3443 3229 Archipresbyter

1854 3240 2007 3289 num
2056 3218 2411 3288 istiusmodi
2468 3238 2655 3303 usus,
2702 3226 3042 3303 praetextu
3104 3234 3439 3286 immemo-

1853 3311 2022 3377 rialis
2069 3306 2577 3390 consuetudinis,
2605 3306 2812 3373 valeat
2840 3302 3181 3384 sustineri;
3214 3303 3292 3369 ab
3322 3304 3435 3370 bac

1735 3423 1748 3437 ·
1851 3402 2031 3468 Sacra
2064 3396 2324 3466 Rituum
2362 3394 2873 3483 congregatione
2899 3392 3296 3479 insequentia
3318 3391 3438 3459 du·

1853 3487 1952 3555 bia
1998 3485 2186 3574 petiit
2234 3483 2587 3551 declarari:

1979 3573 2253 3642 Dubium
2300 3576 2347 3639 1.
2399 3574 2496 3638 An
2540 3569 2836 3639 canonici
2883 3567 3277 3638 cathedralis
3322 3572 3433 3634 Ec·

1852 3663 2083 3730 clesiae
2128 3660 2490 3747 Algarensis
2538 3671 2762 3726 tenere
2798 3657 3049 3745 ⁴possint
3094 3656 3160 3723 in
3226 3655 3434 3755 capite

1848 3749 2184 3838 pileolum,
2221 3751 2392 3815 iuxta
2423 3745 2997 3815 immemorabilem
3030 3744 3432 3845 consuetudi-

1830 3856 2025 3922 nem,
2063 3837 2220 3904 dum
2252 3836 2371 3925 ipsi
2400 3835 2591 3903 sacris
2637 3831 3019 3924 pluvialibus
3051 3832 3255 3900 induti
3286 3830 3435 3919 Epi·

1847 3945 2041 4012 scopo
2086 3925 2265 3992 Feria
2311 3928 2363 3994 V
2411 3925 2476 3991 in
2533 3927 2743 3992 coena
2800 3922 3047 3991 Domini
3103 3917 3432 4008 pontifica-

1851 4016 2014 4083 libus
2074 4012 2464 4082 indumentis
2524 4022 2741 4101 parato
2802 4021 2867 4079 et
2925 4030 2957 4075 a
3016 4008 3309 4078 Sacristia
3352 4006 3430 4074 ad

1846 4122 2016 4171 aram
2065 4103 2399 4169 maximam
2444 4098 2767 4188 pergenti,
2804 4109 2874 4167 ut
2905 4096 3117 4165 divina
3170 4104 3432 4185 peragat

1847 4189 2177 4280 mysteria,
2226 4188 2649 4278 processionis
2690 4185 2917 4255 ordine
3034 4180 3435 4253 raecedunt?

1974 4278 2249 4347 Dubium
2297 4281 2373 4346 11.
2433 4280 2529 4343 An
2587 4274 2648 4343 vi
2708 4275 2955 4341 eiusmo
3004 4274 3024 4340 i
3091 4282 3432 4340 consuetu-

1844 4367 2009 4436 dinis
2055 4367 2294 4455 pileolo
2342 4364 2434 4431 uti
2479 4363 2722 4452 possint
2781 4361 3038 4450 ipsimet
3098 4358 3425 4441 canonici,

1846 4456 2000 4524 dum
2046 4456 2123 4523 ad
2170 4452 2561 4540 praedictam
2604 4469 2774 4517 aram
2822 4450 3158 4516 maximam
3198 4465 3428 4547 perve-

1846 4544 2097 4610 nientes
2142 4551 2306 4609 stant
2354 4540 2416 4606 in
2464 4539 2705 4607 circulo
2752 4555 2964 4605 coram
3010 4536 3241 4604 eodem
3278 4537 3430 4624 Ept-

1843 4650 2063 4720 scopo,
2113 4630 2444 4697 introitum
2493 4628 2705 4694 Missae
2840 4620 3218 4692 rsolvente?

1973 4718 2251 4787 Dubium
2298 4721 2395 4784 lll.
2444 4718 2541 4784 An
2586 4714 2758 4803 pileo
2787 4731 2899 4783 um
2962 4733 2999 4780 e
3062 4711 3267 4801 capite
3312 4710 3426 4778 de-

1844 4826 2087 4897 ponere
2134 4815 2471 4872 teneantur
2502 4802 2753 4890 quoties
2782 4821 2954 4869 sacra
2986 4801 3261 4868 induunt
3291 4799 3428 4887 plu-

1841 4895 2050 4978 vialia,
2099 4894 2217 4961 etsi
2268 4893 2584 4981 Episcopo
2630 4910 2759 4958 non
2804 4885 3146 4957 assistant?
3266 4974 3279 4987 ·

1973 4982 2213 5050 Placuit
2244 4985 2471 5050 Sacrae
2500 4980 2755 5047 Rituum
2791 4976 3284 5064 congregationi
3321 4994 3427 5043 su-

1841 5090 1960 5158 per
2009 5069 2319 5137 eiusmodi
2367 5066 2577 5136 dubiis
2621 5066 3003 5133 sententiam
3050 5061 3191 5132 Rmi
3236 5065 3425 5152 Alga-

1842 5158 2043 5226 rensis
2104 5158 2397 5246 Episcopi
2463 5152 2843 5242 exquirere;
2892 5172 3011 5239 qua
3060 5150 3124 5219 in
3183 5151 3424 5242 scripto

1838 5246 2046 5316 habita
2091 5265 2161 5312 ac
2207 5264 2560 5335 perpensa,
2613 5240 2841 5310 eadem
2901 5244 3082 5310 Sacra
3143 5242 3423 5329 congre·

1838 5334 2005 5424 gatio
2050 5332 2116 5402 in
2173 5332 2520 5402 ordinariis
2580 5330 2767 5399 buius
2826 5329 2956 5397 diei
3011 5328 3297 5397 comitiis
3342 5328 3419 5397 ad
