<?xml version="1.0" encoding="UTF-8"?>
<!DOCTYPE html PUBLIC "-//W3C//DTD XHTML 1.0 Transitional//EN"
    "http://www.w3.org/TR/xhtml1/DTD/xhtml1-transitional.dtd">
<html xmlns="http://www.w3.org/1999/xhtml" xml:lang="en" lang="en">
 <head>
  <title>
</title>
<meta http-equiv="Content-Type" content="text/html;charset=utf-8" />
  <meta name='ocr-system' content='tesseract 3.04.00' />
  <meta name='ocr-capabilities' content='ocr_page ocr_carea ocr_par ocr_line ocrx_word'/>
</head>
<body>
  <div class='ocr_page' id='page_1' title='image "./decretaauthenti00ritugoog_0480.png"; bbox 0 0 4042 5950; ppageno 0'>
   <div class='ocr_carea' id='block_1_1' title="bbox 2028 233 2499 313">
    <p class='ocr_par' dir='ltr' id='par_1_1' title="bbox 2028 233 2499 313">
     <span class='ocr_line' id='line_1_1' title="bbox 2028 233 2499 313; baseline 0.002 -21"><span class='ocrx_word' id='word_1_1' title='bbox 2028 233 2499 313; x_wconf 59' lang='lat'>„432-</span> 
     </span>
    </p>
   </div>
   <div class='ocr_carea' id='block_1_2' title="bbox 618 391 2231 1963">
    <p class='ocr_par' dir='ltr' id='par_1_2' title="bbox 625 391 2219 634">
     <span class='ocr_line' id='line_1_2' title="bbox 628 391 2219 478; baseline 0 -20"><span class='ocrx_word' id='word_1_2' title='bbox 628 393 871 478; x_wconf 72' lang='lat' dir='ltr'><strong>Corpus</strong></span> <span class='ocrx_word' id='word_1_3' title='bbox 916 394 1182 461; x_wconf 70' lang='lat' dir='ltr'><strong>Domini</strong></span> <span class='ocrx_word' id='word_1_4' title='bbox 1234 394 1464 462; x_wconf 79' lang='lat' dir='ltr'><strong>Nostri</strong></span> <span class='ocrx_word' id='word_1_5' title='bbox 1523 392 1662 458; x_wconf 73' lang='lat' dir='ltr'><strong>lesu</strong></span> <span class='ocrx_word' id='word_1_6' title='bbox 1714 391 1963 461; x_wconf 66' lang='lat' dir='ltr'><strong>Christi</strong></span> <span class='ocrx_word' id='word_1_7' title='bbox 2008 400 2219 459; x_wconf 75' lang='lat' dir='ltr'><strong>custo·</strong></span> 
     </span>
     <span class='ocr_line' id='line_1_3' title="bbox 625 480 2213 550; baseline -0.001 -5"><span class='ocrx_word' id='word_1_8' title='bbox 625 480 770 546; x_wconf 80' lang='lat' dir='ltr'><strong>diat</strong></span> <span class='ocrx_word' id='word_1_9' title='bbox 825 484 1118 548; x_wconf 73' lang='lat' dir='ltr'><strong>animam</strong></span> <span class='ocrx_word' id='word_1_10' title='bbox 1173 501 1374 550; x_wconf 68' lang='lat' dir='ltr'><strong>nicam</strong></span> <span class='ocrx_word' id='word_1_11' title='bbox 1444 483 1517 546; x_wconf 81' lang='lat' dir='ltr'><strong>ia</strong></span> <span class='ocrx_word' id='word_1_12' title='bbox 1584 484 1791 548; x_wconf 80' lang='lat' dir='ltr'><strong>vitam</strong></span> <span class='ocrx_word' id='word_1_13' title='bbox 1858 492 2213 547; x_wconf 73' lang='lat' dir='ltr'><strong><em>aeternam.</em></strong></span> 
     </span>
     <span class='ocr_line' id='line_1_4' title="bbox 628 571 1820 634; baseline -0.002 0"><span class='ocrx_word' id='word_1_14' title='bbox 628 571 850 634; x_wconf 78' lang='lat' dir='ltr'><strong>Amen.</strong></span> <span class='ocrx_word' id='word_1_15' title='bbox 1807 581 1820 595; x_wconf 90' lang='lat'><strong>·</strong></span> 
     </span>
    </p>

    <p class='ocr_par' dir='ltr' id='par_1_3' title="bbox 618 657 2221 1078">
     <span class='ocr_line' id='line_1_5' title="bbox 757 657 2218 747; baseline 0.001 -25"><span class='ocrx_word' id='word_1_16' title='bbox 757 661 860 723; x_wconf 83' lang='lat'><strong>111.</strong></span> <span class='ocrx_word' id='word_1_17' title='bbox 910 660 1004 724; x_wconf 80' lang='lat' dir='ltr'><strong>An</strong></span> <span class='ocrx_word' id='word_1_18' title='bbox 1045 659 1405 747; x_wconf 73' lang='lat' dir='ltr'><strong>,Episcopus</strong></span> <span class='ocrx_word' id='word_1_19' title='bbox 1455 668 1680 724; x_wconf 85' lang='lat' dir='ltr'><strong>tenens</strong></span> <span class='ocrx_word' id='word_1_20' title='bbox 1721 677 1945 725; x_wconf 90' lang='lat' dir='ltr'><strong>manus</strong></span> <span class='ocrx_word' id='word_1_21' title='bbox 1976 657 2218 725; x_wconf 87' lang='lat' dir='ltr'><strong>iunctas</strong></span> 
     </span>
     <span class='ocr_line' id='line_1_6' title="bbox 625 743 2221 834; baseline -0.001 -23"><span class='ocrx_word' id='word_1_22' title='bbox 625 745 985 833; x_wconf 76' lang='lat' dir='ltr'><strong>Presbyteri</strong></span> <span class='ocrx_word' id='word_1_23' title='bbox 1014 748 1370 834; x_wconf 82' lang='lat' dir='ltr'><strong>Regularis,</strong></span> <span class='ocrx_word' id='word_1_24' title='bbox 1398 743 1760 813; x_wconf 75' lang='lat' dir='ltr'><strong>debeat&#39;his</strong></span> <span class='ocrx_word' id='word_1_25' title='bbox 1784 745 1996 812; x_wconf 76' lang='lat' dir='ltr'><strong>verbis</strong></span> <span class='ocrx_word' id='word_1_26' title='bbox 2016 749 2221 832; x_wconf 81' lang='lat' dir='ltr'><strong>:Pro-</strong></span> 
     </span>
     <span class='ocr_line' id='line_1_7' title="bbox 626 835 2221 923; baseline 0.002 -27"><span class='ocrx_word' id='word_1_27' title='bbox 626 836 839 899; x_wconf 80' lang='lat' dir='ltr'><strong>mittis</strong></span> <span class='ocrx_word' id='word_1_28' title='bbox 871 836 1202 923; x_wconf 77' lang='lat' dir='ltr'><strong>Pontifici,</strong></span> <span class='ocrx_word' id='word_1_29' title='bbox 1239 836 1344 902; x_wconf 82' lang='lat' dir='ltr'><strong>vel</strong></span> <span class='ocrx_word' id='word_1_30' title='bbox 1378 835 1679 901; x_wconf 76' lang='lat' dir='ltr'><strong><em>Praelata</em></strong></span> <span class='ocrx_word' id='word_1_31' title='bbox 1718 835 2075 901; x_wconf 75' lang='lat' dir='ltr'><strong>Ordinara‘o</strong></span> <span class='ocrx_word' id='word_1_32' title='bbox 2109 845 2221 901; x_wconf 76' lang='lat' dir='ltr'><strong>tuo</strong></span> 
     </span>
     <span class='ocr_line' id='line_1_8' title="bbox 618 923 2219 1007; baseline 0.001 -21"><span class='ocrx_word' id='word_1_33' title='bbox 618 939 735 1007; x_wconf 82' lang='lat' dir='ltr'><strong>pro</strong></span> <span class='ocrx_word' id='word_1_34' title='bbox 796 930 1067 1006; x_wconf 80' lang='lat' dir='ltr'><strong>tempore</strong></span> <span class='ocrx_word' id='word_1_35' title='bbox 1125 925 1432 991; x_wconf 72' lang='lat' dir='ltr'><strong>emi-stanti</strong></span> <span class='ocrx_word' id='word_1_36' title='bbox 1484 931 1604 989; x_wconf 80' lang='lat' dir='ltr'><strong>etc.</strong></span> <span class='ocrx_word' id='word_1_37' title='bbox 1660 923 1900 991; x_wconf 78' lang='lat' dir='ltr'>addere</span> <span class='ocrx_word' id='word_1_38' title='bbox 1960 934 2019 989; x_wconf 83' lang='lat' dir='ltr'><strong>et</strong></span> <span class='ocrx_word' id='word_1_39' title='bbox 2077 927 2219 990; x_wconf 75' lang='lat' dir='ltr'><strong>cius</strong></span> 
     </span>
     <span class='ocr_line' id='line_1_9' title="bbox 624 1010 1147 1078; baseline 0.006 -5"><span class='ocrx_word' id='word_1_40' title='bbox 624 1010 1147 1078; x_wconf 67' lang='lat' dir='ltr'><strong>successoribus?</strong></span> 
     </span>
    </p>

    <p class='ocr_par' dir='ltr' id='par_1_4' title="bbox 623 1098 2221 1363">
     <span class='ocr_line' id='line_1_10' title="bbox 757 1098 2221 1189; baseline -0.001 -23"><span class='ocrx_word' id='word_1_41' title='bbox 757 1100 940 1166; x_wconf 89' lang='lat' dir='ltr'><strong>Sacra</strong></span> <span class='ocrx_word' id='word_1_42' title='bbox 973 1118 1167 1188; x_wconf 91' lang='lat' dir='ltr'><strong>porro</strong></span> <span class='ocrx_word' id='word_1_43' title='bbox 1197 1101 1459 1168; x_wconf 82' lang='lat' dir='ltr'><strong>Rituum</strong></span> <span class='ocrx_word' id='word_1_44' title='bbox 1505 1098 1959 1187; x_wconf 87' lang='lat' dir='ltr'><strong>congregatio,</strong></span> <span class='ocrx_word' id='word_1_45' title='bbox 1999 1118 2221 1189; x_wconf 83' lang='lat' dir='ltr'><strong>supra-</strong></span> 
     </span>
     <span class='ocr_line' id='line_1_11' title="bbox 623 1186 2221 1288; baseline 0.001 -37"><span class='ocrx_word' id='word_1_46' title='bbox 623 1186 876 1288; x_wconf 75' lang='lat' dir='ltr'><strong>scriptis</strong></span> <span class='ocrx_word' id='word_1_47' title='bbox 922 1186 1132 1254; x_wconf 86' lang='lat' dir='ltr'><strong>dubiis</strong></span> <span class='ocrx_word' id='word_1_48' title='bbox 1176 1199 1468 1256; x_wconf 87' lang='lat' dir='ltr'><strong>accurate</strong></span> <span class='ocrx_word' id='word_1_49' title='bbox 1515 1188 1951 1272; x_wconf 74' lang='lat' dir='ltr'><strong>consideratis,</strong></span> <span class='ocrx_word' id='word_1_50' title='bbox 1995 1186 2221 1254; x_wconf 86' lang='lat' dir='ltr'><strong>rescri-</strong></span> 
     </span>
     <span class='ocr_line' id='line_1_12' title="bbox 625 1287 797 1363; baseline 0 -24"><span class='ocrx_word' id='word_1_51' title='bbox 625 1287 797 1363; x_wconf 76' lang='lat' dir='ltr'><strong>psit:</strong></span> 
     </span>
    </p>

    <p class='ocr_par' dir='ltr' id='par_1_5' title="bbox 632 1361 2221 1522">
     <span class='ocr_line' id='line_1_13' title="bbox 757 1361 2221 1433; baseline -0.001 -3"><span class='ocrx_word' id='word_1_52' title='bbox 757 1362 854 1430; x_wconf 84' lang='lat' dir='ltr'><strong>Ad</strong></span> <span class='ocrx_word' id='word_1_53' title='bbox 886 1368 932 1430; x_wconf 89' lang='lat'><strong>1.</strong></span> <span class='ocrx_word' id='word_1_54' title='bbox 989 1389 1026 1430; x_wconf 65' lang='grc' dir='ltr'><strong>αι</strong></span> <span class='ocrx_word' id='word_1_55' title='bbox 1060 1368 1263 1432; x_wconf 87' lang='lat' dir='ltr'><strong>Detur</strong></span> <span class='ocrx_word' id='word_1_56' title='bbox 1290 1370 1634 1433; x_wconf 74' lang='lat' dir='ltr'><strong>Decretum</strong></span> <span class='ocrx_word' id='word_1_57' title='bbox 1666 1364 1733 1432; x_wconf 89' lang='lat' dir='ltr'><strong>in</strong></span> <span class='ocrx_word' id='word_1_58' title='bbox 1757 1368 2061 1431; x_wconf 78' lang='lat' dir='ltr'><strong>Aniciea.</strong></span> <span class='ocrx_word' id='word_1_59' title='bbox 2089 1361 2221 1431; x_wconf 89' lang='lat' dir='ltr'><strong>diei</strong></span> 
     </span>
     <span class='ocr_line' id='line_1_14' title="bbox 632 1452 2045 1522; baseline 0.004 -5"><span class='ocrx_word' id='word_1_60' title='bbox 632 1453 715 1520; x_wconf 99' lang='grc'><strong>18</strong></span> <span class='ocrx_word' id='word_1_61' title='bbox 762 1452 1087 1520; x_wconf 82' lang='lat' dir='ltr'><strong>Februarii</strong></span> <span class='ocrx_word' id='word_1_62' title='bbox 1142 1457 1309 1522; x_wconf 73' lang='lat'><strong>1843</strong></span> <span class='ocrx_word' id='word_1_63' title='bbox 1343 1477 1406 1520; x_wconf 80' lang='lat'><strong>».</strong></span> <span class='ocrx_word' id='word_1_64' title='bbox 2042 1501 2045 1510; x_wconf 86' lang='lat'><em>-</em></span> 
     </span>
    </p>

    <p class='ocr_par' dir='ltr' id='par_1_6' title="bbox 628 1540 2223 1698">
     <span class='ocr_line' id='line_1_15' title="bbox 765 1540 2223 1611; baseline 0.001 -5"><span class='ocrx_word' id='word_1_65' title='bbox 765 1540 859 1606; x_wconf 81' lang='lat' dir='ltr'><strong>Ad</strong></span> <span class='ocrx_word' id='word_1_66' title='bbox 909 1546 986 1609; x_wconf 88' lang='lat' dir='ltr'><strong>ll.</strong></span> <span class='ocrx_word' id='word_1_67' title='bbox 1049 1565 1088 1608; x_wconf 64' lang='grc' dir='ltr'><strong><em>α</em></strong></span> <span class='ocrx_word' id='word_1_68' title='bbox 1123 1544 1435 1610; x_wconf 82' lang='lat' dir='ltr'><strong>Servetur</strong></span> <span class='ocrx_word' id='word_1_69' title='bbox 1498 1541 1770 1611; x_wconf 80' lang='lat' dir='ltr'><strong>Robrica</strong></span> <span class='ocrx_word' id='word_1_70' title='bbox 1839 1540 2223 1609; x_wconf 82' lang='lat' dir='ltr'><strong>Pontificalis</strong></span> 
     </span>
     <span class='ocr_line' id='line_1_16' title="bbox 628 1628 990 1698; baseline 0.011 -5"><span class='ocrx_word' id='word_1_71' title='bbox 628 1628 894 1695; x_wconf 80' lang='lat' dir='ltr'><strong>Romani</strong></span> <span class='ocrx_word' id='word_1_72' title='bbox 929 1654 990 1698; x_wconf 68' lang='grc' dir='ltr'><strong>ιν.</strong></span> 
     </span>
    </p>

    <p class='ocr_par' dir='ltr' id='par_1_7' title="bbox 632 1716 2231 1894">
     <span class='ocr_line' id='line_1_17' title="bbox 761 1716 2231 1786; baseline 0.002 -5"><span class='ocrx_word' id='word_1_73' title='bbox 761 1716 857 1784; x_wconf 79' lang='lat' dir='ltr'><strong>Ad</strong></span> <span class='ocrx_word' id='word_1_74' title='bbox 905 1722 1005 1786; x_wconf 88' lang='lat'><strong>111.</strong></span> <span class='ocrx_word' id='word_1_75' title='bbox 1054 1740 1094 1784; x_wconf 66' lang='lat' dir='ltr'><strong>a</strong></span> <span class='ocrx_word' id='word_1_76' title='bbox 1129 1721 1437 1786; x_wconf 78' lang='lat' dir='ltr'><strong>Servetur</strong></span> <span class='ocrx_word' id='word_1_77' title='bbox 1481 1719 1748 1786; x_wconf 83' lang='lat' dir='ltr'><strong>formula</strong></span> <span class='ocrx_word' id='word_1_78' title='bbox 1799 1741 1831 1786; x_wconf 97' lang='lat' dir='ltr'><strong>a</strong></span> <span class='ocrx_word' id='word_1_79' title='bbox 1877 1717 2231 1785; x_wconf 85' lang='lat' dir='ltr'><strong>Pontificali</strong></span> 
     </span>
     <span class='ocr_line' id='line_1_18' title="bbox 632 1806 1444 1894; baseline 0.001 -24"><span class='ocrx_word' id='word_1_80' title='bbox 632 1806 910 1871; x_wconf 83' lang='lat' dir='ltr'><strong>Romano</strong></span> <span class='ocrx_word' id='word_1_81' title='bbox 954 1807 1348 1894; x_wconf 88' lang='lat' dir='ltr'><strong>praescripta</strong></span> <span class='ocrx_word' id='word_1_82' title='bbox 1380 1830 1444 1871; x_wconf 81' lang='lat'><strong>».</strong></span> 
     </span>
    </p>

    <p class='ocr_par' dir='ltr' id='par_1_8' title="bbox 762 1893 1499 1963">
     <span class='ocr_line' id='line_1_19' title="bbox 762 1893 1499 1963; baseline 0.005 -5"><span class='ocrx_word' id='word_1_83' title='bbox 762 1893 874 1959; x_wconf 90' lang='lat' dir='ltr'><strong>Die</strong></span> <span class='ocrx_word' id='word_1_84' title='bbox 925 1898 1006 1961; x_wconf 77' lang='lat'><strong>14</strong></span> <span class='ocrx_word' id='word_1_85' title='bbox 1055 1894 1250 1962; x_wconf 70' lang='lat' dir='ltr'><strong>Martii</strong></span> <span class='ocrx_word' id='word_1_86' title='bbox 1308 1899 1499 1963; x_wconf 91' lang='grc'><strong>1861.</strong></span> 
     </span>
    </p>
   </div>
   <div class='ocr_carea' id='block_1_3' title="bbox 631 2034 2217 2125">
    <p class='ocr_par' dir='ltr' id='par_1_9' title="bbox 631 2034 2217 2125">
     <span class='ocr_line' id='line_1_20' title="bbox 631 2034 2217 2125; baseline 0.001 -23"><span class='ocrx_word' id='word_1_87' title='bbox 631 2034 888 2104; x_wconf 74' lang='grc'><strong>3106.</strong></span> <span class='ocrx_word' id='word_1_88' title='bbox 1176 2037 1661 2105; x_wconf 71' lang='lat' dir='ltr'><strong>Nnoron&#39;rnn.</strong></span> <span class='ocrx_word' id='word_1_89' title='bbox 1986 2036 2217 2125; x_wconf 72' lang='lat'>(5313)</span> 
     </span>
    </p>
   </div>
   <div class='ocr_carea' id='block_1_4' title="bbox 632 2157 2237 4351">
    <p class='ocr_par' dir='ltr' id='par_1_10' title="bbox 632 2157 2231 3129">
     <span class='ocr_line' id='line_1_21' title="bbox 763 2157 2222 2249; baseline 0.002 -24"><span class='ocrx_word' id='word_1_90' title='bbox 763 2163 924 2226; x_wconf 88' lang='lat' dir='ltr'><strong>Dum</strong></span> <span class='ocrx_word' id='word_1_91' title='bbox 959 2157 1233 2226; x_wconf 88' lang='lat' dir='ltr'><strong>innotuit</strong></span> <span class='ocrx_word' id='word_1_92' title='bbox 1263 2164 1424 2227; x_wconf 75' lang='lat' dir='ltr'><strong>Rmo</strong></span> <span class='ocrx_word' id='word_1_93' title='bbox 1473 2165 1521 2226; x_wconf 91' lang='lat' dir='ltr'><strong>E</strong></span> <span class='ocrx_word' id='word_1_94' title='bbox 1571 2159 1786 2249; x_wconf 90' lang='lat' dir='ltr'><strong>iscopo</strong></span> <span class='ocrx_word' id='word_1_95' title='bbox 1823 2161 2222 2247; x_wconf 89' lang='lat' dir='ltr'><strong>Neoporten.</strong></span> 
     </span>
     <span class='ocr_line' id='line_1_22' title="bbox 632 2247 2223 2334; baseline 0.002 -21"><span class='ocrx_word' id='word_1_96' title='bbox 632 2247 803 2333; x_wconf 86' lang='lat' dir='ltr'><strong>quod</strong></span> <span class='ocrx_word' id='word_1_97' title='bbox 854 2247 916 2314; x_wconf 90' lang='lat' dir='ltr'><strong>in</strong></span> <span class='ocrx_word' id='word_1_98' title='bbox 963 2248 1240 2334; x_wconf 88' lang='lat' dir='ltr'><strong>quodam</strong></span> <span class='ocrx_word' id='word_1_99' title='bbox 1286 2247 1488 2315; x_wconf 80' lang='lat' dir='ltr'><strong>Altari</strong></span> <span class='ocrx_word' id='word_1_100' title='bbox 1586 2268 1664 2314; x_wconf 85' lang='lat' dir='ltr'><strong>xo</strong></span> <span class='ocrx_word' id='word_1_101' title='bbox 1710 2268 1857 2315; x_wconf 89' lang='lat' dir='ltr'><strong>suae</strong></span> <span class='ocrx_word' id='word_1_102' title='bbox 1906 2249 2223 2316; x_wconf 89' lang='lat' dir='ltr'><strong>Dioecesis</strong></span> 
     </span>
     <span class='ocr_line' id='line_1_23' title="bbox 636 2335 2225 2425; baseline 0.001 -24"><span class='ocrx_word' id='word_1_103' title='bbox 636 2335 791 2421; x_wconf 89' lang='lat' dir='ltr'><strong>lapis</strong></span> <span class='ocrx_word' id='word_1_104' title='bbox 823 2354 941 2425; x_wconf 89' lang='lat' dir='ltr'><strong>pro</strong></span> <span class='ocrx_word' id='word_1_105' title='bbox 972 2335 1183 2423; x_wconf 89' lang='lat' dir='ltr'><strong>sigillo</strong></span> <span class='ocrx_word' id='word_1_106' title='bbox 1213 2336 1497 2423; x_wconf 79' lang='lat' dir='ltr'><strong>sepulcri</strong></span> <span class='ocrx_word' id='word_1_107' title='bbox 1543 2336 1978 2424; x_wconf 78' lang='lat' dir='ltr'><strong>Reliquiarum</strong></span> <span class='ocrx_word' id='word_1_108' title='bbox 2028 2337 2225 2404; x_wconf 89' lang='lat' dir='ltr'><strong>inser-</strong></span> 
     </span>
     <span class='ocr_line' id='line_1_24' title="bbox 634 2422 2227 2512; baseline 0.003 -24"><span class='ocrx_word' id='word_1_109' title='bbox 634 2422 849 2508; x_wconf 75' lang='lat' dir='ltr'><strong>viens,</strong></span> <span class='ocrx_word' id='word_1_110' title='bbox 901 2423 984 2490; x_wconf 90' lang='lat' dir='ltr'><strong>ob</strong></span> <span class='ocrx_word' id='word_1_111' title='bbox 1028 2424 1359 2492; x_wconf 82' lang='lat' dir='ltr'><strong>defectum</strong></span> <span class='ocrx_word' id='word_1_112' title='bbox 1420 2425 1606 2491; x_wconf 88' lang='lat' dir='ltr'><strong>calcis</strong></span> <span class='ocrx_word' id='word_1_113' title='bbox 1651 2444 1776 2512; x_wconf 90' lang='lat' dir='ltr'><strong>qua</strong></span> <span class='ocrx_word' id='word_1_114' title='bbox 1829 2424 2227 2512; x_wconf 86' lang='lat' dir='ltr'><strong>conglutina-</strong></span> 
     </span>
     <span class='ocr_line' id='line_1_25' title="bbox 633 2511 2222 2601; baseline 0.001 -23"><span class='ocrx_word' id='word_1_115' title='bbox 633 2512 845 2596; x_wconf 80' lang='lat' dir='ltr'><strong>batur,</strong></span> <span class='ocrx_word' id='word_1_116' title='bbox 894 2511 1168 2599; x_wconf 82' lang='lat' dir='ltr'><strong>amplius</strong></span> <span class='ocrx_word' id='word_1_117' title='bbox 1213 2513 1512 2600; x_wconf 88' lang='lat' dir='ltr'><strong>sepulcro</strong></span> <span class='ocrx_word' id='word_1_118' title='bbox 1543 2532 1672 2579; x_wconf 90' lang='lat' dir='ltr'><strong>non</strong></span> <span class='ocrx_word' id='word_1_119' title='bbox 1703 2511 2051 2593; x_wconf 88' lang='lat' dir='ltr'><strong>haerebat;</strong></span> <span class='ocrx_word' id='word_1_120' title='bbox 2086 2513 2222 2601; x_wconf 91' lang='lat' dir='ltr'><strong>ipse</strong></span> 
     </span>
     <span class='ocr_line' id='line_1_26' title="bbox 634 2600 2221 2690; baseline 0.001 -26"><span class='ocrx_word' id='word_1_121' title='bbox 634 2608 707 2688; x_wconf 87' lang='lat' dir='ltr'><strong>ut</strong></span> <span class='ocrx_word' id='word_1_122' title='bbox 752 2619 890 2666; x_wconf 90' lang='lat' dir='ltr'><strong>rem</strong></span> <span class='ocrx_word' id='word_1_123' title='bbox 939 2600 1171 2667; x_wconf 90' lang='lat' dir='ltr'><strong>melius</strong></span> <span class='ocrx_word' id='word_1_124' title='bbox 1219 2600 1626 2688; x_wconf 76' lang='lat' dir='ltr'><strong>exploraret,</strong></span> <span class='ocrx_word' id='word_1_125' title='bbox 1679 2601 1958 2690; x_wconf 77' lang='lat' dir='ltr'><strong>lapidem</strong></span> <span class='ocrx_word' id='word_1_126' title='bbox 2014 2600 2221 2688; x_wconf 90' lang='lat' dir='ltr'><strong>ipsum</strong></span> 
     </span>
     <span class='ocr_line' id='line_1_27' title="bbox 635 2688 2227 2790; baseline 0.001 -38"><span class='ocrx_word' id='word_1_127' title='bbox 635 2704 825 2756; x_wconf 88' lang='lat' dir='ltr'><strong>manu</strong></span> <span class='ocrx_word' id='word_1_128' title='bbox 855 2707 964 2754; x_wconf 86' lang='lat' dir='ltr'><strong>sua</strong></span> <span class='ocrx_word' id='word_1_129' title='bbox 996 2688 1222 2770; x_wconf 82' lang='lat' dir='ltr'><strong>movit,</strong></span> <span class='ocrx_word' id='word_1_130' title='bbox 1261 2699 1324 2755; x_wconf 86' lang='lat' dir='ltr'><strong>et</strong></span> <span class='ocrx_word' id='word_1_131' title='bbox 1355 2708 1502 2755; x_wconf 87' lang='lat' dir='ltr'><strong>cum</strong></span> <span class='ocrx_word' id='word_1_132' title='bbox 1533 2688 1742 2790; x_wconf 85' lang='lat' dir='ltr'><strong>reipsa</strong></span> <span class='ocrx_word' id='word_1_133' title='bbox 1770 2689 2018 2756; x_wconf 90' lang='lat' dir='ltr'><strong>solutus</strong></span> <span class='ocrx_word' id='word_1_134' title='bbox 2058 2700 2227 2755; x_wconf 89' lang='lat' dir='ltr'><strong>esset</strong></span> 
     </span>
     <span class='ocr_line' id='line_1_28' title="bbox 634 2774 2228 2863; baseline -0.001 -18"><span class='ocrx_word' id='word_1_135' title='bbox 634 2776 720 2845; x_wconf 87' lang='lat' dir='ltr'><strong>de</strong></span> <span class='ocrx_word' id='word_1_136' title='bbox 766 2776 919 2860; x_wconf 91' lang='lat' dir='ltr'><strong>situ,</strong></span> <span class='ocrx_word' id='word_1_137' title='bbox 966 2774 1365 2858; x_wconf 80' lang='lat' dir='ltr'><strong>sublevavit3</strong></span> <span class='ocrx_word' id='word_1_138' title='bbox 1414 2777 1738 2863; x_wconf 78' lang='lat' dir='ltr'><strong>Reliquias</strong></span> <span class='ocrx_word' id='word_1_139' title='bbox 1782 2787 1997 2844; x_wconf 89' lang='lat' dir='ltr'><strong>tamen</strong></span> <span class='ocrx_word' id='word_1_140' title='bbox 2045 2777 2228 2844; x_wconf 91' lang='lat' dir='ltr'><strong>nullo</strong></span> 
     </span>
     <span class='ocr_line' id='line_1_29' title="bbox 633 2863 2231 2950; baseline 0.002 -20"><span class='ocrx_word' id='word_1_141' title='bbox 633 2863 827 2931; x_wconf 90' lang='lat' dir='ltr'><strong>modo</strong></span> <span class='ocrx_word' id='word_1_142' title='bbox 877 2864 1087 2950; x_wconf 85' lang='lat' dir='ltr'><strong>tetigit</strong></span> <span class='ocrx_word' id='word_1_143' title='bbox 1132 2865 1236 2931; x_wconf 76' lang='lat' dir='ltr'><strong>vel</strong></span> <span class='ocrx_word' id='word_1_144' title='bbox 1285 2865 1599 2934; x_wconf 84' lang='lat' dir='ltr'><strong>dimovit:</strong></span> <span class='ocrx_word' id='word_1_145' title='bbox 1650 2865 1890 2934; x_wconf 89' lang='lat' dir='ltr'><strong>deinde</strong></span> <span class='ocrx_word' id='word_1_146' title='bbox 1951 2865 2008 2931; x_wconf 82' lang='lat' dir='ltr'><strong>la</strong></span> <span class='ocrx_word' id='word_1_147' title='bbox 2059 2865 2231 2933; x_wconf 91' lang='lat' dir='ltr'><strong>idem</strong></span> 
     </span>
     <span class='ocr_line' id='line_1_30' title="bbox 637 2949 2228 3042; baseline 0.001 -22"><span class='ocrx_word' id='word_1_148' title='bbox 637 2951 947 3040; x_wconf 83' lang='lat' dir='ltr'><strong>reposuit.</strong></span> <span class='ocrx_word' id='word_1_149' title='bbox 996 2949 1233 3031; x_wconf 81' lang='lat' dir='ltr'><strong>Quibus</strong></span> <span class='ocrx_word' id='word_1_150' title='bbox 1278 2954 1581 3042; x_wconf 82' lang='lat' dir='ltr'><strong>expositis</strong></span> <span class='ocrx_word' id='word_1_151' title='bbox 1628 2976 1661 3021; x_wconf 93' lang='lat' dir='ltr'><strong>a</strong></span> <span class='ocrx_word' id='word_1_152' title='bbox 1694 2957 1761 3025; x_wconf 92' lang='grc'><strong>8.</strong></span> <span class='ocrx_word' id='word_1_153' title='bbox 1799 2955 1966 3023; x_wconf 86' lang='lat' dir='ltr'><strong>Sede</strong></span> <span class='ocrx_word' id='word_1_154' title='bbox 2064 2955 2228 3022; x_wconf 88' lang='lat' dir='ltr'><strong>ecla-</strong></span> 
     </span>
     <span class='ocr_line' id='line_1_31' title="bbox 637 3040 1614 3129; baseline 0.003 -22"><span class='ocrx_word' id='word_1_155' title='bbox 637 3042 759 3108; x_wconf 87' lang='lat' dir='ltr'><strong>rari</strong></span> <span class='ocrx_word' id='word_1_156' title='bbox 813 3040 1173 3108; x_wconf 88' lang='lat' dir='ltr'><strong>humillime</strong></span> <span class='ocrx_word' id='word_1_157' title='bbox 1221 3043 1614 3129; x_wconf 80' lang='lat' dir='ltr'><strong>postulavit:</strong></span> 
     </span>
    </p>

    <p class='ocr_par' dir='ltr' id='par_1_11' title="bbox 637 3130 2230 3286">
     <span class='ocr_line' id='line_1_32' title="bbox 768 3130 2230 3220; baseline -0.001 -24"><span class='ocrx_word' id='word_1_158' title='bbox 768 3134 816 3196; x_wconf 88' lang='lat'><strong>1.</strong></span> <span class='ocrx_word' id='word_1_159' title='bbox 866 3135 960 3197; x_wconf 80' lang='lat' dir='ltr'><strong>An</strong></span> <span class='ocrx_word' id='word_1_160' title='bbox 1007 3130 1263 3215; x_wconf 85' lang='lat' dir='ltr'><strong>Altare,</strong></span> <span class='ocrx_word' id='word_1_161' title='bbox 1313 3132 1397 3199; x_wconf 91' lang='lat' dir='ltr'><strong>de</strong></span> <span class='ocrx_word' id='word_1_162' title='bbox 1443 3150 1573 3218; x_wconf 93' lang='lat' dir='ltr'><strong>quo</strong></span> <span class='ocrx_word' id='word_1_163' title='bbox 1620 3151 1849 3220; x_wconf 85' lang='lat' dir='ltr'><strong>supra,</strong></span> <span class='ocrx_word' id='word_1_164' title='bbox 1902 3149 2230 3199; x_wconf 87' lang='lat' dir='ltr'><strong>consecra-</strong></span> 
     </span>
     <span class='ocr_line' id='line_1_33' title="bbox 637 3217 1265 3286; baseline -0.002 0"><span class='ocrx_word' id='word_1_165' title='bbox 637 3220 882 3286; x_wconf 90' lang='lat' dir='ltr'><strong>tionem</strong></span> <span class='ocrx_word' id='word_1_166' title='bbox 927 3218 1208 3286; x_wconf 87' lang='lat' dir='ltr'><strong>amiserit</strong></span> <span class='ocrx_word' id='word_1_167' title='bbox 1232 3217 1265 3285; x_wconf 66' lang='grc' dir='ltr'><strong>ἰ’</strong></span> 
     </span>
    </p>

    <p class='ocr_par' dir='ltr' id='par_1_12' title="bbox 635 3306 2231 3552">
     <span class='ocr_line' id='line_1_34' title="bbox 766 3306 2227 3393; baseline -0.001 -19"><span class='ocrx_word' id='word_1_168' title='bbox 766 3312 846 3374; x_wconf 90' lang='grc' dir='ltr'><strong>ΙΙ.</strong></span> <span class='ocrx_word' id='word_1_169' title='bbox 906 3310 1002 3374; x_wconf 80' lang='lat' dir='ltr'><strong>An</strong></span> <span class='ocrx_word' id='word_1_170' title='bbox 1077 3306 1312 3375; x_wconf 90' lang='lat' dir='ltr'><strong>debeat</strong></span> <span class='ocrx_word' id='word_1_171' title='bbox 1380 3311 1597 3377; x_wconf 89' lang='lat' dir='ltr'><strong>denuo</strong></span> <span class='ocrx_word' id='word_1_172' title='bbox 1666 3308 2053 3393; x_wconf 88' lang='lat' dir='ltr'><strong>consecrari,</strong></span> <span class='ocrx_word' id='word_1_173' title='bbox 2124 3307 2227 3374; x_wconf 82' lang='lat' dir='ltr'><strong>vel</strong></span> 
     </span>
     <span class='ocr_line' id='line_1_35' title="bbox 635 3394 2231 3552; baseline -0.001 -89"><span class='ocrx_word' id='word_1_174' title='bbox 635 3394 903 3552; x_wconf 49' lang='grc' dir='ltr'><strong>ᾗιιίῖἰοίἳειι</strong></span> <span class='ocrx_word' id='word_1_175' title='bbox 932 3394 1220 3483; x_wconf 89' lang='lat' dir='ltr'><strong>sigillum</strong></span> <span class='ocrx_word' id='word_1_176' title='bbox 1253 3398 1468 3465; x_wconf 91' lang='lat' dir='ltr'><strong>denuo</strong></span> <span class='ocrx_word' id='word_1_177' title='bbox 1503 3396 1943 3484; x_wconf 87' lang='lat' dir='ltr'><strong>conglutinare</strong></span> <span class='ocrx_word' id='word_1_178' title='bbox 1970 3407 2037 3464; x_wconf 88' lang='lat' dir='ltr'><strong>et</strong></span> <span class='ocrx_word' id='word_1_179' title='bbox 2060 3397 2231 3463; x_wconf 86' lang='lat' dir='ltr'><strong>clau-</strong></span> 
     </span>
    </p>

    <p class='ocr_par' dir='ltr' id='par_1_13' title="bbox 689 3502 801 3551">
     <span class='ocr_line' id='line_1_36' title="bbox 689 3502 801 3551; baseline 0.018 -2"><span class='ocrx_word' id='word_1_180' title='bbox 689 3502 801 3551; x_wconf 88' lang='lat' dir='ltr'><strong>ere</strong></span> 
     </span>
    </p>

    <p class='ocr_par' dir='ltr' id='par_1_14' title="bbox 639 3573 2233 3905">
     <span class='ocr_line' id='line_1_37' title="bbox 770 3573 2233 3663; baseline 0.001 -24"><span class='ocrx_word' id='word_1_181' title='bbox 770 3577 867 3640; x_wconf 87' lang='lat'><strong>111.</strong></span> <span class='ocrx_word' id='word_1_182' title='bbox 919 3578 986 3641; x_wconf 90' lang='lat' dir='ltr'><strong>ln</strong></span> <span class='ocrx_word' id='word_1_183' title='bbox 1034 3595 1169 3641; x_wconf 89' lang='lat' dir='ltr'><strong>casu</strong></span> <span class='ocrx_word' id='word_1_184' title='bbox 1226 3593 1354 3660; x_wconf 87' lang='lat' dir='ltr'><strong>quo</strong></span> <span class='ocrx_word' id='word_1_185' title='bbox 1399 3574 1683 3663; x_wconf 90' lang='lat' dir='ltr'><strong>sigillum</strong></span> <span class='ocrx_word' id='word_1_186' title='bbox 1718 3585 1965 3642; x_wconf 89' lang='lat' dir='ltr'><strong>tantum</strong></span> <span class='ocrx_word' id='word_1_187' title='bbox 1997 3573 2233 3642; x_wconf 89' lang='lat' dir='ltr'><strong>debeat</strong></span> 
     </span>
     <span class='ocr_line' id='line_1_38' title="bbox 640 3661 2229 3751; baseline 0.001 -24"><span class='ocrx_word' id='word_1_188' title='bbox 640 3662 875 3728; x_wconf 88' lang='lat' dir='ltr'><strong>iterum</strong></span> <span class='ocrx_word' id='word_1_189' title='bbox 921 3664 1171 3749; x_wconf 90' lang='lat' dir='ltr'><strong>reponi,</strong></span> <span class='ocrx_word' id='word_1_190' title='bbox 1225 3681 1302 3729; x_wconf 90' lang='lat' dir='ltr'><strong>an</strong></span> <span class='ocrx_word' id='word_1_191' title='bbox 1350 3666 1487 3732; x_wconf 84' lang='lat' dir='ltr'><strong>calx</strong></span> <span class='ocrx_word' id='word_1_192' title='bbox 1543 3683 1664 3750; x_wconf 86' lang='lat' dir='ltr'><strong>qua</strong></span> <span class='ocrx_word' id='word_1_193' title='bbox 1724 3661 2229 3751; x_wconf 86' lang='lat' dir='ltr'><strong>conglutinatur,</strong></span> 
     </span>
     <span class='ocr_line' id='line_1_39' title="bbox 639 3748 2233 3904; baseline 0.001 -89"><span class='ocrx_word' id='word_1_194' title='bbox 639 3748 1242 3904; x_wconf 47' lang='lat' dir='ltr'><strong>debeatvbenedicss</strong></span> <span class='ocrx_word' id='word_1_195' title='bbox 1292 3761 1482 3839; x_wconf 87' lang='lat' dir='ltr'><strong>prout</strong></span> <span class='ocrx_word' id='word_1_196' title='bbox 1527 3752 1600 3819; x_wconf 85' lang='lat' dir='ltr'><strong>flt</strong></span> <span class='ocrx_word' id='word_1_197' title='bbox 1646 3751 1708 3819; x_wconf 90' lang='lat' dir='ltr'><strong>in</strong></span> <span class='ocrx_word' id='word_1_198' title='bbox 1756 3751 2233 3818; x_wconf 88' lang='lat' dir='ltr'><strong>consecratione</strong></span> 
     </span>
     <span class='ocr_line' id='line_1_40' title="bbox 641 3837 1046 3905; baseline 0.015 -3"><span class='ocrx_word' id='word_1_199' title='bbox 641 3842 693 3902; x_wconf 81' lang='lat' dir='ltr'>A</span> <span class='ocrx_word' id='word_1_200' title='bbox 722 3837 874 3905; x_wconf 76' lang='lat' dir='ltr'><strong>toris</strong></span> <span class='ocrx_word' id='word_1_201' title='bbox 1037 3892 1046 3897; x_wconf 87' lang='lat'><strong>.</strong></span> 
     </span>
    </p>

    <p class='ocr_par' dir='ltr' id='par_1_15' title="bbox 641 3926 2237 4282">
     <span class='ocr_line' id='line_1_41' title="bbox 769 3926 2233 4016; baseline 0 -23"><span class='ocrx_word' id='word_1_202' title='bbox 769 3930 850 3993; x_wconf 88' lang='lat' dir='ltr'><strong>Et</strong></span> <span class='ocrx_word' id='word_1_203' title='bbox 918 3932 1101 3996; x_wconf 87' lang='lat' dir='ltr'><strong>Sacra</strong></span> <span class='ocrx_word' id='word_1_204' title='bbox 1162 3929 1423 3996; x_wconf 82' lang='lat' dir='ltr'><strong>Rituum</strong></span> <span class='ocrx_word' id='word_1_205' title='bbox 1484 3928 1950 4016; x_wconf 87' lang='lat' dir='ltr'><strong>congregatio,</strong></span> <span class='ocrx_word' id='word_1_206' title='bbox 2019 3926 2233 3995; x_wconf 90' lang='lat' dir='ltr'><strong>dubiis</strong></span> 
     </span>
     <span class='ocr_line' id='line_1_42' title="bbox 644 4013 2237 4104; baseline 0.002 -25"><span class='ocrx_word' id='word_1_207' title='bbox 644 4013 794 4101; x_wconf 89' lang='lat' dir='ltr'><strong>ipsis</strong></span> <span class='ocrx_word' id='word_1_208' title='bbox 840 4028 1139 4085; x_wconf 82' lang='lat' dir='ltr'><strong>accurate</strong></span> <span class='ocrx_word' id='word_1_209' title='bbox 1176 4016 1535 4104; x_wconf 83' lang='lat' dir='ltr'><strong>perpensis,</strong></span> <span class='ocrx_word' id='word_1_210' title='bbox 1569 4015 2054 4083; x_wconf 88' lang='lat' dir='ltr'><strong>rescribendum</strong></span> <span class='ocrx_word' id='word_1_211' title='bbox 2087 4034 2237 4082; x_wconf 92' lang='lat' dir='ltr'><strong>cen-</strong></span> 
     </span>
     <span class='ocr_line' id='line_1_43' title="bbox 641 4102 2234 4193; baseline 0 -25"><span class='ocrx_word' id='word_1_212' title='bbox 641 4102 809 4170; x_wconf 83' lang='lat' dir='ltr'><strong>suit:</strong></span> <span class='ocrx_word' id='word_1_213' title='bbox 859 4127 898 4170; x_wconf 64' lang='lat' dir='ltr'><strong>c</strong></span> <span class='ocrx_word' id='word_1_214' title='bbox 931 4107 1183 4189; x_wconf 79' lang='lat' dir='ltr'><strong>Altare,</strong></span> <span class='ocrx_word' id='word_1_215' title='bbox 1231 4106 1317 4171; x_wconf 91' lang='lat' dir='ltr'><strong>de</strong></span> <span class='ocrx_word' id='word_1_216' title='bbox 1371 4124 1498 4192; x_wconf 85' lang='lat' dir='ltr'><strong>quo</strong></span> <span class='ocrx_word' id='word_1_217' title='bbox 1562 4104 1624 4170; x_wconf 91' lang='lat' dir='ltr'><strong>in</strong></span> <span class='ocrx_word' id='word_1_218' title='bbox 1683 4104 2021 4193; x_wconf 80' lang='lat' dir='ltr'><strong>precibus,</strong></span> <span class='ocrx_word' id='word_1_219' title='bbox 2071 4123 2234 4171; x_wconf 80' lang='lat' dir='ltr'><strong>nova</strong></span> 
     </span>
     <span class='ocr_line' id='line_1_44' title="bbox 642 4194 1559 4282; baseline 0.003 -26"><span class='ocrx_word' id='word_1_220' title='bbox 642 4194 1121 4260; x_wconf 87' lang='lat' dir='ltr'><strong>consecratione</strong></span> <span class='ocrx_word' id='word_1_221' title='bbox 1168 4194 1463 4282; x_wconf 77' lang='lat' dir='ltr'><strong>indigere</strong></span> <span class='ocrx_word' id='word_1_222' title='bbox 1494 4215 1559 4259; x_wconf 62' lang='grc' dir='ltr'><strong>ι.</strong></span> 
     </span>
    </p>

    <p class='ocr_par' dir='ltr' id='par_1_16' title="bbox 659 4283 1513 4351">
     <span class='ocr_line' id='line_1_45' title="bbox 659 4283 1513 4351; baseline -0.001 -2"><span class='ocrx_word' id='word_1_223' title='bbox 659 4312 662 4315; x_wconf 93' lang='grc'><em>·</em></span> <span class='ocrx_word' id='word_1_224' title='bbox 776 4283 888 4349; x_wconf 88' lang='lat' dir='ltr'><strong>Die</strong></span> <span class='ocrx_word' id='word_1_225' title='bbox 939 4286 1020 4350; x_wconf 74' lang='lat'><strong>14</strong></span> <span class='ocrx_word' id='word_1_226' title='bbox 1067 4283 1267 4350; x_wconf 77' lang='lat' dir='ltr'><strong>Martii</strong></span> <span class='ocrx_word' id='word_1_227' title='bbox 1323 4285 1513 4351; x_wconf 87' lang='grc'><strong>1861.</strong></span> 
     </span>
    </p>
   </div>
   <div class='ocr_carea' id='block_1_5' title="bbox 644 4420 2234 4510">
    <p class='ocr_par' dir='ltr' id='par_1_17' title="bbox 644 4420 2234 4510">
     <span class='ocr_line' id='line_1_46' title="bbox 644 4420 2234 4510; baseline -0.002 -20"><span class='ocrx_word' id='word_1_228' title='bbox 644 4420 894 4493; x_wconf 77' lang='lat'><strong>310⁷.</strong></span> <span class='ocrx_word' id='word_1_229' title='bbox 1103 4424 1726 4492; x_wconf 66' lang='lat' dir='ltr'><strong>cancassonsn.</strong></span> <span class='ocrx_word' id='word_1_230' title='bbox 2006 4420 2234 4510; x_wconf 70' lang='lat' dir='ltr'><strong>(saia)</strong></span> 
     </span>
    </p>
   </div>
   <div class='ocr_carea' id='block_1_6' title="bbox 643 4548 2247 5258">
    <p class='ocr_par' dir='ltr' id='par_1_18' title="bbox 643 4548 2241 4812">
     <span class='ocr_line' id='line_1_47' title="bbox 776 4548 2241 4638; baseline -0.001 -24"><span class='ocrx_word' id='word_1_231' title='bbox 776 4548 986 4625; x_wconf 81' lang='lat' dir='ltr'><strong>Quum</strong></span> <span class='ocrx_word' id='word_1_232' title='bbox 1030 4551 1229 4614; x_wconf 77' lang='lat' dir='ltr'><strong>Rmus</strong></span> <span class='ocrx_word' id='word_1_233' title='bbox 1289 4548 1643 4638; x_wconf 84' lang='lat' dir='ltr'><strong>Episcopus</strong></span> <span class='ocrx_word' id='word_1_234' title='bbox 1706 4549 2155 4614; x_wconf 76' lang='lat' dir='ltr'><strong>carcassonen.</strong></span> <span class='ocrx_word' id='word_1_235' title='bbox 2207 4567 2241 4612; x_wconf 88' lang='lat' dir='ltr'><strong>a</strong></span> 
     </span>
     <span class='ocr_line' id='line_1_48' title="bbox 645 4633 2240 4723; baseline -0.003 -18"><span class='ocrx_word' id='word_1_236' title='bbox 645 4639 714 4707; x_wconf 91' lang='lat' dir='ltr'><strong>S.</strong></span> <span class='ocrx_word' id='word_1_237' title='bbox 757 4635 927 4703; x_wconf 88' lang='lat' dir='ltr'><strong>Sede</strong></span> <span class='ocrx_word' id='word_1_238' title='bbox 971 4635 1300 4723; x_wconf 83' lang='lat' dir='ltr'><strong>sequentia</strong></span> <span class='ocrx_word' id='word_1_239' title='bbox 1348 4637 1479 4704; x_wconf 89' lang='lat' dir='ltr'><strong>duo</strong></span> <span class='ocrx_word' id='word_1_240' title='bbox 1525 4636 1718 4705; x_wconf 85' lang='lat' dir='ltr'><strong>dubia</strong></span> <span class='ocrx_word' id='word_1_241' title='bbox 1762 4635 2076 4703; x_wconf 86' lang='lat' dir='ltr'><strong>declarari</strong></span> <span class='ocrx_word' id='word_1_242' title='bbox 2120 4633 2240 4701; x_wconf 90' lang='lat' dir='ltr'><strong>hu-</strong></span> 
     </span>
     <span class='ocr_line' id='line_1_49' title="bbox 643 4724 1825 4812; baseline -0.003 -20"><span class='ocrx_word' id='word_1_243' title='bbox 643 4725 920 4792; x_wconf 88' lang='lat' dir='ltr'><strong>millime</strong></span> <span class='ocrx_word' id='word_1_244' title='bbox 964 4724 1420 4812; x_wconf 79' lang='lat' dir='ltr'><strong>postulaverit3</strong></span> <span class='ocrx_word' id='word_1_245' title='bbox 1472 4725 1777 4792; x_wconf 89' lang='lat' dir='ltr'><strong>nimirum</strong></span> <span class='ocrx_word' id='word_1_246' title='bbox 1808 4746 1825 4789; x_wconf 73' lang='grc' dir='ltr'><strong>ε</strong></span> 
     </span>
    </p>

    <p class='ocr_par' dir='ltr' id='par_1_19' title="bbox 647 4812 2247 5258">
     <span class='ocr_line' id='line_1_50' title="bbox 779 4812 2243 4901; baseline -0.003 -21"><span class='ocrx_word' id='word_1_247' title='bbox 779 4818 825 4880; x_wconf 88' lang='lat'><strong>1.</strong></span> <span class='ocrx_word' id='word_1_248' title='bbox 876 4813 1241 4901; x_wconf 90' lang='lat' dir='ltr'><strong>capitulum</strong></span> <span class='ocrx_word' id='word_1_249' title='bbox 1290 4812 1679 4882; x_wconf 87' lang='lat' dir='ltr'><strong>Cathedralis</strong></span> <span class='ocrx_word' id='word_1_250' title='bbox 1726 4812 2051 4880; x_wconf 72' lang='lat' dir='ltr'><strong>Ecclesiae</strong></span> <span class='ocrx_word' id='word_1_251' title='bbox 2095 4814 2243 4877; x_wconf 86' lang='lat' dir='ltr'><strong>car-</strong></span> 
     </span>
     <span class='ocr_line' id='line_1_51' title="bbox 647 4900 2243 4973; baseline -0.005 0"><span class='ocrx_word' id='word_1_252' title='bbox 647 4921 976 4973; x_wconf 88' lang='lat' dir='ltr'><strong>cassonen.</strong></span> <span class='ocrx_word' id='word_1_253' title='bbox 1047 4900 1168 4968; x_wconf 90' lang='lat' dir='ltr'><strong>sub</strong></span> <span class='ocrx_word' id='word_1_254' title='bbox 1228 4901 1624 4969; x_wconf 82' lang='lat' dir='ltr'><strong>invocatione</strong></span> <span class='ocrx_word' id='word_1_255' title='bbox 1686 4904 2063 4969; x_wconf 87' lang='lat' dir='ltr'><strong>Sanctorum</strong></span> <span class='ocrx_word' id='word_1_256' title='bbox 2124 4900 2243 4966; x_wconf 89' lang='lat' dir='ltr'><strong>Na-</strong></span> 
     </span>
     <span class='ocr_line' id='line_1_52' title="bbox 648 4988 2240 5079; baseline -0.003 -20"><span class='ocrx_word' id='word_1_257' title='bbox 648 4990 799 5059; x_wconf 81' lang='lat' dir='ltr'><strong>zarii</strong></span> <span class='ocrx_word' id='word_1_258' title='bbox 849 5001 915 5058; x_wconf 88' lang='lat' dir='ltr'><strong>et</strong></span> <span class='ocrx_word' id='word_1_259' title='bbox 959 4989 1128 5058; x_wconf 83' lang='lat' dir='ltr'><strong>Celsi</strong></span> <span class='ocrx_word' id='word_1_260' title='bbox 1173 4990 1552 5060; x_wconf 77' lang='lat' dir='ltr'><strong>Titularium</strong></span> <span class='ocrx_word' id='word_1_261' title='bbox 1599 4988 1828 5079; x_wconf 89' lang='lat' dir='ltr'><strong>prioris</strong></span> <span class='ocrx_word' id='word_1_262' title='bbox 1886 4988 2240 5075; x_wconf 84' lang='lat' dir='ltr'><strong>Ecclesiae,</strong></span> 
     </span>
     <span class='ocr_line' id='line_1_53' title="bbox 648 5077 2243 5167; baseline -0.003 -18"><span class='ocrx_word' id='word_1_263' title='bbox 648 5098 820 5149; x_wconf 87' lang='lat' dir='ltr'><strong>nunc</strong></span> <span class='ocrx_word' id='word_1_264' title='bbox 866 5080 1111 5147; x_wconf 87' lang='lat' dir='ltr'><strong>residet</strong></span> <span class='ocrx_word' id='word_1_265' title='bbox 1157 5100 1240 5149; x_wconf 83' lang='lat' dir='ltr'><strong>ex</strong></span> <span class='ocrx_word' id='word_1_266' title='bbox 1288 5078 1702 5167; x_wconf 83' lang='lat' dir='ltr'><strong>dispositione</strong></span> <span class='ocrx_word' id='word_1_267' title='bbox 1748 5098 1805 5145; x_wconf 90' lang='lat' dir='ltr'><strong>s.</strong></span> <span class='ocrx_word' id='word_1_268' title='bbox 1854 5096 1942 5146; x_wconf 92' lang='lat' dir='ltr'><strong>m.</strong></span> <span class='ocrx_word' id='word_1_269' title='bbox 1994 5077 2080 5142; x_wconf 83' lang='lat' dir='ltr'><strong>Pii</strong></span> <span class='ocrx_word' id='word_1_270' title='bbox 2137 5081 2243 5144; x_wconf 87' lang='lat' dir='ltr'><strong>Pa-</strong></span> 
     </span>
     <span class='ocr_line' id='line_1_54' title="bbox 650 5164 2247 5258; baseline -0.003 -24"><span class='ocrx_word' id='word_1_271' title='bbox 650 5186 770 5258; x_wconf 88' lang='lat' dir='ltr'><strong>pae</strong></span> <span class='ocrx_word' id='word_1_272' title='bbox 818 5170 926 5236; x_wconf 79' lang='lat' dir='ltr'><strong>vn</strong></span> <span class='ocrx_word' id='word_1_273' title='bbox 973 5169 1035 5235; x_wconf 89' lang='lat' dir='ltr'><strong>in</strong></span> <span class='ocrx_word' id='word_1_274' title='bbox 1081 5169 1364 5237; x_wconf 83' lang='lat' dir='ltr'><strong>Ecclesia</strong></span> <span class='ocrx_word' id='word_1_275' title='bbox 1409 5167 1753 5257; x_wconf 81' lang='lat' dir='ltr'><strong>parochiali</strong></span> <span class='ocrx_word' id='word_1_276' title='bbox 1807 5169 1877 5234; x_wconf 90' lang='lat' dir='ltr'><strong>S.</strong></span> <span class='ocrx_word' id='word_1_277' title='bbox 1926 5164 2247 5233; x_wconf 70' lang='lat' dir='ltr'><strong>Michaelis</strong></span> 
     </span>
    </p>
   </div>
   <div class='ocr_carea' id='block_1_7' title="bbox 796 5364 1284 5438">
    <p class='ocr_par' dir='ltr' id='par_1_20' title="bbox 796 5364 1284 5438">
     <span class='ocr_line' id='line_1_55' title="bbox 796 5364 1284 5438; baseline 0.002 -16"><span class='ocrx_word' id='word_1_278' title='bbox 796 5364 877 5438; x_wconf 77' lang='grc' dir='ltr'><strong>(ι)</strong></span> <span class='ocrx_word' id='word_1_279' title='bbox 915 5366 975 5422; x_wconf 76' lang='lat' dir='ltr'><strong>n.</strong></span> <span class='ocrx_word' id='word_1_280' title='bbox 1017 5365 1155 5422; x_wconf 73' lang='lat' dir='ltr'><strong>nub.</strong></span> <span class='ocrx_word' id='word_1_281' title='bbox 1193 5365 1284 5423; x_wconf 76' lang='lat' dir='ltr'><strong>iv.</strong></span> 
     </span>
    </p>
   </div>
   <div class='ocr_carea' id='block_1_8' title="bbox 2316 386 3891 1606">
    <p class='ocr_par' dir='ltr' id='par_1_21' title="bbox 2316 386 3880 654">
     <span class='ocr_line' id='line_1_56' title="bbox 2316 386 3874 477; baseline -0.001 -19"><span class='ocrx_word' id='word_1_282' title='bbox 2316 390 2733 476; x_wconf 77' lang='lat' dir='ltr'><strong>Archangeli.</strong></span> <span class='ocrx_word' id='word_1_283' title='bbox 2778 389 3155 468; x_wconf 83' lang='lat' dir='ltr'><strong>Quaeritur:</strong></span> <span class='ocrx_word' id='word_1_284' title='bbox 3221 393 3315 457; x_wconf 70' lang='lat' dir='ltr'><strong>An</strong></span> <span class='ocrx_word' id='word_1_285' title='bbox 3367 386 3728 477; x_wconf 80' lang='lat' dir='ltr'><strong>capitulum</strong></span> <span class='ocrx_word' id='word_1_286' title='bbox 3777 393 3874 457; x_wconf 81' lang='lat' dir='ltr'><strong>Ec·</strong></span> 
     </span>
     <span class='ocr_line' id='line_1_57' title="bbox 2318 477 3876 548; baseline -0.001 -2"><span class='ocrx_word' id='word_1_287' title='bbox 2318 479 2547 546; x_wconf 88' lang='lat' dir='ltr'><strong>clesiae</strong></span> <span class='ocrx_word' id='word_1_288' title='bbox 2607 482 3056 548; x_wconf 82' lang='lat' dir='ltr'><strong>carcassonen.</strong></span> <span class='ocrx_word' id='word_1_289' title='bbox 3117 477 3347 545; x_wconf 89' lang='lat' dir='ltr'><strong>debeat</strong></span> <span class='ocrx_word' id='word_1_290' title='bbox 3408 478 3732 545; x_wconf 87' lang='lat' dir='ltr'><strong>celebrare</strong></span> <span class='ocrx_word' id='word_1_291' title='bbox 3784 483 3876 545; x_wconf 68' lang='lat' dir='ltr'><strong>Fe·</strong></span> 
     </span>
     <span class='ocr_line' id='line_1_58' title="bbox 2318 564 3880 654; baseline -0.001 -21"><span class='ocrx_word' id='word_1_292' title='bbox 2318 577 2490 635; x_wconf 89' lang='lat' dir='ltr'><strong>stum</strong></span> <span class='ocrx_word' id='word_1_293' title='bbox 2536 568 2603 634; x_wconf 89' lang='lat' dir='ltr'><strong>S.</strong></span> <span class='ocrx_word' id='word_1_294' title='bbox 2653 566 2974 634; x_wconf 71' lang='lat' dir='ltr'><strong>Michaelis</strong></span> <span class='ocrx_word' id='word_1_295' title='bbox 3019 567 3399 654; x_wconf 74' lang='lat' dir='ltr'><strong>Archangeli</strong></span> <span class='ocrx_word' id='word_1_296' title='bbox 3444 585 3596 633; x_wconf 87' lang='lat' dir='ltr'><strong>cum</strong></span> <span class='ocrx_word' id='word_1_297' title='bbox 3644 564 3880 632; x_wconf 70' lang='lat' dir='ltr'><strong>octava?</strong></span> 
     </span>
    </p>

    <p class='ocr_par' dir='ltr' id='par_1_22' title="bbox 2320 654 3886 990">
     <span class='ocr_line' id='line_1_59' title="bbox 2449 654 3883 733; baseline -0.001 -11"><span class='ocrx_word' id='word_1_298' title='bbox 2449 659 2525 722; x_wconf 85' lang='lat'><strong>11.</strong></span> <span class='ocrx_word' id='word_1_299' title='bbox 2575 661 2671 722; x_wconf 77' lang='lat' dir='ltr'><strong>Au</strong></span> <span class='ocrx_word' id='word_1_300' title='bbox 2703 654 2994 722; x_wconf 86' lang='lat' dir='ltr'><strong>addenda</strong></span> <span class='ocrx_word' id='word_1_301' title='bbox 3026 655 3109 724; x_wconf 91' lang='lat' dir='ltr'><strong>sit</strong></span> <span class='ocrx_word' id='word_1_302' title='bbox 3140 654 3680 733; x_wconf 81' lang='lat' dir='ltr'><strong>Commemoratio</strong></span> <span class='ocrx_word' id='word_1_303' title='bbox 3709 656 3769 721; x_wconf 87' lang='grc'><strong>8.</strong></span> <span class='ocrx_word' id='word_1_304' title='bbox 3796 656 3883 721; x_wconf 74' lang='lat' dir='ltr'><strong>ui-</strong></span> 
     </span>
     <span class='ocr_line' id='line_1_60' title="bbox 2320 742 3883 832; baseline -0.001 -22"><span class='ocrx_word' id='word_1_305' title='bbox 2320 743 2555 811; x_wconf 87' lang='lat' dir='ltr'><strong>cbaelis</strong></span> <span class='ocrx_word' id='word_1_306' title='bbox 2619 742 3000 829; x_wconf 76' lang='lat' dir='ltr'><strong>Archangeli</strong></span> <span class='ocrx_word' id='word_1_307' title='bbox 3072 742 3399 832; x_wconf 74' lang='lat' dir='ltr'><strong>suffragiis</strong></span> <span class='ocrx_word' id='word_1_308' title='bbox 3466 742 3883 809; x_wconf 82' lang='lat' dir='ltr'><strong>communibus</strong></span> 
     </span>
     <span class='ocr_line' id='line_1_61' title="bbox 2321 831 3886 920; baseline -0.001 -22"><span class='ocrx_word' id='word_1_309' title='bbox 2321 843 2469 899; x_wconf 88' lang='lat' dir='ltr'><strong>ante</strong></span> <span class='ocrx_word' id='word_1_310' title='bbox 2527 832 2633 899; x_wconf 81' lang='lat' dir='ltr'><strong>vel</strong></span> <span class='ocrx_word' id='word_1_311' title='bbox 2697 842 2838 920; x_wconf 89' lang='lat' dir='ltr'><strong>post</strong></span> <span class='ocrx_word' id='word_1_312' title='bbox 2905 831 3595 900; x_wconf 83' lang='lat' dir='ltr'><strong>commemorationem</strong></span> <span class='ocrx_word' id='word_1_313' title='bbox 3642 833 3747 899; x_wconf 88' lang='grc'><strong>88.</strong></span> <span class='ocrx_word' id='word_1_314' title='bbox 3788 834 3886 898; x_wconf 78' lang='lat' dir='ltr'><strong>Na·</strong></span> 
     </span>
     <span class='ocr_line' id='line_1_62' title="bbox 2322 916 3686 990; baseline 0 -4"><span class='ocrx_word' id='word_1_315' title='bbox 2322 919 2471 986; x_wconf 70' lang='lat' dir='ltr'><strong>sarii</strong></span> <span class='ocrx_word' id='word_1_316' title='bbox 2522 932 2588 986; x_wconf 90' lang='lat' dir='ltr'><strong>et</strong></span> <span class='ocrx_word' id='word_1_317' title='bbox 2632 919 2803 989; x_wconf 88' lang='lat' dir='ltr'><strong>celsi</strong></span> <span class='ocrx_word' id='word_1_318' title='bbox 2847 918 3166 987; x_wconf 85' lang='lat' dir='ltr'><strong>Dioecesis</strong></span> <span class='ocrx_word' id='word_1_319' title='bbox 3213 916 3686 990; x_wconf 79' lang='lat' dir='ltr'><strong>Patronorum&#39;?</strong></span> 
     </span>
    </p>

    <p class='ocr_par' dir='ltr' id='par_1_23' title="bbox 2324 1005 3889 1184">
     <span class='ocr_line' id='line_1_63' title="bbox 2450 1005 3889 1095; baseline -0.001 -20"><span class='ocrx_word' id='word_1_320' title='bbox 2450 1010 2637 1076; x_wconf 89' lang='lat' dir='ltr'><strong>Sacra</strong></span> <span class='ocrx_word' id='word_1_321' title='bbox 2680 1008 2936 1076; x_wconf 84' lang='lat' dir='ltr'><strong>Rituum</strong></span> <span class='ocrx_word' id='word_1_322' title='bbox 2976 1007 3427 1095; x_wconf 82' lang='lat' dir='ltr'><strong>congregatio,</strong></span> <span class='ocrx_word' id='word_1_323' title='bbox 3476 1005 3769 1089; x_wconf 78' lang='lat' dir='ltr'><strong>omnibus</strong></span> <span class='ocrx_word' id='word_1_324' title='bbox 3808 1028 3889 1074; x_wconf 86' lang='lat' dir='ltr'><strong>ac·</strong></span> 
     </span>
     <span class='ocr_line' id='line_1_64' title="bbox 2324 1094 3816 1184; baseline -0.002 -21"><span class='ocrx_word' id='word_1_325' title='bbox 2324 1106 2540 1164; x_wconf 88' lang='lat' dir='ltr'><strong>curate</strong></span> <span class='ocrx_word' id='word_1_326' title='bbox 2586 1094 2950 1184; x_wconf 85' lang='lat' dir='ltr'><strong>perpensis,</strong></span> <span class='ocrx_word' id='word_1_327' title='bbox 3001 1096 3491 1165; x_wconf 83' lang='lat' dir='ltr'><strong>rescribendum</strong></span> <span class='ocrx_word' id='word_1_328' title='bbox 3540 1098 3816 1161; x_wconf 82' lang='lat' dir='ltr'><strong>censuit:</strong></span> 
     </span>
    </p>

    <p class='ocr_par' dir='ltr' id='par_1_24' title="bbox 2455 1182 3268 1252">
     <span class='ocr_line' id='line_1_65' title="bbox 2455 1182 3268 1252; baseline -0.001 0"><span class='ocrx_word' id='word_1_329' title='bbox 2455 1185 2549 1252; x_wconf 80' lang='lat' dir='ltr'><strong>Ad</strong></span> <span class='ocrx_word' id='word_1_330' title='bbox 2601 1190 2648 1251; x_wconf 86' lang='lat'><strong>1.</strong></span> <span class='ocrx_word' id='word_1_331' title='bbox 2701 1206 2741 1250; x_wconf 67' lang='lat' dir='ltr'><strong>a</strong></span> <span class='ocrx_word' id='word_1_332' title='bbox 2776 1182 3168 1252; x_wconf 74' lang='lat' dir='ltr'><strong>Affirmative</strong></span> <span class='ocrx_word' id='word_1_333' title='bbox 3201 1206 3268 1251; x_wconf 62' lang='grc' dir='ltr'><strong>ν.</strong></span> 
     </span>
    </p>

    <p class='ocr_par' dir='ltr' id='par_1_25' title="bbox 2323 1272 3891 1606">
     <span class='ocr_line' id='line_1_66' title="bbox 2456 1272 3891 1353; baseline -0.003 -13"><span class='ocrx_word' id='word_1_334' title='bbox 2456 1274 2548 1340; x_wconf 83' lang='lat' dir='ltr'><strong>Ad</strong></span> <span class='ocrx_word' id='word_1_335' title='bbox 2598 1277 2674 1340; x_wconf 86' lang='lat'><strong>11.</strong></span> <span class='ocrx_word' id='word_1_336' title='bbox 2723 1295 2762 1338; x_wconf 64' lang='grc' dir='ltr'><strong><em>α</em></strong></span> <span class='ocrx_word' id='word_1_337' title='bbox 2795 1272 3230 1353; x_wconf 81' lang='lat' dir='ltr'><strong>Affirmative;</strong></span> <span class='ocrx_word' id='word_1_338' title='bbox 3270 1285 3338 1341; x_wconf 87' lang='lat' dir='ltr'><strong>et</strong></span> <span class='ocrx_word' id='word_1_339' title='bbox 3368 1273 3891 1340; x_wconf 59' lang='lat' dir='ltr'><strong>commemoratis</strong></span> 
     </span>
     <span class='ocr_line' id='line_1_67' title="bbox 2324 1360 3890 1449; baseline -0.003 -20"><span class='ocrx_word' id='word_1_340' title='bbox 2324 1381 2474 1429; x_wconf 90' lang='lat' dir='ltr'><strong>nem</strong></span> <span class='ocrx_word' id='word_1_341' title='bbox 2546 1364 2614 1427; x_wconf 91' lang='lat' dir='ltr'><strong>S.</strong></span> <span class='ocrx_word' id='word_1_342' title='bbox 2687 1360 3008 1429; x_wconf 70' lang='lat' dir='ltr'><strong>Hicbaelis</strong></span> <span class='ocrx_word' id='word_1_343' title='bbox 3074 1361 3455 1449; x_wconf 80' lang='lat' dir='ltr'><strong>Archangeli</strong></span> <span class='ocrx_word' id='word_1_344' title='bbox 3525 1360 3890 1448; x_wconf 84' lang='lat' dir='ltr'><strong>praecedere</strong></span> 
     </span>
     <span class='ocr_line' id='line_1_68' title="bbox 2323 1448 3891 1537; baseline -0.003 -19"><span class='ocrx_word' id='word_1_345' title='bbox 2323 1448 2568 1519; x_wconf 90' lang='lat' dir='ltr'><strong>debere</strong></span> <span class='ocrx_word' id='word_1_346' title='bbox 2614 1451 2804 1516; x_wconf 86' lang='lat' dir='ltr'><strong>etiam</strong></span> <span class='ocrx_word' id='word_1_347' title='bbox 2837 1449 3006 1516; x_wconf 83' lang='lat' dir='ltr'><strong>illam</strong></span> <span class='ocrx_word' id='word_1_348' title='bbox 3041 1453 3418 1518; x_wconf 87' lang='lat' dir='ltr'><strong>Sanctorum</strong></span> <span class='ocrx_word' id='word_1_349' title='bbox 3463 1448 3891 1537; x_wconf 76' lang='lat' dir='ltr'><strong>Apostolorum</strong></span> 
     </span>
     <span class='ocr_line' id='line_1_69' title="bbox 2327 1538 2918 1606; baseline -0.002 -1"><span class='ocrx_word' id='word_1_350' title='bbox 2327 1539 2491 1606; x_wconf 85' lang='lat' dir='ltr'><strong>Petri</strong></span> <span class='ocrx_word' id='word_1_351' title='bbox 2539 1548 2606 1603; x_wconf 91' lang='lat' dir='ltr'><strong>et</strong></span> <span class='ocrx_word' id='word_1_352' title='bbox 2649 1538 2918 1605; x_wconf 79' lang='lat' dir='ltr'><strong>Pauli».</strong></span> 
     </span>
    </p>
   </div>
   <div class='ocr_carea' id='block_1_9' title="bbox 2456 1626 3194 1696">
    <p class='ocr_par' dir='ltr' id='par_1_26' title="bbox 2456 1626 3194 1696">
     <span class='ocr_line' id='line_1_70' title="bbox 2456 1626 3194 1696; baseline 0.003 -3"><span class='ocrx_word' id='word_1_353' title='bbox 2456 1626 2570 1693; x_wconf 78' lang='lat' dir='ltr'><strong>nie</strong></span> <span class='ocrx_word' id='word_1_354' title='bbox 2624 1630 2702 1694; x_wconf 73' lang='lat'><strong>14</strong></span> <span class='ocrx_word' id='word_1_355' title='bbox 2748 1626 2947 1694; x_wconf 73' lang='lat' dir='ltr'><strong>nai-tii</strong></span> <span class='ocrx_word' id='word_1_356' title='bbox 2999 1631 3194 1696; x_wconf 80' lang='lat'><strong>1861.</strong></span> 
     </span>
    </p>
   </div>
   <div class='ocr_carea' id='block_1_10' title="bbox 2325 1765 3892 1854">
    <p class='ocr_par' dir='ltr' id='par_1_27' title="bbox 2325 1765 3892 1854">
     <span class='ocr_line' id='line_1_71' title="bbox 2325 1765 3892 1854; baseline -0.003 -14"><span class='ocrx_word' id='word_1_357' title='bbox 2325 1771 2581 1842; x_wconf 83' lang='lat'><strong>3108.</strong></span> <span class='ocrx_word' id='word_1_358' title='bbox 2827 1770 3103 1851; x_wconf 64' lang='lat' dir='ltr'><strong>sanun</strong></span> <span class='ocrx_word' id='word_1_359' title='bbox 3151 1772 3415 1837; x_wconf 73' lang='lat' dir='ltr'><strong>mci.</strong></span> <span class='ocrx_word' id='word_1_360' title='bbox 3697 1765 3892 1854; x_wconf 71' lang='lat' dir='ltr'><strong>(sais)</strong></span> 
     </span>
    </p>
   </div>
   <div class='ocr_carea' id='block_1_11' title="bbox 2326 1892 3909 5232">
    <p class='ocr_par' dir='ltr' id='par_1_28' title="bbox 2326 1892 3903 2773">
     <span class='ocr_line' id='line_1_72' title="bbox 2456 1892 3897 1980; baseline -0.005 -19"><span class='ocrx_word' id='word_1_361' title='bbox 2456 1898 2629 1961; x_wconf 89' lang='lat' dir='ltr'><strong>luter</strong></span> <span class='ocrx_word' id='word_1_362' title='bbox 2674 1907 2887 1962; x_wconf 88' lang='lat' dir='ltr'><strong>cetera</strong></span> <span class='ocrx_word' id='word_1_363' title='bbox 2920 1892 3237 1980; x_wconf 86' lang='lat' dir='ltr'><strong>postulata</strong></span> <span class='ocrx_word' id='word_1_364' title='bbox 3285 1896 3512 1960; x_wconf 86' lang='lat' dir='ltr'><strong>Sacrae</strong></span> <span class='ocrx_word' id='word_1_365' title='bbox 3562 1896 3897 1977; x_wconf 80' lang='lat' dir='ltr'><strong>congrega·</strong></span> 
     </span>
     <span class='ocr_line' id='line_1_73' title="bbox 2328 1977 3897 2050; baseline -0.003 -3"><span class='ocrx_word' id='word_1_366' title='bbox 2328 1982 2482 2050; x_wconf 86' lang='lat' dir='ltr'><strong>tioni</strong></span> <span class='ocrx_word' id='word_1_367' title='bbox 2506 1982 2775 2050; x_wconf 89' lang='lat' dir='ltr'><strong>concilii</strong></span> <span class='ocrx_word' id='word_1_368' title='bbox 2799 2004 2832 2049; x_wconf 90' lang='lat' dir='ltr'><strong>a</strong></span> <span class='ocrx_word' id='word_1_369' title='bbox 2855 1981 3265 2048; x_wconf 85' lang='lat' dir='ltr'><strong>Pro—Vicario</strong></span> <span class='ocrx_word' id='word_1_370' title='bbox 3297 1979 3625 2049; x_wconf 84' lang='lat' dir='ltr'><strong>Dioecesis</strong></span> <span class='ocrx_word' id='word_1_371' title='bbox 3649 1983 3714 2050; x_wconf 89' lang='lat' dir='ltr'><strong>S.</strong></span> <span class='ocrx_word' id='word_1_372' title='bbox 3742 1977 3897 2047; x_wconf 67' lang='lat' dir='ltr'><strong>larci</strong></span> 
     </span>
     <span class='ocr_line' id='line_1_74' title="bbox 2326 2067 3898 2157; baseline -0.003 -21"><span class='ocrx_word' id='word_1_373' title='bbox 2326 2070 2390 2137; x_wconf 90' lang='lat' dir='ltr'><strong>in</strong></span> <span class='ocrx_word' id='word_1_374' title='bbox 2421 2075 2645 2155; x_wconf 81' lang='lat' dir='ltr'><strong>Regno</strong></span> <span class='ocrx_word' id='word_1_375' title='bbox 2677 2070 3014 2157; x_wconf 86' lang='lat' dir='ltr'><strong>utriusque</strong></span> <span class='ocrx_word' id='word_1_376' title='bbox 3045 2067 3295 2136; x_wconf 88' lang='lat' dir='ltr'><strong>Siciliae</strong></span> <span class='ocrx_word' id='word_1_377' title='bbox 3333 2068 3694 2157; x_wconf 85' lang='lat' dir='ltr'><strong>proposita,</strong></span> <span class='ocrx_word' id='word_1_378' title='bbox 3726 2084 3898 2154; x_wconf 85' lang='lat' dir='ltr'><strong>quum</strong></span> 
     </span>
     <span class='ocr_line' id='line_1_75' title="bbox 2329 2153 3898 2234; baseline -0.004 -9"><span class='ocrx_word' id='word_1_379' title='bbox 2329 2160 2633 2227; x_wconf 89' lang='lat' dir='ltr'><strong>nonnulla</strong></span> <span class='ocrx_word' id='word_1_380' title='bbox 2673 2159 2872 2234; x_wconf 79' lang='lat' dir='ltr'><strong>‚dubia</strong></span> <span class='ocrx_word' id='word_1_381' title='bbox 2916 2171 3410 2225; x_wconf 88' lang='lat' dir='ltr'><strong>accenserentur</strong></span> <span class='ocrx_word' id='word_1_382' title='bbox 3450 2157 3785 2234; x_wconf 80' lang='lat' dir='ltr'><strong>Rubricas,</strong></span> <span class='ocrx_word' id='word_1_383' title='bbox 3815 2153 3898 2219; x_wconf 82' lang='lat' dir='ltr'><strong>Bi-</strong></span> 
     </span>
     <span class='ocr_line' id='line_1_76' title="bbox 2327 2245 3897 2335; baseline -0.002 -22"><span class='ocrx_word' id='word_1_384' title='bbox 2327 2257 2455 2333; x_wconf 90' lang='lat' dir='ltr'><strong>tus,</strong></span> <span class='ocrx_word' id='word_1_385' title='bbox 2506 2247 2948 2315; x_wconf 87' lang='lat' dir='ltr'><strong>caeremonias</strong></span> <span class='ocrx_word' id='word_1_386' title='bbox 2989 2246 3175 2314; x_wconf 86' lang='lat' dir='ltr'><strong>unice</strong></span> <span class='ocrx_word' id='word_1_387' title='bbox 3208 2246 3663 2335; x_wconf 82' lang='lat' dir='ltr'><strong>respicientia;</strong></span> <span class='ocrx_word' id='word_1_388' title='bbox 3698 2245 3897 2312; x_wconf 85' lang='lat' dir='ltr'><strong>horum</strong></span> 
     </span>
     <span class='ocr_line' id='line_1_77' title="bbox 2331 2332 3898 2423; baseline -0.003 -22"><span class='ocrx_word' id='word_1_389' title='bbox 2331 2355 2602 2403; x_wconf 81' lang='lat' dir='ltr'><strong>examen</strong></span> <span class='ocrx_word' id='word_1_390' title='bbox 2635 2336 2710 2401; x_wconf 87' lang='lat' dir='ltr'><strong>ab</strong></span> <span class='ocrx_word' id='word_1_391' title='bbox 2740 2335 2969 2402; x_wconf 88' lang='lat' dir='ltr'><strong>eadem</strong></span> <span class='ocrx_word' id='word_1_392' title='bbox 3006 2337 3189 2403; x_wconf 87' lang='lat' dir='ltr'><strong>Sacra</strong></span> <span class='ocrx_word' id='word_1_393' title='bbox 3219 2332 3739 2423; x_wconf 81' lang='lat' dir='ltr'><strong>congregatione</strong></span> <span class='ocrx_word' id='word_1_394' title='bbox 3762 2334 3898 2399; x_wconf 89' lang='lat' dir='ltr'><strong>con·</strong></span> 
     </span>
     <span class='ocr_line' id='line_1_78' title="bbox 2329 2421 3900 2506; baseline -0.004 -16"><span class='ocrx_word' id='word_1_395' title='bbox 2329 2424 2457 2491; x_wconf 90' lang='lat' dir='ltr'><strong>cilii</strong></span> <span class='ocrx_word' id='word_1_396' title='bbox 2507 2423 2736 2493; x_wconf 87' lang='lat' dir='ltr'><strong>diebus</strong></span> <span class='ocrx_word' id='word_1_397' title='bbox 2781 2429 2822 2493; x_wconf 94' lang='grc'><strong>8</strong></span> <span class='ocrx_word' id='word_1_398' title='bbox 2870 2423 3005 2490; x_wconf 80' lang='lat' dir='ltr'><strong>Maii</strong></span> <span class='ocrx_word' id='word_1_399' title='bbox 3054 2437 3120 2490; x_wconf 92' lang='lat' dir='ltr'><strong>et</strong></span> <span class='ocrx_word' id='word_1_400' title='bbox 3171 2425 3249 2489; x_wconf 84' lang='grc'><strong>16</strong></span> <span class='ocrx_word' id='word_1_401' title='bbox 3296 2421 3686 2490; x_wconf 80' lang='lat' dir='ltr'><strong>Novembris</strong></span> <span class='ocrx_word' id='word_1_402' title='bbox 3743 2438 3900 2506; x_wconf 84' lang='lat' dir='ltr'><strong>supe-</strong></span> 
     </span>
     <span class='ocr_line' id='line_1_79' title="bbox 2330 2507 3903 2596; baseline -0.003 -18"><span class='ocrx_word' id='word_1_403' title='bbox 2330 2512 2514 2579; x_wconf 84' lang='lat' dir='ltr'><strong>rioris</strong></span> <span class='ocrx_word' id='word_1_404' title='bbox 2560 2514 2701 2579; x_wconf 84' lang='lat' dir='ltr'><strong>anni</strong></span> <span class='ocrx_word' id='word_1_405' title='bbox 2756 2513 2947 2596; x_wconf 86' lang='grc'><strong>1860,</strong></span> <span class='ocrx_word' id='word_1_406' title='bbox 3000 2510 3409 2579; x_wconf 89' lang='lat' dir='ltr'><strong>commissum</strong></span> <span class='ocrx_word' id='word_1_407' title='bbox 3456 2509 3584 2577; x_wconf 81' lang='lat' dir='ltr'><strong>fuit</strong></span> <span class='ocrx_word' id='word_1_408' title='bbox 3631 2507 3777 2577; x_wconf 89' lang='lat' dir='ltr'><strong>huic</strong></span> <span class='ocrx_word' id='word_1_409' title='bbox 3818 2510 3903 2573; x_wconf 78' lang='lat' dir='ltr'><strong>Sa-</strong></span> 
     </span>
     <span class='ocr_line' id='line_1_80' title="bbox 2332 2596 3900 2688; baseline -0.005 -20"><span class='ocrx_word' id='word_1_410' title='bbox 2332 2619 2476 2668; x_wconf 84' lang='lat' dir='ltr'><strong>crae</strong></span> <span class='ocrx_word' id='word_1_411' title='bbox 2508 2600 2769 2669; x_wconf 78' lang='lat' dir='ltr'><strong>Rituum</strong></span> <span class='ocrx_word' id='word_1_412' title='bbox 2812 2599 3328 2688; x_wconf 78' lang='lat' dir='ltr'><strong>congregationi.</strong></span> <span class='ocrx_word' id='word_1_413' title='bbox 3363 2597 3686 2666; x_wconf 87' lang='lat' dir='ltr'><strong>Declarari</strong></span> <span class='ocrx_word' id='word_1_414' title='bbox 3718 2596 3900 2683; x_wconf 83' lang='lat' dir='ltr'><strong>itaque</strong></span> 
     </span>
     <span class='ocr_line' id='line_1_81' title="bbox 2332 2687 3358 2773; baseline 0 -18"><span class='ocrx_word' id='word_1_415' title='bbox 2332 2688 2507 2756; x_wconf 91' lang='lat' dir='ltr'><strong>idem</strong></span> <span class='ocrx_word' id='word_1_416' title='bbox 2552 2687 3004 2755; x_wconf 74' lang='lat' dir='ltr'><strong>Pro-vicarius</strong></span> <span class='ocrx_word' id='word_1_417' title='bbox 3053 2687 3358 2773; x_wconf 83' lang='lat' dir='ltr'><strong>expetiit:</strong></span> 
     </span>
    </p>

    <p class='ocr_par' dir='ltr' id='par_1_29' title="bbox 2331 2774 3905 3129">
     <span class='ocr_line' id='line_1_82' title="bbox 2459 2774 3903 2844; baseline -0.003 -2"><span class='ocrx_word' id='word_1_418' title='bbox 2459 2781 2512 2843; x_wconf 88' lang='grc' dir='ltr'><strong>Ι.</strong></span> <span class='ocrx_word' id='word_1_419' title='bbox 2560 2781 2628 2844; x_wconf 83' lang='lat' dir='ltr'><strong>In</strong></span> <span class='ocrx_word' id='word_1_420' title='bbox 2689 2776 2920 2844; x_wconf 85' lang='lat' dir='ltr'><strong>Officiis</strong></span> <span class='ocrx_word' id='word_1_421' title='bbox 2980 2778 3078 2843; x_wconf 90' lang='lat' dir='ltr'><strong>Ss.</strong></span> <span class='ocrx_word' id='word_1_422' title='bbox 3129 2774 3315 2844; x_wconf 78' lang='lat' dir='ltr'><strong>conf.</strong></span> <span class='ocrx_word' id='word_1_423' title='bbox 3375 2774 3617 2842; x_wconf 69' lang='lat' dir='ltr'><strong>Pontis.</strong></span> <span class='ocrx_word' id='word_1_424' title='bbox 3678 2785 3742 2841; x_wconf 91' lang='lat' dir='ltr'><strong>et</strong></span> <span class='ocrx_word' id='word_1_425' title='bbox 3798 2789 3903 2839; x_wconf 88' lang='lat' dir='ltr'><strong>non</strong></span> 
     </span>
     <span class='ocr_line' id='line_1_83' title="bbox 2331 2861 3905 2958; baseline -0.004 -26"><span class='ocrx_word' id='word_1_426' title='bbox 2331 2865 2591 2951; x_wconf 64' lang='lat' dir='ltr'><strong>Pontii„</strong></span> <span class='ocrx_word' id='word_1_427' title='bbox 2640 2875 2964 2952; x_wconf 89' lang='lat' dir='ltr'><strong>perpetuo</strong></span> <span class='ocrx_word' id='word_1_428' title='bbox 2992 2864 3096 2932; x_wconf 81' lang='lat' dir='ltr'><strong>vel</strong></span> <span class='ocrx_word' id='word_1_429' title='bbox 3137 2882 3258 2952; x_wconf 89' lang='lat' dir='ltr'><strong>per</strong></span> <span class='ocrx_word' id='word_1_430' title='bbox 3287 2861 3585 2932; x_wconf 88' lang='lat' dir='ltr'><strong>accidens</strong></span> <span class='ocrx_word' id='word_1_431' title='bbox 3622 2861 3905 2958; x_wconf 71' lang='lat' dir='ltr'><strong>translatis</strong></span> 
     </span>
     <span class='ocr_line' id='line_1_84' title="bbox 2333 2953 3905 3039; baseline -0.004 -18"><span class='ocrx_word' id='word_1_432' title='bbox 2333 2954 2410 3023; x_wconf 87' lang='lat' dir='ltr'><strong>ad</strong></span> <span class='ocrx_word' id='word_1_433' title='bbox 2455 2954 2633 3022; x_wconf 87' lang='lat' dir='ltr'><strong>diem</strong></span> <span class='ocrx_word' id='word_1_434' title='bbox 2680 2973 2808 3020; x_wconf 90' lang='lat' dir='ltr'><strong>non</strong></span> <span class='ocrx_word' id='word_1_435' title='bbox 2854 2953 3087 3039; x_wconf 89' lang='lat' dir='ltr'><strong>obitus,</strong></span> <span class='ocrx_word' id='word_1_436' title='bbox 3150 2953 3345 3021; x_wconf 89' lang='lat' dir='ltr'><strong>dehet</strong></span> <span class='ocrx_word' id='word_1_437' title='bbox 3391 2970 3511 3019; x_wconf 88' lang='lat' dir='ltr'><strong>nec</strong></span> <span class='ocrx_word' id='word_1_438' title='bbox 3558 2970 3650 3020; x_wconf 88' lang='lat' dir='ltr'><strong>ne</strong></span> <span class='ocrx_word' id='word_1_439' title='bbox 3703 2961 3905 3019; x_wconf 82' lang='lat' dir='ltr'><strong>mutan</strong></span> 
     </span>
     <span class='ocr_line' id='line_1_85' title="bbox 2337 3039 3497 3129; baseline -0.001 -19"><span class='ocrx_word' id='word_1_440' title='bbox 2337 3042 2563 3110; x_wconf 91' lang='lat' dir='ltr'><strong>tertius</strong></span> <span class='ocrx_word' id='word_1_441' title='bbox 2609 3062 2834 3109; x_wconf 77' lang='lat' dir='ltr'><strong>versus</strong></span> <span class='ocrx_word' id='word_1_442' title='bbox 2881 3042 3111 3129; x_wconf 74' lang='lat' dir='ltr'><strong>Hymni</strong></span> <span class='ocrx_word' id='word_1_443' title='bbox 3157 3039 3497 3109; x_wconf 78' lang='lat' dir='ltr'><strong>Matutini&#39;?</strong></span> 
     </span>
    </p>

    <p class='ocr_par' dir='ltr' id='par_1_30' title="bbox 2335 3126 3905 3728">
     <span class='ocr_line' id='line_1_86' title="bbox 2463 3126 3902 3218; baseline -0.004 -20"><span class='ocrx_word' id='word_1_444' title='bbox 2463 3136 2540 3198; x_wconf 90' lang='lat'><strong>11.</strong></span> <span class='ocrx_word' id='word_1_445' title='bbox 2590 3135 2659 3198; x_wconf 87' lang='lat' dir='ltr'><strong>In</strong></span> <span class='ocrx_word' id='word_1_446' title='bbox 2714 3130 2963 3217; x_wconf 81' lang='lat' dir='ltr'><strong>Vigiliis</strong></span> <span class='ocrx_word' id='word_1_447' title='bbox 3034 3143 3097 3198; x_wconf 91' lang='lat' dir='ltr'><strong>et</strong></span> <span class='ocrx_word' id='word_1_448' title='bbox 3155 3141 3431 3216; x_wconf 87' lang='lat' dir='ltr'><strong>quatuor</strong></span> <span class='ocrx_word' id='word_1_449' title='bbox 3475 3126 3902 3218; x_wconf 87' lang='lat' dir='ltr'><strong>Temporibus,</strong></span> 
     </span>
     <span class='ocr_line' id='line_1_87' title="bbox 2335 3215 3905 3308; baseline -0.003 -22"><span class='ocrx_word' id='word_1_450' title='bbox 2335 3218 2590 3305; x_wconf 87' lang='lat' dir='ltr'><strong>quaudo</strong></span> <span class='ocrx_word' id='word_1_451' title='bbox 2638 3231 2781 3308; x_wconf 86' lang='lat' dir='ltr'><strong>post</strong></span> <span class='ocrx_word' id='word_1_452' title='bbox 2827 3221 3067 3307; x_wconf 79' lang='lat' dir='ltr'><strong>Nonam</strong></span> <span class='ocrx_word' id='word_1_453' title='bbox 3115 3218 3240 3287; x_wconf 88' lang='lat' dir='ltr'><strong>dici</strong></span> <span class='ocrx_word' id='word_1_454' title='bbox 3288 3215 3488 3284; x_wconf 89' lang='lat' dir='ltr'><strong>debet</strong></span> <span class='ocrx_word' id='word_1_455' title='bbox 3541 3217 3728 3285; x_wconf 73' lang='lat' dir='ltr'><strong>Missa</strong></span> <span class='ocrx_word' id='word_1_456' title='bbox 3770 3219 3905 3284; x_wconf 86' lang='lat' dir='ltr'><strong>Gon·</strong></span> 
     </span>
     <span class='ocr_line' id='line_1_88' title="bbox 2336 3304 3905 3393; baseline -0.004 -21"><span class='ocrx_word' id='word_1_457' title='bbox 2336 3305 2676 3393; x_wconf 59' lang='lat' dir='ltr'><strong>ventualis„</strong></span> <span class='ocrx_word' id='word_1_458' title='bbox 2705 3307 2967 3374; x_wconf 85' lang='lat' dir='ltr'><strong>recitata</strong></span> <span class='ocrx_word' id='word_1_459' title='bbox 2996 3309 3196 3391; x_wconf 88' lang='lat' dir='ltr'><strong>Nona,</strong></span> <span class='ocrx_word' id='word_1_460' title='bbox 3226 3307 3327 3372; x_wconf 83' lang='lat' dir='ltr'><strong>vel</strong></span> <span class='ocrx_word' id='word_1_461' title='bbox 3360 3306 3566 3373; x_wconf 89' lang='lat' dir='ltr'><strong>adhuc</strong></span> <span class='ocrx_word' id='word_1_462' title='bbox 3602 3325 3736 3373; x_wconf 89' lang='lat' dir='ltr'><strong>non</strong></span> <span class='ocrx_word' id='word_1_463' title='bbox 3765 3304 3905 3371; x_wconf 83' lang='lat' dir='ltr'><strong>dicta</strong></span> 
     </span>
     <span class='ocr_line' id='line_1_89' title="bbox 2336 3392 3903 3480; baseline -0.004 -17"><span class='ocrx_word' id='word_1_464' title='bbox 2336 3397 2537 3480; x_wconf 86' lang='lat' dir='ltr'><strong>Nona,</strong></span> <span class='ocrx_word' id='word_1_465' title='bbox 2600 3396 2884 3464; x_wconf 89' lang='lat' dir='ltr'><strong>debetne</strong></span> <span class='ocrx_word' id='word_1_466' title='bbox 2929 3396 3227 3463; x_wconf 84' lang='lat' dir='ltr'><strong>concludi</strong></span> <span class='ocrx_word' id='word_1_467' title='bbox 3287 3393 3585 3462; x_wconf 82' lang='lat' dir='ltr'><strong>Divinum</strong></span> <span class='ocrx_word' id='word_1_468' title='bbox 3642 3392 3903 3463; x_wconf 78' lang='lat' dir='ltr'><strong>Officium</strong></span> 
     </span>
     <span class='ocr_line' id='line_1_90' title="bbox 2336 3480 3904 3570; baseline -0.006 -19"><span class='ocrx_word' id='word_1_469' title='bbox 2336 3502 2485 3551; x_wconf 88' lang='lat' dir='ltr'><strong>cum</strong></span> <span class='ocrx_word' id='word_1_470' title='bbox 2533 3482 2906 3552; x_wconf 87' lang='lat' dir='ltr'><strong>recitatione</strong></span> <span class='ocrx_word' id='word_1_471' title='bbox 2951 3484 3352 3570; x_wconf 82' lang='lat' dir='ltr'><strong>Antiphonae</strong></span> <span class='ocrx_word' id='word_1_472' title='bbox 3399 3482 3609 3550; x_wconf 87' lang='lat' dir='ltr'><strong>finalis</strong></span> <span class='ocrx_word' id='word_1_473' title='bbox 3640 3486 3712 3550; x_wconf 87' lang='lat' dir='ltr'><strong>B.</strong></span> <span class='ocrx_word' id='word_1_474' title='bbox 3739 3482 3813 3547; x_wconf 71' lang='grc' dir='ltr'><strong>Ι.</strong></span> <span class='ocrx_word' id='word_1_475' title='bbox 3839 3480 3904 3544; x_wconf 77' lang='lat' dir='ltr'><strong>V.</strong></span> 
     </span>
     <span class='ocr_line' id='line_1_91' title="bbox 2338 3569 3904 3662; baseline -0.006 -23"><span class='ocrx_word' id='word_1_476' title='bbox 2338 3582 2405 3639; x_wconf 88' lang='lat' dir='ltr'><strong>et</strong></span> <span class='ocrx_word' id='word_1_477' title='bbox 2450 3584 2813 3639; x_wconf 88' lang='lat' dir='ltr'><strong>ceterarum</strong></span> <span class='ocrx_word' id='word_1_478' title='bbox 2860 3591 3150 3662; x_wconf 89' lang='lat' dir='ltr'><strong>precum,</strong></span> <span class='ocrx_word' id='word_1_479' title='bbox 3186 3590 3318 3639; x_wconf 90' lang='lat' dir='ltr'><strong>non</strong></span> <span class='ocrx_word' id='word_1_480' title='bbox 3350 3570 3610 3638; x_wconf 77' lang='lat' dir='ltr'><strong>exclusa</strong></span> <span class='ocrx_word' id='word_1_481' title='bbox 3641 3569 3904 3639; x_wconf 84' lang='lat' dir='ltr'><strong>Oratione</strong></span> 
     </span>
     <span class='ocr_line' id='line_1_92' title="bbox 2339 3658 3023 3728; baseline -0.003 -2"><span class='ocrx_word' id='word_1_482' title='bbox 2339 3662 2810 3728; x_wconf 75' lang='lat' dir='ltr'><strong>sacrosanctae</strong></span> <span class='ocrx_word' id='word_1_483' title='bbox 2853 3658 3023 3726; x_wconf 56' lang='lat' dir='ltr'><strong>etc.)</strong></span> 
     </span>
    </p>

    <p class='ocr_par' dir='ltr' id='par_1_31' title="bbox 2337 3747 3903 4102">
     <span class='ocr_line' id='line_1_93' title="bbox 2470 3747 3903 3839; baseline -0.003 -22"><span class='ocrx_word' id='word_1_484' title='bbox 2470 3754 2572 3817; x_wconf 85' lang='lat'><strong>111.</strong></span> <span class='ocrx_word' id='word_1_485' title='bbox 2622 3754 2691 3815; x_wconf 87' lang='lat' dir='ltr'><strong>ln</strong></span> <span class='ocrx_word' id='word_1_486' title='bbox 2738 3749 2915 3815; x_wconf 80' lang='lat' dir='ltr'><strong>Missa</strong></span> <span class='ocrx_word' id='word_1_487' title='bbox 2961 3747 3378 3817; x_wconf 82' lang='lat' dir='ltr'><strong>conventuali</strong></span> <span class='ocrx_word' id='word_1_488' title='bbox 3426 3758 3643 3836; x_wconf 86' lang='lat' dir='ltr'><strong>potest</strong></span> <span class='ocrx_word' id='word_1_489' title='bbox 3704 3765 3783 3813; x_wconf 90' lang='lat' dir='ltr'><strong>ne</strong></span> <span class='ocrx_word' id='word_1_490' title='bbox 3833 3755 3903 3839; x_wconf 65' lang='lat'><strong>²⁰?</strong></span> 
     </span>
     <span class='ocr_line' id='line_1_94' title="bbox 2339 3834 3903 3921; baseline -0.004 -17"><span class='ocrx_word' id='word_1_491' title='bbox 2339 3836 2554 3921; x_wconf 87' lang='lat' dir='ltr'><strong>lerari,</strong></span> <span class='ocrx_word' id='word_1_492' title='bbox 2606 3846 2676 3904; x_wconf 90' lang='lat' dir='ltr'><strong>ut</strong></span> <span class='ocrx_word' id='word_1_493' title='bbox 2723 3836 3018 3904; x_wconf 89' lang='lat' dir='ltr'><strong>assistens</strong></span> <span class='ocrx_word' id='word_1_494' title='bbox 3068 3856 3186 3903; x_wconf 90' lang='lat' dir='ltr'><strong>seu</strong></span> <span class='ocrx_word' id='word_1_495' title='bbox 3246 3834 3534 3903; x_wconf 82' lang='lat' dir='ltr'><strong>serviens</strong></span> <span class='ocrx_word' id='word_1_496' title='bbox 3594 3836 3685 3903; x_wconf 90' lang='lat' dir='ltr'><strong>de</strong></span> <span class='ocrx_word' id='word_1_497' title='bbox 3737 3834 3903 3901; x_wconf 75' lang='lat' dir='ltr'><strong>Altam</strong></span> 
     </span>
     <span class='ocr_line' id='line_1_95' title="bbox 2337 3921 3902 4012; baseline -0.004 -20"><span class='ocrx_word' id='word_1_498' title='bbox 2337 3926 2417 3993; x_wconf 88' lang='lat' dir='ltr'><strong>sit</strong></span> <span class='ocrx_word' id='word_1_499' title='bbox 2448 3922 2713 3993; x_wconf 79' lang='lat' dir='ltr'><strong>Laicus&#39;?</strong></span> <span class='ocrx_word' id='word_1_500' title='bbox 2742 3936 2807 3992; x_wconf 91' lang='lat' dir='ltr'><strong>et</strong></span> <span class='ocrx_word' id='word_1_501' title='bbox 2839 3934 3150 4012; x_wconf 88' lang='lat' dir='ltr'><strong>quatenus</strong></span> <span class='ocrx_word' id='word_1_502' title='bbox 3181 3924 3417 3992; x_wconf 85' lang='lat' dir='ltr'><strong>debeat</strong></span> <span class='ocrx_word' id='word_1_503' title='bbox 3446 3944 3585 3992; x_wconf 77' lang='lat' dir='ltr'><strong>esse</strong></span> <span class='ocrx_word' id='word_1_504' title='bbox 3621 3921 3902 4001; x_wconf 81' lang='lat' dir='ltr'><strong>Clericus,</strong></span> 
     </span>
     <span class='ocr_line' id='line_1_96' title="bbox 2343 4009 3836 4102; baseline -0.003 -21"><span class='ocrx_word' id='word_1_505' title='bbox 2343 4015 2511 4087; x_wconf 79' lang='lat' dir='ltr'><strong>hunc</strong></span> <span class='ocrx_word' id='word_1_506' title='bbox 2556 4012 2747 4080; x_wconf 90' lang='lat' dir='ltr'><strong>decet</strong></span> <span class='ocrx_word' id='word_1_507' title='bbox 2797 4034 2920 4081; x_wconf 91' lang='lat' dir='ltr'><strong>nec</strong></span> <span class='ocrx_word' id='word_1_508' title='bbox 2966 4032 3048 4080; x_wconf 91' lang='lat' dir='ltr'><strong>ne</strong></span> <span class='ocrx_word' id='word_1_509' title='bbox 3092 4033 3162 4080; x_wconf 87' lang='lat' dir='ltr'><strong>se</strong></span> <span class='ocrx_word' id='word_1_510' title='bbox 3212 4032 3431 4102; x_wconf 84' lang='lat' dir='ltr'><strong>parare</strong></span> <span class='ocrx_word' id='word_1_511' title='bbox 3481 4009 3706 4081; x_wconf 69' lang='lat' dir='ltr'><strong>cotta?</strong></span> <span class='ocrx_word' id='word_1_512' title='bbox 3752 4010 3836 4097; x_wconf 88' lang='grc'><strong>(1)</strong></span> 
     </span>
    </p>

    <p class='ocr_par' dir='ltr' id='par_1_32' title="bbox 2341 4099 3907 4633">
     <span class='ocr_line' id='line_1_97' title="bbox 2469 4099 3904 4188; baseline -0.006 -20"><span class='ocrx_word' id='word_1_513' title='bbox 2469 4105 2575 4169; x_wconf 82' lang='lat' dir='ltr'><strong>IV.</strong></span> <span class='ocrx_word' id='word_1_514' title='bbox 2625 4106 2722 4169; x_wconf 80' lang='lat' dir='ltr'><strong>An</strong></span> <span class='ocrx_word' id='word_1_515' title='bbox 2770 4102 2834 4168; x_wconf 91' lang='lat' dir='ltr'><strong>in</strong></span> <span class='ocrx_word' id='word_1_516' title='bbox 2868 4102 3184 4188; x_wconf 75' lang='lat' dir='ltr'><strong>&#39;Exequiis</strong></span> <span class='ocrx_word' id='word_1_517' title='bbox 3231 4103 3309 4169; x_wconf 88' lang='lat' dir='ltr'><strong>ad</strong></span> <span class='ocrx_word' id='word_1_518' title='bbox 3358 4101 3705 4168; x_wconf 88' lang='lat' dir='ltr'><strong>Tumulum</strong></span> <span class='ocrx_word' id='word_1_519' title='bbox 3746 4099 3904 4165; x_wconf 86' lang='lat' dir='ltr'><strong>liceat</strong></span> 
     </span>
     <span class='ocr_line' id='line_1_98' title="bbox 2342 4186 3903 4281; baseline -0.006 -23"><span class='ocrx_word' id='word_1_520' title='bbox 2342 4189 2704 4258; x_wconf 90' lang='lat' dir='ltr'><strong>cantoribus</strong></span> <span class='ocrx_word' id='word_1_521' title='bbox 2763 4190 3050 4280; x_wconf 88' lang='lat' dir='ltr'><strong>incipere</strong></span> <span class='ocrx_word' id='word_1_522' title='bbox 3117 4191 3657 4281; x_wconf 82' lang='lat' dir='ltr'><strong>Responsorium:</strong></span> <span class='ocrx_word' id='word_1_523' title='bbox 3708 4186 3903 4254; x_wconf 76' lang='lat' dir='ltr'><strong>Libera</strong></span> 
     </span>
     <span class='ocr_line' id='line_1_99' title="bbox 2341 4276 3907 4364; baseline -0.006 -20"><span class='ocrx_word' id='word_1_524' title='bbox 2341 4297 2435 4344; x_wconf 79' lang='lat' dir='ltr'><strong>mc</strong></span> <span class='ocrx_word' id='word_1_525' title='bbox 2479 4281 2766 4361; x_wconf 79' lang='lat' dir='ltr'><strong>Domine,</strong></span> <span class='ocrx_word' id='word_1_526' title='bbox 2837 4291 3178 4364; x_wconf 82' lang='lat' dir='ltr'><strong>antequam</strong></span> <span class='ocrx_word' id='word_1_527' title='bbox 3240 4278 3546 4346; x_wconf 84' lang='lat' dir='ltr'><strong>Sacerdos</strong></span> <span class='ocrx_word' id='word_1_528' title='bbox 3606 4276 3907 4344; x_wconf 84' lang='lat' dir='ltr'><strong>celebrans</strong></span> 
     </span>
     <span class='ocr_line' id='line_1_100' title="bbox 2345 4362 3905 4455; baseline -0.006 -22"><span class='ocrx_word' id='word_1_529' title='bbox 2345 4367 2667 4454; x_wconf 87' lang='lat' dir='ltr'><strong>compleat</strong></span> <span class='ocrx_word' id='word_1_530' title='bbox 2711 4368 2935 4455; x_wconf 87' lang='lat' dir='ltr'><strong>legere</strong></span> <span class='ocrx_word' id='word_1_531' title='bbox 2981 4366 3283 4433; x_wconf 88' lang='lat' dir='ltr'><strong>ultimum</strong></span> <span class='ocrx_word' id='word_1_532' title='bbox 3332 4364 3751 4453; x_wconf 83' lang='lat' dir='ltr'><strong>Evangelium</strong></span> <span class='ocrx_word' id='word_1_533' title='bbox 3796 4362 3905 4427; x_wconf 69' lang='lat' dir='ltr'><strong>llis·</strong></span> 
     </span>
     <span class='ocr_line' id='line_1_101' title="bbox 2343 4454 3905 4542; baseline -0.002 -22"><span class='ocrx_word' id='word_1_534' title='bbox 2343 4475 2474 4539; x_wconf 88' lang='lat' dir='ltr'><strong>sae,</strong></span> <span class='ocrx_word' id='word_1_535' title='bbox 2510 4466 2575 4522; x_wconf 90' lang='lat' dir='ltr'><strong>et</strong></span> <span class='ocrx_word' id='word_1_536' title='bbox 2606 4475 2677 4524; x_wconf 89' lang='lat' dir='ltr'><strong>se</strong></span> <span class='ocrx_word' id='word_1_537' title='bbox 2713 4466 2901 4524; x_wconf 85' lang='lat' dir='ltr'><strong>exuat</strong></span> <span class='ocrx_word' id='word_1_538' title='bbox 2948 4455 3197 4521; x_wconf 85' lang='lat' dir='ltr'><strong>Planeta</strong></span> <span class='ocrx_word' id='word_1_539' title='bbox 3247 4466 3313 4521; x_wconf 90' lang='lat' dir='ltr'><strong>et</strong></span> <span class='ocrx_word' id='word_1_540' title='bbox 3358 4454 3706 4542; x_wconf 63' lang='lat' dir='ltr'><strong>manipulo,</strong></span> <span class='ocrx_word' id='word_1_541' title='bbox 3754 4462 3814 4519; x_wconf 89' lang='lat' dir='ltr'><strong>et</strong></span> <span class='ocrx_word' id='word_1_542' title='bbox 3852 4465 3905 4511; x_wconf 81' lang='lat' dir='ltr'><strong>se</strong></span> 
     </span>
     <span class='ocr_line' id='line_1_102' title="bbox 2342 4529 3905 4633; baseline -0.004 -23"><span class='ocrx_word' id='word_1_543' title='bbox 2342 4543 2567 4611; x_wconf 86' lang='lat' dir='ltr'><strong>induat</strong></span> <span class='ocrx_word' id='word_1_544' title='bbox 2597 4545 2862 4633; x_wconf 80' lang='lat' dir='ltr'><strong>pluviali</strong></span> <span class='ocrx_word' id='word_1_545' title='bbox 2893 4564 2963 4610; x_wconf 90' lang='lat' dir='ltr'><strong>ac</strong></span> <span class='ocrx_word' id='word_1_546' title='bbox 2995 4562 3066 4609; x_wconf 88' lang='lat' dir='ltr'><strong>se</strong></span> <span class='ocrx_word' id='word_1_547' title='bbox 3095 4544 3271 4610; x_wconf 88' lang='lat' dir='ltr'><strong>sistat</strong></span> <span class='ocrx_word' id='word_1_548' title='bbox 3304 4543 3368 4609; x_wconf 92' lang='lat' dir='ltr'><strong>in</strong></span> <span class='ocrx_word' id='word_1_549' title='bbox 3404 4553 3608 4609; x_wconf 87' lang='lat' dir='ltr'><strong>castro</strong></span> <span class='ocrx_word' id='word_1_550' title='bbox 3654 4529 3905 4610; x_wconf 71' lang='lat' dir='ltr'><strong>doloris?</strong></span> 
     </span>
    </p>

    <p class='ocr_par' dir='ltr' id='par_1_33' title="bbox 2345 4628 3907 4902">
     <span class='ocr_line' id='line_1_103' title="bbox 2477 4628 3907 4719; baseline -0.007 -19"><span class='ocrx_word' id='word_1_551' title='bbox 2477 4634 2554 4700; x_wconf 83' lang='lat' dir='ltr'><strong>V.</strong></span> <span class='ocrx_word' id='word_1_552' title='bbox 2604 4636 2886 4714; x_wconf 86' lang='lat' dir='ltr'><strong>Quonam</strong></span> <span class='ocrx_word' id='word_1_553' title='bbox 2934 4632 2996 4698; x_wconf 91' lang='lat' dir='ltr'><strong>in</strong></span> <span class='ocrx_word' id='word_1_554' title='bbox 3045 4633 3183 4699; x_wconf 93' lang='lat' dir='ltr'><strong>loco</strong></span> <span class='ocrx_word' id='word_1_555' title='bbox 3232 4631 3549 4719; x_wconf 76' lang='lat' dir='ltr'><strong>praefatus</strong></span> <span class='ocrx_word' id='word_1_556' title='bbox 3595 4628 3907 4698; x_wconf 85' lang='lat' dir='ltr'><strong>celebrans</strong></span> 
     </span>
     <span class='ocr_line' id='line_1_104' title="bbox 2345 4717 3903 4806; baseline -0.004 -20"><span class='ocrx_word' id='word_1_557' title='bbox 2345 4719 2583 4789; x_wconf 86' lang='lat' dir='ltr'><strong>debeat</strong></span> <span class='ocrx_word' id='word_1_558' title='bbox 2640 4740 2710 4789; x_wconf 89' lang='lat' dir='ltr'><strong>se</strong></span> <span class='ocrx_word' id='word_1_559' title='bbox 2770 4740 3011 4789; x_wconf 79' lang='lat' dir='ltr'><strong>exuere</strong></span> <span class='ocrx_word' id='word_1_560' title='bbox 3070 4722 3321 4787; x_wconf 84' lang='lat' dir='ltr'><strong>Planeta</strong></span> <span class='ocrx_word' id='word_1_561' title='bbox 3384 4729 3448 4786; x_wconf 92' lang='lat' dir='ltr'><strong>et</strong></span> <span class='ocrx_word' id='word_1_562' title='bbox 3506 4717 3816 4806; x_wconf 69' lang='lat' dir='ltr'><strong>manipulo</strong></span> <span class='ocrx_word' id='word_1_563' title='bbox 3853 4729 3903 4777; x_wconf 83' lang='lat' dir='ltr'><strong>ac</strong></span> 
     </span>
     <span class='ocr_line' id='line_1_105' title="bbox 2348 4806 3850 4902; baseline 0.003 -30"><span class='ocrx_word' id='word_1_564' title='bbox 2348 4828 2675 4877; x_wconf 88' lang='lat' dir='ltr'><strong>assumere</strong></span> <span class='ocrx_word' id='word_1_565' title='bbox 2720 4806 3057 4895; x_wconf 73' lang='lat' dir='ltr'><strong>pluviale?</strong></span> <span class='ocrx_word' id='word_1_566' title='bbox 3196 4871 3203 4877; x_wconf 86' lang='lat'><strong>.</strong></span> <span class='ocrx_word' id='word_1_567' title='bbox 3838 4889 3850 4902; x_wconf 45' lang='grc'>,</span> 
     </span>
    </p>

    <p class='ocr_par' dir='ltr' id='par_1_34' title="bbox 2350 4892 3909 5232">
     <span class='ocr_line' id='line_1_106' title="bbox 2479 4892 3908 4987; baseline -0.007 -22"><span class='ocrx_word' id='word_1_568' title='bbox 2479 4900 2583 4967; x_wconf 82' lang='lat' dir='ltr'><strong>VI.</strong></span> <span class='ocrx_word' id='word_1_569' title='bbox 2658 4903 2725 4965; x_wconf 91' lang='lat' dir='ltr'><strong>ln</strong></span> <span class='ocrx_word' id='word_1_570' title='bbox 2797 4896 3198 4986; x_wconf 83' lang='lat' dir='ltr'><strong>expositione</strong></span> <span class='ocrx_word' id='word_1_571' title='bbox 3266 4895 3440 4965; x_wconf 78' lang='lat' dir='ltr'><strong>Ssmi</strong></span> <span class='ocrx_word' id='word_1_572' title='bbox 3512 4892 3908 4987; x_wconf 68' lang='lat' dir='ltr'><strong>Eucharistiae</strong></span> 
     </span>
     <span class='ocr_line' id='line_1_107' title="bbox 2350 4981 3905 5073; baseline -0.009 -21"><span class='ocrx_word' id='word_1_573' title='bbox 2350 4987 2778 5073; x_wconf 88' lang='lat' dir='ltr'><strong>Sacramenti,</strong></span> <span class='ocrx_word' id='word_1_574' title='bbox 2851 4986 3008 5054; x_wconf 86' lang='lat' dir='ltr'><strong>dum</strong></span> <span class='ocrx_word' id='word_1_575' title='bbox 3067 5007 3099 5051; x_wconf 86' lang='lat' dir='ltr'><strong>a</strong></span> <span class='ocrx_word' id='word_1_576' title='bbox 3161 4985 3507 5054; x_wconf 85' lang='lat' dir='ltr'><strong>Sacerdote</strong></span> <span class='ocrx_word' id='word_1_577' title='bbox 3577 4981 3905 5050; x_wconf 77' lang='lat' dir='ltr'><strong>benedictio</strong></span> 
     </span>
     <span class='ocr_line' id='line_1_108' title="bbox 2350 5067 3909 5164; baseline -0.005 -24"><span class='ocrx_word' id='word_1_578' title='bbox 2350 5073 2653 5144; x_wconf 84' lang='lat' dir='ltr'><strong>fidelibus</strong></span> <span class='ocrx_word' id='word_1_579' title='bbox 2699 5075 3095 5164; x_wconf 86' lang='lat' dir='ltr'><strong>impertitur,</strong></span> <span class='ocrx_word' id='word_1_580' title='bbox 3144 5072 3342 5141; x_wconf 91' lang='lat' dir='ltr'><strong>debet</strong></span> <span class='ocrx_word' id='word_1_581' title='bbox 3381 5092 3504 5140; x_wconf 90' lang='lat' dir='ltr'><strong>nec</strong></span> <span class='ocrx_word' id='word_1_582' title='bbox 3535 5091 3620 5139; x_wconf 91' lang='lat' dir='ltr'><strong>ne</strong></span> <span class='ocrx_word' id='word_1_583' title='bbox 3649 5067 3909 5138; x_wconf 79' lang='lat' dir='ltr'><strong>Thuriie·</strong></span> 
     </span>
     <span class='ocr_line' id='line_1_109' title="bbox 2353 5159 3295 5232; baseline -0.003 -3"><span class='ocrx_word' id='word_1_584' title='bbox 2353 5163 2553 5232; x_wconf 77' lang='lat' dir='ltr'><strong>rarius</strong></span> <span class='ocrx_word' id='word_1_585' title='bbox 2600 5165 2929 5231; x_wconf 87' lang='lat' dir='ltr'><strong>incensare</strong></span> <span class='ocrx_word' id='word_1_586' title='bbox 2976 5165 3242 5231; x_wconf 75' lang='lat' dir='ltr'><strong>SSffium</strong></span> <span class='ocrx_word' id='word_1_587' title='bbox 3262 5159 3295 5226; x_wconf 78' lang='lat'><strong>⁴?</strong></span> 
     </span>
    </p>
   </div>
   <div class='ocr_carea' id='block_1_12' title="bbox 3966 0 3971 508">
    <p class='ocr_par' dir='ltr' id='par_1_35' title="bbox 3966 0 3971 508">
     <span class='ocr_line' id='line_1_110' title="bbox 3966 0 3971 508; baseline 0 0"><span class='ocrx_word' id='word_1_588' title='bbox 3966 0 3971 508; x_wconf 95' lang='lat' dir='ltr'><strong> </strong></span> 
     </span>
    </p>
   </div>
  </div>
 </body>
</html>
