4042 5950
1563 238 2029 314 -121—

59 393 62 508 fl
191 415 287 481 pro
326 393 454 466 aliis
499 392 886 475 minoribus,
946 393 1010 457 in
1055 392 1286 476 quibus
1347 410 1738 458 commemo·
1836 392 2074 479 gationi
2122 394 2338 458 Missae
2370 393 2504 458 sive
2536 393 2857 474 fundatae,
2891 393 3026 458 sive
3060 415 3090 457 a
3123 392 3422 461 fidelibus

188 483 321 546 ratio
376 482 434 545 iu
492 482 800 547 honorem
862 481 971 545 Dei
1023 503 1164 545 arae
1231 479 1507 566 Virginis
1578 480 1736 545 inl'ra

188 589 387 634 annum
433 567 571 634 fieri
621 567 952 634 consuevit
1240 590 1244 593 ’

295 660 363 722 Et
406 659 468 723 S.
507 661 579 722 R.
614 659 716 738 C.‚
765 656 978 721 audita
1027 657 1204 742 prius
1249 657 1383 721 timi
1435 654 1734 744 Episcopi

188 745 634 825 informatione,
695 746 773 810 ad
837 744 1214 810 relationem
1274 744 1413 809 Enii
1476 757 1543 810 et
1595 744 1733 810 Riiii

188 833 396 898 Domini
457 833 803 899 cardinalis
859 832 1153 918 Episcopi
1217 832 1571 898 Sabinensis
1631 833 1735 897 Al-

185 920 298 985 bani
345 921 659 1004 Ponentis,
711 921 1102 986 declaravit:
1152 943 1190 983 (
1219 919 1427 984 Missas
1460 940 1598 985 esse
1632 939 1737 984 ce-

185 1008 481 1074 lebrandas
542 1009 618 1075 ad
681 1008 949 1075 formam
1011 1008 1372 1074 testamenti
1442 1006 1736 1074 omnibus

181 1097 400 1178 dicbuS,
438 1096 497 1162 in
533 1097 764 1181 quibus
795 1097 868 1162 fit
899 1096 1187 1163 Officium
1232 1102 1305 1162 B.
1340 1096 1561 1161 Mariae
1598 1097 1736 1163 Vir-

181 1183 316 1268 ginis
365 1183 482 1249 sub
528 1183 654 1249 ritu
704 1184 888 1271 dupl.
927 1185 1072 1249 mai.
1109 1186 1212 1250 vel
1262 1183 1503 1249 altioris
1550 1183 1734 1267 ritus,

181 1285 281 1335 tam
325 1272 384 1337 in
429 1271 710 1337 Ecclesia
762 1272 1102 1339 universali
1167 1292 1355 1358 quam
1405 1272 1467 1339 in
1514 1273 1734 1338 Calen-

179 1359 323 1423 dario
352 1359 670 1426 Dioecesis
705 1383 767 1424 ν.
822 1361 933 1426 Die
987 1364 1064 1428 13
1099 1361 1496 1447 Septembris
1541 1363 1732 1426 1760.

180 1532 395 1601 2461.
789 1533 1077 1610 Aouniv.
1497 1531 1734 1620 (4299)

284 1708 617 1795 Propositis
677 1729 796 1796 per
848 1707 1414 1809 Archiepiscopum
1479 1713 1734 1794 Aquen-

59 1871 60 1878 χ
177 1816 286 1861 sem
334 1798 392 1861 in
437 1801 499 1864 S.
539 1801 618 1863 R.
646 1800 719 1863 C.
772 1797 1099 1863 nonnuliis
1146 1795 1355 1863 dubus
1402 1798 1565 1863 circa
1611 1800 1734 1862 Ru-

59 1881 62 1976 'r

179 1886 383 1962 bricas3
431 1885 731 1952 scilicet:
789 1884 880 1972 (t)

286 1977 338 2038 l.
400 1972 466 2039 Si
527 1973 766 2039 mulier
832 1972 911 2038 sit
973 1973 1162 2040 vidua
1228 1983 1290 2038 et
1356 1974 1476 2039 iam
1539 1971 1732 2039 bene-

59 2065 60 2100 ἒ
173 2060 485 2126 dictionem
558 2060 884 2147 acceperit
941 2061 1226 2127 debetne
1288 2061 1490 2127 omitti
1559 2061 1736 2128 Missa

59 2133 62 2250 l

173 2167 264 2233 pro
305 2151 546 2236 Sponso
600 2161 665 2214 et
713 2153 976 2236 Sponsa,
1028 2159 1098 2215 ut
1149 2149 1540 2216 omittendae
1584 2161 1733 2214 sunt

173 2236 627 2303 benedictiones
663 2238 818 2302 infra
854 2257 990 2302 eam
1022 2238 1384 2325 descriptae
1416 2249 1558 2323 post
1590 2239 1734 2302 Ora-

170 2324 376 2390 tionem
400 2325 795 2391 Dominicam
833 2335 898 2389 et
923 2327 1383 2392 Benedicamus
1415 2322 1736 2392 Domino?

277 2417 333 2480 2.
369 2418 436 2479 ln
471 2414 651 2479 Missa
685 2414 767 2479 de
809 2414 1038 2501 vigilia
1085 2413 1435 2479 Nativitatis
1487 2412 1733 2481 Domini

170 2497 219 2562 in
257 2520 370 2585 qua
429 2514 580 2586 post
640 2502 995 2567 Collectam
1054 2502 1295 2588 legitur
1353 2514 1413 2568 et
1473 2504 1732 2569 dicitur

59 2603 60 2640 1
166 2585 292 2652 haec
325 2591 555 2656 Oratio
593 2600 891 2655 tantum:
939 2590 1463 2656 excludunturne
1493 2590 1735 2656 Oratio-

170 2693 260 2738 nes
300 2699 329 2740 a
373 2676 731 2764 Superiore
766 2689 1175 2763 praeceptae,
1209 2689 1363 2763 puta
1396 2698 1512 2764 pro
1549 2696 1730 2764 pace,

171 2781 264 2842 pro
304 2765 460 2830 aeris
506 2764 858 2830 serenitate
908 2778 1033 2831 etc.
1059 2762 1091 2828 ⁴?

273 2857 332 2917 3.
381 2856 544 2918 Cum
595 2862 1018 2941 praeceptum
1066 2853 1145 2917 sit
1190 2863 1261 2919 ut
1309 2854 1371 2919 in
1405 2856 1582 2920 Missa
1616 2859 1731 2920 Fe·

59 2982 62 3021 z
165 2949 376 3007 storum
430 2941 681 3026 primae
744 2951 809 3007 et
865 2944 1189 3009 secundae
1246 2942 1458 3008 classis
1517 2958 1729 3009 coram

164 3029 328 3092 ssnio
387 3033 800 3095 sacramento
871 3040 1143 3114 cantata,
1209 3030 1731 3098 commemoratio

164 3113 423 3182 ciusdem
490 3117 665 3184 SSmi
737 3118 1123 3205 Sacramenti
1197 3120 1301 3185 fiat
1367 3120 1516 3187 sub·
1549 3121 1729 3186 unica

161 3207 578 3289 conclusione,
631 3219 812 3272 estne
862 3206 1358 3294 intelligendum
1407 3211 1488 3275 de
1537 3208 1736 3295 Festis

162 3291 324 3357 etiam
373 3296 434 3360 in
484 3295 594 3362 die
628 3296 948 3361 Dominica
981 3294 1510 3363 occurrentibus?
1555 3301 1729 3363 Tunc

159 3379 375 3447 scilicet
408 3383 942 3449 commemoratio
975 3385 1149 3471 SSfiii
1182 3386 1576 3452 Sacramenti
1609 3385 1734 3451 cui-

162 3486 281 3533 nam
321 3472 606 3537 Orationi
659 3482 752 3536 est
799 3469 1292 3558 coniungenda?

271 3559 327 3622 4.
381 3564 447 3624 ln
493 3560 729 3625 Officiis
758 3559 1206 3625 Translationis
1238 3564 1457 3627 Almae
1494 3565 1727 3626 Domus

161 3645 518 3712 Lauretanae
572 3658 636 3712 et
685 3648 1157 3733 Expectationis
1212 3652 1459 3732 PartuS,
1511 3663 1727 3715 octava

161 3728 497 3800 benedictio
559 3745 787 3800 estne:
857 3738 1065 3801 Cuius
1117 3739 1356 3819 festum
1427 3738 1722 3818 colimus,

161 3824 276 3901 ipsa
319 3826 500 3909 Virqo
534 3826 869 3907 virginiam
914 3836 1063 3905 etc„
1107 3844 1182 3889 an
1219 3844 1370 3888 vero
1416 3828 1728 3892 Divinum

59 3942 62 3965 i
159 3912 474 3976 auxilium
522 3910 689 3975 eta?

181 4082 190 4092 η
267 4004 329 4063 5.
379 4004 542 4065 Item
593 4001 654 4065 in
703 4000 1092 4066 Praelatione
1145 4001 1358 4067 Missae
1417 4005 1727 4089 Expecta-

162 4086 343 4171 tionis,
370 4089 810 4154 dicendumne
836 4100 970 4154 est:
1001 4092 1083 4153 Et
1113 4100 1170 4154 te
1194 4093 1267 4155 in
1289 4093 1729 4175 expectatione

164 4174 378 4239 Portus
429 4180 503 4240 Β.
548 4179 800 4243 Mariae
853 4180 1024 4261 γίνῃ.
1064 4178 1436 4243 collaudare
1464 4188 1584 4243 etc.
1623 4182 1730 4242 Pa-

161 4260 419 4347 riter-que
472 4265 539 4330 in
589 4266 763 4330 Missa
809 4265 1043 4332 Rosarii
1094 4266 1575 4331 dicendumne:
1643 4270 1724 4331 Et

161 4356 206 4409 te
249 4355 312 4413 iu
357 4352 767 4418 solevmitate
813 4356 1078 4419 Rosarii
1123 4364 1244 4419 etc.

177 4496 190 4509 .
269 4444 328 4503 6.
379 4444 548 4506 Cum
595 4442 874 4527 primum
941 4442 1255 4528 accipitur
1300 4442 1593 4508 nuntium
1645 4443 1725 4508 de

160 4522 312 4590 obitu
356 4529 629 4595 alicuius
676 4529 738 4595 in
789 4531 927 4596 loco
975 4529 1223 4614 dissito,
1273 4538 1484 4616 potest
1525 4530 1590 4596 in
1617 4531 1726 4596 die

159 4612 376 4701 duplici
427 4617 665 4682 cantari
712 4617 888 4683 Missa
936 4619 1019 4683 de
1065 4619 1403 4702 Requiem.
1461 4621 1726 4703 Verum,

75 4728 83 4737 ·
159 4700 197 4763 si
239 4703 559 4789 contingat
607 4706 874 4771 Sabbato
936 4719 1079 4792 post
1127 4704 1469 4770 meridiem
1526 4707 1727 4793 accipi

159 4792 468 4874 nuntium,
526 4793 847 4880 poteritne
902 4798 1049 4859 tunc
1098 4793 1276 4859 Feria
1327 4797 1369 4857 ll
1426 4795 1725 4878 sequenti

160 4881 365 4943 cantari
419 4882 599 4947 Missa
647 4883 730 4946 de
778 4883 1116 4966 Requiem,
1170 4881 1285 4946 etsi
1324 4880 1612 4947 Officium
1645 4883 1723 4946 sit

158 4963 376 5049 duplex
427 4989 557 5034 non
606 4967 964 5036 festivum?

269 5058 327 5120 7.
380 5058 699 5140 Tandem,
766 5058 1066 5124 dicendo·
1109 5059 1349 5124 Missam
1414 5058 1721 5144 privatam

159 5140 225 5205 de
268 5145 366 5209 die
415 5156 823 5229 occurrente,
873 5146 1178 5211 satisfitne
1241 5147 1507 5212 cuilibet
1567 5148 1724 5213 obli-

276 5334 352 5407 (t)
391 5339 453 5394 n.
490 5338 627 5397 nub.
669 5340 716 5405 t,
753 5304 890 5406 aja,
929 5340 978 5405 7,
1020 5340 1102 5405 to,
1145 5341 1204 5395 u
1247 5348 1302 5395 ei
1343 5341 1423 5396 12.

1840 479 2100 566 petitae,
2151 480 2362 546 oblato
2409 481 2679 546 manuali
2728 481 3077 568 stipendio,
3111 482 3244 548 sive
3294 482 3421 580 ipsa

1838 587 1952 653 pro
2021 568 2381 652 defuncti5‚
2448 568 2580 633 sive
2653 570 2713 633 in
2785 568 3091 633 bonorem
3162 569 3426 634 alicuius

1837 655 2043 723 Sancti
2094 656 2291 742 petita
2340 655 2561 739 fuerit,
2600 657 2785 722 modo
2817 657 3123 722 Sacerdos
3154 675 3283 738 non
3316 676 3423 719 ex·

1837 764 2056 829 presse
2094 744 2459 831 promiserit
2491 765 2558 807 se
2594 744 2765 809 illam
2799 745 2881 809 de
2921 743 3024 808 tali
3059 746 3286 809 Sancto
3318 753 3425 807 aut

1834 831 1896 896 in
1941 831 2327 916 paramentis
2376 832 2572 916 nigris
2621 829 3143 898 celebraturum?
3184 832 3249 897 ld
3287 830 3425 916 qui·

1784 929 1794 942 ·
1836 919 1984 983 dem
2054 921 2129 984 ab
2178 920 2538 987 Alexandro
2589 922 2691 988 Vll
2755 919 3089 986 definitum
3140 919 3260 985 fuit
3308 938 3423 1005 pro

1835 1007 2065 1072 diebus
2115 1006 2525 1093 duplicibus;
2576 1020 2638 1073 at
2683 1007 2747 1073 in
2795 1007 3019 1073 diebus
3051 1005 3422 1092 semidupli-

1835 1096 2013 1161 cibus
2060 1105 2125 1161 et
2176 1096 2413 1160 feriatis
2458 1107 2636 1162 estne
2685 1096 2933 1162 licitum
2991 1108 3057 1161 et
3114 1095 3422 1161 satisfitne

1838 1181 2103 1248 debito?
2147 1183 2535 1269 Suffragatur
2571 1182 2893 1270 persuasio
2929 1195 2992 1248 et
3024 1183 3237 1270 praxis
3268 1201 3422 1248 non·

1838 1272 2163 1336 nullorum
2212 1273 2667 1348 Sacerdotum;
2719 1285 2781 1337 et
2827 1272 2941 1336 nisi
3000 1272 3120 1337 hoc
3170 1270 3418 1352 liceret,

1837 1357 1944 1422 vix
1994 1377 2297 1443 umquam
2343 1359 2521 1424 Missa
2579 1361 2956 1425 conveniret
3012 1376 3158 1425 cum
3204 1357 3421 1423 Officio

1837 1445 1901 1510 in
1950 1446 2291 1532 praedictis
2351 1447 2576 1513 diebus
2621 1467 2749 1514 non
2803 1446 3200 1533 duplicibus:
3258 1465 3419 1531 quae

1837 1534 2009 1598 enim
2056 1535 2462 1620 postulantur
2507 1557 2538 1599 a
2587 1536 2848 1623 privatis
2908 1533 3233 1617 fidelibus,
3288 1534 3421 1621 ple-

1836 1640 2112 1707 rumque
2148 1634 2456 1708 petuntur
2480 1617 2605 1707 ”pro
2636 1623 2957 1690 defunctis
2990 1633 3095 1688 aut
3129 1624 3190 1687 in
3226 1622 3423 1687 hono-

1841 1729 1979 1775 rem
2025 1709 2290 1776 alicuius
2338 1712 2571 1777 Sancti.
2608 1715 2940 1777 Praeterea
2972 1712 3059 1776 sic
3093 1711 3277 1775 citius
3309 1710 3421 1774 de·

1836 1798 2068 1863 [unctis
2128 1798 2542 1882 subvenitur,
2609 1800 2802 1885 idque
2852 1800 3110 1865 videtur
3158 1799 3423 1884 exigere

1837 1884 2251 1952 commoditas
2297 1900 2363 1951 et
2422 1888 2727 1952 securitas
2787 1888 3171 1953 Sacerdotis.
3238 1892 3305 1968 ln
3356 1905 3424 1949 re

1838 1974 1992 2039 tanti
2044 1975 2350 2040 momenti
2402 1986 2463 2038 et
2513 1975 2915 2060 quotidianae
2956 1973 3421 2055 occurrentiae,

1839 2061 2167 2146 quaeritur
2212 2061 2368 2146 quid
2414 2063 2861 2149 praestandum
2909 2060 3042 2127 sit?

1967 2152 2030 2216 S.
2070 2154 2142 2215 R.
2185 2154 2285 2233 C.,
2321 2147 2551 2216 auditis
2598 2150 2837 2235 scripto
2888 2162 2951 2215 et
2996 2169 3156 2215 voce
3203 2150 3425 2216 suffra·

1834 2236 1950 2323 giis
1999 2239 2279 2305 duorum
2312 2258 2391 2303 ex
2426 2239 2934 2325 Apostolicarum
2983 2239 3422 2303 caeremonia-

1838 2345 1974 2390 rum
2033 2325 2378 2412 Magistris,
2428 2347 2495 2390 ac
2545 2347 2615 2391 re
2672 2327 3018 2413 diligenter
3076 2344 3444 2412 perpensa,

1834 2415 2364 2502 respondendum
2421 2416 2716 2480 censuit:

1967 2502 2062 2567 Ad
2119 2506 2175 2567 t.
2227 2522 2265 2567 α
2300 2503 2362 2569 Si
2398 2503 2633 2569 mulier
2663 2515 2758 2568 est
2797 2504 3013 2585 vidua,
3050 2502 3214 2568 utin
3247 2519 3419 2582 casu,

1834 2609 1959 2655 non
2006 2592 2215 2656 solum
2267 2592 2462 2658 debet
2510 2590 2716 2656 omitti
2766 2590 3129 2658 benedictio
3164 2589 3424 2675 Nuptia-

1837 2697 2004 2760 rum,
2056 2679 2169 2744 sed
2220 2678 2411 2745 etiam
2461 2679 2637 2744 Missa
2687 2681 2943 2767 propria
3002 2699 3115 2767 pro
3176 2679 3422 2764 Sponso

1835 2777 1899 2831 et
1948 2762 2191 2854 Sponsa
2224 2789 2287 2831 ι».

1961 2855 2055 2919 Ad
2108 2857 2172 2919 Ξ.
2225 2877 2262 2917 (ι
2299 2858 2365 2921 ln
2400 2856 2575 2920 Missa
2619 2854 2887 2940 vigiliae
2922 2853 3276 2921 Nativitatis
3311 2857 3424 2918 Do·

1832 2941 1986 3008 mini
2048 2942 2289 3009 debent
2351 2943 2558 3011 omitti
2616 2943 2941 3010 Orationes
2988 2964 3017 3007 a
3076 2941 3423 3028 Superior-e

1833 3043 2215 3118 praeceptae
2265 3046 2412 3120 puta
2446 3052 2560 3119 pro
2612 3051 2793 3117 pace,
2830 3026 2946 3119 'pro
2985 3032 3148 3096 aeris
3181 3030 3422 3096 sereni-

1836 3131 1961 3184 tate
1998 3132 2127 3184 etc.
2165 3141 2225 3182 ν.

1963 3207 2057 3273 Ad
2110 3214 2171 3274 3.
2225 3227 2263 3272 α
2296 3207 2560 3285 Quando
2623 3208 2799 3272 Missa
2860 3220 3148 3273 cantatur
3210 3225 3422 3271 coram

1830 3298 2023 3363 SSmo
2071 3299 2476 3362 Sacramento
2536 3296 2598 3361 in
2661 3297 2860 3361 Festis
2921 3297 3164 3383 primae
3211 3307 3279 3360 et
3326 3314 3423 3357 se-

1829 3385 2078 3451 cundae
2132 3385 2345 3450 classis
2399 3384 2887 3450 occurrentibus
2946 3384 3008 3449 in
3075 3381 3420 3464 Dominica,

1831 3473 2351 3539 commemoratio
2399 3472 2788 3538 Sanctissimi
2839 3471 3227 3539 Sacramenti
3275 3489 3424 3535 con·

1828 3562 2151 3647 iungenda
2184 3574 2279 3627 est
2313 3561 2905 3627 commemorationi
2954 3558 3320 3625 Dominicae
3355 3580 3420 3624 ν.

1958 3651 2054 3717 Ad
2103 3653 2167 3716 4.
2228 3672 2265 3712 (ι
2304 3653 2365 3714 ln
2412 3648 2642 3715 Officiis
2699 3647 3146 3713 Translationis
3202 3647 3423 3711 Almae

1829 3742 2064 3802 Domus
2109 3740 2498 3803 Lauretanae
2547 3749 2612 3801 et
2660 3737 3128 3824 Expectationis
3175 3738 3420 3816 Partus,

1830 3836 2045 3891 octava
2081 3826 2446 3893 benedictio
2479 3825 2674 3890 debet
2709 3844 2882 3890 esse:
2924 3827 3130 3890 Cuius
3164 3824 3425 3887 Festum

1829 3914 2136 3993 colimne,
2208 3916 2349 4000 ipsa
2424 3916 2607 3997 Viryo
2665 3918 3000 3997 viryinum
3061 3925 3212 3992 etc„
3277 3909 3421 3995 quia

1830 4021 1986 4066 vere
2036 4006 2291 4068 Festum
2338 4001 2407 4067 fit
2455 4006 2522 4066 B.
2565 4005 2643 4065 Μ.
2684 4005 2757 4067 V.
2803 4026 2864 4064 ›.

1961 4091 2055 4155 Ad
2105 4095 2168 4155 5.
2222 4113 2259 4153 (ι
2293 4094 2359 4154 ln
2406 4090 2794 4155 Praefatione
2846 4089 3060 4154 Missae
3109 4093 3422 4175 Expecta·

1832 4177 2017 4242 tionis
2075 4182 2292 4244 Partus
2352 4178 2699 4245 dicendum
2759 4190 2900 4243 est:
2958 4181 3039 4243 Et
3090 4188 3148 4243 te
3194 4180 3265 4241 in
3313 4196 3421 4241 em·

1825 4270 2184 4350 pectatione
2231 4269 2467 4331 Beatae
2513 4269 2770 4331 Mariae
2814 4286 3050 4349 semper
3106 4269 3420 4350 Virginis,

1829 4366 1893 4417 et
1942 4354 2002 4418 in
2052 4358 2235 4420 Festo
2268 4354 2504 4421 Rosarii
2552 4354 2905 4419 dicendum
2947 4366 3086 4419 est:
3141 4357 3224 4419 Et
3261 4364 3319 4418 te
3352 4355 3422 4418 iu

1824 4442 2228 4509 solem-nitate
2278 4446 2511 4508 Beatae
2549 4445 2800 4507 Mariae
2828 4461 3067 4525 semper
3112 4444 3418 4525 Viryinis,

1827 4531 2074 4595 omissis
2122 4531 2380 4597 verbis:
2434 4531 2680 4595 Partu's
2729 4541 2793 4596 et
2844 4532 3106 4595 Rosart'i
3140 4552 3201 4595 ι».

1963 4620 2059 4686 Ad
2107 4624 2171 4683 6.
2225 4640 2262 4680 (ι
2298 4620 2357 4685 Si
2408 4619 2676 4687 Sabbato
2730 4629 2874 4704 post
2936 4619 3274 4683 meridiem
3326 4638 3423 4681 ac·

1827 4706 2099 4793 cipiatur
2145 4707 2440 4773 nuntium
2489 4709 2569 4774 de
2618 4708 2794 4773 obitu
2855 4707 3122 4772 alicuius
3168 4706 3233 4772 in
3283 4706 3422 4770 loco

1825 4796 2070 4877 dissito,
2121 4796 2359 4880 poterit
2407 4795 2562 4861 feria
2610 4798 2888 4863 secunda
2937 4796 3231 4878 sequenti
3281 4814 3422 4859 can·

1831 4883 1942 4947 tari
1979 4883 2155 4947 Missa
2203 4885 2287 4947 de
2335 4884 2675 4967 Requiem,
2713 4886 2827 4948 etsi
2863 4882 3150 4948 Officium
3191 4882 3271 4947 sit
3303 4882 3421 4946 du-

1828 4974 1979 5059 plex
2028 4990 2155 5035 non
2204 4971 2508 5036 festivum
2545 4993 2609 5034 ιν.

1959 5059 2052 5123 Ad
2104 5062 2164 5123 7.
2217 5081 2254 5121 (ι
2292 5059 2525 5125 Diebus
2556 5058 2788 5144 quibus
2825 5059 2947 5127 dici
2983 5068 3250 5146 possunt
3283 5060 3422 5123 Mis-

1821 5168 1923 5212 sae
1973 5147 2224 5213 votivae
2289 5148 2571 5233 privatae
2620 5150 2723 5213 vel
2780 5150 3264 5230 defunctorum,
3313 5151 3420 5213 Sa-
3482 5146 3493 5159 “
