4042 5950
1974 216 2442 294 —216—

572 383 746 440 ratus
792 372 913 442 fuit
958 371 1323 439 huiusmodi
1368 374 1594 440 Sacrae
1623 371 2150 459 congregationis

2385 371 2480 439 Ad
2528 375 2594 437 Ξ.
2647 392 2686 436 ‹
2717 371 3204 440 Recurrendum
3251 369 3328 437 ad
3376 371 3540 438 hanc
3583 372 3842 438 Sacram

575 461 958 548 rescriptum
1014 459 1341 527 Canonicis
1397 461 1747 526 novitatem
1794 460 2153 527 inducenti·
2209 459 2827 546 congregationem
2873 458 2936 525 in
2985 459 3225 525 casibus
3256 457 3842 545 particularibus».

578 547 693 614 bus
739 549 1235 632 communicare,
1281 558 1354 614 ut
1400 567 1517 635 pro
1572 547 1669 614 sui
1730 549 2013 615 muneris
2060 547 2152 614 ol'-

576 635 719 702 licio
783 637 961 703 Ritus
1008 655 1114 718 eo,
1164 654 1290 721 quo
1338 636 1884 722 praescribuntur,
1934 636 2150 720 modo,

574 724 935 790 cathedrali
968 744 1079 790 sua
1112 723 1177 790 in
1208 723 1491 790 Ecclesia
1522 724 1992 791 accuratissime
2021 741 2156 789 ser-

574 811 707 877 vari
751 810 1174 879 adniteretur.
1226 814 1493 896 Verum,
1543 813 1635 880 uti
1681 813 2028 878 usuvenire
2058 830 2156 877 so-

577 898 694 982 let,
720 901 936 987 specie
968 900 1238 986 quadam
1268 919 1397 967 non
1427 900 1575 966 satis
1606 900 1775 968 clare
1807 909 2157 987 aperteque

572 1004 884 1073 apparere
931 987 1084 1073 quid
1133 987 1198 1054 in
1246 1007 1392 1055 casu
1421 1009 1454 1052 a
1485 987 1941 1055 caeremoniali
1974 1005 2159 1074 prae-

574 1074 880 1161 cipiatur,
952 1076 1251 1145 canonici
1322 1075 1788 1162 vigilantissimi
1861 1074 2156 1162 Episcopi

573 1181 756 1228 curas
799 1163 1207 1251 negligentes
1252 1164 1543 1231 inductas
1589 1163 1900 1228 novitates
1946 1161 2154 1228 adhuc

574 1250 943 1317 retinendas
1011 1270 1150 1317 esse
1217 1260 1651 1318 autumarunt.
1715 1255 1878 1317 Dum
1939 1260 2153 1316 autem

574 1337 657 1404 de
703 1338 842 1405 hoc·
879 1337 1293 1426 adimplendo
1358 1342 1579 1405 Sacrae
1633 1337 2157 1423 congregationis

575 1430 846 1492 Decreto
880 1437 944 1493 et
972 1427 1173 1494 abusu
1218 1426 1506 1494 tollendo
1553 1427 1883 1512 agebatur,
1917 1442 2159 1491 novum

574 1513 959 1599 quaestionis
1006 1524 1305 1580 exortum
1351 1532 1551 1602 genus
1598 1525 1716 1580 est.
1769 1518 1836 1580 ln
1887 1513 2000 1579 hac
2046 1513 2149 1578 vel

576 1600 947 1688 opinionum
1003 1601 1322 1669 discordia
1374 1604 1478 1670 vel
1534 1601 1828 1668 novitatis
1883 1601 2158 1668 tuendae

572 1689 813 1774 studio,
850 1700 1238 1756 memoratus
1285 1689 1785 1757 Archidiaconus
1815 1690 1893 1756 ad
1928 1708 1999 1755 ea
2032 1707 2160 1755 ser-

576 1777 809 1862 vanda,
858 1795 1020 1863 quae
1069 1778 1131 1842 in
1188 1776 1320 1866 ipsa
1366 1779 1463 1844 sui
1522 1776 1815 1844 Beneficii
1878 1775 2155 1843 aditione

574 1874 1001 1948 servaturum,
1020 1865 1395 1932 sacramenti
1420 1865 1789 1952 interposita
1816 1864 2155 1952 religione,

574 1952 944 2039 spopondit,
979 1956 1317 2020 Sacrorum
1360 1955 1619 2020 Rituum
1665 1952 2156 2039 congregationi

575 2040 906 2125 sequentia
951 2060 1067 2129 pro
1118 2039 1283 2107 osuit
1329 2042 1656 2109 enodanda
1703 2041 1939 2109 dubiae

709 2131 765 2192 1.
818 2130 1059 2207 Quomo
1112 2149 1147 2194 o
1192 2129 1275 2194 sit
1319 2129 1877 2215 interpretandum
1926 2131 2154 2195 Caere-

574 2214 846 2281 moniale
893 2217 1357 2305 Episcoporum
1387 2218 1595 2303 quoad
1624 2216 1843 2283 Crucis
1889 2215 2155 2283 delatio-

571 2321 723 2368 nem
770 2303 861 2369 in*
891 2304 1430 2388 processionibus,
1479 2323 1550 2369 ac
1598 2304 2000 2391 potissimum
2048 2303 2153 2369 die

573 2391 858 2457 omnium
926 2391 1243 2459 Fidelium
1308 2392 1802 2476 detunctorum,
1864 2389 2157 2457 Purifica-

576 2477 761 2543 tionis
806 2488 874 2544 et
917 2479 1239 2545 Dominica
1286 2482 1663 2563 Palmarum,
1704 2479 2038 2545 assistente
2066 2479 2161 2544 ni-

576 2565 810 2631 mirum
857 2564 1225 2654 Episcopo?

706 2656 770 2718 2.
821 2658 920 2720 An
957 2665 1213 2720 veteres
1246 2653 1432 2721 huius
1462 2654 1784 2720 Ecclesiae
1815 2664 2160 2722 consuetu-

577 2739 787 2823 dineS,
826 2760 997 2827 quae
1041 2740 1288 2808 scilicet
1332 2743 1492 2809 nulli
1542 2742 1859 2809 Ecclesiae
1919 2749 2157 2808 statuto

577 2838 1017 2914 opponuntur,
1065 2827 1399 2915 abrogatae
1435 2830 1561 2896 sint
1595 2849 1710 2918 per
1740 2848 1812 2896 ea
1845 2829 2161 2915 Rescripti

576 2912 815 2981 verba:
866 2936 903 2981 ι
937 2919 1207 3005 Semper
1253 2927 1317 2985 et
1347 2940 1380 2985 a
1412 2937 1819 3005 quocumque
1864 2928 2164 2984 servetur

576 3006 1051 3072 Caeremoniale
1083 3029 1122 3071 »
1143 3003 1177 3072 ¹?

710 3097 775 3161 3.
817 3098 913 3161 An
945 3094 1219 3185 Capituli
1250 3094 1610 3181 Dignitates
1630 3095 1887 3161 excludi
1919 3094 2162 3182 possint

500 3186 506 3193 '
577 3187 652 3253 ab
696 3184 1047 3251 assistentia
1094 3183 1390 3273 Episcopi
1440 3186 1917 3251 Sacramentum
1978 3183 2161 3250 defe-

578 3271 773 3341 rentis
819 3271 885 3338 in
930 3276 1138 3340 coena
1190 3268 1492 3339 Domini‘?

708 3365 770 3427 4.
822 3363 989 3428 Num
1035 3381 1187 3428 usus
1233 3362 1525 3428 Planetae
1572 3361 1868 3449 plicatae,
1905 3360 2162 3427 exclusa

578 3449 940 3533 Dalmatica,
975 3462 1040 3514 et
1071 3450 1421 3532 viceversa,
1463 3450 1753 3536 permitti
1800 3450 2045 3536 possit;
2095 3459 2161 3514 et

578 3546 887 3623 quatenus
919 3537 1253 3624 negative:
1296 3540 1460 3603 Num
1493 3536 1600 3622 qui
1635 3539 1939 3605 eumdem
1973 3556 2160 3603 usum

577 3624 914 3690 induceret
932 3624 1226 3711 apprime
1258 3625 1465 3690 sciens
1498 3623 1683 3691 illum
1709 3645 1848 3692 esse
1871 3623 2162 3693 Rubricis

577 3709 965 3862 opposivtum,
1015 3711 1292 3797 aliquam
1342 3730 1615 3800 poenam
1662 3713 2047 3796 incurreret,
2099 3721 2163 3778 et

578 3816 767 3885 quam

712 3890 788 3952 Et
846 3888 913 3953 S.
963 3890 1035 3953 R.
1087 3890 1189 3971 C.,
1240 3907 1314 3954 re
1375 3898 1623 3955 mature
1676 3889 2159 3975 diligenterque

577 3975 855 4044 discussa
899 3975 1245 4063 auditoque
1304 3976 1566 4042 alterius
1631 3998 1712 4044 ex
1766 3978 2162 4063 Apostolica-

578 4083 722 4130 rum
768 4064 1323 4131 caeremoniarum
1369 4064 1675 4151 Magistris
1716 4076 1865 4131 voto
1913 4064 2166 4151 scriptis

578 4151 833 4219 reddito
896 4153 1190 4240 typisque
1248 4153 1591 4239 impresso,
1647 4154 1724 4221 ad
1786 4153 2166 4219 relationem

581 4241 717 4306 Emi
766 4248 831 4305 et
875 4240 1016 4308 Ruti
1054 4245 1130 4306 D.
1166 4242 1354 4309 card.
1390 4241 1785 4329 cacciapiatti
1832 4242 2159 4325 Ponentis,

580 4329 1102 4416 respondendum
1151 4329 1449 4397 censuit:

709 4418 807 4484 Ad
856 4421 916 4485 1.
967 4440 1006 4484 ι
1039 4420 1518 4485 Caeremoniale
1566 4417 2030 4503 Episcoporum
2073 4417 2165 4484 in-

581 4505 1040 4593 terpretatione
1073 4523 1202 4573 non
1235 4507 1503 4592 indiget,
1542 4516 1607 4573 et
1636 4507 1755 4573 sub
1788 4505 2167 4594 respectivis

581 4594 891 4683 capitibus
922 4606 1142 4685 aperte
1174 4595 1457 4661 declarat
1487 4616 1519 4660 a
1553 4614 1706 4681 quo,
1743 4602 1807 4658 et
1838 4613 1963 4680 qua
1994 4614 2167 4660 sacra

579 4693 761 4749 veste
810 4682 1061 4767 induto,
1102 4683 1455 4751 deferenda
1498 4684 1578 4750 sit
1623 4686 1829 4768 crux3
1868 4681 2170 4767 nimirum

582 4769 646 4835 in
691 4771 799 4838 die
857 4770 1349 4861 purificationis,
1404 4771 1724 4839 Dominica
1785 4774 2165 4855 Palmarum,

582 4858 759 4924 Feria
804 4862 857 4927 V
905 4859 969 4925 in
1014 4862 1223 4926 coena
1254 4860 1503 4927 Domini
1536 4872 1602 4927 et
1633 4860 1813 4926 Feria
1843 4863 1921 4927 Vl
1965 4861 2030 4926 in
2063 4863 2167 4924 Pa-

581 4964 838 5013 rasceve
885 4966 917 5010 a
964 4946 1364 5014 Subdiacono
1401 4947 1655 5015 diverso
1685 4969 1715 5013 a
1747 4949 2168 5032 ministrante,

582 5032 812 5100 amicto
859 5034 1186 5101 Tunicella
1233 5045 1337 5101 aut
1384 5037 1636 5104 Planeta
1681 5037 1936 5122 plicata,
1972 5049 2168 5123 prout

580 5119 783 5207 exigit
805 5140 1015 5188 sacrae
1038 5122 1297 5189 actionis
1319 5124 1583 5209 qualitas
1606 5149 1622 5189 z
1660 5126 1767 5190 die
1790 5144 1946 5190 vero
1978 5128 2164 5191 com·

581 5207 1053 5275 memorationis
1106 5210 1391 5276 omnium
1451 5210 1767 5277 Fidelium
1820 5210 2162 5278 defuncto-

580 5316 747 5383 rum,
795 5317 829 5363 a
875 5295 1272 5365 Subdiacono
1317 5299 1535 5364 Missae
1566 5321 1629 5365 t.

2381 550 2476 614 Ad
2526 551 2588 613 3.
2641 568 2678 612 ι
2711 546 3062 633 Negative3
3129 559 3194 614 et
3251 547 3562 613 servanda
3607 548 3839 612 caere-

2251 633 2542 703 monialis
2590 635 2924 722 dispositio
2959 659 3021 702 ι.

2384 724 2480 791 Ad
2531 726 2598 790 4.
2646 743 2683 787 ι
2716 723 3112 809 Quicumque
3144 723 3253 788 ille
3286 723 3390 810 sit,
3426 723 3538 809 qui
3568 724 3839 789 crucem

2252 810 2467 879 defert
2499 812 2601 878 vel
2635 810 2958 877 ministret
2990 810 3053 876 in
3087 810 3288 894 Missa,
3322 811 3457 876 sive
3487 809 3836 876 Canonicus

2251 901 2385 966 sive
2434 898 2748 966 inferioris
2807 897 3060 966 Ordinis
3114 899 3454 982 Sacerdos,
3503 897 3833 982 utifidebet

2255 986 2590 1070 Dalmatica
2621 996 2728 1053 aut
2757 985 3009 1052 Planeta
3033 985 3287 1073 plicata,
3316 997 3506 1074 prout
3530 985 3732 1073 exigit
3755 1005 3834 1050 sa-

2253 1094 2396 1141 crae
2444 1074 2706 1141 actionis
2753 1073 3044 1159 qualitas.
3093 1072 3249 1141 Hinc
3280 1075 3356 1141 ad
3391 1073 3668 1160 primam
3699 1093 3830 1159 par-

2256 1174 2414 1246 tem,
2465 1163 2805 1248 negative3
2856 1163 2934 1230 ad
2981 1163 3326 1230 secundam
3375 1181 3570 1245 vero,
3619 1170 3827 1228 contra

2254 1249 2486 1318 faciens
2533 1249 2915 1337 plectendus
2953 1266 3184 1334 poena,
3218 1249 3479 1317 arbitrio
3518 1248 3824 1337 Episcopi,

2254 1357 2371 1425 pro
2418 1341 2719 1424 qualitate
2763 1336 3062 1404 defectus
3097 1361 3157 1404 ».

2383 1431 2594 1511 Atque
2640 1426 2723 1491 ita
2767 1425 3102 1510 respondit
3143 1446 3215 1492 ac
3245 1424 3486 1491 servari
3519 1425 3824 1493 mandavit

2254 1514 2320 1579 in
2364 1513 2727 1603 cathedrali
2781 1513 3064 1580 Ecclesia
3125 1512 3577 1580 Alexandrina.
3644 1513 3751 1581 Die
3790 1518 3826 1579 6

2258 1602 2394 1668 Maii
2446 1606 2642 1670 1826.

2387 1690 2621 1768 Quibus
2683 1691 2978 1757 omnibus
3041 1692 3232 1757 SSmo
3281 1688 3548 1756 Domino
3613 1691 3829 1755 Nostro

2257 1780 2451 1844 Leoni
2501 1781 2610 1845 ΧΠ
2648 1782 2829 1844 Pont.
2865 1782 3026 1845 Max.
3063 1796 3181 1864 per
3226 1777 3694 1865 infrascriptum
3728 1780 3828 1843 Se·

2257 1865 2600 1932 cretarium
2647 1867 2884 1949 relatis,
2919 1866 3224 1933 Sanctitas
3256 1869 3377 1933 Sua
3408 1868 3636 1933 Sacrae
3680 1867 3830 1931 Con·

2256 1953 2644 2039 gregationis
2679 1973 2974 2042 responsa
3007 1953 3381 2041 approbavit
3411 1963 3479 2020 et
3511 1953 3830 2020 confirma-

2258 2040 2376 2106 vit.
2425 2040 2539 2109 Die
2592 2045 2669 2110 10
2719 2041 2856 2108 Maii
2907 2046 3098 2109 1826.

2257 2216 2510 2286 2647.
2580 2220 3003 2285 DECRETUM
3043 2219 3486 2286 GENERALE.
3554 2217 3832 2304 (aeson)

2388 2390 2634 2457 Pluries
2679 2391 2819 2457 Emi
2869 2395 3080 2458 Patres
3118 2392 3320 2459 Sacris
3366 2391 3613 2460 Ritibus
3660 2413 3837 2482 prae·

2258 2478 2446 2565 positi
2510 2480 2588 2546 ad
2648 2478 2766 2544 sibi
2832 2479 3048 2544 allatas
3108 2480 3550 2566 quaestiones,
3616 2482 3838 2549 liceret

2259 2584 2464 2632 necne
2525 2566 2795 2654 publicis
2854 2567 2917 2633 in
2978 2566 3375 2634 solemnibus
3430 2569 3839 2657 supplicatio-

2257 2652 2468 2737 nibus,
2503 2672 2667 2739 quae
2703 2654 2863 2720 fiunt
2896 2655 3226 2721 occasione
3271 2656 3662 2723 celebritatis
3693 2661 3841 2725 San·

2259 2749 2509 2807 ctorum
2554 2745 2968 2808 Patronorum
3017 2743 3492 2830 principalium,
3530 2764 3645 2830 per
3675 2746 3838 2813 Civi-

2260 2839 2418 2893 tates
2466 2838 2530 2893 et
2579 2833 2763 2914 Loca,
2816 2831 3044 2897 horum
3090 2831 3408 2917 Reliquias
3445 2836 3550 2899 vel
3583 2833 3841 2918 Spinam

2258 2915 2722 2984 Sacratissimae
2780 2920 3062 2985 coronae
3119 2918 3364 2986 Domini
3432 2921 3640 2988 Nostri
3701 2925 3845 2989 lesu

2260 3004 2488 3071 christi
2537 3017 2644 3071 aut
2688 3005 2959 3093 Lignum
2990 3007 3274 3075 vivificae
3305 3008 3525 3075 Crucis
3553 3009 3672 3076 sub
3715 3009 3845 3076 bal-

2260 3093 2530 3159 dachino
2573 3093 2874 3160 deferre?
2918 3115 3019 3161 res
3071 3098 3424 3163 onderunt:
3461 3101 3690 3165 SSmae
3719 3102 3848 3165 Eu·

2261 3180 2591 3247 charistiae
2640 3184 2967 3250 dumtaxat
3064 3185 3376 3251 aldachini
3441 3206 3627 3261 usum
3675 3206 3845 3254 com·

2261 3278 2514 3356 petere,
2562 3271 2641 3337 ad
2700 3273 2923 3338 tradita
2989 3292 3105 3360 per
3164 3274 3643 3341 caeremoniale
3699 3276 3846 3362 Epi-

2258 3376 2637 3445 scoporum,
2699 3360 2948 3426 Rituale
3013 3365 3363 3428 Romanum
3421 3363 3706 3449 aliosque
3760 3369 3844 3430 ri·

2258 3446 2461 3510 tuales
2495 3446 2689 3514 libros
2718 3469 2735 3533 3
2786 3449 3089 3534 ideoque,
3125 3449 3332 3516 habita
3367 3450 3614 3517 ratione
3646 3452 3845 3539 dispa-

2261 3533 2460 3599 ritatis
2522 3535 2679 3600 ritus
2737 3546 2801 3601 et
2859 3540 3097 3621 cultus,
3148 3556 3360 3622 neque
3423 3543 3844 3607 Instrumenta

2258 3622 2644 3689 Dominicae-
2671 3624 2997 3708 Passionis,
3047 3644 3260 3711 neque
3307 3629 3685 3694 Sanctorum
3727 3633 3843 3695 Re·

2257 3709 2484 3793 liquias
2515 3710 2634 3776 sub
2667 3713 3005 3805 palliosseu
3041 3713 3411 3781 baldachino
3461 3715 3703 3781 hastato
3732 3717 3845 3783 de-

2261 3797 2413 3863 l'erri
2460 3798 2694 3865 licere:
2747 3800 3109 3869 huiusmodi
3156 3801 3547 3869 delationem
3579 3806 3843 3871 abusum

2261 3886 2681 3972 declarantes,
2735 3889 3036 3976 huncque
3080 3889 3573 3978 improbandum
3621 3903 3686 3958 et
3730 3893 3843 3958 eli·

2263 3975 2654 4042 minandum.
2727 3976 2880 4054 Quia
2947 3998 3102 4043 vero
3160 3991 3224 4044 et
3287 3978 3560 4064 Lignum
3622 3983 3842 4048 SSiilae

2262 4062 2480 4128 crucis
2531 4074 2596 4128 et
2642 4065 3106 4133 Sacratissimae
3156 4065 3386 4154 Spinae
3420 4072 3703 4135 coronae
3735 4073 3843 4134 Do·

2261 4151 2444 4235 mini,
2493 4162 2686 4238 prout
2732 4154 2851 4218 alia
2897 4155 3212 4240 quaedam
3257 4158 3682 4223 Instrumenta
3715 4160 3844 4221 Pas·

2258 4238 2451 4304 sionis
2498 4239 2860 4308 Dominicae
2909 4253 3203 4309 contactu
3257 4241 3629 4310 immediato
3677 4247 3844 4312 Ssmi

2261 4326 2561 4412 Corporis
2609 4330 2854 4395 Domini
2903 4332 3110 4396 Nostri
3157 4335 3297 4397 lesu
3344 4331 3576 4398 Christi
3622 4335 3844 4400 sancti·

2263 4414 2440 4481 ficata
2491 4415 2698 4499 fuere,
2735 4416 3004 4503 eiusque
3039 4418 3497 4504 pretiosissimo
3528 4422 3842 4505 Sanguine

2263 4521 2601 4590 conspersa
2633 4552 2650 4586 ,
2717 4506 3119 4592 proindeque
3172 4506 3430 4593 speciali
3487 4508 3840 4576 honoranda

2265 4590 2491 4658 cultu:
2556 4591 2946 4679 insuperque
2997 4612 3069 4659 ea
3117 4595 3254 4661 fere
3308 4595 3652 4661 universali
3714 4596 3841 4663 ubi·

2266 4698 2391 4765 que
2440 4680 2729 4747 locorum
2779 4692 2844 4746 et
2892 4683 3181 4767 gentium
3231 4682 3481 4749 invecta
3515 4695 3844 4750 consuetu-

2267 4767 2451 4851 dine,
2514 4768 2633 4834 sub
2696 4770 3065 4837 baldachino
3113 4770 3355 4838 deterri
3421 4770 3838 4851 obtinuerint;

2269 4857 2413 4925 ideo
2478 4856 2733 4923 illarum
2792 4858 3413 4926 circumductionem
3471 4859 3590 4925 sub
3643 4860 3840 4927 balda-

2264 4946 2453 5012 chino
2529 4946 2922 5013 tolerandam
2994 4958 3430 5013 censuerunt:
3500 4965 3839 5034 congruum

2260 5033 2504 5121 quippe
2551 5044 2617 5098 et
2667 5035 2894 5101 rationi
2955 5053 3311 5102 consonum
3369 5033 3729 5117 videbatur,
3773 5055 3837 5101 ea

2259 5124 2662 5188 reverentiae
2716 5134 3090 5210 argumenta
3140 5142 3278 5189 esse
3328 5121 3688 5191 exhibenda
3731 5128 3835 5189 Do-

2264 5209 2462 5362 rlpino,
2505 5229 2665 5295 quae
2712 5211 2952 5276 Sanctis
2998 5212 3363 5278 nullatenus
3403 5213 3707 5300 praestari
3738 5212 3833 5277 de·

2318 5307 2451 5362 ent.
