4042 5950
2046 259 2513 338 —214—

635 416 904 486 Domino
948 419 1180 485 Nostro
1224 416 1420 483 Leoni
1463 419 1573 484 ΧΠ
1616 414 1906 484 Pontifici
1951 415 2224 482 Maximo

635 505 970 590 relatione,
1005 504 1228 571 eadem
1263 505 1568 572 Sanctitas
1597 505 1747 588 Sua,
1779 504 2048 592 singulis
2078 523 2224 603 per·

635 593 851 680 pensis
880 591 1026 659 facti
1056 591 1572 677 circumstantiis,
1605 591 1940 679 habitaque
1978 603 2222 659 ratione

637 692 764 747 tam
814 680 983 747 tituli
1027 679 1352 747 Ecclesiae
1382 685 1452 748 B.
1482 683 1561 747 Μ.
1590 684 1668 749 V.
1704 690 2108 767 nuncupatae
2138 681 2223 747 de

644 767 1203 852 Chinquinquira,
1241 786 1430 854 quam
1470 768 1879 836 effusissimae
1922 770 2223 836 Indorum

638 855 995 924 devotionis
1044 874 1195 944 erga
1226 856 1403 925 coeli
1434 857 1769 957 Reginam,
1804 856 1983 923 cuius
2016 861 2226 922 Patro·

639 943 878 1011 oinium
910 963 986 1010 ea
1015 944 1079 1011 in
1112 943 1390 1030 Imagine
1428 944 1660 1030 iugiter
1701 943 1819 1010 sibi
1868 944 2229 1032 promereri

639 1031 925 1119 student,
976 1032 1056 1098 ita
1122 1031 1422 1119 precibus
1482 1032 1727 1117 anuuit,
1777 1042 1894 1099 ut:
1944 1052 1982 1096 α
2015 1032 2228 1098 Firmo

642 1122 864 1186 Sacrae
911 1120 1436 1208 congregationis
1494 1138 1800 1206 responso
1858 1120 2070 1205 quoad
2117 1121 2231 1185 Ar-

643 1205 1189 1296 chiepiscopatum
1249 1209 1513 1276 Sanctae
1580 1207 1761 1274 Fidei
1821 1211 2231 1293 adnexasque

643 1296 1002 1379 Dioeceses,
1023 1295 1210 1364 liceat
1232 1297 1300 1363 in
1321 1294 1608 1362 Ecclesia
1629 1295 1957 1362 dumtaxat
1978 1298 2228 1362 B.n.v.

643 1383 728 1450 de
778 1381 1309 1468 Chinquinquira
1355 1392 1743 1471 nuncupata,
1777 1392 2038 1469 praeter
2067 1385 2234 1451 sole-

645 1490 797 1537 mne
826 1474 1085 1538 Festum
1115 1471 1351 1540 Rosarii
1374 1476 1446 1538 B.
1467 1473 1548 1537 Μ.
1568 1476 1643 1542 V.
1677 1470 1997 1539 Dominica
2029 1470 2231 1558 prima

644 1556 931 1640 Octobris
954 1558 1083 1626 ritu
1107 1560 1290 1648 dupl.
1310 1558 1555 1646 primae
1576 1560 1789 1627 classis
1811 1578 1961 1626 cum
1986 1571 2232 1644 octava,

646 1646 882 1713 iterum
913 1648 1206 1732 Imaginis
1236 1647 1590 1714 recensitae
1638 1647 2011 1715 memoriam
2044 1665 2234 1733 agere

646 1733 752 1801 die
774 1753 810 1798 a
832 1737 990 1800 Rmo
1014 1734 1344 1802 Ordinatio
1378 1734 1506 1801 fixe
1534 1735 1925 1821 designanda
1958 1745 2025 1801 et
2053 1734 2235 1802 nullo

647 1838 928 1908 unquam
974 1833 1268 1911 tempore
1310 1822 1629 1908 varianda,
1681 1831 1823 1891 cum
1872 1823 2105 1892 eodem
2134 1823 2238 1890 of-

650 1908 792 1975 ficio
849 1918 918 1975 et
964 1909 1141 1976 Missa
1194 1911 1318 1977 iam
1378 1930 1496 1999 pro
1557 1911 1900 1980 universali
1955 1910 2237 1977 Ecclesia

650 1995 1035 2084 approbatis,
1070 1997 1199 2066 ritu
1246 2008 1460 2065 tamen
1491 2000 1677 2086 dupl.
1719 1998 2042 2066 secundae
2081 1999 2237 2065 clas-

649 2084 732 2149 sis
777 2084 915 2150 sine
976 2095 1225 2172 octava,
1272 2087 1538 2154 servatis
1596 2085 1908 2155 Rubi-icis.
1973 2087 2238 2164 Quibus-

651 2190 927 2258 cumque
991 2173 1055 2239 in
1115 2175 1502 2242 contrarium
1562 2194 1688 2242 non
1743 2174 2135 2241 obstantibus
2168 2196 2233 2241 ιν.

650 2261 765 2328 Die
818 2264 894 2326 12
942 2261 1179 2347 Aprilis
1232 2266 1423 2330 1826.

653 2401 915 2471 2643.
1313 2404 1578 2468 vicen.
2005 2402 2233 2489 (4617)

786 2529 878 2591 Ex
927 2523 1229 2591 laudabili
1284 2525 1752 2594 consuetudine
1804 2527 2084 2594 duorum
2136 2544 2234 2592 se-

654 2611 950 2680 culorum
995 2622 1232 2678 metam
1280 2614 1640 2681 excedente
1686 2632 1825 2682 mos
1872 2614 2238 2681 obtinuerat

654 2699 721 2765 in
749 2698 1112 2767 cathedrali
1149 2700 1368 2767 Vicen.
1407 2700 1652 2768 Missam
1697 2704 2056 2770 solemnem
2090 2721 2238 2769 cum

657 2797 846 2852 cantu
891 2787 976 2854 de
1022 2788 1214 2856 SSmo
1247 2790 1652 2857 Sacramento
1690 2791 1959 2877 singulis
2004 2790 2239 2857 mensi-

656 2874 775 2941 bus
813 2874 1134 2942 Dominica
1165 2877 1350 2942 tertia
1384 2877 1750 2945 celebrandi
1794 2890 1941 2946 ante
1985 2882 2242 2944 Proces-

656 2961 903 3030 sionem
948 2963 1270 3048 eiusdem,
1305 2964 1477 3033 iuxta
1569 2966 1933 3056 rivilegium
1986 2966 2243 3034 confra-

658 3051 973 3119 ternitatis
1019 3052 1105 3120 ibi
1153 3064 1402 3121 erectae
1449 2988 1568 3124 sug
1613 3057 1727 3123 bac
1780 3054 2240 3146 appellatione,

663 3159 865 3229 quum
923 3161 1086 3209 anno
1140 3144 1305 3209 1804
1358 3143 1420 3211 in
1478 3163 1695 3213 rerum
1759 3146 2045 3212 omnium
2098 3142 2245 3209 sub-

662 3229 955 3297 versione
1009 3232 1332 3299 nonnullis
1390 3234 1744 3301 novitatum
1796 3232 2094 3302 studiosis
2152 3232 2247 3297 vi-

660 3337 803 3386 sum
851 3329 946 3385 est
993 3329 1241 3386 temere
1279 3340 1525 3388 morem
1556 3321 2062 3410 antiquissimum
2093 3340 2242 3408 per-

663 3406 923 3474 turbare
994 3407 1368 3495 Missamque
1442 3409 1599 3477 banc
1623 3458 1641 3493 ,
1711 3412 1979 3479 durante
2059 3419 2246 3476 cantu

660 3497 969 3560 Horarum
999 3496 1247 3563 Tertiae
1284 3508 1348 3563 et
1381 3499 1636 3582 Sextae,
1672 3498 2041 3578 celebrare;
2088 3498 2246 3564 alte-

666 3599 931 3667 tamque
977 3582 1128 3649 dein
1175 3596 1426 3651 cantare
1475 3585 1556 3652 de
1603 3590 1787 3653 Festo
1832 3588 1936 3654 vel
1966 3588 2053 3655 de
2086 3596 2247 3652 tem-

664 3687 850 3757 pore,
898 3668 1053 3755 quin
1098 3690 1218 3758 per
1263 3673 1697 3742 conditionem
1731 3685 2098 3763 temporum
2129 3674 2249 3741 mi-

662 3756 993 3822 serrimam
1040 3757 1265 3825 liceret
1315 3760 1608 3848 capitulo
1653 3773 1720 3828 et
1764 3762 2093 3831 canonicis
2139 3763 2247 3829 ad-

664 3861 888 3910 versus
919 3844 1269 3913 novitatem
1313 3847 1679 3918 huiusmodi
1708 3870 1850 3917 suas
1881 3851 2247 3939 producere

666 3933 982 4018 querelas.
1018 3933 1229 4001 Rebus
1276 3937 1561 4021 tandem,
1600 3938 1849 4004 favente
1881 3944 2040 4025 Deo,
2076 3957 2247 4004 com·

666 4019 912 4108 positis,
947 4022 1255 4090 Sacerdos
1299 4024 1525 4115 loseph
1559 4026 1779 4095 Sendil
1812 4026 2249 4093 caeremonia-

666 4125 809 4175 rum
855 4109 1153 4196 Magister
1201 4112 1518 4180 Ecclesiae
1566 4115 1946 4198 recensitae,
1989 4113 2248 4180 nomine

667 4196 940 4284 Capituli
988 4206 1054 4264 et
1097 4201 1583 4286 canonicorum,
1619 4205 1954 4270 Sacrorum
1986 4203 2247 4270 Rituum

669 4286 1248 4372 Congregationem
1305 4289 1583 4390 supplex
1640 4290 1794 4358 adiit
1849 4309 1969 4379 pro
2028 4290 2251 4357 imme-

670 4374 990 4441 morabilis
1037 4377 1514 4444 consuetudinis
1550 4378 2073 4465 reintegratione.

802 4465 882 4528 Et
930 4464 995 4530 S.
1037 4467 1112 4530 R.
1155 4468 1258 4548 c.,
1307 4465 1565 4534 actionis
1625 4467 1846 4536 unitati
1908 4467 2252 4534 intendens

671 4560 738 4616 et
801 4550 1222 4618 laudabilibus
1288 4554 1618 4622 servandis
1685 4555 2256 4623 consuetudinibus

669 4637 1127 4725 Ecclesiarum,
1160 4640 1236 4708 ad
1283 4641 1658 4712 relationem
1711 4643 1846 4711 Emi
1893 4654 1959 4711 et
2003 4644 2146 4711 Rmi
2177 4647 2251 4711 D.

672 4726 1018 4795 Cardinalis
1078 4732 1240 4795 Naro
1287 4730 1621 4818 Ponentis,
1670 4731 1788 4802 sub
1847 4733 1954 4800 die
2008 4737 2049 4800 5
2103 4737 2257 4799 Mar·

677 4813 746 4880 tii
798 4817 964 4883 1826
1012 4815 1075 4883 in
1121 4819 1445 4887 Ordinatio
1492 4820 2158 4891 Eminentissimorum
2192 4833 2257 4887 et

673 4904 1379 4974 Reverendissimorum
1427 4912 1539 4976 PP.
1598 4915 1799 4979 coetu
1854 4912 2101 4978 censuit
2158 4927 2258 4976 re·

675 4988 1136 5059 scribendum:
1183 5014 1222 5057 ‹
1254 4998 1371 5061 Pro
1418 4998 1614 5084 gratia
1663 5002 1836 5066 iuxta
1881 4998 2150 5065 modum
2181 4997 2258 5063 ab

675 5079 834 5142 Eme
858 5082 1139 5146 Ponente
1163 5081 1700 5174 declarandum»,
1729 5086 2057 5169 videlicet,
2084 5086 2255 5172 quod

677 5174 821 5249 post
865 5167 1139 5232 Tertiam
1177 5170 1545 5239 celebretur
1586 5175 1763 5241 Missa
1806 5172 2260 5240 Conventualis

679 5252 762 5320 de
795 5251 933 5341 die3
960 5252 1242 5322 absoluta
1272 5268 1486 5325 autem
1519 5264 1717 5343 Nona,
1745 5261 1938 5326 altera
1969 5270 2261 5327 cantetur

679 5340 900 5408 Votiva
945 5343 1028 5410 de
1075 5344 1266 5410 SSrito
1312 5349 1755 5431 sacramento,
1804 5345 1922 5413 nisi
1967 5358 2259 5413 occurrat

2327 413 2648 482 Dominica
2693 414 2800 480 vel
2853 418 3110 482 Festum
3169 414 3413 503 primae
3468 410 3725 479 classisz
3767 432 3876 499 quo

2327 523 2473 569 casu
2521 502 2586 568 in
2615 501 2793 567 Missa
2836 502 3251 571 conventuali
3297 502 3380 569 de
3419 501 3524 568 die
3559 499 3694 565 fieri
3721 513 3875 587 pote·
3943 529 3952 548 ·

2328 590 2411 656 rit
2454 591 2989 657 commemoratio
3036 591 3213 659 88ῶί
3256 587 3640 656 Sacramenti
3665 610 3727 652 ».

2459 683 2640 745 Facta
2699 687 2913 744 autem
2959 677 3045 744 de
3094 676 3445 767 praemissis
3494 676 3785 743 omnibus
3829 689 3880 741 et

2328 765 2596 853 singulis
2626 768 2819 833 SSmo
2851 765 3116 832 Domino
3140 769 3367 833 Nostro
3390 765 3592 831 Leoni
3623 767 3728 830 ΧΠ
3751 767 3880 829 Pon·

2329 854 2484 921 tifici
2508 853 2778 923 Maximo
2810 854 3118 921 relatione
3147 874 3269 941 per
3299 852 3766 941 infrascriptum
3791 855 3880 919 Se·

2327 941 2695 1026 cretarium,
2744 941 3050 1010 Sanctitas
3105 943 3226 1009 Sua
3274 946 3499 1010 Sacrae
3553 943 3882 1025 congrega·

2329 1029 2518 1096 tionis
2563 1030 2947 1114 rescriptum
2991 1029 3361 1117 approbavit
3392 1041 3456 1095 et
3490 1026 3881 1114 confirmavit,

2329 1128 2519 1204 atque
2581 1117 2664 1183 ita
2730 1117 2793 1184 in
2863 1125 3190 1206 posterum
3256 1118 3320 1184 in
3388 1116 3748 1183 Gathedrali
3805 1115 3882 1180 w-

2332 1225 2475 1272 cen.
2509 1206 2746 1272 servari
2791 1205 3136 1272 mandavit.
3179 1205 3293 1272 Die
3323 1209 3365 1272 8
3395 1204 3552 1273 dicti
3589 1203 3810 1271 mensis
3835 1216 3882 1269 et

2333 1294 2476 1360 anni
2528 1296 2717 1361 1826.

2334 1433 2597 1503 2644.
2907 1433 3324 1501 Ama-mm..
3687 1435 3881 1520 (tois)

2464 1558 2671 1635 Quum
2711 1575 3122 1646 summopere
3161 1557 3419 1623 insitum
3452 1557 3668 1624 animo
3699 1556 3887 1623 babeat

2336 1649 2530 1713 Rmus
2575 1645 2926 1734 Episcopus
2969 1646 3316 1730 Alatrinus,
3366 1645 3886 1729 vehementerque

2338 1743 2547 1817 curet,
2597 1743 2668 1799 ut
2713 1733 2922 1800 omnia
2971 1733 3076 1800 illa
3106 1732 3388 1800 Dioecesi
3425 1733 3551 1799 rite
3582 1743 3889 1799 serventur

2336 1839 2498 1907 quae
2530 1822 2606 1890 ad
2644 1820 3133 1888 ecclesiasticam
3161 1820 3488 1907 pertinent
3521 1820 3682 1889 disci
3730 1819 3888 1885 linam

2339 1908 2442 1974 vel
2489 1926 2696 1975 sacros
2726 1907 3081 1995 respiciunt
3110 1908 3292 1992 ritus,
3327 1909 3435 1974 vel
3467 1928 3633 1994 quae
3711 1919 3890 1973 ecreta

2340 1996 2462 2062 iam
2523 2005 2672 2062 sunt
2731 2016 2765 2062 a
2794 1994 3250 2084 'synodalibus
3311 1993 3888 2077 constitutionibus;

2338 2102 2668 2170 quumque
2700 2097 2879 2151 certo
2909 2093 3318 2172 compererat
3348 2104 3381 2149 a
3412 2084 3746 2152 canonicis
3774 2081 3892 2147 insi·

2338 2171 2479 2257 gnis
2522 2172 2910 2258 collegiatae
2957 2171 3279 2240 Ecclesiae
3321 2173 3386 2238 S.
3422 2172 3654 2238 Mariae
3685 2170 3893 2239 Maioris

2337 2259 2510 2325 illius
2542 2259 2826 2327 civitatis
2865 2271 3080 2326 contra
3112 2260 3245 2327 iura
3278 2262 3566 2346 procedi,
3604 2257 3895 2348 propriam

2339 2347 2403 2414 in
2435 2345 2766 2415 funeribus
2798 2347 3111 2415 elevando
3139 2366 3213 2413 ac
3237 2346 3602 2417 deferendo
3625 2351 3891 2426 Crucem,

2338 2434 2496 2501 dum
2541 2435 2616 2502 ad
2665 2437 3101 2503 associandum
3147 2435 3338 2504 funus
3384 2437 3448 2502 in
3493 2436 3770 2522 aliquam
3807 2434 3895 2500 de·

2338 2522 2541 2589 functi
2584 2523 3013 2612 parochialem
3055 2524 3401 2591 Ecclesiam
3431 2534 3774 2609 vocantur;
3807 2540 3838 2586 ο
3877 2554 3896 2565 ·

2342 2620 2621 2699 portuno
2684 2612 2977 2679 remedio
3040 2613 3572 2681 consuetudinem
3641 2613 3792 2679 banc
3869 2626 3896 2671 e

2342 2697 2557 2766 medio
2602 2700 2886 2785 sustulit,
2926 2710 3249 2787 tamquam
3293 2701 3559 2768 abusum
3595 2699 3898 2767 eliminan-

2342 2786 2498 2853 dum
2562 2806 2678 2873 per
2736 2790 3045 2856 Generale
3105 2793 3449 2855 Decretum
3507 2789 3798 2856 universa
3849 2783 3897 2847 in

2343 2874 2628 2942 Dioecesi
2695 2876 3121 2963 servandum,
3184 2896 3253 2942 ac
3322 2878 3568 2944 editum
3640 2877 3754 2943 sub
3813 2870 3898 2937 die

2344 2967 2384 3030 6
2430 2964 2717 3033 Octobris
2762 2965 3055 3054 proxime
3115 2965 3450 3053 praeteriti
3503 2966 3669 3034 Anni
3716 2962 3898 3058 piacu-

2346 3053 2498 3119 laris
2549 3058 2741 3139 1826,
2792 3074 2919 3141 quo
2981 3066 3235 3122 cautum
3295 3066 3427 3140 est,
3486 3073 3567 3121 ne
3633 3058 3798 3122 crux
3849 3065 3900 3111 ιιι

2345 3153 2677 3229 posterum
2747 3145 2811 3210 in
2869 3143 3200 3212 funeribus
3256 3143 3624 3231 deferatur,
3685 3142 3793 3210 nisi
3840 3135 3899 3201 ab

2347 3232 2633 3297 Ecclesia
2679 3233 3066 3309 tumulante.

2478 3321 2589 3386 Ast
2654 3320 2957 3387 recensiti
3028 3322 3323 3388 Canonici
3392 3340 3587 3410 aegre
3653 3324 3899 3390 ferentes

2343 3408 2643 3497 propriae
2675 3408 3152 3477 consuetudinis
3183 3410 3712 3495 eliminationem,
3737 3409 3899 3476 illius-

2346 3515 2475 3582 que
2526 3496 2892 3564 clientelam
2945 3498 3393 3584 suscipientes,
3442 3501 3780 3567 Sacrorum
3820 3494 3900 3561 lli·

2352 3595 2534 3652 tuum
2571 3585 2832 3653 adivere
2864 3587 3473 3674 congregationem
3507 3598 3702 3674 atque
3731 3587 3790 3653 in
3815 3588 3901 3650 Or·

2348 3672 2596 3741 dinario
2627 3677 2828 3741 Coetu
2862 3686 3078 3742 coacto
3109 3677 3228 3742 sub
3262 3675 3371 3743 die
3394 3681 3434 3743 6
3461 3676 3598 3742 Maii
3624 3671 3904 3744 currentis

2348 3761 2513 3827 Anni
2554 3764 2744 3847 1826,
2779 3766 3109 3848 proposito
3141 3765 3377 3832 dubio:
3420 3770 3517 3831 An
3548 3766 3902 3832 sustineatur
3971 3824 3972 3827 ,

2349 3854 2692 3918 Decretum
2737 3854 2787 3916 E
2839 3850 3034 3940 iscopi
3093 3872 3290 3941 super
3335 3854 3662 3921 delatione
3721 3848 3904 3919 crucis

2347 3937 2410 4004 in
2460 3871 2843 4006 funeribusp?
2886 3943 3292 4027 postularunt
3339 3941 3630 4008 mandari
3659 3940 3734 4007 ab
3766 3936 3902 4005 Emis

2349 4027 2632 4094 Patribus
2678 4030 2975 4116 superius
3020 4030 3280 4097 allatum
3318 4031 3456 4096 Rmi
3488 4028 3784 4117 Episcopi
3813 4030 3903 4092 De·

2350 4125 2600 4182 cretum
2651 4134 2789 4182 esse
2840 4117 3297 4185 revocandum.

2489 4208 2563 4270 Et
2595 4204 2714 4305 ipsi
2749 4205 2886 4271 Emi
2918 4210 3129 4273 Patres
3172 4207 3377 4273 Sacris
3408 4207 3653 4276 Ritibus
3687 4200 3905 4274 tuendis

2355 4294 2723 4381 praepositi,
2754 4314 2822 4360 re
2849 4303 3098 4361 mature
3122 4295 3601 4382 diligenterque
3636 4297 3902 4371 discussa,

2357 4382 2434 4448 ad
2481 4381 2852 4449 relationem
2902 4384 3042 4448 Emi
3092 4395 3156 4450 et
3203 4385 3341 4450 limi
3374 4389 3554 4452 Dom.
3590 4378 3906 4452 cardinalis

2359 4470 2614 4557 Serlupi
2653 4473 2973 4558 Ponentis,
3007 4472 3353 4559 auditoque
3383 4483 3532 4539 voto
3563 4474 3816 4539 alterius
3846 4484 3908 4533 ex

2356 4557 2863 4645 Apostolicarum
2882 4562 3438 4628 caeremoniarum
3460 4562 3763 4650 magistris
3784 4555 3908 4624 scri·

2361 4648 2485 4735 ptis
2518 4657 2770 4713 exarato
2803 4650 3149 4747 praeloque
3191 4669 3369 4735 cuso,
3402 4650 3789 4717 inhaerendo
3815 4650 3909 4712 De-

2362 4734 2554 4801 cretis
2598 4733 2746 4802 alias
2806 4755 2925 4802 iam
2987 4755 3182 4824 super
3244 4739 3674 4805 controversia
3722 4734 3906 4812 editis,

2364 4823 2885 4911 respondendum
2954 4836 3388 4892 censuerunt:
3452 4848 3491 4893 ‹
3524 4823 3908 4899 Affirmative,

2362 4911 2537 4980 iuxta
2585 4921 2851 4994 votum;
2901 4912 3145 4979 scilicet
3191 4923 3473 4982 oratores
3520 4925 3776 5000 pareant
3811 4913 3907 4975 De·

2365 5012 2540 5067 creto
2587 5000 2910 5088 Episcopi,
2946 5010 3171 5089 utpote
3217 5003 3292 5069 ad
3329 5004 3613 5069 tramites
3645 5008 3911 5071 Decreto-

2362 5107 2507 5156 rum
2531 5091 2754 5156 Sacrae
2775 5088 3294 5179 congregationis
3319 5101 3383 5157 et
3406 5090 3906 5159 constitutionum

2362 5177 2764 5264 synodalium
2812 5177 3136 5245 efformato
3170 5199 3235 5243 ».
3281 5179 3395 5244 Die
3427 5183 3469 5246 6
3501 5179 3636 5246 Maii
3676 5180 3850 5245 1826.

2494 5269 2673 5330 Facta
2733 5274 2948 5332 autem
3007 5265 3091 5332 de
3157 5267 3516 5353 praemissis
3576 5270 3764 5335 SSmo
3815 5268 3908 5330 Do·

2365 5353 2536 5418 mino
2569 5354 2796 5418 Nostro
2826 5355 3020 5431 Leoni
3054 5357 3163 5421 ΧΠ
3192 5355 3480 5423 Pontifici
3527 5357 3787 5424 Maximo
3814 5368 3906 5440 per
