4042 5950
2014 203 2429 278 -90-

600 359 887 426 eiusdem
921 359 1238 426 Dioecesis
1266 359 1573 428 Ordinem·
1600 358 1797 425 [livini
1827 358 2020 426 Officii
2068 377 2169 422 re-

600 446 856 531 citandi,
907 451 971 514 S.
1009 451 1082 513 R.
1115 450 1187 513 C.
1241 448 1594 514 humillime
1639 446 2018 533 supplicavit
2050 464 2168 530 pro

600 534 1026 600 declaratione
1073 536 1396 620 sequentis
1441 534 1645 616 dubii,
1679 553 1966 619 nempe:
2019 534 2112 619 (1)

728 625 889 688 Cum
935 622 1310 710 anticipatur
1338 623 1624 690 Officium
1671 620 2029 687 Dominicae
2063 640 2170 686 cu·

602 708 864 795 inspiam
912 721 1054 797 post
1101 710 1513 796 Epiphaniam
1560 711 1634 776 ad
1682 709 2014 776 Sabbatum
2065 707 2167 772 vel

601 797 843 862 Feriam
889 800 940 862 V
1003 800 1495 883 praecedentem
1525 845 1542 880 ,
1603 797 1936 865 Lectiones
1979 795 2167 882 primi

602 884 903 950 Nocturni
948 894 1184 950 suntne
1211 887 1295 951 de
1329 884 1642 951 Dominica
1674 885 2044 970 anticipata3
2094 901 2173 948 an

605 970 825 1036 Feriae
893 970 1337 1038 occurrentis?
1394 984 1622 1038 suntne
1685 984 1835 1037 tunc
1903 971 2171 1037 dicenda

604 1059 784 1147 plura
833 1056 1056 1125 lnitia?
1119 1065 1279 1126 ltem
1325 1060 1373 1123 si
1421 1078 1630 1142 anno,
1694 1078 1820 1144 quo
1888 1059 2172 1144 quinque

606 1158 846 1212 tantum
915 1159 1061 1213 sunt
1128 1147 1488 1216 Dominicae
1535 1145 2172 1233 post-Epiphaniam,

606 1233 1000 1299 hebdomada
1044 1246 1190 1300 ante
1222 1236 1762 1321 septuagesimam
1793 1235 2018 1300 habeat
2050 1232 2173 1299 sin-

604 1322 770 1405 gulis
815 1320 1035 1388 diebus
1064 1322 1272 1389 Officia
1304 1341 1537 1388 novem
1584 1322 1976 1403 Lectionum,
2028 1322 2175 1387 Sab-

606 1407 882 1493 batoque
950 1421 1239 1475 occurrat
1306 1414 1560 1476 Festum
1631 1410 1872 1497 primae
1939 1408 2173 1488 classis,

602 1497 869 1562 Homilia
899 1497 1258 1564 Dominicae
1293 1500 1370 1565 lV
1404 1498 1681 1565 debetne
1726 1501 1860 1582 ipso
1908 1497 2176 1562 Sabbato

607 1583 733 1668 legi
773 1604 850 1650 an
874 1586 1049 1650 Feria
1077 1588 1180 1668 vl,
1216 1587 1319 1653 vel
1352 1606 1428 1651 eo
1460 1605 1619 1651 anno
1652 1585 1906 1672 penitus
1931 1582 2181 1650 omitti?

607 1672 667 1737 Si
702 1675 956 1737 Festum
985 1672 1241 1755 aliquod
1278 1673 1515 1761 primae
1540 1673 1642 1738 vel
1673 1671 1990 1738 secundae
2023 1671 2178 1735 clas-

605 1757 688 1822 sis
737 1758 968 1825 incidat
1007 1759 1067 1825 in
1101 1763 1344 1828 Feriam
1375 1764 1450 1826 111
1481 1762 1585 1826 vel
1619 1763 1691 1827 IV
1728 1758 2173 1844 Rogationum,

607 1844 672 1909 in
715 1846 1014 1912 Ecclesiis
1080 1867 1205 1915 non
1272 1847 1752 1916 Catbedralibus
1818 1858 1925 1913 aut
1970 1846 2178 1913 Colle-

653 1929 787 1997 iatis
833 1932 897 2000 iu
944 1934 1172 2021 quibus
1234 1935 1412 2002 unica
1473 1937 1646 2001 Missa
1697 1944 2016 2016 cantatur,
2066 1933 2178 1999 de·

607 2030 804 2172 Εθιςιθ
842 2021 917 2173 {n
965 2041 1038 2086 ea
1085 2023 1223 2089 fieri
1267 2024 1783 2090 commemoratio
1816 2021 2178 2108 praedictae

658 2126 826 2172 errae

739 2200 816 2260 Et
865 2199 930 2264 S.
958 2194 1030 2264 R.
1068 2200 1168 2282 C.,
1217 2199 1431 2264 audito
1465 2199 1639 2286 prius
1671 2208 1820 2263 voto
1865 2195 2051 2263 unius
2100 2215 2181 2261 ex

607 2284 1111 2370 Apostolicarum
1143 2284 1693 2352 Caeremoniarum
1725 2284 2056 2369 magistris,
2084 2303 2182 2348 re·

607 2369 1018 2438 scribendum
1063 2374 1347 2439 censuit:
1401 2395 1438 2453 qt
1469 2375 1723 2450 Quando
1773 2371 1842 2436 fit
1888 2370 2184 2455 anticipa-

613 2457 697 2520 tio
741 2457 937 2524 officii
983 2460 1344 2526 Dominicae
1390 2461 1694 2547 leguntur
1724 2460 2052 2526 Lectiones
2098 2458 2183 2524 de

611 2543 717 2608 illa
780 2545 1097 2612 Dominica
1154 2548 1522 2633 anticipata,
1574 2558 1640 2612 et
1701 2545 1972 2613 dicenda
2038 2556 2186 2611 sunt

608 2632 787 2717 plura
837 2633 1037 2716 Initia,
1072 2645 1143 2699 ut
1174 2635 1240 2698 in
1272 2635 1387 2700 boc
1436 2636 1598 2701 clara
1632 2635 1885 2701 videtur
1909 2634 2185 2700 Rubrica

606 2719 933 2785 Breviarii.
981 2723 1050 2785 ln
1094 2721 1456 2806 duplicibus
1487 2724 1726 2809 primae
1759 2721 1970 2787 classis
2015 2739 2181 2786 sem-

609 2823 726 2890 per
773 2805 842 2871 fit
888 2809 1407 2884 commemoratio
1440 2810 1798 2877 Dominicae
1844 2827 2183 2875 occurren·

577 2891 732 2976 ,tis,
783 2903 847 2958 et
893 2894 976 2960 de
1027 2914 1096 2961 ea
1144 2895 1333 2962 etiam
1381 2897 1615 2985 legitur
1665 2896 1973 2978 Humilia,
2022 2914 2185 2980 quae

610 3000 739 3046 non
807 2983 1122 3050 omittitur
1190 2985 1379 3051 etiam
1427 2986 1489 3052 in
1543 2985 1807 3052 Sabbato
1877 2985 2185 3069 impedito

607 3067 822 3135 Officio
867 3070 1109 3156 primae
1157 3071 1388 3155 classiS,
1428 3073 1480 3139 si
1527 3085 1816 3140 occurrat
1861 3072 2186 3159 anticipari

609 3156 893 3224 Officium
944 3160 1327 3227 Dominicae.
1380 3161 1796 3248 Temporibus
1829 3160 2189 3240 Adventus,

610 3246 1163 3333 Quadragesimae,
1212 3250 1489 3325 Quatuor
1533 3254 1919 3333 'temporum
1969 3258 2033 3312 et
2080 3252 2190 3313 Fe-

615 3332 741 3397 riae
786 3336 1104 3401 secundae
1144 3339 1559 3422 negationum
1602 3355 1859 3422 semper
1892 3335 2032 3402 fieri
2078 3335 2192 3401 de-

614 3420 723 3485 bet
770 3429 1319 3505 commemoratio,
1357 3425 1543 3491 etiam
1579 3435 1957 3491 occurrente
2003 3428 2190 3490 Festo

614 3507 855 3593 duplici
903 3511 1148 3595 primae
1196 3512 1426 3578 classis.
1492 3517 1579 3577 De
1640 3514 1814 3578 Feria
1877 3515 1947 3577 lll
1997 3523 2063 3577 et
2112 3514 2189 3577 tv

614 3594 1031 3680 Rogationum
1100 3610 1394 3664 servetur
1461 3600 1730 3665 Rubrica
1798 3599 2189 3687 particularis

615 3683 680 3748 in
729 3682 1042 3771 Missali».
1116 3689 1195 3750 Et
1256 3684 1336 3749 ita
1396 3687 1763 3755 declaravit.
1823 3689 1934 3755 Die
1995 3690 2035 3753 4
2081 3690 2190 3755 Se·

605 3768 928 3857 ,ptembris
977 3774 1174 3838 1745.
1636 3795 1641 3799 ·

620 3948 879 4017 2388.
1113 3953 1709 4018 PERNAMBUCEN.
1964 3952 2189 4041 (4176)

751 4125 1093 4212 Dignitates
1140 4138 1203 4191 et
1251 4128 1544 4194 Canonici
1592 4128 1908 4194 Ecclesiae
1969 4130 2193 4196 Cathe-

620 4214 811 4279 dralis
857 4214 1030 4279 ssmi
1077 4214 1411 4281 Salvatoris
1456 4218 1959 4283 Pernambucen.
2017 4218 2197 4283 Dioe-

620 4298 786 4367 cesis'
851 4301 914 4367 in
982 4303 1232 4368 Brasilia
1306 4316 1775 4391 exposuerunt,
1827 4305 1996 4388 quod
2048 4325 2195 4372 cum

619 4389 980 4477 Capitulum
1055 4390 1403 4477 praefatum
1467 4392 1749 4476 quinque
1808 4403 2055 4458 tantum
2102 4393 2196 4459 Di-

621 4477 963 4564 gnitatibus
1008 4497 1374 4563 novemque
1434 4480 1759 4545 Canonicis
1804 4481 2199 4565 praebenda-

624 4567 701 4631 tis
757 4586 825 4631 ac
875 4575 1146 4650 quatuor
1198 4566 1332 4633 aliis
1388 4567 1876 4633 Semicanonicis
1927 4580 2196 4653 constet,

625 4655 992 4739 nullamque
1038 4654 1220 4721 aliam
1254 4653 1475 4721 habeat
1505 4657 1808 4723 Ordinum
1853 4654 2199 4722 distinctio·

624 4761 800 4823 nem,
834 4742 1170 4826 aliquoties
1205 4745 1368 4809 inter
1402 4745 1567 4829 ipsos
1598 4742 1786 4809 dubia
1819 4743 2022 4829 aliqua
2067 4757 2201 4810 orta

624 4840 771 4895 sunt
802 4829 966 4894 circa
1002 4829 1193 4894 ritum
1242 4832 1703 4898 observandum
1734 4831 1794 4895 in
1828 4832 2021 4897 Missis
2046 4836 2204 4898 Pon-

630 4915 961 4981 tificalibus
1006 4917 1268 5004 aliisque
1301 4919 1729 4987 functionibus
1760 4920 2200 4987 ecclesiasticis

626 5002 690 5067 in
736 5002 1011 5086 praelata
1059 5007 1335 5071 Ecclesia
1370 5007 1804 5087 celebrandis;
1852 5027 2016 5093 quae
2056 5027 2202 5075 cum

627 5091 701 5155 ab
750 5089 898 5174 ipsis
942 5090 1141 5175 probe
1188 5093 1448 5160 iudicari
1503 5107 1849 5180 nequeant,
1900 5096 2074 5180 ide0,
2123 5116 2205 5162 ne

762 5285 839 5359 (l)
875 5289 935 5345 n.
974 5287 1117 5345 nuh.
1156 5288 1203 5354 1,
1238 5287 1290 5354 Ξ,
1327 5288 1376 5354 5,
1415 5290 1466 5355 a,
1504 5290 1555 5355 5,
1594 5289 1644 5358 ⁷,
1682 5290 1717 5344 e
1752 5296 1808 5346 et
1840 5288 1893 5347 9.

2272 375 2540 424 erronee
2585 357 2697 424 sed
2746 357 2868 422 rite
2916 356 3282 443 procedant,
3332 377 3363 421 a
3411 360 3476 424 S.
3510 361 3599 424 R.
3626 360 3705 424 C.
3742 357 3852 422 bu-

2272 445 2540 510 millime
2583 445 3022 532 supplicarunt
3068 443 3455 532 infrascripta
3492 445 3698 511 dubia
3747 446 3853 511 de-

2274 532 2518 616 clarari,
2568 551 2848 620 nempe:

2409 623 2469 685 1.
2520 621 2614 685 An
2686 621 2975 685 universa
3041 617 3357 684 Dioecesis
3414 630 3724 685 teneatur
3782 621 3855 686 ad

2275 708 2728 775 celebrandum
2772 706 2890 773 sub
2920 706 3046 773 ritu
3092 707 3331 790 duplici
3363 708 3612 793 primae
3647 708 3860 772 classis

2278 815 2423 862 cum
2469 808 2683 863 octava
2728 799 2911 861 Festo
2958 793 3544 878 Transfigurationis
3606 794 3859 860 Domini

2277 885 2594 950 Ecclesiae
2638 882 3030 950 Catbedralis
3075 880 3413 948 Titularis?

2406 968 2497 1036 2·
2521 976 2614 1038 An
2659 970 2953 1038 Canonici
3001 970 3378 1038 Assistentes
3423 969 3759 1058 Episcopo
3804 971 3865 1036 in

2278 1058 2451 1124 Missa
2498 1057 2843 1125 pontificali
2888 1058 3162 1123 debeant
3192 1058 3459 1124 induere
3506 1057 3757 1139 albam,
3794 1078 3871 1123 eo

2281 1147 2450 1230 quod
2500 1147 2742 1213 dictum
2789 1144 3149 1232 Capitulum
3216 1144 3419 1211 adbuc
3475 1156 3708 1211 utatur
3770 1165 3869 1210 su·

2278 1234 2682 1320 pei-pelliceis
2715 1232 3031 1314 rotundis,
3059 1245 3124 1298 et
3150 1251 3282 1298 non
3311 1234 3614 1299 rochetto
3650 1251 3869 1317 neque

2279 1332 2469 1402 cotta,
2503 1339 2699 1405 super
2728 1339 2919 1405 quam
2951 1320 3155 1384 innuit
3184 1320 3671 1386 caeremoniale
3724 1320 3875 1405 Epi-

2279 1426 2616 1494 scoporum
2649 1409 2917 1475 induere
2962 1407 3280 1473 Amictum
3312 1417 3378 1471 et
3410 1405 3875 1474 Dalmaticam‘?

2411 1499 2474 1561 3.
2524 1500 2620 1561 An
2665 1495 2920 1580 quinam
2954 1513 3035 1559 ex
3064 1493 3355 1579 Capitulo
3396 1513 3536 1561 esse
3584 1495 3877 1562 debeant

2282 1582 2531 1650 Diaconi
2577 1584 2963 1665 assistentes,
3012 1602 3081 1648 ac
3129 1583 3432 1648 Diaconus
3482 1594 3546 1647 et
3595 1580 3873 1649 Subdia·

2284 1689 2479 1737 conus
2525 1671 2587 1736 in
2633 1669 2808 1736 Missa
2855 1665 3251 1735 pontificali?

2417 1759 2478 1823 t.
2528 1761 2657 1839 An,
2729 1759 2899 1824 nulla
2946 1756 3153 1822 habita
3197 1777 3230 1822 a
3278 1757 3519 1825 Vicario
3568 1757 3873 1822 Gener-ali

2283 1845 2745 1912 consuetudine
2789 1844 3053 1911 sedendi
3104 1844 3166 1910 in
3213 1845 3446 1929 Cboro,
3479 1844 3691 1931 possit
3726 1845 3874 1930 Epi·

2280 1953 2508 2019 scopus
2566 1949 2801 2018 cogere
2859 1931 3204 1998 Canonicos
3262 1934 3338 1999 ad
3400 1933 3686 1999 dandam
3747 1933 3873 2019 pri-

2282 2039 2448 2087 mam
2482 2020 2715 2173 Sed?em
2745 2038 2933 2108 supra
2978 2020 3323 2103 Dignitates
3361 2040 3583 2087 omnes
3618 2019 3873 2087 vicario

2284 2108 2575 2174 Generali

2415 2201 2479 2262 5.
2530 2201 2625 2262 An
2660 2195 3019 2282 Capitulum
3054 2195 3251 2278 possit
3284 2194 3444 2262 bona
3476 2194 3868 2262 conscientia

2284 2284 2578 2351 omittere
2628 2283 3063 2349 recitationem
3107 2281 3306 2348 Officii
3420 2283 3514 2348 rvi
3557 2288 3631 2349 Β.
3674 2288 3760 2349 Μ.
3797 2285 3873 2346 V.

2285 2370 2513 2437 diebus
2569 2369 2959 2458 simplicibus
3016 2380 3082 2436 et
3138 2369 3341 2435 feriali
3432 2388 3501 2450 s;
3564 2391 3648 2438 eo
3699 2367 3869 2455 quod

2285 2472 2513 2528 tenues
2555 2459 2680 2525 sint
2725 2459 2929 2527 dictae
2968 2456 3369 2543 praebendae
3400 2471 3467 2523 et
3494 2458 3681 2524 nulla
3712 2457 3873 2522 adsit

2285 2546 2679 2700 οοιιειέιθζιιάο
2716 2547 3114 2633 praedictum
3142 2544 3428 2612 Officium
3462 2564 3739 2632 parvum
3773 2564 3869 2608 re-

2288 2636 2453 2700 citan
2504 2636 2519 2699 i

2416 2726 2481 2788 6.
2530 2727 2626 2788 An
2673 2721 2901 2788 Clerici
2946 2722 3312 2789 Saeculares
3343 2722 3548 2789 Choro
3582 2742 3721 2788 non
3766 2720 3870 2784 ad-

2287 2809 2436 2876 dicti
2511 2808 2750 2897 possint
2819 2811 3088 2875 recitare
3156 2809 3241 2874 de
3308 2809 3547 2876 Sanctis
3614 2807 3868 2876 Ordinis

2290 2898 2733 3051 Carmglitani,
2782 2897 2834 2962 si
2879 2899 3003 2962 sint
3068 2897 3353 2964 eiusdem
3407 2897 3659 2963 Ordinis
3722 2900 3871 2961 'l'er-

2294 2985 2453 3051 tiarii

2423 3079 2489 3141 7.
2536 3076 2633 3139 An
2680 3074 2908 3140 Clerici
2940 3072 3305 3140 Saeculares
3350 3072 3617 3139 Professi
3655 3073 3723 3139 in
3757 3069 3869 3136 mi·

2294 3160 2457 3226 litari
2502 3162 2739 3227 Ordine
2781 3165 2855 3227 D.
2892 3164 2970 3228 N.
3006 3166 3051 3227 Ι.
3089 3164 3158 3228 C.
3209 3161 3449 3247 possint
3483 3160 3759 3228 recitare
3789 3159 3868 3225 de

2292 3249 2558 3333 Sanctis,
2594 3251 2677 3316 de
2724 3249 2954 3335 quibus
3001 3248 3268 3315 recitant
3299 3247 3589 3314 eiusdem
3618 3246 3870 3315 Ordinis

2296 3334 2717 3404 Claustrales‘?
3215 3341 3221 3348 ’

2422 3428 2485 3491 8.
2536 3430 2631 3492 An
2677 3426 2758 3491 de
2806 3425 3063 3492 Titulari
3112 3424 3435 3491 Ecclesiae
3479 3420 3870 3491 Cathedralis

2294 3513 2521 3577 debeat
2552 3513 2691 3579 fieri
2724 3512 3243 3580 com'memoratio
3279 3514 3340 3578 in
3372 3511 3698 3598 suffragiis
3723 3515 3867 3577 San-

2296 3612 2544 3665 ctorum
2592 3621 2709 3687 per
2757 3610 2953 3667 totam
2999 3600 3399 3681 Dioecesim,
3448 3601 3552 3665 vel
3600 3601 3681 3665 ab
3753 3598 3870 3665 illis

2297 3699 2539 3753 tantum
2585 3690 2694 3772 qui
2745 3689 2982 3754 addicti
3026 3690 3155 3754 sint
3199 3687 3516 3753 Ecclesiae
3565 3682 3871 3753 Titulari?

2424 3778 2504 3840 Et
2550 3779 2616 3844 S.
2650 3780 2724 3843 R.
2762 3780 2863 3861 C.,
2910 3778 3128 3845 audito
3168 3775 3346 3861 prius
3374 3786 3521 3841 voto
3570 3775 3761 3843 unius
3792 3789 3867 3837 ex

2292 3864 2795 3950 Apostolicarum
2829 3865 3382 3931 caeremoniarum
3403 3863 3743 3949 MagistriS,
3774 3879 3867 3926 re·

2291 3951 2702 4023 scribendum
2736 3953 3037 4018 censuit:

2428 4041 2521 4105 Ad
2578 4045 2637 4107 1.
2686 4062 2723 4105 ‹
2759 4040 3148 4108 Affirmative
3181 4062 3242 4104 ».

2425 4129 2521 4194 Ad
2570 4133 2634 4195 2.
2684 4150 2724 4192 ι
2757 4129 3052 4195 Canonici
3107 4127 3467 4194 assistentes
3528 4128 3864 4214 Episcopo,

2297 4235 2423 4282 non
2456 4215 2701 4300 Albam,
2732 4217 2849 4282 sed
2882 4216 3245 4282 rochettum
3276 4217 3379 4281 vel
3413 4224 3670 4300 cottam,
3720 4233 3867 4301 quo·

2297 4323 2424 4390 quo
2493 4304 2685 4370 modo
2729 4305 2833 4370 vel
2906 4305 3099 4370 forma
3149 4303 3225 4368 ad
3280 4304 3559 4390 regionis
3626 4318 3867 4369 morem

2299 4403 2619 4478 compacta
2686 4394 2790 4457 illa
2837 4392 2916 4457 sit
2977 4402 3042 4456 et
3089 4403 3380 4475 consuta,
3430 4390 3704 4457 induere
3767 4391 3869 4457 de·

2303 4479 2454 4545 bent
2499 4499 2620 4546 una
2668 4499 2813 4546 cum
2864 4480 3113 4546 Amictu
3173 4479 3394 4545 subtus
3441 4479 3864 4555 Dalmaticam,

2297 4568 2399 4632 vel
2452 4567 2619 4633 aliud
2668 4568 2859 4637 Chori
2905 4568 3228 4652 peculiare
3277 4566 3525 4652 insigne
3562 4589 3624 4630 ι».

2433 4655 2527 4720 Ad
2577 4659 2639 4723 3.
2691 4677 2727 4717 ‹
2761 4656 3045 4739 Quando,
3088 4652 3489 4741 praebendae
3553 4672 3679 4720 non
3733 4659 3869 4720 sunt

2305 4744 2666 4827 distinctae,
2715 4744 2842 4809 duo
2891 4743 3142 4810 Diaconi
3187 4742 3549 4808 assistentes
3582 4743 3751 4828 apud
3779 4758 3868 4805 so-

2303 4833 2459 4898 lium
2506 4832 2818 4920 Episcopo
2868 4843 3055 4897 erunt
3103 4831 3347 4917 primae
3392 4832 3556 4897 duae
3602 4829 3867 4919 Dignita7

2307 4932 2400 4985 tes
2448 4920 2814 4986 immediate
2860 4928 3203 5005 sequentes
3252 4929 3393 5005 post
3462 4917 3778 5005 primam;
3822 4931 3865 4976 si

2302 5021 2515 5075 autem
2579 5009 2745 5074 inter
2812 5008 3272 5073 praebendatos
3327 5005 3671 5072 Canonicos
3741 5020 3869 5090 per-

2304 5108 2491 5182 petua
2524 5116 2653 5163 non
2683 5106 2899 5163 autem
2930 5095 3330 5162 accidentalis
3366 5103 3533 5158 esset
3564 5093 3861 5159 Ordinem
