4042 5950
1557 279 2029 357 —165—

72 435 331 520 tiffflfflia
396 434 777 522 Episcopum
847 435 1309 519 Tusculanum,
1381 435 1739 503 sanctitatis

69 531 209 598 sustin
224 542 309 604 ,e
343 523 405 589 in
430 520 601 589 Urbe
623 521 946 592 vicarium
978 524 1361 592 Generalem
1386 535 1452 589 et
1477 526 1543 590 S.
1564 527 1644 591 R.
1662 527 1734 591 C.

69 611 575 694 aedetmefectum,
624 613 799 680 idem
844 614 1041 680 Emus
1106 612 1444 694 Dominus,
1497 622 1736 679 attenta

96 723 137 772 ut
160 698 539 797 pumissionQ
572 712 637 767 et
666 699 891 784 vigore
922 699 1297 787 specialium
1332 699 1735 780 facultatum,

72 786 419 888 swigne
464 788 683 855 annuit
733 787 1057 874 precibus,
1095 788 1268 854 iuxta
1300 788 1607 864 modum;
1644 788 1735 853 vi-

70 873 427 958 afflffissicet:
492 875 755 944 indulsit
812 886 887 942 ut
946 875 1015 942 in
1067 876 1352 942 Ecclesia
1400 880 1473 942 B.
1508 875 1733 941 Mariae

69 961 419 1046 kmsginis
442 966 841 1031 Lauretanae
882 964 961 1030 ad
1006 964 1382 1030 Columnam
1415 963 1735 1031 Traianam

69 1085 115 1130 fle
133 1081 167 1130 21
183 1059 333 1140 ψει
376 1051 669 1135 qnotidie
718 1070 908 1118 unam
955 1052 1287 1118 dumtaxat
1331 1052 1581 1117 Missam
1615 1056 1738 1118 Vo-

69 1151 116 1218 fiflj
145 1153 338 1228 ijffflam
368 1139 450 1205 de
482 1141 673 1208 SSma
705 1138 1011 1207 Trinitate
1043 1139 1354 1207 celebrari
1396 1139 1459 1205 in
1505 1139 1737 1207 diebus

69 1226 495 1330 pemjjialibus,
548 1227 706 1297 ritus
752 1228 1001 1381 simpl„
1046 1227 1394 1315 semidupl.
1432 1248 1501 1294 ac
1543 1227 1734 1294 etiam

91 1333 203 1397 infr„
286 1316 326 1381 l.
360 1315 546 1382 min.:
586 1318 649 1384 in
689 1315 828 1382 aliis
922 1313 1108 1382 iebus
1152 1317 1312 1383 ritus
1360 1317 1544 1402 dupl.
1584 1316 1728 1381 mai.

70 1428 189 1489 Ἥρῃ
304 1402 623 1470 secundae
681 1404 894 1471 classis
953 1403 1131 1469 Missa
1190 1404 1314 1470 erit
1374 1405 1461 1470 de
1518 1403 1734 1472 Officio

74 1512 119 1574 iis
154 1513 189 1575 il
267 1501 521 1558 urrente
556 1503 624 1558 et
651 1490 929 1559 Orationi
961 1491 1107 1558 addi
1157 1492 1394 1580 poterit
1441 1497 1734 1559 Comme-

70 1621 124 1665 π,
191 1600 195 1608 ·
321 1577 404 1644 tio
428 1579 512 1646 de
537 1584 729 1649 SSsha
753 1578 1082 1662 Trinitate,
1111 1599 1274 1666 quae
1307 1592 1521 1647 tamen
1550 1583 1735 1647 Com·

259 1668 514 1734 moratio
575 1688 705 1736 non
770 1667 1172 1754 permittitur
1218 1669 1282 1735 in
1330 1667 1560 1735 diebus
1618 1673 1734 1734 Do-

224 1751 387 1820 'nicis
432 1756 683 1844 primae
727 1755 938 1824 classis
977 1755 1241 1841 aliisque
1257 1756 1504 1827 ,diebus
1537 1754 1734 1823 Officii

169 1887 175 1944 1
287 1843 332 1909 l.
376 1843 625 1929 primae
673 1842 909 1914 classis.
961 1843 1231 1911 Indulsit
1278 1855 1617 1932 praeterea
1662 1855 1734 1911 ut

249 1930 530 2000 omnibus
563 1933 932 2002 indistincte
963 1932 1227 2017 diebus,
1262 1934 1520 2020 expleta
1555 1931 1732 1998 Missa

253 2020 365 2084 tiva
409 2022 514 2087 vel
563 2022 653 2088 de
695 2021 911 2088 Officio
975 2031 1384 2104 occurrente,
1433 2041 1466 2086 a
1513 2024 1733 2088 Sacer-

344 2107 745 2196 (priusquam
789 2111 866 2177 ab
910 2110 1107 2176 Altari
1169 2109 1481 2195 discedat)
1531 2119 1601 2175 et
1656 2110 1733 2175 ab

362 2208 425 2263 te
486 2196 735 2285 populo
797 2197 1049 2266 recitari
1097 2197 1341 2287 possint
1388 2198 1733 2284 suprascri-

74 2333 139 2381 ω
334 2302 591 2370 preces,
640 2284 719 2351 ab
765 2287 900 2372 ipso
946 2287 1105 2354 Εῐῑιο
1154 2286 1417 2353 Domino
1466 2297 1532 2352 et
1564 2306 1598 2350 a
1629 2303 1731 2351 me

69 2403 138 2470 edd
251 2372 538 2462 rascripto
615 2377 684 2442 S.
733 2379 808 2443 R.
851 2377 922 2440 C.
976 2375 1308 2441 Assessore
1364 2374 1608 2440 revisae
1669 2383 1734 2438 et

69 2492 131 2558 od
234 2457 545 2530 formatae.
620 2461 1136 2547 Quibuscumque
1212 2462 1276 2529 in
1348 2461 1735 2529 contrarium

140 2583 171 2626 -„
243 2566 279 2613 n
319 2548 740 2618 obstantibus.

69 2685 167 2737 ΜΞ.-
280 2637 448 2713 Quod
482 2639 669 2726 pium
702 2639 1085 2706 exercitium
1119 2649 1343 2726 postea
1374 2637 1494 2705 sub
1518 2638 1624 2706 die
1650 2641 1736 2704 28

69 2755 165 2827 w·
208 2722 433 2792 ‘usdem
478 2726 721 2794 mensis
767 2727 1001 2813 Aprilis
1048 2739 1308 2794 auctum
1356 2727 1479 2794 fuit
1527 2727 1736 2794 indul-

71 2867 153 2915 Μ
244 2812 375 2880 ntiis
436 2826 580 2882 tum
643 2815 945 2903 plenariis
1014 2826 1151 2882 tum
1214 2815 1583 2902 partialibus
1636 2816 1734 2882 lu-

69 2899 108 3005 [5‘
146 2899 152 2907 ’
259 2901 391 2969 ndis
419 2924 452 2969 a
484 2903 1022 2973 Christifidelibus
1071 2905 1196 2970 rite
1243 2902 1589 2992 dispositis,
1625 2905 1736 2990 qui

71 3040 113 3091 η,
138 2988 359 3081 4μίάθιιι
384 2993 798 3077 interessent,
829 2992 1032 3060 veluti
1056 3011 1139 3059 ex
1164 2998 1434 3061 Decreto
1460 2998 1523 3063 S.
1545 2997 1619 3060 C.
1638 2997 1736 3059 ln-

71 3078 628 3196 3'q3dulgentiarum
672 3080 1003 3166 sequentis
1052 3080 1330 3161 tenoris3
1380 3081 1733 3150 videlicet:

72 3168 128 3272 ⁰²¹„
176 3188 206 3229 ι
232 3170 316 3233 Ex
356 3168 777 3258 subdelegata
821 3170 1184 3256 Apostolica
1228 3171 1623 3238 Auctoritate
1670 3190 1736 3235 o·

72 3298 84 3360 ,-
114 3250 153 3351 gi
172 3256 399 3323 mnibus
428 3260 771 3345 utriusque
801 3278 994 3327 sexus
1026 3258 1591 3342 christifidelibus,
1626 3258 1732 3343 qui

72 3314 141 3448 Οἱς,
214 3345 463 3413 raefatae
493 3346 717 3414 Mimas
762 3366 883 3414 nec
929 3366 1061 3413 non
1104 3346 1485 3433 supradictis
1531 3346 1738 3434 preci·

72 3424 145 3538 uf,
211 3452 273 3499 us
314 3433 379 3500 in
419 3435 744 3503 antedicta
797 3434 1083 3502 Ecclesia
1134 3435 1523 3523 peragendis
1578 3452 1737 3520 quo·

178 3519 312 3587 tidie
360 3522 802 3607 interfuerint,
857 3523 1327 3609 indulgentiam
1388 3523 1738 3592 Plenariam

73 3578 141 3736 ἒξ
178 3613 559 3681 concedimus
603 3613 698 3680 bis
744 3612 809 3678 in
856 3612 1144 3696 quolibet
1206 3631 1424 3679 mense
1490 3615 1735 3710 lucran-

74 3754 121 3801 Ὺ,
177 3696 323 3781 dam,
357 3700 419 3767 in
464 3701 717 3771 duobus
764 3701 1070 3768 videlicet
1117 3700 1460 3768 cuiuslibet
1505 3718 1738 3768 mensis

73 3784 121 3892 ω’.
180 3785 403 3873 diebus,
432 3808 660 3857 eorum
691 3788 951 3856 arbitrio
984 3788 1340 3876 eligendis:
1383 3789 1737 3857 dummodo

75 3930 125 3979 n.
181 3892 310 3941 vere
351 3879 755 3964 poenitentes
786 3878 1055 3945 confessi
1095 3898 1165 3943 ac
1197 3890 1403 3946 sancta
1437 3881 1738 3945 Commu·

74 4016 125 4065 3.
180 3962 342 4032 aione
385 3967 614 4034 refecti
677 3965 917 4033 fuerint
965 3979 1030 4034 et
1075 3986 1196 4054 per
1256 3966 1513 4052 aliquod
1579 3977 1737 4031 tem-

184 4054 327 4138 poris
356 4057 629 4144 spatium
662 4054 837 4127 iuxta
871 4065 1153 4123 mentem
1189 4054 1543 4122 Sanctitatis
1576 4057 1741 4121 Suae

75 4142 107 4233 μ’]
185 4139 269 4224 pie
311 4142 650 4211 oraverint.
714 4149 780 4209 fn
824 4144 1087 4230 reliquis
1134 4162 1289 4210 vero
1347 4141 1576 4210 diebus
1625 4142 1740 4208 eis-

92 4308 93 4317 *
184 4227 311 4295 dem
352 4229 883 4301 christifidelibus
941 4236 1140 4301 corde
1187 4233 1416 4298 saltem
1464 4230 1738 4297 contrito

82 4375 91 4385 ,
185 4334 239 4380 ac
278 4319 499 4388 devote
544 4320 948 4409 supradictae
994 4332 1245 4388 sanctae
1284 4320 1597 4387 functioni
1644 4320 1740 4385 in·

76 4410 91 4469 f
188 4410 611 4478 teressentibus
670 4420 771 4493 et,
823 4421 893 4475 ut
957 4428 1182 4495 supra,
1232 4407 1594 4490 orantibus,
1644 4412 1739 4473 ln·

76 4494 95 4517 '¹
188 4495 551 4585 dulgentiam
632 4508 998 4565 tercentum
1066 4496 1323 4564 dierum
1389 4498 1594 4563 semel
1664 4495 1741 4560 ab

76 4638 81 4677 :
189 4602 546 4680 unoquoque
594 4587 659 4653 in
706 4586 992 4673 qualibet
1038 4586 1150 4654 die
1198 4586 1591 4670 lucrandam,
1641 4604 1743 4672 pa·

190 4682 321 4738 riter
372 4675 804 4763 impertimur.
871 4674 1188 4742 Praesenti
1238 4676 1301 4741 in
1348 4694 1469 4761 per
1519 4687 1741 4741 etuum

78 4812 88 4832 -.
191 4760 464 4847 valituro,
525 4762 766 4850 absque
834 4765 963 4830 ulla
1019 4763 1234 4831 Brevis
1299 4781 1467 4848 expe
1519 4762 1737 4850 itione,

80 4930 85 4933 ¹
190 4864 311 4915 cum
351 4851 643 4919 facultate
689 4853 1051 4941 applicandi
1100 4851 1356 4919 easdem
1391 4853 1741 4939 indulgen·

192 4933 285 5002 tias
326 4938 387 5005 in
431 4942 801 5029 suffragium
849 4940 1145 5009 fidelium
1191 4938 1738 5028 defunctorum).

78 5096 81 5105 λ
299 5029 449 5094 Cum
509 5039 725 5099 autem
794 5032 1103 5098 devotum
1163 5027 1282 5107 boc
1330 5030 1741 5111 exercitium,

193 5115 340 5194 quod
381 5135 583 5203 usque
628 5121 797 5187 dum·
832 5119 899 5185 in
944 5137 1065 5185 una
1115 5123 1358 5183 tantum
1405 5116 1589 5184 Urbis
1628 5110 1746 5183 Ec-

80 5266 85 5309 *
194 5199 359 5269 clesia
401 5206 667 5291 obtinet,
715 5208 793 5274 ad
842 5205 1231 5293 respectivas
1292 5224 1516 5271 eorum
1563 5206 1747 5272 Dioe·

80 5318 83 5439 1
196 5306 347 5355 ceses
404 5295 617 5382 plures
681 5296 1019 5383 Episcopi,
1082 5293 1200 5360 rati
1255 5293 1425 5379 quod
1494 5306 1747 5380 gratum

196 5391 624 5470 acceptumque
672 5388 803 5450 Deo
847 5384 929 5450 sit
974 5404 1044 5453 ac
1092 5381 1423 5470 Deiparae,
1483 5383 1749 5453 extendi

1844 448 2072 524 optent
2119 449 2183 505 et
2230 439 2601 525 postulent;
2651 440 2798 508 ideo
2846 440 3176 506 memorati
3209 443 3427 507 Sacer-

1844 525 2030 591 dotes
2059 527 2201 593 Piae
2225 525 2485 594 Unionis
2516 532 2581 594 S.
2599 527 2780 602 „Pauli
2804 529 3118 616 Apostoli,
3144 529 3429 617 ipsorum

1845 613 2007 679 votis
2054 615 2460 699 plaudentes,
2508 616 2831 704 supplices
2864 635 3092 702 preces
3123 636 3429 702 porr-exe-

1845 713 1993 767 runt
2019 705 2213 770 SSffio
2240 703 2506 769 Domino
2531 707 2755 770 Nostro
2781 704 2884 770 Pio
2907 708 3011 772 vn
3035 707 3214 770 Pont.
3234 708 3426 789 Max„

1845 793 2008 854 Eum
2055 791 2416 858 humillime
2455 792 2877 878 deprecantes
2908 802 2981 858 ut
3013 791 3424 881 privilegium

1845 877 1967 942 iam
2014 897 2385 945 concessum
2434 899 2553 966 pro
2599 879 2882 946 Ecclesia
2929 885 2998 946 B.
3039 884 3117 946 Μ.
3147 884 3223 947 V.
3270 884 3428 946 Lau-

1844 975 2096 1031 retanae
2146 965 2329 1033 Urbis
2375 968 2450 1034 ad
2499 968 2876 1034 Columnam
2922 967 3269 1052 Traianam,
3320 987 3429 1033 ex-

1845 1053 2118 1120 tendere
2186 1055 2559 1143 dignaretur
2623 1056 2701 1122 ad
2770 1055 3048 1121 universi
3118 1054 3426 1122 Catholici

1841 1140 2020 1207 Orbis
2067 1143 2423 1225 Dioeceses,
2473 1142 2638 1209 facta
2681 1151 2994 1231 potestate
3039 1141 3335 1210 omnibus
3368 1153 3432 1208 et

1841 1227 2111 1316 singulis
2138 1229 2474 1318 Episcopis
2519 1231 2835 1318 seligendi
2878 1250 3069 1299 unam
3100 1234 3431 1298 dumtaxat

1840 1317 2122 1384 Civitatis
2144 1328 2250 1384 aut
2278 1318 2394 1384 loci
2421 1320 2797 1403 Ecclesiam,
2820 1318 2881 1385 in
2907 1338 3029 1404 qua
3057 1318 3252 1407 possit
3277 1337 3430 1403 quo-

1842 1406 2000 1473 tidie
2030 1425 2232 1472 unum
2278 1410 2540 1473 Sacrum
2585 1408 2690 1473 vel
2730 1407 3252 1474 commemoratio
3285 1407 3430 1475 lieri

1840 1495 1922 1562 de
1954 1496 2145 1560 SSma
2190 1493 2494 1561 Trinitate
2540 1496 2892 1562 dummodo
2940 1495 3217 1578 licuerit,
3255 1495 3426 1561 iuxta

1838 1583 2123 1648 diversas
2169 1584 2621 1667 occurrentias,
2672 1585 2750 1652 ad
2799 1585 3064 1650 formam
3115 1581 3434 1651 enunciati

1841 1672 2123 1751 Decreti,
2158 1687 2303 1737 cum
2356 1671 2730 1738 extensione
2775 1670 2964 1738 simul
3000 1670 3434 1757 Indulgentia-

1841 1777 1984 1824 rum
2031 1760 2107 1825 ab
2152 1758 2675 1826 interessentibus
2722 1760 3194 1842 lucrandarum,
3229 1759 3429 1827 adim·

1842 1847 2033 2003 pletis
2066 1844 2536 1914 conditionibus
2569 1849 2631 1913 in
2655 1867 2844 1935 supra
2870 1847 3121 1915 laudato
3146 1851 3212 1916 S.
3230 1851 3301 1915 C.
3332 1854 3433 1915 ln-

1887 1935 2320 2019 ulgentiarum
2367 1939 2638 2001 Decreto
2700 1935 3043 2024 expressis.
3096 1936 3221 2003 Sed
3269 1955 3432 2022 quo-

1840 2023 2011 2089 niam
2055 2023 2348 2089 accidere
2395 2022 2607 2090 forsan
2655 2035 2867 2113 potest
2898 2032 2970 2089 ut
3011 2023 3074 2090 in
3112 2023 3434 2110 aliquibus

1843 2111 1997 2179 locis
2029 2120 2306 2197 nequeat
2336 2111 2780 2196 quotidianum
2809 2111 3179 2179 huiusmodi
3209 2111 3433 2199 peragi

1840 2202 2019 2289 pium
2065 2200 2508 2284 devotumque
2564 2198 2944 2267 exercitium
2990 2199 3185 2265 nullis
3232 2202 3434 2268 inter-

1840 2287 2048 2390 ceptis
2093 2286 2343 2372 diebus,
2393 2298 2585 2373 queat
2632 2287 2942 2355 tamenin
2977 2307 3100 2354 nna
3144 2288 3429 2355 alterave

1840 2375 2180 2443 cuiuslibet
2234 2375 2692 2444 hebdomadae*
2722 2377 2864 2460 die,
2913 2374 3154 2442 idcirco
3211 2385 3433 2464 postu·

1842 2466 2054 2531 larunt
2076 2474 2149 2529 ut
2181 2483 2297 2550 pro
2329 2463 2562 2530 iisdem
2595 2465 2746 2530 locis
2779 2462 3192 2552 privilegium
3225 2461 3430 2551 prosit

1843 2563 1909 2619 et
1956 2552 2202 2637 valeat,
2261 2553 2313 2617 si
2375 2551 2547 2618 Missa
2593 2553 2675 2620 de
2736 2555 2922 2620 SSma
2970 2552 3274 2619 Trinitate
3321 2550 3428 2616 vel

1841 2642 2038 2708 altera
2071 2642 2156 2708 de
2187 2639 2401 2709 Officio
2450 2640 2578 2708 diei
2627 2659 2775 2707 cum
2808 2640 2912 2707 vel
2959 2640 3101 2708 sine
3148 2657 3426 2707 comme-

1839 2728 2196 2796 moratione
2243 2729 2329 2795 de
2376 2727 2626 2812 eadem,
2665 2730 2837 2795 iuxta
2878 2727 3162 2796 diversas
3208 2747 3431 2795 occur·

1840 2816 2103 2900 rentias,
2156 2827 2226 2884 ut
2271 2836 2485 2903 supra,
2538 2817 2933 2900 celebretur,
2984 2827 3051 2883 et
3095 2816 3430 2884 adiunctae

1840 2924 2067 2997 preces
2113 2905 2496 2995 approbatae
2544 2918 2689 2992 post
2733 2906 2981 2971 Missam
3046 2904 3431 2988 recitentur,

1839 3003 2033 3083 prout
2082 2994 2145 3061 in
2193 3005 2544 3060 memorato
2576 2998 2871 3079 Decreto,
2909 2994 2971 3061 in
3001 2993 3274 3081 singulis
3305 3003 3436 3059 tan-

1843 3098 1978 3152 tum
2040 3080 2320 3151 Sabbatis
2369 3090 2434 3147 et
2477 3082 2678 3148 Festis
2740 3086 2808 3147 Β.
2853 3085 2935 3147 Μ.
2988 3081 3287 3166 Virginis.
3340 3084 3432 3149 Ac

1840 3173 2100 3239 tandem
2144 3169 2475 3258 petierunt
2508 3182 2579 3235 ut
2611 3188 2837 3259 preces
2869 3169 2993 3236 iam
3040 3169 3429 3258 adprobatae

1841 3260 2084 3348 possint
2128 3277 2247 3344 pro
2295 3257 2660 3325 diversitate
2710 3257 3047 3345 regionum
3095 3257 3424 3323 transferri

1840 3361 1908 3414 et
1936 3347 2218 3432 recitari,
2257 3346 2429 3413 iuxta
2462 3347 2785 3434 peculiare
2833 3347 3123 3412 locorum
3170 3344 3432 3411 idioma.

1842 3441 1921 3503 Et
1968 3436 2272 3503 Sanctitas
2303 3437 2450 3518 Sua,
2486 3434 2564 3501 ad
2594 3433 2974 3501 relationem
3021 3433 3162 3500 Emi
3196 3444 3261 3499 et
3292 3432 3433 3499 timi

1842 3524 2091 3592 Domini
2139 3522 2485 3591 cardinalis
2532 3523 2673 3590 iulii
2729 3504 2952 3589 Maride
3016 3522 3100 3589 de
3161 3520 3435 3589 Somalia

1846 3612 2143 3701 Episcopi
2190 3610 2551 3695 Tusculani,
2603 3615 2668 3677 S.
2704 3615 2779 3678 R.
2816 3615 2890 3679 C.
2939 3610 3276 3694 Praefecti,
3326 3609 3434 3677 be-

1843 3705 2038 3787 nigne
2083 3700 2328 3782 annuit,
2390 3702 2564 3765 iuxta
2620 3700 2860 3786 petita;
2910 3694 3161 3766 servat'o
3209 3709 3438 3764 tenore

1844 3795 2304 3871 Decretorum,
2370 3796 2496 3854 tam
2647 3806 2679 3869 r
2746 3805 3056 3875 organum
3117 3791 3184 3855 S.
3233 3790 3308 3852 R.
3359 3789 3431 3853 C.

1843 3878 1962 3945 sul)
2008 3878 2114 3946 die
2168 3880 2247 3944 15
2289 3874 2523 3963 Aprilis
2616 3876 2758 3942 nius
2804 3875 2946 3943 anni
3002 3879 3194 3959 1815,
3246 3892 3436 3961 quam

1896 3986 1967 4032 er
2043 3984 2352 4055 organum
2421 3967 2483 4031 S.
2556 3966 2631 4031 C.
2701 3963 3252 4050 lndulgentiarum
3318 3961 3437 4029 sub

1845 3990 2087 4143 gie-28
2145 4052 2379 4144 Aprilis
2442 4051 2630 4118 huius
2692 4052 2929 4142 pariter
2982 4052 3126 4119 anni
3181 4061 3442 4119 verten-

1849 4146 1947 4213 tis.
1998 4145 2212 4223 Quoad
2261 4161 2414 4208 vero
2464 4161 2715 4230 preces,
2752 4140 2925 4207 iuxta
2971 4140 3294 4229 peculiare
3336 4158 3439 4205 re-

1847 4235 2111 4321 gionum
2179 4230 2407 4299 idioma
2465 4231 2841 4311 recitandas,
2900 4230 3139 4316 pariter
3189 4227 3433 4312 annuit,

1847 4321 2201 4391 dummodo
2251 4331 2465 4385 tamen
2525 4319 2736 4384 versio
2783 4320 2864 4385 sit
2910 4317 3123 4384 fidelis
3181 4326 3248 4382 et
3293 4314 3435 4382 lite-

1848 4409 1993 4477 ralis
2025 4411 2163 4475 sine
2197 4408 2325 4474 ulla
2357 4426 2615 4495 prorsus
2646 4406 2996 4489 additione,
3034 4402 3440 4471 detractione

1848 4510 1956 4566 aut
2005 4497 2380 4564 variatione.

1857 4641 2117 4711 2570.
2412 4636 2878 4704 LUCEOROEN.
3211 4635 3437 4724 (4523)

1980 4763 2158 4830 Circa
2187 4759 2701 4849 praecedentiam
2725 4758 2790 4824 in
2815 4758 3274 4825 Ecclesiasticis
3297 4759 3440 4827 fun·

1849 4852 2162 4920 ctionibus
2225 4850 2395 4915 inter
2457 4845 2879 4916 Seminarium
2937 4857 3001 4912 et
3054 4846 3318 4914 clerum
3374 4847 3439 4914 in

1848 4938 2209 5019 Catbedralj
2251 4955 2378 5004 non
2412 4935 2943 5025 praebendatum,
2978 4934 3252 5001 instante
3289 4936 3440 5024 Epi-

1850 5048 1955 5095 sco
2063 5043 2084 5106 ;
3407 5066 3418 5077 ·

1962 5047 2167 5184 lrtjtssit
2198 5117 2264 5182 S.
2300 5116 2375 5180 R.
2409 5117 2481 5180 C.
2520 5110 2773 5199 exquiri
2808 5123 3032 5177 votum
3063 5110 3326 5179 alterius
3360 5131 3442 5178 ex

1852 5204 2364 5292 Apostolicarum
2383 5200 2938 5268 caeremoniarum
2962 5200 3293 5288 Magistris,
3312 5219 3440 5303 quo

1851 5295 2094 5375 audito,
2144 5291 2221 5358 ad
2273 5289 2651 5356 relationem
2699 5290 2837 5356 Emi
2887 5300 2951 5355 et
2998 5289 3137 5357 Rmi
3185 5288 3431 5355 Domini

1856 5382 2044 5453 Gard.
2089 5379 2350 5448 Antonii
2391 5377 2468 5443 ab
2513 5379 2726 5463 Auria,
2778 5377 3148 5464 respondit:
3193 5399 3235 5442 ι
3260 5381 3438 5444 iuxta
