<?xml version="1.0" encoding="UTF-8"?>
<!DOCTYPE html PUBLIC "-//W3C//DTD XHTML 1.0 Transitional//EN"
    "http://www.w3.org/TR/xhtml1/DTD/xhtml1-transitional.dtd">
<html xmlns="http://www.w3.org/1999/xhtml" xml:lang="en" lang="en">
 <head>
  <title>
</title>
<meta http-equiv="Content-Type" content="text/html;charset=utf-8" />
  <meta name='ocr-system' content='tesseract 3.04.00' />
  <meta name='ocr-capabilities' content='ocr_page ocr_carea ocr_par ocr_line ocrx_word'/>
</head>
<body>
  <div class='ocr_page' id='page_1' title='image "./decretaauthenti00ritugoog_0301.png"; bbox 0 0 4042 5950; ppageno 0'>
   <div class='ocr_carea' id='block_1_1' title="bbox 1585 268 2056 358">
    <p class='ocr_par' dir='ltr' id='par_1_1' title="bbox 1585 268 2056 358">
     <span class='ocr_line' id='line_1_1' title="bbox 1585 268 2056 358; baseline 0.002 -21"><span class='ocrx_word' id='word_1_1' title='bbox 1585 268 2056 358; x_wconf 80' lang='lat'>—253—</span> 
     </span>
    </p>
   </div>
   <div class='ocr_carea' id='block_1_2' title="bbox 210 430 3439 524">
    <p class='ocr_par' dir='ltr' id='par_1_2' title="bbox 210 430 3439 524">
     <span class='ocr_line' id='line_1_2' title="bbox 210 430 3439 524; baseline 0.002 -22"><span class='ocrx_word' id='word_1_2' title='bbox 210 430 324 502; x_wconf 80' lang='lat' dir='ltr'><strong>vari</strong></span> <span class='ocrx_word' id='word_1_3' title='bbox 348 454 379 498; x_wconf 87' lang='lat' dir='ltr'><strong>a</strong></span> <span class='ocrx_word' id='word_1_4' title='bbox 416 431 650 503; x_wconf 79' lang='lat' dir='ltr'><strong>celebri</strong></span> <span class='ocrx_word' id='word_1_5' title='bbox 682 432 861 502; x_wconf 86' lang='lat' dir='ltr'><strong>istius</strong></span> <span class='ocrx_word' id='word_1_6' title='bbox 888 433 1409 524; x_wconf 74' lang='lat' dir='ltr'><strong>Metropolitanae</strong></span> <span class='ocrx_word' id='word_1_7' title='bbox 1438 436 1756 523; x_wconf 90' lang='lat' dir='ltr'><strong>capitulo,</strong></span> <span class='ocrx_word' id='word_1_8' title='bbox 1859 455 2022 503; x_wconf 89' lang='lat' dir='ltr'><strong>anno</strong></span> <span class='ocrx_word' id='word_1_9' title='bbox 2057 435 2300 503; x_wconf 89' lang='lat' dir='ltr'><strong>scilicet</strong></span> <span class='ocrx_word' id='word_1_10' title='bbox 2334 436 2528 522; x_wconf 86' lang='grc'><strong>1810,</strong></span> <span class='ocrx_word' id='word_1_11' title='bbox 2561 459 2596 504; x_wconf 88' lang='grc'><strong>3</strong></span> <span class='ocrx_word' id='word_1_12' title='bbox 2625 457 2677 504; x_wconf 78' lang='lat' dir='ltr'><strong>S.</strong></span> <span class='ocrx_word' id='word_1_13' title='bbox 2711 456 2798 505; x_wconf 90' lang='lat' dir='ltr'><strong>m.</strong></span> <span class='ocrx_word' id='word_1_14' title='bbox 2832 430 2941 504; x_wconf 85' lang='lat' dir='ltr'><strong>Pio</strong></span> <span class='ocrx_word' id='word_1_15' title='bbox 2971 438 3128 524; x_wconf 90' lang='lat' dir='ltr'><strong>Papa</strong></span> <span class='ocrx_word' id='word_1_16' title='bbox 3160 436 3265 508; x_wconf 89' lang='lat' dir='ltr'><strong>Vll</strong></span> <span class='ocrx_word' id='word_1_17' title='bbox 3298 436 3439 508; x_wconf 90' lang='lat' dir='ltr'><strong>col-</strong></span> 
     </span>
    </p>
   </div>
   <div class='ocr_carea' id='block_1_3' title="bbox 201 522 1768 2185">
    <p class='ocr_par' dir='ltr' id='par_1_3' title="bbox 203 522 1764 1652">
     <span class='ocr_line' id='line_1_3' title="bbox 210 522 1762 611; baseline 0.001 -21"><span class='ocrx_word' id='word_1_18' title='bbox 210 522 366 590; x_wconf 88' lang='lat' dir='ltr'><strong>cuius</strong></span> <span class='ocrx_word' id='word_1_19' title='bbox 491 534 739 609; x_wconf 87' lang='lat' dir='ltr'><strong>rspecta</strong></span> <span class='ocrx_word' id='word_1_20' title='bbox 787 522 978 590; x_wconf 88' lang='lat' dir='ltr'><strong>habet</strong></span> <span class='ocrx_word' id='word_1_21' title='bbox 1023 541 1176 610; x_wconf 91' lang='lat' dir='ltr'><strong>erga</strong></span> <span class='ocrx_word' id='word_1_22' title='bbox 1208 524 1446 593; x_wconf 88' lang='lat' dir='ltr'><strong>Sedem</strong></span> <span class='ocrx_word' id='word_1_23' title='bbox 1494 527 1762 611; x_wconf 82' lang='lat' dir='ltr'><strong>Aposto-</strong></span> 
     </span>
     <span class='ocr_line' id='line_1_4' title="bbox 208 542 1759 701; baseline 0.003 -25"><span class='ocrx_word' id='word_1_24' title='bbox 208 610 370 676; x_wconf 86' lang='lat' dir='ltr'><strong>licam</strong></span> <span class='ocrx_word' id='word_1_25' title='bbox 408 542 762 679; x_wconf 51' lang='lat' dir='ltr'><strong>{gvotionis</strong></span> <span class='ocrx_word' id='word_1_26' title='bbox 797 621 858 678; x_wconf 92' lang='lat' dir='ltr'><strong>et</strong></span> <span class='ocrx_word' id='word_1_27' title='bbox 891 611 1178 699; x_wconf 86' lang='lat' dir='ltr'><strong>obsequii</strong></span> <span class='ocrx_word' id='word_1_28' title='bbox 1222 624 1620 701; x_wconf 86' lang='lat' dir='ltr'><strong>argumenta.</strong></span> <span class='ocrx_word' id='word_1_29' title='bbox 1669 616 1759 680; x_wconf 82' lang='lat' dir='ltr'><strong>Ac</strong></span> 
     </span>
     <span class='ocr_line' id='line_1_5' title="bbox 205 700 1763 789; baseline 0.003 -25"><span class='ocrx_word' id='word_1_30' title='bbox 205 710 547 786; x_wconf 88' lang='lat' dir='ltr'><strong>pergratum</strong></span> <span class='ocrx_word' id='word_1_31' title='bbox 591 700 888 786; x_wconf 81' lang='lat' dir='ltr'>accipiet,</span> <span class='ocrx_word' id='word_1_32' title='bbox 937 700 1287 769; x_wconf 91' lang='lat' dir='ltr'><strong>conciliatis</strong></span> <span class='ocrx_word' id='word_1_33' title='bbox 1329 701 1576 784; x_wconf 87' lang='lat' dir='ltr'><strong>animis,</strong></span> <span class='ocrx_word' id='word_1_34' title='bbox 1615 702 1763 789; x_wconf 87' lang='lat' dir='ltr'><strong>Epi-</strong></span> 
     </span>
     <span class='ocr_line' id='line_1_6' title="bbox 204 788 1761 892; baseline 0.003 -40"><span class='ocrx_word' id='word_1_35' title='bbox 204 806 443 874; x_wconf 89' lang='lat' dir='ltr'><strong>scopum</strong></span> <span class='ocrx_word' id='word_1_36' title='bbox 487 788 836 856; x_wconf 83' lang='lat' dir='ltr'><strong>Titularem</strong></span> <span class='ocrx_word' id='word_1_37' title='bbox 888 790 1279 858; x_wconf 87' lang='lat' dir='ltr'><strong>canonicum</strong></span> <span class='ocrx_word' id='word_1_38' title='bbox 1337 790 1536 892; x_wconf 88' lang='lat' dir='ltr'><strong>Zoppi</strong></span> <span class='ocrx_word' id='word_1_39' title='bbox 1579 808 1761 876; x_wconf 89' lang='lat' dir='ltr'><strong>prae·</strong></span> 
     </span>
     <span class='ocr_line' id='line_1_7' title="bbox 206 876 1764 965; baseline 0 -22"><span class='ocrx_word' id='word_1_40' title='bbox 206 876 474 944; x_wconf 76' lang='lat' dir='ltr'>cedentia</span> <span class='ocrx_word' id='word_1_41' title='bbox 518 876 713 944; x_wconf 77' lang='lat' dir='ltr'><strong>fuisse</strong></span> <span class='ocrx_word' id='word_1_42' title='bbox 743 878 1089 964; x_wconf 79' lang='lat' dir='ltr'><strong>donatum3</strong></span> <span class='ocrx_word' id='word_1_43' title='bbox 1126 879 1299 965; x_wconf 91' lang='lat' dir='ltr'><strong>quod</strong></span> <span class='ocrx_word' id='word_1_44' title='bbox 1332 881 1601 965; x_wconf 74' lang='lat' dir='ltr'><strong>quidem</strong></span> <span class='ocrx_word' id='word_1_45' title='bbox 1630 888 1764 945; x_wconf 91' lang='lat' dir='ltr'><strong>tur-</strong></span> 
     </span>
     <span class='ocr_line' id='line_1_8' title="bbox 204 963 1763 1054; baseline 0.002 -25"><span class='ocrx_word' id='word_1_46' title='bbox 204 963 335 1030; x_wconf 87' lang='lat' dir='ltr'><strong>bare</strong></span> <span class='ocrx_word' id='word_1_47' title='bbox 359 966 579 1051; x_wconf 87' lang='lat' dir='ltr'><strong>nequit</strong></span> <span class='ocrx_word' id='word_1_48' title='bbox 609 967 1004 1053; x_wconf 82' lang='lat' dir='ltr'><strong>peculiarem</strong></span> <span class='ocrx_word' id='word_1_49' title='bbox 1039 967 1220 1034; x_wconf 91' lang='lat' dir='ltr'><strong>istius</strong></span> <span class='ocrx_word' id='word_1_50' title='bbox 1242 967 1763 1054; x_wconf 65' lang='lat' dir='ltr'><strong>metropolitanae</strong></span> 
     </span>
     <span class='ocr_line' id='line_1_9' title="bbox 204 1052 1763 1142; baseline 0.001 -25"><span class='ocrx_word' id='word_1_51' title='bbox 204 1052 419 1132; x_wconf 85' lang='lat' dir='ltr'><strong>Ritum,</strong></span> <span class='ocrx_word' id='word_1_52' title='bbox 453 1073 522 1120; x_wconf 91' lang='lat' dir='ltr'><strong>ac</strong></span> <span class='ocrx_word' id='word_1_53' title='bbox 553 1054 746 1122; x_wconf 87' lang='lat' dir='ltr'><strong>decet</strong></span> <span class='ocrx_word' id='word_1_54' title='bbox 779 1055 1221 1142; x_wconf 90' lang='lat' dir='ltr'><strong>Episcopalem</strong></span> <span class='ocrx_word' id='word_1_55' title='bbox 1254 1056 1663 1142; x_wconf 78' lang='lat' dir='ltr'><strong>Dignitatem,</strong></span> <span class='ocrx_word' id='word_1_56' title='bbox 1699 1062 1763 1121; x_wconf 90' lang='lat' dir='ltr'><strong>et</strong></span> 
     </span>
     <span class='ocr_line' id='line_1_10' title="bbox 205 1143 1764 1228; baseline 0.003 -22"><span class='ocrx_word' id='word_1_57' title='bbox 205 1160 334 1207; x_wconf 89' lang='lat' dir='ltr'><strong>cum</strong></span> <span class='ocrx_word' id='word_1_58' title='bbox 356 1143 797 1228; x_wconf 78' lang='lat' dir='ltr'><strong>praecedentia</strong></span> <span class='ocrx_word' id='word_1_59' title='bbox 820 1144 1035 1211; x_wconf 92' lang='lat' dir='ltr'><strong>eidem</strong></span> <span class='ocrx_word' id='word_1_60' title='bbox 1060 1145 1420 1212; x_wconf 79' lang='lat' dir='ltr'><strong>restitutam</strong></span> <span class='ocrx_word' id='word_1_61' title='bbox 1444 1145 1764 1211; x_wconf 88' lang='lat' dir='ltr'><strong>conscien-</strong></span> 
     </span>
     <span class='ocr_line' id='line_1_11' title="bbox 206 1229 1759 1316; baseline 0.003 -23"><span class='ocrx_word' id='word_1_62' title='bbox 206 1229 314 1294; x_wconf 85' lang='lat' dir='ltr'><strong>tiae</strong></span> <span class='ocrx_word' id='word_1_63' title='bbox 355 1230 663 1316; x_wconf 91' lang='lat' dir='ltr'><strong>quietem,</strong></span> <span class='ocrx_word' id='word_1_64' title='bbox 695 1251 820 1298; x_wconf 86' lang='lat' dir='ltr'><strong>nec</strong></span> <span class='ocrx_word' id='word_1_65' title='bbox 863 1251 990 1300; x_wconf 89' lang='lat' dir='ltr'><strong>non</strong></span> <span class='ocrx_word' id='word_1_66' title='bbox 1037 1232 1257 1300; x_wconf 89' lang='lat' dir='ltr'><strong>amissa</strong></span> <span class='ocrx_word' id='word_1_67' title='bbox 1290 1234 1759 1311; x_wconf 90' lang='lat' dir='ltr'><strong>emolumenta;</strong></span> 
     </span>
     <span class='ocr_line' id='line_1_12' title="bbox 203 1318 1761 1407; baseline 0.003 -25"><span class='ocrx_word' id='word_1_68' title='bbox 203 1335 381 1401; x_wconf 91' lang='lat' dir='ltr'><strong>quum</strong></span> <span class='ocrx_word' id='word_1_69' title='bbox 410 1318 544 1407; x_wconf 85' lang='lat' dir='ltr'><strong>ipse</strong></span> <span class='ocrx_word' id='word_1_70' title='bbox 577 1320 953 1387; x_wconf 82' lang='lat' dir='ltr'><strong>abstinuerit</strong></span> <span class='ocrx_word' id='word_1_71' title='bbox 974 1341 1007 1386; x_wconf 87' lang='lat' dir='ltr'><strong>a</strong></span> <span class='ocrx_word' id='word_1_72' title='bbox 1032 1321 1240 1388; x_wconf 87' lang='lat' dir='ltr'><strong>Choro</strong></span> <span class='ocrx_word' id='word_1_73' title='bbox 1270 1322 1515 1388; x_wconf 80' lang='lat' dir='ltr'><strong>veritus</strong></span> <span class='ocrx_word' id='word_1_74' title='bbox 1537 1324 1761 1389; x_wconf 85' lang='lat' dir='ltr'><strong>Sacrae</strong></span> 
     </span>
     <span class='ocr_line' id='line_1_13' title="bbox 203 1407 1762 1497; baseline 0.003 -25"><span class='ocrx_word' id='word_1_75' title='bbox 203 1407 702 1494; x_wconf 84' lang='lat' dir='ltr'><strong>Congregationis</strong></span> <span class='ocrx_word' id='word_1_76' title='bbox 769 1408 1176 1497; x_wconf 70' lang='lat' dir='ltr'><strong>perfringere</strong></span> <span class='ocrx_word' id='word_1_77' title='bbox 1245 1415 1510 1477; x_wconf 84' lang='lat' dir='ltr'><strong>Decreta</strong></span> <span class='ocrx_word' id='word_1_78' title='bbox 1574 1429 1762 1496; x_wconf 88' lang='lat' dir='ltr'><strong>quae,</strong></span> 
     </span>
     <span class='ocr_line' id='line_1_14' title="bbox 203 1494 1764 1585; baseline 0.004 -26"><span class='ocrx_word' id='word_1_79' title='bbox 203 1494 568 1582; x_wconf 90' lang='lat' dir='ltr'><strong>ubicumque</strong></span> <span class='ocrx_word' id='word_1_80' title='bbox 615 1497 804 1563; x_wconf 80' lang='lat' dir='ltr'><strong>floret</strong></span> <span class='ocrx_word' id='word_1_81' title='bbox 848 1498 1169 1567; x_wconf 90' lang='lat' dir='ltr'><strong>catholica</strong></span> <span class='ocrx_word' id='word_1_82' title='bbox 1200 1498 1474 1585; x_wconf 81' lang='lat' dir='ltr'><strong>Religio,</strong></span> <span class='ocrx_word' id='word_1_83' title='bbox 1507 1517 1764 1565; x_wconf 85' lang='lat' dir='ltr'><strong>servan-</strong></span> 
     </span>
     <span class='ocr_line' id='line_1_15' title="bbox 206 1587 850 1652; baseline 0.002 -3"><span class='ocrx_word' id='word_1_84' title='bbox 206 1596 294 1650; x_wconf 86' lang='lat' dir='ltr'><strong>tur</strong></span> <span class='ocrx_word' id='word_1_85' title='bbox 334 1604 399 1651; x_wconf 90' lang='lat' dir='ltr'><strong>ac</strong></span> <span class='ocrx_word' id='word_1_86' title='bbox 446 1587 850 1652; x_wconf 89' lang='lat' dir='ltr'><strong>recoluntur.</strong></span> 
     </span>
    </p>

    <p class='ocr_par' dir='ltr' id='par_1_4' title="bbox 201 1673 1768 2185">
     <span class='ocr_line' id='line_1_16' title="bbox 316 1673 1768 1763; baseline 0.002 -24"><span class='ocrx_word' id='word_1_87' title='bbox 316 1677 473 1740; x_wconf 76' lang='lat' dir='ltr'><strong>llaec</strong></span> <span class='ocrx_word' id='word_1_88' title='bbox 520 1673 730 1740; x_wconf 86' lang='lat' dir='ltr'><strong>omnia</strong></span> <span class='ocrx_word' id='word_1_89' title='bbox 775 1673 1176 1742; x_wconf 90' lang='lat' dir='ltr'><strong>Eminentiae</strong></span> <span class='ocrx_word' id='word_1_90' title='bbox 1222 1678 1488 1743; x_wconf 84' lang='lat' dir='ltr'><strong>Vestrae</strong></span> <span class='ocrx_word' id='word_1_91' title='bbox 1533 1674 1768 1763; x_wconf 86' lang='lat' dir='ltr'><strong>signifi-</strong></span> 
     </span>
     <span class='ocr_line' id='line_1_17' title="bbox 204 1761 1765 1851; baseline 0.002 -24"><span class='ocrx_word' id='word_1_92' title='bbox 204 1780 331 1827; x_wconf 89' lang='lat' dir='ltr'><strong>care</strong></span> <span class='ocrx_word' id='word_1_93' title='bbox 372 1780 474 1828; x_wconf 90' lang='lat' dir='ltr'><strong>me</strong></span> <span class='ocrx_word' id='word_1_94' title='bbox 520 1761 828 1851; x_wconf 89' lang='lat' dir='ltr'><strong>oportuit,</strong></span> <span class='ocrx_word' id='word_1_95' title='bbox 879 1775 949 1829; x_wconf 93' lang='lat' dir='ltr'><strong>ut</strong></span> <span class='ocrx_word' id='word_1_96' title='bbox 995 1762 1407 1830; x_wconf 91' lang='lat' dir='ltr'><strong>Sacratissimi</strong></span> <span class='ocrx_word' id='word_1_97' title='bbox 1461 1763 1765 1851; x_wconf 89' lang='lat' dir='ltr'><strong>Principis</strong></span> 
     </span>
     <span class='ocr_line' id='line_1_18' title="bbox 203 1850 1768 1940; baseline 0.003 -26"><span class='ocrx_word' id='word_1_98' title='bbox 203 1851 467 1917; x_wconf 88' lang='lat' dir='ltr'><strong>mandata</strong></span> <span class='ocrx_word' id='word_1_99' title='bbox 490 1850 877 1939; x_wconf 87' lang='lat' dir='ltr'><strong>perficerem</strong></span> <span class='ocrx_word' id='word_1_100' title='bbox 904 1863 968 1918; x_wconf 86' lang='lat' dir='ltr'><strong>et</strong></span> <span class='ocrx_word' id='word_1_101' title='bbox 993 1855 1218 1920; x_wconf 88' lang='lat' dir='ltr'><strong>Sacrae</strong></span> <span class='ocrx_word' id='word_1_102' title='bbox 1248 1853 1768 1940; x_wconf 88' lang='lat' dir='ltr'><strong>congregationis</strong></span> 
     </span>
     <span class='ocr_line' id='line_1_19' title="bbox 201 1939 1767 2027; baseline 0.002 -24"><span class='ocrx_word' id='word_1_103' title='bbox 201 1947 465 2005; x_wconf 85' lang='lat' dir='ltr'><strong>mentem</strong></span> <span class='ocrx_word' id='word_1_104' title='bbox 501 1939 1069 2027; x_wconf 67' lang='lat' dir='ltr'><strong>communicarem</strong></span> <span class='ocrx_word' id='word_1_105' title='bbox 1106 1942 1276 2027; x_wconf 92' lang='lat' dir='ltr'><strong>quod</strong></span> <span class='ocrx_word' id='word_1_106' title='bbox 1309 1941 1539 2008; x_wconf 90' lang='lat' dir='ltr'><strong>sedulo</strong></span> <span class='ocrx_word' id='word_1_107' title='bbox 1570 1941 1767 2007; x_wconf 91' lang='lat' dir='ltr'><strong>adim·</strong></span> 
     </span>
     <span class='ocr_line' id='line_1_20' title="bbox 201 2027 1764 2112; baseline 0.002 -20"><span class='ocrx_word' id='word_1_108' title='bbox 201 2027 367 2112; x_wconf 85' lang='lat' dir='ltr'><strong>plens</strong></span> <span class='ocrx_word' id='word_1_109' title='bbox 409 2027 812 2094; x_wconf 84' lang='lat' dir='ltr'><strong>Eminentiae</strong></span> <span class='ocrx_word' id='word_1_110' title='bbox 843 2031 1107 2096; x_wconf 81' lang='lat' dir='ltr'><strong>Vestrae</strong></span> <span class='ocrx_word' id='word_1_111' title='bbox 1137 2048 1359 2097; x_wconf 89' lang='lat' dir='ltr'><strong>manus</strong></span> <span class='ocrx_word' id='word_1_112' title='bbox 1404 2029 1764 2097; x_wconf 87' lang='lat' dir='ltr'><strong>humillime</strong></span> 
     </span>
     <span class='ocr_line' id='line_1_21' title="bbox 202 2116 543 2185; baseline 0.012 -4"><span class='ocrx_word' id='word_1_113' title='bbox 202 2116 543 2185; x_wconf 82' lang='lat' dir='ltr'><strong>deosculor.</strong></span> 
     </span>
    </p>
   </div>
   <div class='ocr_carea' id='block_1_4' title="bbox 208 2256 1761 2349">
    <p class='ocr_par' dir='ltr' id='par_1_5' title="bbox 208 2256 1761 2349">
     <span class='ocr_line' id='line_1_22' title="bbox 208 2256 1761 2349; baseline 0.003 -26"><span class='ocrx_word' id='word_1_114' title='bbox 208 2256 419 2328; x_wconf 78' lang='lat'><strong>2⁷11.</strong></span> <span class='ocrx_word' id='word_1_115' title='bbox 686 2260 1234 2328; x_wconf 77' lang='lat' dir='ltr'><strong>Pochs‘rREN.</strong></span> <span class='ocrx_word' id='word_1_116' title='bbox 1535 2260 1761 2349; x_wconf 75' lang='grc'><strong>(3719)</strong></span> 
     </span>
    </p>
   </div>
   <div class='ocr_carea' id='block_1_5' title="bbox 198 2381 1772 5485">
    <p class='ocr_par' dir='ltr' id='par_1_6' title="bbox 200 2381 1772 4309">
     <span class='ocr_line' id='line_1_23' title="bbox 316 2381 1768 2472; baseline 0.001 -24"><span class='ocrx_word' id='word_1_117' title='bbox 316 2381 552 2448; x_wconf 86' lang='lat' dir='ltr'><strong>Blasius</strong></span> <span class='ocrx_word' id='word_1_118' title='bbox 599 2383 849 2450; x_wconf 90' lang='lat' dir='ltr'><strong>Lentini</strong></span> <span class='ocrx_word' id='word_1_119' title='bbox 899 2385 1432 2472; x_wconf 80' lang='lat' dir='ltr'><strong>Archipreshyter</strong></span> <span class='ocrx_word' id='word_1_120' title='bbox 1477 2396 1543 2453; x_wconf 91' lang='lat' dir='ltr'><strong>et</strong></span> <span class='ocrx_word' id='word_1_121' title='bbox 1587 2390 1768 2450; x_wconf 90' lang='lat' dir='ltr'><strong>Paro-</strong></span> 
     </span>
     <span class='ocr_line' id='line_1_24' title="bbox 205 2468 1764 2557; baseline 0.003 -23"><span class='ocrx_word' id='word_1_122' title='bbox 205 2468 344 2535; x_wconf 88' lang='lat' dir='ltr'><strong>chus</strong></span> <span class='ocrx_word' id='word_1_123' title='bbox 386 2471 723 2557; x_wconf 87' lang='lat' dir='ltr'><strong>primariae</strong></span> <span class='ocrx_word' id='word_1_124' title='bbox 785 2474 1106 2540; x_wconf 86' lang='lat' dir='ltr'><strong>Ecclesiae</strong></span> <span class='ocrx_word' id='word_1_125' title='bbox 1165 2478 1298 2541; x_wconf 92' lang='lat' dir='ltr'><strong>Deo</strong></span> <span class='ocrx_word' id='word_1_126' title='bbox 1343 2473 1407 2540; x_wconf 88' lang='lat' dir='ltr'><strong>in</strong></span> <span class='ocrx_word' id='word_1_127' title='bbox 1453 2473 1764 2540; x_wconf 89' lang='lat' dir='ltr'><strong>honorem</strong></span> 
     </span>
     <span class='ocr_line' id='line_1_25' title="bbox 205 2558 1766 2650; baseline 0.001 -24"><span class='ocrx_word' id='word_1_128' title='bbox 205 2558 393 2626; x_wconf 81' lang='lat' dir='ltr'><strong>Sancti</strong></span> <span class='ocrx_word' id='word_1_129' title='bbox 446 2561 685 2629; x_wconf 90' lang='lat' dir='ltr'><strong>Nicolai</strong></span> <span class='ocrx_word' id='word_1_130' title='bbox 745 2561 1044 2649; x_wconf 85' lang='lat' dir='ltr'><strong>Episcopi</strong></span> <span class='ocrx_word' id='word_1_131' title='bbox 1098 2561 1344 2629; x_wconf 86' lang='lat' dir='ltr'><strong>dicatae</strong></span> <span class='ocrx_word' id='word_1_132' title='bbox 1401 2562 1632 2650; x_wconf 87' lang='lat' dir='ltr'><strong>Oppidi</strong></span> <span class='ocrx_word' id='word_1_133' title='bbox 1679 2566 1766 2628; x_wconf 92' lang='lat' dir='ltr'><strong>De</strong></span> 
     </span>
     <span class='ocr_line' id='line_1_26' title="bbox 204 2649 1767 2718; baseline 0.003 -6"><span class='ocrx_word' id='word_1_134' title='bbox 204 2650 420 2714; x_wconf 85' lang='lat' dir='ltr'><strong>Laurea</strong></span> <span class='ocrx_word' id='word_1_135' title='bbox 491 2649 813 2717; x_wconf 90' lang='lat' dir='ltr'><strong>Dioecesis</strong></span> <span class='ocrx_word' id='word_1_136' title='bbox 887 2650 1291 2718; x_wconf 89' lang='lat' dir='ltr'><strong>Policastren.</strong></span> <span class='ocrx_word' id='word_1_137' title='bbox 1365 2652 1767 2717; x_wconf 86' lang='lat' dir='ltr'><strong>considerans</strong></span> 
     </span>
     <span class='ocr_line' id='line_1_27' title="bbox 205 2738 1763 2825; baseline 0.002 -23"><span class='ocrx_word' id='word_1_138' title='bbox 205 2740 387 2823; x_wconf 89' lang='lat' dir='ltr'><strong>caput</strong></span> <span class='ocrx_word' id='word_1_139' title='bbox 430 2739 517 2805; x_wconf 92' lang='lat' dir='ltr'><strong>de</strong></span> <span class='ocrx_word' id='word_1_140' title='bbox 562 2738 870 2825; x_wconf 83' lang='lat' dir='ltr'><strong>Exequiis</strong></span> <span class='ocrx_word' id='word_1_141' title='bbox 916 2745 956 2819; x_wconf 67' lang='grc' dir='ltr'><strong>ἓ</strong></span> <span class='ocrx_word' id='word_1_142' title='bbox 995 2742 1035 2805; x_wconf 74' lang='grc' dir='ltr'><strong>δ</strong></span> <span class='ocrx_word' id='word_1_143' title='bbox 1080 2738 1343 2806; x_wconf 86' lang='lat' dir='ltr'><strong>Ritualis</strong></span> <span class='ocrx_word' id='word_1_144' title='bbox 1388 2738 1651 2807; x_wconf 86' lang='lat' dir='ltr'><strong>Romani</strong></span> <span class='ocrx_word' id='word_1_145' title='bbox 1694 2758 1763 2805; x_wconf 91' lang='lat' dir='ltr'><strong>ac</strong></span> 
     </span>
     <span class='ocr_line' id='line_1_28' title="bbox 205 2826 1766 2913; baseline 0.001 -20"><span class='ocrx_word' id='word_1_146' title='bbox 205 2826 668 2912; x_wconf 87' lang='lat' dir='ltr'><strong>dispositionem</strong></span> <span class='ocrx_word' id='word_1_147' title='bbox 726 2826 1018 2912; x_wconf 76' lang='lat' dir='ltr'><strong>MissaliS,</strong></span> <span class='ocrx_word' id='word_1_148' title='bbox 1082 2829 1254 2913; x_wconf 94' lang='lat' dir='ltr'><strong>quod</strong></span> <span class='ocrx_word' id='word_1_149' title='bbox 1311 2846 1428 2894; x_wconf 92' lang='lat' dir='ltr'><strong>suo</strong></span> <span class='ocrx_word' id='word_1_150' title='bbox 1488 2829 1629 2895; x_wconf 94' lang='lat' dir='ltr'><strong>loco</strong></span> <span class='ocrx_word' id='word_1_151' title='bbox 1674 2848 1766 2894; x_wconf 93' lang='lat' dir='ltr'><strong>as-</strong></span> 
     </span>
     <span class='ocr_line' id='line_1_29' title="bbox 203 2913 1770 3005; baseline 0.003 -26"><span class='ocrx_word' id='word_1_152' title='bbox 203 2913 390 3001; x_wconf 86' lang='lat' dir='ltr'><strong>signat</strong></span> <span class='ocrx_word' id='word_1_153' title='bbox 440 2916 689 2983; x_wconf 75' lang='lat' dir='ltr'><strong>Missam</strong></span> <span class='ocrx_word' id='word_1_154' title='bbox 739 2915 804 2983; x_wconf 91' lang='lat' dir='ltr'><strong>in</strong></span> <span class='ocrx_word' id='word_1_155' title='bbox 858 2915 963 2983; x_wconf 89' lang='lat' dir='ltr'><strong>die</strong></span> <span class='ocrx_word' id='word_1_156' title='bbox 1011 2913 1220 2984; x_wconf 87' lang='lat' dir='ltr'><strong>obitus</strong></span> <span class='ocrx_word' id='word_1_157' title='bbox 1264 2936 1381 2984; x_wconf 89' lang='lat' dir='ltr'><strong>seu</strong></span> <span class='ocrx_word' id='word_1_158' title='bbox 1426 2916 1770 3005; x_wconf 88' lang='lat' dir='ltr'><strong>depositio·</strong></span> 
     </span>
     <span class='ocr_line' id='line_1_30' title="bbox 203 3003 1771 3096; baseline 0.002 -28"><span class='ocrx_word' id='word_1_159' title='bbox 203 3003 288 3068; x_wconf 91' lang='lat' dir='ltr'><strong>nis</strong></span> <span class='ocrx_word' id='word_1_160' title='bbox 329 3006 640 3089; x_wconf 79' lang='lat' dir='ltr'><strong>defuncti,</strong></span> <span class='ocrx_word' id='word_1_161' title='bbox 688 3017 880 3092; x_wconf 90' lang='lat' dir='ltr'><strong>atque</strong></span> <span class='ocrx_word' id='word_1_162' title='bbox 926 3005 1361 3096; x_wconf 76' lang='lat' dir='ltr'><strong>internoscens</strong></span> <span class='ocrx_word' id='word_1_163' title='bbox 1391 3005 1771 3075; x_wconf 86' lang='lat' dir='ltr'><strong>Rubricista-</strong></span> 
     </span>
     <span class='ocr_line' id='line_1_31' title="bbox 203 3094 1769 3161; baseline 0.002 -4"><span class='ocrx_word' id='word_1_164' title='bbox 203 3109 332 3157; x_wconf 87' lang='lat' dir='ltr'><strong>rum</strong></span> <span class='ocrx_word' id='word_1_165' title='bbox 375 3094 664 3160; x_wconf 91' lang='lat' dir='ltr'><strong>omnium</strong></span> <span class='ocrx_word' id='word_1_166' title='bbox 709 3094 1089 3160; x_wconf 87' lang='lat' dir='ltr'><strong>sententiam</strong></span> <span class='ocrx_word' id='word_1_167' title='bbox 1145 3094 1562 3161; x_wconf 81' lang='lat' dir='ltr'><strong>asserentium</strong></span> <span class='ocrx_word' id='word_1_168' title='bbox 1609 3094 1769 3161; x_wconf 93' lang='lat' dir='ltr'><strong>hanc</strong></span> 
     </span>
     <span class='ocr_line' id='line_1_32' title="bbox 203 3179 1768 3267; baseline 0.003 -24"><span class='ocrx_word' id='word_1_169' title='bbox 203 3179 429 3248; x_wconf 72' lang='lat' dir='ltr'><strong>Missam</strong></span> <span class='ocrx_word' id='word_1_170' title='bbox 493 3181 845 3248; x_wconf 90' lang='lat' dir='ltr'><strong>canendam</strong></span> <span class='ocrx_word' id='word_1_171' title='bbox 904 3201 1080 3267; x_wconf 90' lang='lat' dir='ltr'><strong>esse,</strong></span> <span class='ocrx_word' id='word_1_172' title='bbox 1142 3194 1216 3250; x_wconf 92' lang='lat' dir='ltr'><strong>ut</strong></span> <span class='ocrx_word' id='word_1_173' title='bbox 1276 3185 1448 3250; x_wconf 89' lang='lat' dir='ltr'><strong>locus</strong></span> <span class='ocrx_word' id='word_1_174' title='bbox 1508 3183 1604 3249; x_wconf 91' lang='lat' dir='ltr'><strong>illi</strong></span> <span class='ocrx_word' id='word_1_175' title='bbox 1661 3183 1768 3250; x_wconf 86' lang='lat' dir='ltr'><strong>fiat</strong></span> 
     </span>
     <span class='ocr_line' id='line_1_33' title="bbox 203 3268 1766 3359; baseline 0.004 -26"><span class='ocrx_word' id='word_1_176' title='bbox 203 3268 260 3333; x_wconf 90' lang='lat' dir='ltr'><strong>in</strong></span> <span class='ocrx_word' id='word_1_177' title='bbox 311 3269 533 3339; x_wconf 89' lang='lat' dir='ltr'><strong>diebus</strong></span> <span class='ocrx_word' id='word_1_178' title='bbox 595 3270 768 3337; x_wconf 79' lang='lat' dir='ltr'><strong>festis</strong></span> <span class='ocrx_word' id='word_1_179' title='bbox 828 3272 931 3337; x_wconf 80' lang='lat' dir='ltr'><strong>vel</strong></span> <span class='ocrx_word' id='word_1_180' title='bbox 992 3273 1152 3338; x_wconf 90' lang='lat' dir='ltr'><strong>ritus</strong></span> <span class='ocrx_word' id='word_1_181' title='bbox 1213 3272 1526 3359; x_wconf 90' lang='lat' dir='ltr'><strong>duplicis;</strong></span> <span class='ocrx_word' id='word_1_182' title='bbox 1597 3283 1766 3340; x_wconf 89' lang='lat' dir='ltr'><strong>ratus</strong></span> 
     </span>
     <span class='ocr_line' id='line_1_34' title="bbox 203 3359 1769 3449; baseline 0.004 -26"><span class='ocrx_word' id='word_1_183' title='bbox 203 3366 290 3424; x_wconf 89' lang='lat' dir='ltr'><strong>est</strong></span> <span class='ocrx_word' id='word_1_184' title='bbox 342 3379 658 3449; x_wconf 87' lang='lat' dir='ltr'><strong>pauperes</strong></span> <span class='ocrx_word' id='word_1_185' title='bbox 724 3359 1099 3444; x_wconf 77' lang='lat' dir='ltr'><strong>defunctos,</strong></span> <span class='ocrx_word' id='word_1_186' title='bbox 1169 3361 1350 3447; x_wconf 85' lang='lat' dir='ltr'><strong>queis</strong></span> <span class='ocrx_word' id='word_1_187' title='bbox 1411 3360 1579 3429; x_wconf 86' lang='lat' dir='ltr'><strong>vires</strong></span> <span class='ocrx_word' id='word_1_188' title='bbox 1640 3381 1769 3429; x_wconf 91' lang='lat' dir='ltr'><strong>non</strong></span> 
     </span>
     <span class='ocr_line' id='line_1_35' title="bbox 200 3449 1769 3535; baseline 0.003 -23"><span class='ocrx_word' id='word_1_189' title='bbox 200 3460 535 3535; x_wconf 87' lang='lat' dir='ltr'><strong>suppetunt</strong></span> <span class='ocrx_word' id='word_1_190' title='bbox 582 3467 700 3535; x_wconf 89' lang='lat' dir='ltr'><strong>pro</strong></span> <span class='ocrx_word' id='word_1_191' title='bbox 745 3449 1090 3517; x_wconf 89' lang='lat' dir='ltr'><strong>obtinenda</strong></span> <span class='ocrx_word' id='word_1_192' title='bbox 1135 3451 1313 3516; x_wconf 79' lang='lat' dir='ltr'><strong>Missa</strong></span> <span class='ocrx_word' id='word_1_193' title='bbox 1358 3450 1643 3518; x_wconf 87' lang='lat' dir='ltr'><strong>Solemni</strong></span> <span class='ocrx_word' id='word_1_194' title='bbox 1688 3452 1769 3518; x_wconf 90' lang='lat' dir='ltr'><strong>de</strong></span> 
     </span>
     <span class='ocr_line' id='line_1_36' title="bbox 201 3536 1771 3625; baseline 0.003 -23"><span class='ocrx_word' id='word_1_195' title='bbox 201 3538 495 3622; x_wconf 86' lang='lat' dir='ltr'><strong>Requiem</strong></span> <span class='ocrx_word' id='word_1_196' title='bbox 548 3538 612 3604; x_wconf 92' lang='lat' dir='ltr'><strong>in</strong></span> <span class='ocrx_word' id='word_1_197' title='bbox 658 3536 764 3604; x_wconf 90' lang='lat' dir='ltr'><strong>die</strong></span> <span class='ocrx_word' id='word_1_198' title='bbox 811 3537 1248 3625; x_wconf 88' lang='lat' dir='ltr'><strong>depositionis,</strong></span> <span class='ocrx_word' id='word_1_199' title='bbox 1285 3538 1600 3606; x_wconf 83' lang='lat' dir='ltr'><strong>inferioris</strong></span> <span class='ocrx_word' id='word_1_200' title='bbox 1632 3558 1771 3606; x_wconf 87' lang='lat' dir='ltr'><strong>esse</strong></span> 
     </span>
     <span class='ocr_line' id='line_1_37' title="bbox 201 3626 1770 3714; baseline 0.003 -26"><span class='ocrx_word' id='word_1_201' title='bbox 201 3626 569 3693; x_wconf 89' lang='lat' dir='ltr'><strong>conditionis</strong></span> <span class='ocrx_word' id='word_1_202' title='bbox 615 3636 917 3712; x_wconf 88' lang='lat' dir='ltr'><strong>respectu</strong></span> <span class='ocrx_word' id='word_1_203' title='bbox 962 3627 1266 3706; x_wconf 82' lang='lat' dir='ltr'><strong>divitum3</strong></span> <span class='ocrx_word' id='word_1_204' title='bbox 1315 3639 1656 3714; x_wconf 85' lang='lat' dir='ltr'><strong>propterea</strong></span> <span class='ocrx_word' id='word_1_205' title='bbox 1685 3647 1770 3694; x_wconf 91' lang='lat' dir='ltr'><strong>ne</strong></span> 
     </span>
     <span class='ocr_line' id='line_1_38' title="bbox 203 3710 1770 3803; baseline 0.003 -26"><span class='ocrx_word' id='word_1_206' title='bbox 203 3710 311 3780; x_wconf 90' lang='lat' dir='ltr'><strong>hoc</strong></span> <span class='ocrx_word' id='word_1_207' title='bbox 352 3714 665 3802; x_wconf 88' lang='lat' dir='ltr'><strong>peculiari</strong></span> <span class='ocrx_word' id='word_1_208' title='bbox 726 3716 854 3782; x_wconf 89' lang='lat' dir='ltr'><strong>ritu</strong></span> <span class='ocrx_word' id='word_1_209' title='bbox 900 3717 976 3782; x_wconf 90' lang='lat' dir='ltr'><strong>ah</strong></span> <span class='ocrx_word' id='word_1_210' title='bbox 1025 3716 1303 3782; x_wconf 83' lang='lat' dir='ltr'><strong>Ecclesia</strong></span> <span class='ocrx_word' id='word_1_211' title='bbox 1361 3725 1596 3783; x_wconf 89' lang='lat' dir='ltr'><strong>statuto</strong></span> <span class='ocrx_word' id='word_1_212' title='bbox 1640 3716 1770 3803; x_wconf 89' lang='lat' dir='ltr'><strong>pri-</strong></span> 
     </span>
     <span class='ocr_line' id='line_1_39' title="bbox 201 3803 1772 3891; baseline 0.004 -27"><span class='ocrx_word' id='word_1_213' title='bbox 201 3812 456 3884; x_wconf 76' lang='lat' dir='ltr'><strong>ventnr3</strong></span> <span class='ocrx_word' id='word_1_214' title='bbox 505 3803 775 3871; x_wconf 92' lang='lat' dir='ltr'><strong>concedi</strong></span> <span class='ocrx_word' id='word_1_215' title='bbox 820 3812 893 3870; x_wconf 91' lang='lat' dir='ltr'><strong>ut</strong></span> <span class='ocrx_word' id='word_1_216' title='bbox 937 3822 1057 3890; x_wconf 90' lang='lat' dir='ltr'><strong>pro</strong></span> <span class='ocrx_word' id='word_1_217' title='bbox 1110 3804 1430 3871; x_wconf 78' lang='lat' dir='ltr'><strong>defunctis</strong></span> <span class='ocrx_word' id='word_1_218' title='bbox 1475 3804 1772 3891; x_wconf 90' lang='lat' dir='ltr'><strong>pauperi-</strong></span> 
     </span>
     <span class='ocr_line' id='line_1_40' title="bbox 200 3888 1769 3981; baseline 0.003 -27"><span class='ocrx_word' id='word_1_219' title='bbox 200 3888 307 3955; x_wconf 91' lang='lat' dir='ltr'><strong>bus</strong></span> <span class='ocrx_word' id='word_1_220' title='bbox 350 3891 529 3958; x_wconf 79' lang='lat' dir='ltr'><strong>Missa</strong></span> <span class='ocrx_word' id='word_1_221' title='bbox 573 3911 607 3957; x_wconf 89' lang='lat' dir='ltr'><strong>a</strong></span> <span class='ocrx_word' id='word_1_222' title='bbox 643 3890 872 3958; x_wconf 85' lang='lat' dir='ltr'><strong>Rituali</strong></span> <span class='ocrx_word' id='word_1_223' title='bbox 904 3893 1212 3960; x_wconf 89' lang='lat' dir='ltr'><strong>recensita</strong></span> <span class='ocrx_word' id='word_1_224' title='bbox 1243 3892 1351 3959; x_wconf 89' lang='lat' dir='ltr'><strong>die</strong></span> <span class='ocrx_word' id='word_1_225' title='bbox 1381 3894 1769 3981; x_wconf 84' lang='lat' dir='ltr'><strong>praescripta</strong></span> 
     </span>
     <span class='ocr_line' id='line_1_41' title="bbox 202 3976 1768 4064; baseline 0.003 -22"><span class='ocrx_word' id='word_1_226' title='bbox 202 3976 318 4064; x_wconf 89' lang='lat' dir='ltr'><strong>legi</strong></span> <span class='ocrx_word' id='word_1_227' title='bbox 363 3980 556 4047; x_wconf 90' lang='lat' dir='ltr'><strong>etiam</strong></span> <span class='ocrx_word' id='word_1_228' title='bbox 600 3980 807 4046; x_wconf 80' lang='lat' dir='ltr'><strong>valeat</strong></span> <span class='ocrx_word' id='word_1_229' title='bbox 853 3981 917 4046; x_wconf 87' lang='lat' dir='ltr'><strong>in</strong></span> <span class='ocrx_word' id='word_1_230' title='bbox 963 3981 1192 4048; x_wconf 87' lang='lat' dir='ltr'><strong>diebus</strong></span> <span class='ocrx_word' id='word_1_231' title='bbox 1239 3981 1412 4047; x_wconf 80' lang='lat' dir='ltr'><strong>sestis</strong></span> <span class='ocrx_word' id='word_1_232' title='bbox 1456 3980 1560 4046; x_wconf 84' lang='lat' dir='ltr'><strong>vel</strong></span> <span class='ocrx_word' id='word_1_233' title='bbox 1610 3982 1768 4048; x_wconf 90' lang='lat' dir='ltr'><strong>ritus</strong></span> 
     </span>
     <span class='ocr_line' id='line_1_42' title="bbox 200 4065 1768 4157; baseline 0.002 -26"><span class='ocrx_word' id='word_1_234' title='bbox 200 4065 486 4154; x_wconf 79' lang='lat' dir='ltr'><strong>dupliciS,</strong></span> <span class='ocrx_word' id='word_1_235' title='bbox 543 4081 734 4155; x_wconf 90' lang='lat' dir='ltr'><strong>atque</strong></span> <span class='ocrx_word' id='word_1_236' title='bbox 788 4070 865 4136; x_wconf 94' lang='lat' dir='ltr'><strong>ad</strong></span> <span class='ocrx_word' id='word_1_237' title='bbox 920 4069 1037 4136; x_wconf 91' lang='lat' dir='ltr'><strong>hoc</strong></span> <span class='ocrx_word' id='word_1_238' title='bbox 1101 4070 1420 4136; x_wconf 91' lang='lat' dir='ltr'><strong>indultum</strong></span> <span class='ocrx_word' id='word_1_239' title='bbox 1478 4069 1768 4157; x_wconf 89' lang='lat' dir='ltr'><strong>expediri</strong></span> 
     </span>
     <span class='ocr_line' id='line_1_43' title="bbox 201 4157 1770 4309; baseline 0.003 -89"><span class='ocrx_word' id='word_1_240' title='bbox 201 4157 408 4309; x_wconf 63' lang='grc' dir='ltr'>ὃῗρηο</span> <span class='ocrx_word' id='word_1_241' title='bbox 432 4158 694 4225; x_wconf 84' lang='lat' dir='ltr'><strong>Rituum</strong></span> <span class='ocrx_word' id='word_1_242' title='bbox 716 4158 1211 4246; x_wconf 80' lang='lat' dir='ltr'><strong>congregationi</strong></span> <span class='ocrx_word' id='word_1_243' title='bbox 1236 4158 1593 4225; x_wconf 88' lang='lat' dir='ltr'><strong>humillime</strong></span> <span class='ocrx_word' id='word_1_244' title='bbox 1624 4177 1770 4246; x_wconf 89' lang='lat' dir='ltr'><strong>sup-</strong></span> 
     </span>
    </p>

    <p class='ocr_par' dir='ltr' id='par_1_7' title="bbox 265 4245 474 4313">
     <span class='ocr_line' id='line_1_44' title="bbox 265 4245 474 4313; baseline 0.024 -5"><span class='ocrx_word' id='word_1_245' title='bbox 265 4245 474 4313; x_wconf 75' lang='lat' dir='ltr'><strong>icavit.</strong></span> 
     </span>
    </p>

    <p class='ocr_par' dir='ltr' id='par_1_8' title="bbox 198 4261 1770 5218">
     <span class='ocr_line' id='line_1_45' title="bbox 198 4261 1766 4437; baseline 0 -38"><span class='ocrx_word' id='word_1_246' title='bbox 198 4261 237 4328; x_wconf 72' lang='lat' dir='ltr'>p</span> <span class='ocrx_word' id='word_1_247' title='bbox 317 4337 394 4399; x_wconf 89' lang='lat' dir='ltr'><strong>Et</strong></span> <span class='ocrx_word' id='word_1_248' title='bbox 441 4338 625 4402; x_wconf 89' lang='lat' dir='ltr'><strong>Sacra</strong></span> <span class='ocrx_word' id='word_1_249' title='bbox 655 4335 915 4402; x_wconf 85' lang='lat' dir='ltr'><strong>Rituum</strong></span> <span class='ocrx_word' id='word_1_250' title='bbox 947 4334 1396 4437; x_wconf 83' lang='lat' dir='ltr'><strong>congregatio,</strong></span> <span class='ocrx_word' id='word_1_251' title='bbox 1443 4335 1521 4402; x_wconf 92' lang='lat' dir='ltr'><strong>ad</strong></span> <span class='ocrx_word' id='word_1_252' title='bbox 1566 4334 1766 4413; x_wconf 86' lang='lat' dir='ltr'><strong>Quiri·</strong></span> 
     </span>
     <span class='ocr_line' id='line_1_46' title="bbox 200 4420 1767 4511; baseline 0.002 -26"><span class='ocrx_word' id='word_1_253' title='bbox 200 4420 331 4488; x_wconf 90' lang='lat' dir='ltr'><strong>nale</strong></span> <span class='ocrx_word' id='word_1_254' title='bbox 367 4422 487 4489; x_wconf 87' lang='lat' dir='ltr'><strong>sub</strong></span> <span class='ocrx_word' id='word_1_255' title='bbox 528 4421 918 4511; x_wconf 83' lang='lat' dir='ltr'><strong>infrascripta</strong></span> <span class='ocrx_word' id='word_1_256' title='bbox 958 4423 1065 4490; x_wconf 91' lang='lat' dir='ltr'><strong>die</strong></span> <span class='ocrx_word' id='word_1_257' title='bbox 1099 4442 1164 4489; x_wconf 88' lang='lat' dir='ltr'><strong>m</strong></span> <span class='ocrx_word' id='word_1_258' title='bbox 1193 4421 1520 4490; x_wconf 86' lang='lat' dir='ltr'><strong>ordinario</strong></span> <span class='ocrx_word' id='word_1_259' title='bbox 1564 4425 1767 4490; x_wconf 90' lang='lat' dir='ltr'><strong>coetu</strong></span> 
     </span>
     <span class='ocr_line' id='line_1_47' title="bbox 199 4509 1766 4599; baseline 0.003 -26"><span class='ocrx_word' id='word_1_260' title='bbox 199 4510 569 4595; x_wconf 87' lang='lat' dir='ltr'><strong>coadunata,</strong></span> <span class='ocrx_word' id='word_1_261' title='bbox 618 4511 830 4578; x_wconf 90' lang='lat' dir='ltr'><strong>audita</strong></span> <span class='ocrx_word' id='word_1_262' title='bbox 889 4511 1201 4578; x_wconf 89' lang='lat' dir='ltr'><strong>relatione</strong></span> <span class='ocrx_word' id='word_1_263' title='bbox 1246 4509 1324 4576; x_wconf 97' lang='grc'><strong>31)</strong></span> <span class='ocrx_word' id='word_1_264' title='bbox 1370 4511 1766 4599; x_wconf 77' lang='lat' dir='ltr'><strong>infrascripto</strong></span> 
     </span>
     <span class='ocr_line' id='line_1_48' title="bbox 199 4598 1770 4684; baseline 0.001 -22"><span class='ocrx_word' id='word_1_265' title='bbox 199 4598 545 4666; x_wconf 82' lang='lat' dir='ltr'><strong>secretario</strong></span> <span class='ocrx_word' id='word_1_266' title='bbox 575 4599 735 4666; x_wconf 83' lang='lat' dir='ltr'><strong>facta</strong></span> <span class='ocrx_word' id='word_1_267' title='bbox 760 4610 826 4667; x_wconf 88' lang='lat' dir='ltr'><strong>et</strong></span> <span class='ocrx_word' id='word_1_268' title='bbox 859 4599 1154 4667; x_wconf 87' lang='lat' dir='ltr'><strong>omnibus</strong></span> <span class='ocrx_word' id='word_1_269' title='bbox 1186 4599 1310 4665; x_wconf 92' lang='lat' dir='ltr'><strong>rite</strong></span> <span class='ocrx_word' id='word_1_270' title='bbox 1335 4599 1770 4684; x_wconf 87' lang='lat' dir='ltr'><strong>consideratis,</strong></span> 
     </span>
     <span class='ocr_line' id='line_1_49' title="bbox 200 4687 1766 4770; baseline 0.001 -19"><span class='ocrx_word' id='word_1_271' title='bbox 200 4688 563 4770; x_wconf 86' lang='lat' dir='ltr'><strong>praesertim</strong></span> <span class='ocrx_word' id='word_1_272' title='bbox 632 4690 917 4755; x_wconf 89' lang='lat' dir='ltr'><strong>Decretis</strong></span> <span class='ocrx_word' id='word_1_273' title='bbox 982 4710 1038 4754; x_wconf 84' lang='lat' dir='ltr'><strong>S.</strong></span> <span class='ocrx_word' id='word_1_274' title='bbox 1095 4707 1186 4755; x_wconf 91' lang='lat' dir='ltr'><strong>m.</strong></span> <span class='ocrx_word' id='word_1_275' title='bbox 1249 4687 1595 4756; x_wconf 81' lang='lat' dir='ltr'><strong>Alexandri</strong></span> <span class='ocrx_word' id='word_1_276' title='bbox 1659 4692 1766 4754; x_wconf 87' lang='lat' dir='ltr'><strong>Pa·</strong></span> 
     </span>
     <span class='ocr_line' id='line_1_50' title="bbox 200 4776 1762 4863; baseline 0.003 -26"><span class='ocrx_word' id='word_1_277' title='bbox 200 4790 307 4858; x_wconf 86' lang='lat' dir='ltr'><strong>pae</strong></span> <span class='ocrx_word' id='word_1_278' title='bbox 339 4779 469 4859; x_wconf 84' lang='lat' dir='ltr'><strong>vu,</strong></span> <span class='ocrx_word' id='word_1_279' title='bbox 503 4776 987 4844; x_wconf 87' lang='lat' dir='ltr'><strong>rescribendum</strong></span> <span class='ocrx_word' id='word_1_280' title='bbox 1020 4776 1307 4844; x_wconf 86' lang='lat' dir='ltr'><strong>censuit:</strong></span> <span class='ocrx_word' id='word_1_281' title='bbox 1358 4797 1395 4841; x_wconf 64' lang='grc' dir='ltr'><strong>α</strong></span> <span class='ocrx_word' id='word_1_282' title='bbox 1422 4776 1762 4863; x_wconf 84' lang='lat' dir='ltr'><strong>Negative;</strong></span> 
     </span>
     <span class='ocr_line' id='line_1_51' title="bbox 199 4864 1765 4952; baseline 0.004 -27"><span class='ocrx_word' id='word_1_283' title='bbox 199 4871 258 4926; x_wconf 91' lang='lat' dir='ltr'><strong>et</strong></span> <span class='ocrx_word' id='word_1_284' title='bbox 298 4874 637 4931; x_wconf 78' lang='lat' dir='ltr'><strong>serventur</strong></span> <span class='ocrx_word' id='word_1_285' title='bbox 679 4865 990 4933; x_wconf 84' lang='lat' dir='ltr'><strong>Rubricae</strong></span> <span class='ocrx_word' id='word_1_286' title='bbox 1022 4887 1087 4931; x_wconf 60' lang='grc' dir='ltr'><strong>ι.</strong></span> <span class='ocrx_word' id='word_1_287' title='bbox 1137 4867 1343 4952; x_wconf 82' lang='lat' dir='ltr'><strong>Atque</strong></span> <span class='ocrx_word' id='word_1_288' title='bbox 1403 4865 1484 4932; x_wconf 88' lang='lat' dir='ltr'><strong>ita</strong></span> <span class='ocrx_word' id='word_1_289' title='bbox 1541 4864 1765 4931; x_wconf 89' lang='lat' dir='ltr'><strong>rescri-</strong></span> 
     </span>
     <span class='ocr_line' id='line_1_52' title="bbox 199 4949 1194 5040; baseline 0.006 -26"><span class='ocrx_word' id='word_1_290' title='bbox 199 4949 340 5035; x_wconf 85' lang='lat' dir='ltr'><strong>psit.</strong></span> <span class='ocrx_word' id='word_1_291' title='bbox 390 4951 507 5019; x_wconf 90' lang='lat' dir='ltr'><strong>Die</strong></span> <span class='ocrx_word' id='word_1_292' title='bbox 558 4956 634 5019; x_wconf 93' lang='grc'><strong>17</strong></span> <span class='ocrx_word' id='word_1_293' title='bbox 681 4954 952 5040; x_wconf 83' lang='lat' dir='ltr'><strong>Augusti</strong></span> <span class='ocrx_word' id='word_1_294' title='bbox 1005 4958 1194 5022; x_wconf 83' lang='grc'><strong>1833.</strong></span> 
     </span>
     <span class='ocr_line' id='line_1_53' title="bbox 201 5125 1765 5218; baseline 0.003 -24"><span class='ocrx_word' id='word_1_295' title='bbox 201 5125 432 5200; x_wconf 75' lang='grc'><strong>2712.</strong></span> <span class='ocrx_word' id='word_1_296' title='bbox 784 5134 1164 5200; x_wconf 80' lang='lat' dir='ltr'><strong>BOSANEN.</strong></span> <span class='ocrx_word' id='word_1_297' title='bbox 1538 5128 1765 5218; x_wconf 70' lang='lat'>(4720)</span> 
     </span>
    </p>

    <p class='ocr_par' dir='ltr' id='par_1_9' title="bbox 198 5309 1767 5485">
     <span class='ocr_line' id='line_1_54' title="bbox 321 5309 1767 5399; baseline 0.005 -26"><span class='ocrx_word' id='word_1_298' title='bbox 321 5309 700 5377; x_wconf 74' lang='lat' dir='ltr'><strong>parochialis</strong></span> <span class='ocrx_word' id='word_1_299' title='bbox 747 5311 1025 5378; x_wconf 86' lang='lat' dir='ltr'><strong>Ecclesia</strong></span> <span class='ocrx_word' id='word_1_300' title='bbox 1088 5309 1320 5399; x_wconf 88' lang='lat' dir='ltr'><strong>Oppidi</strong></span> <span class='ocrx_word' id='word_1_301' title='bbox 1366 5310 1469 5378; x_wconf 90' lang='lat' dir='ltr'><strong>cui</strong></span> <span class='ocrx_word' id='word_1_302' title='bbox 1531 5330 1767 5380; x_wconf 90' lang='lat' dir='ltr'><strong>nomen</strong></span> 
     </span>
     <span class='ocr_line' id='line_1_55' title="bbox 198 5396 1763 5485; baseline 0.006 -26"><span class='ocrx_word' id='word_1_303' title='bbox 198 5396 386 5483; x_wconf 80' lang='lat' dir='ltr'><strong>vulgo</strong></span> <span class='ocrx_word' id='word_1_304' title='bbox 437 5399 727 5484; x_wconf 63' lang='lat' dir='ltr'><strong>cuglieri</strong></span> <span class='ocrx_word' id='word_1_305' title='bbox 779 5399 1098 5467; x_wconf 87' lang='lat' dir='ltr'><strong>Dioecesis</strong></span> <span class='ocrx_word' id='word_1_306' title='bbox 1154 5404 1468 5468; x_wconf 88' lang='lat' dir='ltr'><strong>Bosanen.</strong></span> <span class='ocrx_word' id='word_1_307' title='bbox 1514 5419 1763 5485; x_wconf 88' lang='lat' dir='ltr'><strong>recens,</strong></span> 
     </span>
    </p>
   </div>
   <div class='ocr_carea' id='block_1_6' title="bbox 1861 524 3450 2206">
    <p class='ocr_par' dir='ltr' id='par_1_10' title="bbox 1861 524 3450 2206">
     <span class='ocr_line' id='line_1_56' title="bbox 1861 524 3447 614; baseline 0.004 -25"><span class='ocrx_word' id='word_1_308' title='bbox 1861 524 2135 612; x_wconf 89' lang='lat' dir='ltr'><strong>legiatae</strong></span> <span class='ocrx_word' id='word_1_309' title='bbox 2166 525 2356 592; x_wconf 91' lang='lat' dir='ltr'><strong>titulo</strong></span> <span class='ocrx_word' id='word_1_310' title='bbox 2388 526 2685 614; x_wconf 86' lang='lat' dir='ltr'><strong>insignita</strong></span> <span class='ocrx_word' id='word_1_311' title='bbox 2714 525 2861 593; x_wconf 69' lang='lat' dir='ltr'><strong>fuit;</strong></span> <span class='ocrx_word' id='word_1_312' title='bbox 2905 531 3045 613; x_wconf 91' lang='lat' dir='ltr'><strong>Ipse</strong></span> <span class='ocrx_word' id='word_1_313' title='bbox 3077 539 3289 595; x_wconf 90' lang='lat' dir='ltr'><strong>autem</strong></span> <span class='ocrx_word' id='word_1_314' title='bbox 3320 529 3447 596; x_wconf 91' lang='lat' dir='ltr'><strong>Lit-</strong></span> 
     </span>
     <span class='ocr_line' id='line_1_57' title="bbox 1865 613 3447 703; baseline 0.006 -26"><span class='ocrx_word' id='word_1_315' title='bbox 1865 622 2148 679; x_wconf 87' lang='lat' dir='ltr'><strong>terarum</strong></span> <span class='ocrx_word' id='word_1_316' title='bbox 2197 613 2704 703; x_wconf 82' lang='lat' dir='ltr'><strong>Apostolicarum</strong></span> <span class='ocrx_word' id='word_1_317' title='bbox 2759 613 3266 701; x_wconf 79' lang='lat' dir='ltr'><strong>exequutionem</strong></span> <span class='ocrx_word' id='word_1_318' title='bbox 3326 622 3447 686; x_wconf 87' lang='lat' dir='ltr'><strong>Re-</strong></span> 
     </span>
     <span class='ocr_line' id='line_1_58' title="bbox 1863 701 3445 791; baseline 0.006 -26"><span class='ocrx_word' id='word_1_319' title='bbox 1863 701 2324 768; x_wconf 81' lang='lat' dir='ltr'><strong>verendissimo</strong></span> <span class='ocrx_word' id='word_1_320' title='bbox 2348 707 2652 770; x_wconf 87' lang='lat' dir='ltr'><strong>Bosanen.</strong></span> <span class='ocrx_word' id='word_1_321' title='bbox 2691 702 3005 791; x_wconf 89' lang='lat' dir='ltr'><strong>Episcopo</strong></span> <span class='ocrx_word' id='word_1_322' title='bbox 3039 723 3159 771; x_wconf 90' lang='lat' dir='ltr'><strong>ceu</strong></span> <span class='ocrx_word' id='word_1_323' title='bbox 3181 709 3445 791; x_wconf 82' lang='lat' dir='ltr'><strong>Aposto-</strong></span> 
     </span>
     <span class='ocr_line' id='line_1_59' title="bbox 1863 787 3446 881; baseline 0.004 -27"><span class='ocrx_word' id='word_1_324' title='bbox 1863 787 1989 855; x_wconf 92' lang='lat' dir='ltr'><strong>lico</strong></span> <span class='ocrx_word' id='word_1_325' title='bbox 2019 790 2097 857; x_wconf 90' lang='lat' dir='ltr'><strong>ad</strong></span> <span class='ocrx_word' id='word_1_326' title='bbox 2130 791 2251 858; x_wconf 92' lang='lat' dir='ltr'><strong>hoc</strong></span> <span class='ocrx_word' id='word_1_327' title='bbox 2281 795 2582 877; x_wconf 91' lang='lat' dir='ltr'><strong>Delegato</strong></span> <span class='ocrx_word' id='word_1_328' title='bbox 2615 791 2965 871; x_wconf 90' lang='lat' dir='ltr'><strong>commisit;</strong></span> <span class='ocrx_word' id='word_1_329' title='bbox 3007 791 3115 878; x_wconf 91' lang='lat' dir='ltr'><strong>qui</strong></span> <span class='ocrx_word' id='word_1_330' title='bbox 3150 794 3269 860; x_wconf 94' lang='lat' dir='ltr'><strong>hoc</strong></span> <span class='ocrx_word' id='word_1_331' title='bbox 3301 814 3446 881; x_wconf 88' lang='lat' dir='ltr'><strong>spe·</strong></span> 
     </span>
     <span class='ocr_line' id='line_1_60' title="bbox 1866 877 3446 968; baseline 0.004 -25"><span class='ocrx_word' id='word_1_332' title='bbox 1866 877 2002 944; x_wconf 88' lang='lat' dir='ltr'><strong>ciali</strong></span> <span class='ocrx_word' id='word_1_333' title='bbox 2027 896 2299 946; x_wconf 90' lang='lat' dir='ltr'><strong>munere</strong></span> <span class='ocrx_word' id='word_1_334' title='bbox 2323 879 2688 946; x_wconf 84' lang='lat' dir='ltr'><strong>honestatus</strong></span> <span class='ocrx_word' id='word_1_335' title='bbox 2713 880 2912 968; x_wconf 93' lang='lat' dir='ltr'><strong>ipsam</strong></span> <span class='ocrx_word' id='word_1_336' title='bbox 2930 881 3358 949; x_wconf 89' lang='lat' dir='ltr'><strong>Parochialem</strong></span> <span class='ocrx_word' id='word_1_337' title='bbox 3381 882 3446 949; x_wconf 88' lang='lat' dir='ltr'><strong>iu</strong></span> 
     </span>
     <span class='ocr_line' id='line_1_61' title="bbox 1864 965 3446 1057; baseline 0.003 -24"><span class='ocrx_word' id='word_1_338' title='bbox 1864 965 2279 1052; x_wconf 90' lang='lat' dir='ltr'><strong>collegiatam</strong></span> <span class='ocrx_word' id='word_1_339' title='bbox 2309 968 2540 1035; x_wconf 88' lang='lat' dir='ltr'><strong>erexit.</strong></span> <span class='ocrx_word' id='word_1_340' title='bbox 2590 972 2755 1035; x_wconf 92' lang='lat' dir='ltr'><strong>Dum</strong></span> <span class='ocrx_word' id='word_1_341' title='bbox 2792 969 2992 1036; x_wconf 89' lang='lat' dir='ltr'><strong>Sacris</strong></span> <span class='ocrx_word' id='word_1_342' title='bbox 3026 968 3266 1036; x_wconf 87' lang='lat' dir='ltr'><strong>ibidem</strong></span> <span class='ocrx_word' id='word_1_343' title='bbox 3297 970 3446 1057; x_wconf 91' lang='lat' dir='ltr'><strong>Epi-</strong></span> 
     </span>
     <span class='ocr_line' id='line_1_62' title="bbox 1865 1056 3443 1143; baseline 0.004 -24"><span class='ocrx_word' id='word_1_344' title='bbox 1865 1073 2097 1141; x_wconf 92' lang='lat' dir='ltr'><strong>scopus</strong></span> <span class='ocrx_word' id='word_1_345' title='bbox 2142 1056 2320 1123; x_wconf 86' lang='lat' dir='ltr'><strong>daret</strong></span> <span class='ocrx_word' id='word_1_346' title='bbox 2366 1074 2654 1143; x_wconf 88' lang='lat' dir='ltr'><strong>operam,</strong></span> <span class='ocrx_word' id='word_1_347' title='bbox 2687 1056 2923 1124; x_wconf 83' lang='lat' dir='ltr'><strong>factum</strong></span> <span class='ocrx_word' id='word_1_348' title='bbox 2957 1067 3077 1142; x_wconf 87' lang='lat' dir='ltr'><strong>est,</strong></span> <span class='ocrx_word' id='word_1_349' title='bbox 3113 1068 3184 1125; x_wconf 87' lang='lat' dir='ltr'><strong>ut</strong></span> <span class='ocrx_word' id='word_1_350' title='bbox 3216 1080 3247 1125; x_wconf 90' lang='lat' dir='ltr'><strong>a</strong></span> <span class='ocrx_word' id='word_1_351' title='bbox 3278 1076 3443 1126; x_wconf 81' lang='lat' dir='ltr'><strong>novo</strong></span> 
     </span>
     <span class='ocr_line' id='line_1_63' title="bbox 1866 1143 3445 1231; baseline 0.003 -21"><span class='ocrx_word' id='word_1_352' title='bbox 1866 1144 2158 1231; x_wconf 84' lang='lat' dir='ltr'><strong>Capitulo</strong></span> <span class='ocrx_word' id='word_1_353' title='bbox 2206 1143 2404 1211; x_wconf 87' lang='lat' dir='ltr'><strong>Sedes</strong></span> <span class='ocrx_word' id='word_1_354' title='bbox 2452 1143 2539 1211; x_wconf 88' lang='lat' dir='ltr'><strong>illi</strong></span> <span class='ocrx_word' id='word_1_355' title='bbox 2575 1144 2955 1212; x_wconf 84' lang='lat' dir='ltr'><strong>Pontificalis</strong></span> <span class='ocrx_word' id='word_1_356' title='bbox 2985 1154 3051 1211; x_wconf 90' lang='lat' dir='ltr'><strong>et</strong></span> <span class='ocrx_word' id='word_1_357' title='bbox 3084 1146 3329 1215; x_wconf 90' lang='lat' dir='ltr'><strong>Solium</strong></span> <span class='ocrx_word' id='word_1_358' title='bbox 3363 1147 3445 1214; x_wconf 92' lang='lat' dir='ltr'><strong>de</strong></span> 
     </span>
     <span class='ocr_line' id='line_1_64' title="bbox 1867 1232 3443 1303; baseline 0.001 -1"><span class='ocrx_word' id='word_1_359' title='bbox 1867 1252 2049 1302; x_wconf 90' lang='lat' dir='ltr'><strong>more</strong></span> <span class='ocrx_word' id='word_1_360' title='bbox 2081 1232 2508 1299; x_wconf 89' lang='lat' dir='ltr'><strong>attolleretur.</strong></span> <span class='ocrx_word' id='word_1_361' title='bbox 2544 1233 2787 1301; x_wconf 91' lang='lat' dir='ltr'><strong>Deinde</strong></span> <span class='ocrx_word' id='word_1_362' title='bbox 2819 1234 3012 1301; x_wconf 87' lang='lat' dir='ltr'><strong>rebus</strong></span> <span class='ocrx_word' id='word_1_363' title='bbox 3040 1235 3335 1303; x_wconf 87' lang='lat' dir='ltr'><strong>omnibus</strong></span> <span class='ocrx_word' id='word_1_364' title='bbox 3364 1236 3443 1303; x_wconf 89' lang='lat' dir='ltr'><strong>ad</strong></span> 
     </span>
     <span class='ocr_line' id='line_1_65' title="bbox 1868 1320 3447 1410; baseline 0.001 -21"><span class='ocrx_word' id='word_1_365' title='bbox 1868 1323 2112 1390; x_wconf 80' lang='lat' dir='ltr'><strong>exitum</strong></span> <span class='ocrx_word' id='word_1_366' title='bbox 2165 1320 2462 1388; x_wconf 90' lang='lat' dir='ltr'><strong>deductis</strong></span> <span class='ocrx_word' id='word_1_367' title='bbox 2513 1326 2733 1387; x_wconf 90' lang='lat' dir='ltr'><strong>Bosam</strong></span> <span class='ocrx_word' id='word_1_368' title='bbox 2778 1323 3112 1407; x_wconf 80' lang='lat' dir='ltr'><strong>remeavit,</strong></span> <span class='ocrx_word' id='word_1_369' title='bbox 3163 1324 3317 1410; x_wconf 92' lang='lat' dir='ltr'><strong>quin</strong></span> <span class='ocrx_word' id='word_1_370' title='bbox 3365 1323 3447 1391; x_wconf 93' lang='grc' dir='ltr'><strong>ο1)</strong></span> 
     </span>
     <span class='ocr_line' id='line_1_66' title="bbox 1868 1408 3446 1499; baseline 0.001 -21"><span class='ocrx_word' id='word_1_371' title='bbox 1868 1411 2003 1478; x_wconf 88' lang='lat' dir='ltr'><strong>eius</strong></span> <span class='ocrx_word' id='word_1_372' title='bbox 2049 1408 2398 1477; x_wconf 88' lang='lat' dir='ltr'><strong>discessum</strong></span> <span class='ocrx_word' id='word_1_373' title='bbox 2442 1410 2819 1478; x_wconf 87' lang='lat' dir='ltr'><strong>cathedram</strong></span> <span class='ocrx_word' id='word_1_374' title='bbox 2878 1410 3317 1499; x_wconf 90' lang='lat' dir='ltr'><strong>Episcopalem</strong></span> <span class='ocrx_word' id='word_1_375' title='bbox 3369 1413 3446 1479; x_wconf 90' lang='lat' dir='ltr'><strong>ab</strong></span> 
     </span>
     <span class='ocr_line' id='line_1_67' title="bbox 1867 1495 3446 1585; baseline 0.003 -19"><span class='ocrx_word' id='word_1_376' title='bbox 1867 1497 2143 1566; x_wconf 87' lang='lat' dir='ltr'><strong>Ecclesia</strong></span> <span class='ocrx_word' id='word_1_377' title='bbox 2187 1495 2538 1585; x_wconf 89' lang='lat' dir='ltr'><strong>collegiata</strong></span> <span class='ocrx_word' id='word_1_378' title='bbox 2579 1498 2942 1585; x_wconf 90' lang='lat' dir='ltr'><strong>Capitulum</strong></span> <span class='ocrx_word' id='word_1_379' title='bbox 2989 1511 3340 1569; x_wconf 80' lang='lat' dir='ltr'><strong>amoveret.</strong></span> <span class='ocrx_word' id='word_1_380' title='bbox 3378 1506 3446 1569; x_wconf 92' lang='lat' dir='ltr'><strong>ln</strong></span> 
     </span>
     <span class='ocr_line' id='line_1_68' title="bbox 1867 1585 3447 1676; baseline 0.002 -22"><span class='ocrx_word' id='word_1_381' title='bbox 1867 1588 2048 1654; x_wconf 90' lang='lat' dir='ltr'><strong>cuius</strong></span> <span class='ocrx_word' id='word_1_382' title='bbox 2101 1585 2195 1652; x_wconf 92' lang='lat' dir='ltr'><strong>rei</strong></span> <span class='ocrx_word' id='word_1_383' title='bbox 2252 1587 2540 1654; x_wconf 90' lang='lat' dir='ltr'><strong>notitiam</strong></span> <span class='ocrx_word' id='word_1_384' title='bbox 2600 1588 2706 1655; x_wconf 87' lang='lat' dir='ltr'><strong>ubi</strong></span> <span class='ocrx_word' id='word_1_385' title='bbox 2765 1599 2909 1675; x_wconf 92' lang='lat' dir='ltr'><strong>post</strong></span> <span class='ocrx_word' id='word_1_386' title='bbox 2961 1588 3200 1676; x_wconf 90' lang='lat' dir='ltr'><strong>aliquot</strong></span> <span class='ocrx_word' id='word_1_387' title='bbox 3252 1610 3447 1657; x_wconf 90' lang='lat' dir='ltr'><strong>annos</strong></span> 
     </span>
     <span class='ocr_line' id='line_1_69' title="bbox 1867 1677 3449 1781; baseline 0.003 -39"><span class='ocrx_word' id='word_1_388' title='bbox 1867 1685 2133 1743; x_wconf 80' lang='lat' dir='ltr'><strong>ventum</strong></span> <span class='ocrx_word' id='word_1_389' title='bbox 2196 1685 2327 1758; x_wconf 89' lang='lat' dir='ltr'><strong>est,</strong></span> <span class='ocrx_word' id='word_1_390' title='bbox 2391 1694 2739 1762; x_wconf 92' lang='lat' dir='ltr'><strong>numquam</strong></span> <span class='ocrx_word' id='word_1_391' title='bbox 2795 1677 3042 1744; x_wconf 88' lang='lat' dir='ltr'><strong>destitit</strong></span> <span class='ocrx_word' id='word_1_392' title='bbox 3096 1679 3449 1781; x_wconf 84' lang='lat' dir='ltr'><strong>Episcopus</strong></span> 
     </span>
     <span class='ocr_line' id='line_1_70' title="bbox 1865 1763 3448 1850; baseline 0.001 -18"><span class='ocrx_word' id='word_1_393' title='bbox 1865 1764 2213 1832; x_wconf 88' lang='lat' dir='ltr'><strong>Canonicos</strong></span> <span class='ocrx_word' id='word_1_394' title='bbox 2271 1764 2450 1832; x_wconf 92' lang='lat' dir='ltr'><strong>colle</strong></span> <span class='ocrx_word' id='word_1_395' title='bbox 2497 1763 2649 1830; x_wconf 82' lang='lat' dir='ltr'><strong>’ales</strong></span> <span class='ocrx_word' id='word_1_396' title='bbox 2706 1765 2967 1850; x_wconf 89' lang='lat' dir='ltr'><strong>hortari,</strong></span> <span class='ocrx_word' id='word_1_397' title='bbox 3016 1766 3212 1834; x_wconf 91' lang='lat' dir='ltr'><strong>immo</strong></span> <span class='ocrx_word' id='word_1_398' title='bbox 3258 1778 3448 1834; x_wconf 78' lang='lat' dir='ltr'><strong>etiam</strong></span> 
     </span>
     <span class='ocr_line' id='line_1_71' title="bbox 1870 1851 3450 1943; baseline 0.002 -24"><span class='ocrx_word' id='word_1_399' title='bbox 1870 1853 2042 1919; x_wconf 91' lang='lat' dir='ltr'><strong>iussu</strong></span> <span class='ocrx_word' id='word_1_400' title='bbox 2074 1857 2305 1940; x_wconf 83' lang='lat' dir='ltr'><strong>cogere</strong></span> <span class='ocrx_word' id='word_1_401' title='bbox 2335 1871 2418 1918; x_wconf 88' lang='lat' dir='ltr'><strong>ne</strong></span> <span class='ocrx_word' id='word_1_402' title='bbox 2497 1853 2689 1919; x_wconf 91' lang='lat' dir='ltr'><strong>iutius</strong></span> <span class='ocrx_word' id='word_1_403' title='bbox 2717 1851 3006 1920; x_wconf 88' lang='lat' dir='ltr'><strong>sinerent</strong></span> <span class='ocrx_word' id='word_1_404' title='bbox 3035 1854 3271 1922; x_wconf 89' lang='lat' dir='ltr'><strong>Sedem</strong></span> <span class='ocrx_word' id='word_1_405' title='bbox 3300 1856 3450 1943; x_wconf 89' lang='lat' dir='ltr'><strong>Epi-</strong></span> 
     </span>
     <span class='ocr_line' id='line_1_72' title="bbox 1865 1940 3449 2028; baseline 0 -20"><span class='ocrx_word' id='word_1_406' title='bbox 1865 1940 2189 2028; x_wconf 89' lang='lat' dir='ltr'><strong>scopalem</strong></span> <span class='ocrx_word' id='word_1_407' title='bbox 2256 1951 2322 2005; x_wconf 89' lang='lat' dir='ltr'><strong>et</strong></span> <span class='ocrx_word' id='word_1_408' title='bbox 2389 1942 2632 2008; x_wconf 88' lang='lat' dir='ltr'><strong>Solium</strong></span> <span class='ocrx_word' id='word_1_409' title='bbox 2700 1942 2763 2007; x_wconf 94' lang='lat' dir='ltr'><strong>in</strong></span> <span class='ocrx_word' id='word_1_410' title='bbox 2832 1941 3092 2008; x_wconf 91' lang='lat' dir='ltr'><strong>illorum</strong></span> <span class='ocrx_word' id='word_1_411' title='bbox 3166 1943 3449 2012; x_wconf 90' lang='lat' dir='ltr'><strong>Ecclesia</strong></span> 
     </span>
     <span class='ocr_line' id='line_1_73' title="bbox 1869 2028 3449 2120; baseline 0.002 -24"><span class='ocrx_word' id='word_1_412' title='bbox 1869 2029 2179 2110; x_wconf 89' lang='lat' dir='ltr'><strong>retineri;</strong></span> <span class='ocrx_word' id='word_1_413' title='bbox 2238 2030 2351 2096; x_wconf 93' lang='lat' dir='ltr'><strong>sed</strong></span> <span class='ocrx_word' id='word_1_414' title='bbox 2400 2028 2678 2097; x_wconf 78' lang='lat' dir='ltr'><strong>frustra:</strong></span> <span class='ocrx_word' id='word_1_415' title='bbox 2736 2029 3072 2117; x_wconf 89' lang='lat' dir='ltr'><strong>imperanti</strong></span> <span class='ocrx_word' id='word_1_416' title='bbox 3132 2031 3449 2120; x_wconf 88' lang='lat' dir='ltr'><strong>siquidem</strong></span> 
     </span>
     <span class='ocr_line' id='line_1_74' title="bbox 1870 2117 3448 2206; baseline 0.002 -21"><span class='ocrx_word' id='word_1_417' title='bbox 1870 2119 2182 2206; x_wconf 88' lang='lat' dir='ltr'><strong>Episcopo</strong></span> <span class='ocrx_word' id='word_1_418' title='bbox 2227 2117 2458 2184; x_wconf 88' lang='lat' dir='ltr'><strong>acriter</strong></span> <span class='ocrx_word' id='word_1_419' title='bbox 2501 2120 2874 2185; x_wconf 89' lang='lat' dir='ltr'><strong>restiterunt</strong></span> <span class='ocrx_word' id='word_1_420' title='bbox 2907 2118 3270 2188; x_wconf 87' lang='lat' dir='ltr'><strong>dictitantes</strong></span> <span class='ocrx_word' id='word_1_421' title='bbox 3300 2140 3448 2188; x_wconf 92' lang='lat' dir='ltr'><strong>con-</strong></span> 
     </span>
    </p>
   </div>
   <div class='ocr_carea' id='block_1_7' title="bbox 1828 2207 3448 2295">
    <p class='ocr_par' dir='ltr' id='par_1_11' title="bbox 1828 2207 3448 2295">
     <span class='ocr_line' id='line_1_75' title="bbox 1828 2207 3448 2295; baseline 0 -21"><span class='ocrx_word' id='word_1_422' title='bbox 1828 2207 2304 2288; x_wconf 75' lang='lat' dir='ltr'><strong>suetudinem,</strong></span> <span class='ocrx_word' id='word_1_423' title='bbox 2356 2207 2508 2275; x_wconf 90' lang='lat' dir='ltr'><strong>licet</strong></span> <span class='ocrx_word' id='word_1_424' title='bbox 2554 2225 2903 2295; x_wconf 90' lang='lat' dir='ltr'><strong>paucorum</strong></span> <span class='ocrx_word' id='word_1_425' title='bbox 2947 2225 3282 2295; x_wconf 88' lang='lat' dir='ltr'><strong>annorum,</strong></span> <span class='ocrx_word' id='word_1_426' title='bbox 3331 2207 3448 2275; x_wconf 88' lang='lat' dir='ltr'><strong>sibi</strong></span> 
     </span>
    </p>
   </div>
   <div class='ocr_carea' id='block_1_8' title="bbox 1867 2295 3537 4509">
    <p class='ocr_par' dir='ltr' id='par_1_12' title="bbox 1867 2295 3453 3175">
     <span class='ocr_line' id='line_1_76' title="bbox 1870 2295 3449 2383; baseline 0 -20"><span class='ocrx_word' id='word_1_427' title='bbox 1870 2295 2114 2383; x_wconf 90' lang='lat' dir='ltr'><strong>liquido</strong></span> <span class='ocrx_word' id='word_1_428' title='bbox 2175 2295 2523 2383; x_wconf 83' lang='lat' dir='ltr'><strong>suffragari.</strong></span> <span class='ocrx_word' id='word_1_429' title='bbox 2584 2297 2786 2373; x_wconf 86' lang='lat' dir='ltr'><strong>Quare</strong></span> <span class='ocrx_word' id='word_1_430' title='bbox 2845 2314 3047 2382; x_wconf 89' lang='lat' dir='ltr'><strong>quum</strong></span> <span class='ocrx_word' id='word_1_431' title='bbox 3105 2296 3277 2364; x_wconf 92' lang='lat' dir='ltr'><strong>nulla</strong></span> <span class='ocrx_word' id='word_1_432' title='bbox 3325 2297 3449 2363; x_wconf 89' lang='lat' dir='ltr'><strong>iam</strong></span> 
     </span>
     <span class='ocr_line' id='line_1_77' title="bbox 1867 2383 3450 2473; baseline -0.001 -22"><span class='ocrx_word' id='word_1_433' title='bbox 1867 2405 2014 2473; x_wconf 92' lang='lat' dir='ltr'><strong>spes</strong></span> <span class='ocrx_word' id='word_1_434' title='bbox 2072 2383 2382 2472; x_wconf 86' lang='lat' dir='ltr'><strong>Episcopo</strong></span> <span class='ocrx_word' id='word_1_435' title='bbox 2444 2396 2809 2470; x_wconf 66' lang='lat' dir='ltr'><strong>superesset</strong></span> <span class='ocrx_word' id='word_1_436' title='bbox 2870 2385 3161 2453; x_wconf 73' lang='lat' dir='ltr'><strong>futurum</strong></span> <span class='ocrx_word' id='word_1_437' title='bbox 3221 2395 3292 2450; x_wconf 94' lang='lat' dir='ltr'><strong>ut</strong></span> <span class='ocrx_word' id='word_1_438' title='bbox 3336 2384 3450 2450; x_wconf 85' lang='lat' dir='ltr'><strong>ali-</strong></span> 
     </span>
     <span class='ocr_line' id='line_1_78' title="bbox 1870 2474 3449 2562; baseline 0 -22"><span class='ocrx_word' id='word_1_439' title='bbox 1870 2474 2122 2560; x_wconf 90' lang='lat' dir='ltr'><strong>quando</strong></span> <span class='ocrx_word' id='word_1_440' title='bbox 2171 2474 2558 2540; x_wconf 80' lang='lat' dir='ltr'><strong>reluctantes</strong></span> <span class='ocrx_word' id='word_1_441' title='bbox 2616 2491 2765 2540; x_wconf 90' lang='lat' dir='ltr'><strong>suae</strong></span> <span class='ocrx_word' id='word_1_442' title='bbox 2822 2484 3119 2562; x_wconf 81' lang='lat' dir='ltr'><strong>parerent</strong></span> <span class='ocrx_word' id='word_1_443' title='bbox 3178 2474 3449 2540; x_wconf 89' lang='lat' dir='ltr'><strong>auctori-</strong></span> 
     </span>
     <span class='ocr_line' id='line_1_79' title="bbox 1874 2559 3451 2650; baseline 0.001 -22"><span class='ocrx_word' id='word_1_444' title='bbox 1874 2562 2008 2646; x_wconf 84' lang='lat' dir='ltr'><strong>tati,</strong></span> <span class='ocrx_word' id='word_1_445' title='bbox 2059 2559 2382 2630; x_wconf 87' lang='lat' dir='ltr'><strong>Sardiniae</strong></span> <span class='ocrx_word' id='word_1_446' title='bbox 2425 2561 2631 2649; x_wconf 84' lang='lat' dir='ltr'><strong>Regni</strong></span> <span class='ocrx_word' id='word_1_447' title='bbox 2678 2561 3104 2650; x_wconf 85' lang='lat' dir='ltr'><strong>Vice-Regem</strong></span> <span class='ocrx_word' id='word_1_448' title='bbox 3151 2564 3215 2629; x_wconf 93' lang='lat' dir='ltr'><strong>in</strong></span> <span class='ocrx_word' id='word_1_449' title='bbox 3261 2581 3451 2650; x_wconf 92' lang='lat' dir='ltr'><strong>opem</strong></span> 
     </span>
     <span class='ocr_line' id='line_1_80' title="bbox 1873 2651 3449 2739; baseline 0 -21"><span class='ocrx_word' id='word_1_450' title='bbox 1873 2651 2268 2739; x_wconf 86' lang='lat' dir='ltr'><strong>imploravit;</strong></span> <span class='ocrx_word' id='word_1_451' title='bbox 2318 2651 2425 2737; x_wconf 94' lang='lat' dir='ltr'><strong>qui</strong></span> <span class='ocrx_word' id='word_1_452' title='bbox 2487 2651 2716 2717; x_wconf 81' lang='lat' dir='ltr'><strong>invitos</strong></span> <span class='ocrx_word' id='word_1_453' title='bbox 2774 2651 3116 2719; x_wconf 89' lang='lat' dir='ltr'><strong>Canonicos</strong></span> <span class='ocrx_word' id='word_1_454' title='bbox 3174 2651 3251 2718; x_wconf 92' lang='lat' dir='ltr'><strong>ad</strong></span> <span class='ocrx_word' id='word_1_455' title='bbox 3300 2653 3449 2719; x_wconf 83' lang='lat' dir='ltr'><strong>obe-</strong></span> 
     </span>
     <span class='ocr_line' id='line_1_81' title="bbox 1867 2738 3451 2829; baseline 0.003 -24"><span class='ocrx_word' id='word_1_456' title='bbox 1867 2739 2174 2806; x_wconf 86' lang='lat' dir='ltr'><strong>dientiam</strong></span> <span class='ocrx_word' id='word_1_457' title='bbox 2214 2738 2453 2826; x_wconf 88' lang='lat' dir='ltr'><strong>adegit.</strong></span> <span class='ocrx_word' id='word_1_458' title='bbox 2490 2739 2748 2806; x_wconf 90' lang='lat' dir='ltr'><strong>Interim</strong></span> <span class='ocrx_word' id='word_1_459' title='bbox 2778 2758 2933 2806; x_wconf 80' lang='lat' dir='ltr'><strong>vero</strong></span> <span class='ocrx_word' id='word_1_460' title='bbox 2963 2739 3315 2829; x_wconf 90' lang='lat' dir='ltr'><strong>Episcopus</strong></span> <span class='ocrx_word' id='word_1_461' title='bbox 3348 2743 3451 2809; x_wconf 88' lang='lat' dir='ltr'><strong>Sa·</strong></span> 
     </span>
     <span class='ocr_line' id='line_1_82' title="bbox 1871 2826 3451 2915; baseline 0.001 -21"><span class='ocrx_word' id='word_1_462' title='bbox 1871 2846 2013 2894; x_wconf 90' lang='lat' dir='ltr'><strong>crae</strong></span> <span class='ocrx_word' id='word_1_463' title='bbox 2061 2826 2320 2895; x_wconf 87' lang='lat' dir='ltr'><strong>Rituum</strong></span> <span class='ocrx_word' id='word_1_464' title='bbox 2365 2828 2856 2915; x_wconf 78' lang='lat' dir='ltr'><strong>congregationi</strong></span> <span class='ocrx_word' id='word_1_465' title='bbox 2898 2830 3228 2914; x_wconf 89' lang='lat' dir='ltr'><strong>sequentia</strong></span> <span class='ocrx_word' id='word_1_466' title='bbox 3262 2829 3451 2896; x_wconf 89' lang='lat' dir='ltr'><strong>dubia</strong></span> 
     </span>
     <span class='ocr_line' id='line_1_83' title="bbox 1872 2915 3452 3005; baseline 0.001 -22"><span class='ocrx_word' id='word_1_467' title='bbox 1872 2915 2204 2984; x_wconf 88' lang='lat' dir='ltr'><strong>enodanda</strong></span> <span class='ocrx_word' id='word_1_468' title='bbox 2249 2917 2606 3005; x_wconf 89' lang='lat' dir='ltr'><strong>proposuit,</strong></span> <span class='ocrx_word' id='word_1_469' title='bbox 2653 2927 2727 2983; x_wconf 90' lang='lat' dir='ltr'><strong>ut</strong></span> <span class='ocrx_word' id='word_1_470' title='bbox 2774 2936 2854 2983; x_wconf 84' lang='lat' dir='ltr'><strong>ex</strong></span> <span class='ocrx_word' id='word_1_471' title='bbox 2901 2916 3088 2985; x_wconf 91' lang='lat' dir='ltr'><strong>huius</strong></span> <span class='ocrx_word' id='word_1_472' title='bbox 3135 2927 3311 2986; x_wconf 82' lang='lat' dir='ltr'><strong>certo</strong></span> <span class='ocrx_word' id='word_1_473' title='bbox 3358 2917 3452 2985; x_wconf 91' lang='lat' dir='ltr'><strong>iu·</strong></span> 
     </span>
     <span class='ocr_line' id='line_1_84' title="bbox 1870 3004 3453 3094; baseline 0.002 -22"><span class='ocrx_word' id='word_1_474' title='bbox 1870 3004 2039 3072; x_wconf 88' lang='lat' dir='ltr'><strong>dicio</strong></span> <span class='ocrx_word' id='word_1_475' title='bbox 2093 3005 2249 3092; x_wconf 90' lang='lat' dir='ltr'><strong>quid</strong></span> <span class='ocrx_word' id='word_1_476' title='bbox 2311 3006 2375 3071; x_wconf 94' lang='lat' dir='ltr'><strong>in</strong></span> <span class='ocrx_word' id='word_1_477' title='bbox 2436 3017 2764 3093; x_wconf 84' lang='lat' dir='ltr'><strong>posterum</strong></span> <span class='ocrx_word' id='word_1_478' title='bbox 2819 3007 2940 3074; x_wconf 89' lang='lat' dir='ltr'><strong>sibi</strong></span> <span class='ocrx_word' id='word_1_479' title='bbox 2996 3008 3317 3094; x_wconf 88' lang='lat' dir='ltr'><strong>agendum</strong></span> <span class='ocrx_word' id='word_1_480' title='bbox 3372 3009 3453 3075; x_wconf 91' lang='lat' dir='ltr'><strong>sit</strong></span> 
     </span>
     <span class='ocr_line' id='line_1_85' title="bbox 1870 3092 2661 3175; baseline 0.001 -15"><span class='ocrx_word' id='word_1_481' title='bbox 1870 3093 2262 3175; x_wconf 89' lang='lat' dir='ltr'><strong>innotescat;</strong></span> <span class='ocrx_word' id='word_1_482' title='bbox 2310 3092 2661 3161; x_wconf 80' lang='lat' dir='ltr'><strong>videlicet:</strong></span> 
     </span>
    </p>

    <p class='ocr_par' dir='ltr' id='par_1_13' title="bbox 1871 3181 3537 3625">
     <span class='ocr_line' id='line_1_86' title="bbox 2010 3181 3452 3271; baseline 0.001 -23"><span class='ocrx_word' id='word_1_483' title='bbox 2010 3185 2069 3249; x_wconf 96' lang='grc'><strong>1.</strong></span> <span class='ocrx_word' id='word_1_484' title='bbox 2120 3186 2215 3249; x_wconf 82' lang='lat' dir='ltr'><strong>An</strong></span> <span class='ocrx_word' id='word_1_485' title='bbox 2259 3182 2641 3250; x_wconf 87' lang='lat' dir='ltr'><strong>cathedram</strong></span> <span class='ocrx_word' id='word_1_486' title='bbox 2700 3203 2817 3251; x_wconf 90' lang='lat' dir='ltr'><strong>seu</strong></span> <span class='ocrx_word' id='word_1_487' title='bbox 2878 3181 3120 3251; x_wconf 87' lang='lat' dir='ltr'><strong>Solium</strong></span> <span class='ocrx_word' id='word_1_488' title='bbox 3177 3183 3259 3249; x_wconf 89' lang='lat' dir='ltr'><strong>ob</strong></span> <span class='ocrx_word' id='word_1_489' title='bbox 3306 3184 3452 3271; x_wconf 85' lang='lat' dir='ltr'><strong>Epi-</strong></span> 
     </span>
     <span class='ocr_line' id='line_1_87' title="bbox 1871 3272 3537 3359; baseline 0.001 -21"><span class='ocrx_word' id='word_1_490' title='bbox 1871 3272 2049 3358; x_wconf 91' lang='lat' dir='ltr'><strong>scopi</strong></span> <span class='ocrx_word' id='word_1_491' title='bbox 2096 3272 2442 3340; x_wconf 84' lang='lat' dir='ltr'><strong>adventum</strong></span> <span class='ocrx_word' id='word_1_492' title='bbox 2491 3272 2555 3338; x_wconf 87' lang='lat' dir='ltr'><strong>in</strong></span> <span class='ocrx_word' id='word_1_493' title='bbox 2600 3272 2947 3359; x_wconf 75' lang='lat' dir='ltr'><strong>collegiata</strong></span> <span class='ocrx_word' id='word_1_494' title='bbox 2993 3272 3270 3338; x_wconf 88' lang='lat' dir='ltr'><strong>Ecclesia</strong></span> <span class='ocrx_word' id='word_1_495' title='bbox 3301 3291 3453 3339; x_wconf 89' lang='lat' dir='ltr'><strong>suae</strong></span> <span class='ocrx_word' id='word_1_496' title='bbox 3532 3352 3537 3357; x_wconf 14' lang='grc' dir='ltr'><strong>Α</strong></span> 
     </span>
     <span class='ocr_line' id='line_1_88' title="bbox 1871 3360 3451 3448; baseline -0.001 -21"><span class='ocrx_word' id='word_1_497' title='bbox 1871 3360 2191 3427; x_wconf 88' lang='lat' dir='ltr'><strong>Dioecesis</strong></span> <span class='ocrx_word' id='word_1_498' title='bbox 2237 3370 2562 3444; x_wconf 89' lang='lat' dir='ltr'><strong>erectum,</strong></span> <span class='ocrx_word' id='word_1_499' title='bbox 2613 3361 2723 3428; x_wconf 90' lang='lat' dir='ltr'><strong>illo</strong></span> <span class='ocrx_word' id='word_1_500' title='bbox 2770 3379 3028 3448; x_wconf 91' lang='lat' dir='ltr'><strong>quoque</strong></span> <span class='ocrx_word' id='word_1_501' title='bbox 3081 3361 3341 3429; x_wconf 87' lang='lat' dir='ltr'><strong>ahsente</strong></span> <span class='ocrx_word' id='word_1_502' title='bbox 3388 3369 3451 3426; x_wconf 92' lang='lat' dir='ltr'><strong>et</strong></span> 
     </span>
     <span class='ocr_line' id='line_1_89' title="bbox 1873 3448 3451 3533; baseline 0 -19"><span class='ocrx_word' id='word_1_503' title='bbox 1873 3449 1938 3516; x_wconf 91' lang='lat' dir='ltr'><strong>in</strong></span> <span class='ocrx_word' id='word_1_504' title='bbox 1982 3468 2159 3515; x_wconf 86' lang='lat' dir='ltr'><strong>suam</strong></span> <span class='ocrx_word' id='word_1_505' title='bbox 2195 3449 2603 3516; x_wconf 88' lang='lat' dir='ltr'><strong>residentiam</strong></span> <span class='ocrx_word' id='word_1_506' title='bbox 2637 3469 2920 3533; x_wconf 84' lang='lat' dir='ltr'><strong>reverso,</strong></span> <span class='ocrx_word' id='word_1_507' title='bbox 2954 3448 3020 3516; x_wconf 90' lang='lat' dir='ltr'><strong>in</strong></span> <span class='ocrx_word' id='word_1_508' title='bbox 3051 3450 3278 3517; x_wconf 88' lang='lat' dir='ltr'><strong>eadem</strong></span> <span class='ocrx_word' id='word_1_509' title='bbox 3308 3448 3451 3516; x_wconf 92' lang='lat' dir='ltr'><strong>col-</strong></span> 
     </span>
     <span class='ocr_line' id='line_1_90' title="bbox 1876 3536 3050 3625; baseline 0.001 -21"><span class='ocrx_word' id='word_1_510' title='bbox 1876 3538 2105 3625; x_wconf 82' lang='lat' dir='ltr'><strong>legiata</strong></span> <span class='ocrx_word' id='word_1_511' title='bbox 2153 3538 2430 3604; x_wconf 88' lang='lat' dir='ltr'><strong>Ecclesia</strong></span> <span class='ocrx_word' id='word_1_512' title='bbox 2478 3538 2764 3605; x_wconf 90' lang='lat' dir='ltr'><strong>retinere</strong></span> <span class='ocrx_word' id='word_1_513' title='bbox 2809 3536 3050 3606; x_wconf 70' lang='lat' dir='ltr'><strong>liceat?</strong></span> 
     </span>
    </p>

    <p class='ocr_par' dir='ltr' id='par_1_14' title="bbox 1873 3626 3452 3890">
     <span class='ocr_line' id='line_1_91' title="bbox 2008 3626 3452 3694; baseline 0.001 -3"><span class='ocrx_word' id='word_1_514' title='bbox 2008 3630 2077 3692; x_wconf 77' lang='lat'><strong>2.</strong></span> <span class='ocrx_word' id='word_1_515' title='bbox 2125 3627 2289 3692; x_wconf 90' lang='lat' dir='ltr'><strong>Num</strong></span> <span class='ocrx_word' id='word_1_516' title='bbox 2338 3626 2402 3693; x_wconf 91' lang='lat' dir='ltr'><strong>in</strong></span> <span class='ocrx_word' id='word_1_517' title='bbox 2448 3627 2735 3694; x_wconf 87' lang='lat' dir='ltr'><strong>adductis</strong></span> <span class='ocrx_word' id='word_1_518' title='bbox 2780 3647 2998 3694; x_wconf 89' lang='lat' dir='ltr'><strong>rerum</strong></span> <span class='ocrx_word' id='word_1_519' title='bbox 3046 3626 3452 3694; x_wconf 87' lang='lat' dir='ltr'><strong>circumstan-</strong></span> 
     </span>
     <span class='ocr_line' id='line_1_92' title="bbox 1873 3713 3449 3804; baseline 0.001 -26"><span class='ocrx_word' id='word_1_520' title='bbox 1873 3713 1975 3802; x_wconf 84' lang='lat' dir='ltr'><strong>tiis</strong></span> <span class='ocrx_word' id='word_1_521' title='bbox 2025 3714 2107 3780; x_wconf 89' lang='lat' dir='ltr'><strong>ob</strong></span> <span class='ocrx_word' id='word_1_522' title='bbox 2152 3714 2683 3783; x_wconf 89' lang='lat' dir='ltr'><strong>consuetudinem</strong></span> <span class='ocrx_word' id='word_1_523' title='bbox 2743 3715 3061 3804; x_wconf 81' lang='lat' dir='ltr'><strong>generalis</strong></span> <span class='ocrx_word' id='word_1_524' title='bbox 3113 3715 3220 3782; x_wconf 90' lang='lat' dir='ltr'><strong>lex</strong></span> <span class='ocrx_word' id='word_1_525' title='bbox 3265 3713 3449 3782; x_wconf 89' lang='lat' dir='ltr'><strong>alicui</strong></span> 
     </span>
     <span class='ocr_line' id='line_1_93' title="bbox 1875 3801 2714 3890; baseline 0.002 -22"><span class='ocrx_word' id='word_1_526' title='bbox 1875 3803 2242 3890; x_wconf 82' lang='lat' dir='ltr'><strong>exceptioni</strong></span> <span class='ocrx_word' id='word_1_527' title='bbox 2290 3801 2714 3870; x_wconf 70' lang='lat' dir='ltr'><strong>subiiciatur?</strong></span> 
     </span>
    </p>

    <p class='ocr_par' dir='ltr' id='par_1_15' title="bbox 1868 3891 3458 4509">
     <span class='ocr_line' id='line_1_94' title="bbox 2004 3891 3453 3981; baseline 0 -23"><span class='ocrx_word' id='word_1_528' title='bbox 2004 3895 2087 3958; x_wconf 85' lang='lat' dir='ltr'><strong>Et</strong></span> <span class='ocrx_word' id='word_1_529' title='bbox 2152 3894 2337 3959; x_wconf 90' lang='lat' dir='ltr'><strong>Sacra</strong></span> <span class='ocrx_word' id='word_1_530' title='bbox 2404 3892 2664 3959; x_wconf 87' lang='lat' dir='ltr'><strong>Rituum</strong></span> <span class='ocrx_word' id='word_1_531' title='bbox 2730 3891 3151 3981; x_wconf 87' lang='lat' dir='ltr'><strong>congregatio</strong></span> <span class='ocrx_word' id='word_1_532' title='bbox 3218 3892 3284 3959; x_wconf 87' lang='lat' dir='ltr'><strong>in</strong></span> <span class='ocrx_word' id='word_1_533' title='bbox 3344 3895 3453 3959; x_wconf 90' lang='lat' dir='ltr'><strong>Or-</strong></span> 
     </span>
     <span class='ocr_line' id='line_1_95' title="bbox 1868 3979 3454 4058; baseline -0.001 -11"><span class='ocrx_word' id='word_1_534' title='bbox 1868 3979 2112 4047; x_wconf 88' lang='lat' dir='ltr'><strong>dinario</strong></span> <span class='ocrx_word' id='word_1_535' title='bbox 2157 3984 2360 4048; x_wconf 86' lang='lat' dir='ltr'><strong>coetu</strong></span> <span class='ocrx_word' id='word_1_536' title='bbox 2421 3981 2499 4048; x_wconf 88' lang='lat' dir='ltr'><strong>ad</strong></span> <span class='ocrx_word' id='word_1_537' title='bbox 2546 3981 2913 4058; x_wconf 83' lang='lat' dir='ltr'><strong>Vaticanum</strong></span> <span class='ocrx_word' id='word_1_538' title='bbox 2968 3982 3088 4048; x_wconf 90' lang='lat' dir='ltr'><strong>sub</strong></span> <span class='ocrx_word' id='word_1_539' title='bbox 3143 3979 3454 4048; x_wconf 78' lang='lat' dir='ltr'><strong>infrascri-</strong></span> 
     </span>
     <span class='ocr_line' id='line_1_96' title="bbox 1875 4067 3455 4171; baseline 0.001 -38"><span class='ocrx_word' id='word_1_540' title='bbox 1875 4078 1980 4156; x_wconf 92' lang='lat' dir='ltr'><strong>pta</strong></span> <span class='ocrx_word' id='word_1_541' title='bbox 2047 4067 2155 4134; x_wconf 90' lang='lat' dir='ltr'><strong>die</strong></span> <span class='ocrx_word' id='word_1_542' title='bbox 2225 4070 2608 4154; x_wconf 84' lang='lat' dir='ltr'><strong>coadunata,</strong></span> <span class='ocrx_word' id='word_1_543' title='bbox 2685 4069 3020 4171; x_wconf 86' lang='lat' dir='ltr'><strong>perpensis</strong></span> <span class='ocrx_word' id='word_1_544' title='bbox 3088 4067 3455 4156; x_wconf 87' lang='lat' dir='ltr'><strong>libratisque</strong></span> 
     </span>
     <span class='ocr_line' id='line_1_97' title="bbox 1872 4155 3458 4245; baseline 0 -21"><span class='ocrx_word' id='word_1_545' title='bbox 1872 4155 2202 4241; x_wconf 90' lang='lat' dir='ltr'><strong>omnibus,</strong></span> <span class='ocrx_word' id='word_1_546' title='bbox 2265 4159 2645 4243; x_wconf 90' lang='lat' dir='ltr'><strong>praesertim</strong></span> <span class='ocrx_word' id='word_1_547' title='bbox 2690 4159 2765 4225; x_wconf 78' lang='lat' dir='ltr'><strong>iis</strong></span> <span class='ocrx_word' id='word_1_548' title='bbox 2824 4178 2986 4245; x_wconf 90' lang='lat' dir='ltr'><strong>quae</strong></span> <span class='ocrx_word' id='word_1_549' title='bbox 3051 4158 3170 4224; x_wconf 87' lang='lat' dir='ltr'><strong>iam</strong></span> <span class='ocrx_word' id='word_1_550' title='bbox 3228 4157 3458 4224; x_wconf 83' lang='lat' dir='ltr'><strong>sancita</strong></span> 
     </span>
     <span class='ocr_line' id='line_1_98' title="bbox 1871 4244 3456 4335; baseline 0 -23"><span class='ocrx_word' id='word_1_551' title='bbox 1871 4245 2056 4312; x_wconf 78' lang='lat' dir='ltr'><strong>fuere</strong></span> <span class='ocrx_word' id='word_1_552' title='bbox 2105 4265 2225 4333; x_wconf 90' lang='lat' dir='ltr'><strong>per</strong></span> <span class='ocrx_word' id='word_1_553' title='bbox 2265 4250 2529 4312; x_wconf 89' lang='lat' dir='ltr'><strong>Decreta</strong></span> <span class='ocrx_word' id='word_1_554' title='bbox 2576 4248 2640 4314; x_wconf 94' lang='lat' dir='ltr'><strong>in</strong></span> <span class='ocrx_word' id='word_1_555' title='bbox 2700 4247 3013 4335; x_wconf 87' lang='lat' dir='ltr'><strong>Ugentina</strong></span> <span class='ocrx_word' id='word_1_556' title='bbox 3058 4244 3176 4314; x_wconf 88' lang='lat' dir='ltr'><strong>sub</strong></span> <span class='ocrx_word' id='word_1_557' title='bbox 3221 4246 3325 4313; x_wconf 91' lang='lat' dir='ltr'><strong>die</strong></span> <span class='ocrx_word' id='word_1_558' title='bbox 3371 4249 3456 4314; x_wconf 80' lang='lat'><strong>23</strong></span> 
     </span>
     <span class='ocr_line' id='line_1_99' title="bbox 1870 4334 3455 4403; baseline 0.001 -3"><span class='ocrx_word' id='word_1_559' title='bbox 1870 4334 2011 4401; x_wconf 83' lang='lat' dir='ltr'><strong>Iulii</strong></span> <span class='ocrx_word' id='word_1_560' title='bbox 2073 4336 2236 4401; x_wconf 89' lang='grc'><strong>1661</strong></span> <span class='ocrx_word' id='word_1_561' title='bbox 2299 4343 2364 4400; x_wconf 92' lang='lat' dir='ltr'><strong>et</strong></span> <span class='ocrx_word' id='word_1_562' title='bbox 2426 4334 2490 4400; x_wconf 94' lang='lat' dir='ltr'><strong>in</strong></span> <span class='ocrx_word' id='word_1_563' title='bbox 2548 4337 2816 4403; x_wconf 87' lang='lat' dir='ltr'><strong>Naulen.</strong></span> <span class='ocrx_word' id='word_1_564' title='bbox 2881 4335 3001 4402; x_wconf 88' lang='lat' dir='ltr'><strong>sub</strong></span> <span class='ocrx_word' id='word_1_565' title='bbox 3063 4335 3167 4403; x_wconf 90' lang='lat' dir='ltr'><strong>die</strong></span> <span class='ocrx_word' id='word_1_566' title='bbox 3235 4338 3308 4401; x_wconf 99' lang='grc'><strong>11</strong></span> <span class='ocrx_word' id='word_1_567' title='bbox 3358 4339 3455 4402; x_wconf 88' lang='lat' dir='ltr'><strong>lu·</strong></span> 
     </span>
     <span class='ocr_line' id='line_1_100' title="bbox 1873 4421 3456 4509; baseline -0.001 -19"><span class='ocrx_word' id='word_1_568' title='bbox 1873 4424 1942 4490; x_wconf 90' lang='lat' dir='ltr'><strong>lii</strong></span> <span class='ocrx_word' id='word_1_569' title='bbox 2022 4426 2185 4489; x_wconf 85' lang='grc'><strong>1711</strong></span> <span class='ocrx_word' id='word_1_570' title='bbox 2219 4469 2238 4506; x_wconf 88' lang='grc'><em>,</em></span> <span class='ocrx_word' id='word_1_571' title='bbox 2319 4421 2636 4509; x_wconf 88' lang='lat' dir='ltr'><strong>exquisito</strong></span> <span class='ocrx_word' id='word_1_572' title='bbox 2711 4425 2900 4492; x_wconf 90' lang='lat' dir='ltr'><strong>etiam</strong></span> <span class='ocrx_word' id='word_1_573' title='bbox 2973 4435 3121 4492; x_wconf 82' lang='lat' dir='ltr'><strong>voto</strong></span> <span class='ocrx_word' id='word_1_574' title='bbox 3195 4422 3456 4491; x_wconf 89' lang='lat' dir='ltr'><strong>alterius</strong></span> 
     </span>
    </p>
   </div>
   <div class='ocr_carea' id='block_1_9' title="bbox 1833 4510 3455 4601">
    <p class='ocr_par' dir='ltr' id='par_1_16' title="bbox 1833 4510 3455 4601">
     <span class='ocr_line' id='line_1_101' title="bbox 1833 4510 3455 4601; baseline -0.004 -17"><span class='ocrx_word' id='word_1_575' title='bbox 1833 4532 1952 4584; x_wconf 80' lang='lat' dir='ltr'><strong>,ex</strong></span> <span class='ocrx_word' id='word_1_576' title='bbox 1997 4510 2501 4601; x_wconf 84' lang='lat' dir='ltr'><strong>Apostolicarum</strong></span> <span class='ocrx_word' id='word_1_577' title='bbox 2549 4513 3109 4582; x_wconf 89' lang='lat' dir='ltr'><strong>caeremoniarum</strong></span> <span class='ocrx_word' id='word_1_578' title='bbox 3153 4511 3455 4601; x_wconf 70' lang='lat' dir='ltr'><strong>magistris</strong></span> 
     </span>
    </p>
   </div>
   <div class='ocr_carea' id='block_1_10' title="bbox 1869 4599 3458 5485">
    <p class='ocr_par' dir='ltr' id='par_1_17' title="bbox 1869 4599 3458 5288">
     <span class='ocr_line' id='line_1_102' title="bbox 1870 4599 3456 4688; baseline 0 -22"><span class='ocrx_word' id='word_1_579' title='bbox 1870 4600 2126 4687; x_wconf 92' lang='lat' dir='ltr'><strong>scriptis</strong></span> <span class='ocrx_word' id='word_1_580' title='bbox 2200 4599 2457 4666; x_wconf 90' lang='lat' dir='ltr'><strong>reddito</strong></span> <span class='ocrx_word' id='word_1_581' title='bbox 2523 4601 2874 4688; x_wconf 87' lang='lat' dir='ltr'><strong>praeloque</strong></span> <span class='ocrx_word' id='word_1_582' title='bbox 2944 4622 3097 4670; x_wconf 91' lang='lat' dir='ltr'><strong>cuso</strong></span> <span class='ocrx_word' id='word_1_583' title='bbox 3123 4653 3140 4688; x_wconf 96' lang='lat'><strong>,</strong></span> <span class='ocrx_word' id='word_1_584' title='bbox 3209 4604 3287 4669; x_wconf 91' lang='lat' dir='ltr'><strong>ad</strong></span> <span class='ocrx_word' id='word_1_585' title='bbox 3356 4618 3456 4666; x_wconf 92' lang='lat' dir='ltr'><strong>re-</strong></span> 
     </span>
     <span class='ocr_line' id='line_1_103' title="bbox 1873 4686 3456 4758; baseline -0.001 -4"><span class='ocrx_word' id='word_1_586' title='bbox 1873 4688 2176 4755; x_wconf 88' lang='lat' dir='ltr'><strong>lationem</strong></span> <span class='ocrx_word' id='word_1_587' title='bbox 2240 4686 2734 4754; x_wconf 84' lang='lat' dir='ltr'><strong>Eminentissimi</strong></span> <span class='ocrx_word' id='word_1_588' title='bbox 2798 4698 2864 4754; x_wconf 91' lang='lat' dir='ltr'><strong>et</strong></span> <span class='ocrx_word' id='word_1_589' title='bbox 2923 4687 3456 4758; x_wconf 81' lang='lat' dir='ltr'><strong>Reverendissimi</strong></span> 
     </span>
     <span class='ocr_line' id='line_1_104' title="bbox 1871 4775 3457 4846; baseline 0.002 -3"><span class='ocrx_word' id='word_1_590' title='bbox 1871 4781 2053 4843; x_wconf 89' lang='lat' dir='ltr'><strong>Dom.</strong></span> <span class='ocrx_word' id='word_1_591' title='bbox 2118 4775 2462 4843; x_wconf 90' lang='lat' dir='ltr'><strong>cardinalis</strong></span> <span class='ocrx_word' id='word_1_592' title='bbox 2524 4778 2602 4841; x_wconf 87' lang='lat' dir='ltr'><strong>D.</strong></span> <span class='ocrx_word' id='word_1_593' title='bbox 2662 4775 2896 4843; x_wconf 89' lang='lat' dir='ltr'><strong>Placidi</strong></span> <span class='ocrx_word' id='word_1_594' title='bbox 2967 4781 3149 4846; x_wconf 88' lang='lat' dir='ltr'><strong>Zurla</strong></span> <span class='ocrx_word' id='word_1_595' title='bbox 3216 4784 3457 4846; x_wconf 87' lang='lat' dir='ltr'><strong>Ponen-</strong></span> 
     </span>
     <span class='ocr_line' id='line_1_105' title="bbox 1869 4862 3458 4953; baseline 0.002 -22"><span class='ocrx_word' id='word_1_596' title='bbox 1869 4865 1950 4931; x_wconf 90' lang='lat' dir='ltr'><strong>tis</strong></span> <span class='ocrx_word' id='word_1_597' title='bbox 1975 4914 1992 4949; x_wconf 95' lang='lat'><strong>,</strong></span> <span class='ocrx_word' id='word_1_598' title='bbox 2062 4862 2585 4953; x_wconf 88' lang='lat' dir='ltr'><strong>respondendum</strong></span> <span class='ocrx_word' id='word_1_599' title='bbox 2654 4865 2950 4930; x_wconf 85' lang='lat' dir='ltr'><strong>censuit:</strong></span> <span class='ocrx_word' id='word_1_600' title='bbox 3019 4888 3058 4931; x_wconf 85' lang='lat'><strong>‹</strong></span> <span class='ocrx_word' id='word_1_601' title='bbox 3100 4873 3280 4934; x_wconf 85' lang='lat' dir='ltr'><strong>quta</strong></span> <span class='ocrx_word' id='word_1_602' title='bbox 3346 4886 3458 4933; x_wconf 83' lang='lat' dir='ltr'><strong>vo·</strong></span> 
     </span>
     <span class='ocr_line' id='line_1_106' title="bbox 1873 4951 3455 5041; baseline 0.001 -22"><span class='ocrx_word' id='word_1_603' title='bbox 1873 4963 2010 5020; x_wconf 91' lang='lat' dir='ltr'><strong>tum</strong></span> <span class='ocrx_word' id='word_1_604' title='bbox 2080 4952 2353 5041; x_wconf 69' lang='lat' dir='ltr'><strong>Magistri</strong></span> <span class='ocrx_word' id='word_1_605' title='bbox 2424 4951 3029 5034; x_wconf 88' lang='lat' dir='ltr'><strong>caeremoniarum;</strong></span> <span class='ocrx_word' id='word_1_606' title='bbox 3101 4954 3455 5038; x_wconf 74' lang='lat' dir='ltr'><strong>nimirum:</strong></span> 
     </span>
     <span class='ocr_line' id='line_1_107' title="bbox 1870 5039 3456 5132; baseline 0.003 -26"><span class='ocrx_word' id='word_1_607' title='bbox 1870 5043 1949 5109; x_wconf 91' lang='lat' dir='ltr'><strong>ad</strong></span> <span class='ocrx_word' id='word_1_608' title='bbox 1996 5042 2277 5131; x_wconf 89' lang='lat' dir='ltr'><strong>primum</strong></span> <span class='ocrx_word' id='word_1_609' title='bbox 2300 5089 2317 5123; x_wconf 92' lang='lat'><strong>,</strong></span> <span class='ocrx_word' id='word_1_610' title='bbox 2365 5039 2721 5127; x_wconf 80' lang='lat' dir='ltr'><strong>Negative3</strong></span> <span class='ocrx_word' id='word_1_611' title='bbox 2778 5040 2856 5107; x_wconf 91' lang='lat' dir='ltr'><strong>ad</strong></span> <span class='ocrx_word' id='word_1_612' title='bbox 2900 5042 3296 5132; x_wconf 91' lang='lat' dir='ltr'><strong>secundum,</strong></span> <span class='ocrx_word' id='word_1_613' title='bbox 3342 5047 3456 5110; x_wconf 84' lang='lat' dir='ltr'><strong>Le·</strong></span> 
     </span>
     <span class='ocr_line' id='line_1_108' title="bbox 1872 5128 3457 5231; baseline 0 -34"><span class='ocrx_word' id='word_1_614' title='bbox 1872 5150 2022 5231; x_wconf 73' lang='lat' dir='ltr'><strong>gem</strong></span> <span class='ocrx_word' id='word_1_615' title='bbox 2070 5130 2438 5219; x_wconf 89' lang='lat' dir='ltr'><strong>generalem</strong></span> <span class='ocrx_word' id='word_1_616' title='bbox 2484 5128 2548 5195; x_wconf 91' lang='lat' dir='ltr'><strong>in</strong></span> <span class='ocrx_word' id='word_1_617' title='bbox 2594 5147 2742 5195; x_wconf 91' lang='lat' dir='ltr'><strong>casu</strong></span> <span class='ocrx_word' id='word_1_618' title='bbox 2785 5128 2949 5195; x_wconf 89' lang='lat' dir='ltr'><strong>nulli</strong></span> <span class='ocrx_word' id='word_1_619' title='bbox 2991 5130 3214 5199; x_wconf 87' lang='lat' dir='ltr'><strong>subiici</strong></span> <span class='ocrx_word' id='word_1_620' title='bbox 3268 5150 3457 5200; x_wconf 88' lang='lat' dir='ltr'><strong>exce·</strong></span> 
     </span>
     <span class='ocr_line' id='line_1_109' title="bbox 1945 5239 2175 5288; baseline -0.004 -3"><span class='ocrx_word' id='word_1_621' title='bbox 1945 5239 2077 5288; x_wconf 78' lang='lat' dir='ltr'><strong>tom</strong></span> <span class='ocrx_word' id='word_1_622' title='bbox 2110 5242 2175 5286; x_wconf 60' lang='grc' dir='ltr'><strong>ι.</strong></span> 
     </span>
    </p>

    <p class='ocr_par' dir='ltr' id='par_1_18' title="bbox 1874 5229 3458 5485">
     <span class='ocr_line' id='line_1_110' title="bbox 1874 5229 3458 5378; baseline 0.001 -3"><span class='ocrx_word' id='word_1_623' title='bbox 1874 5229 1944 5311; x_wconf 57' lang='grc' dir='ltr'><strong>μ</strong></span> <span class='ocrx_word' id='word_1_624' title='bbox 2000 5312 2084 5376; x_wconf 89' lang='lat' dir='ltr'><strong>Et</strong></span> <span class='ocrx_word' id='word_1_625' title='bbox 2131 5311 2214 5377; x_wconf 88' lang='lat' dir='ltr'><strong>ita</strong></span> <span class='ocrx_word' id='word_1_626' title='bbox 2259 5308 2553 5378; x_wconf 85' lang='lat' dir='ltr'><strong>decrevit</strong></span> <span class='ocrx_word' id='word_1_627' title='bbox 2589 5317 2657 5373; x_wconf 88' lang='lat' dir='ltr'><strong>et</strong></span> <span class='ocrx_word' id='word_1_628' title='bbox 2692 5306 2931 5375; x_wconf 83' lang='lat' dir='ltr'><strong>servari</strong></span> <span class='ocrx_word' id='word_1_629' title='bbox 2962 5308 3311 5377; x_wconf 85' lang='lat' dir='ltr'><strong>mandavit.</strong></span> <span class='ocrx_word' id='word_1_630' title='bbox 3346 5308 3458 5376; x_wconf 93' lang='lat' dir='ltr'><strong>Die</strong></span> 
     </span>
     <span class='ocr_line' id='line_1_111' title="bbox 1876 5398 2463 5485; baseline -0.005 -17"><span class='ocrx_word' id='word_1_631' title='bbox 1876 5404 1961 5468; x_wconf 79' lang='lat'><strong>26</strong></span> <span class='ocrx_word' id='word_1_632' title='bbox 1994 5398 2229 5485; x_wconf 82' lang='lat' dir='ltr'><strong>Aprilis</strong></span> <span class='ocrx_word' id='word_1_633' title='bbox 2269 5401 2463 5467; x_wconf 69' lang='lat'><strong>1834.</strong></span> 
     </span>
    </p>
   </div>
  </div>
 </body>
</html>
