4042 5950
2045 249 2513 327 ...392-

641 416 869 484 cerdos
902 413 1263 482 ministrans
1292 410 1479 480 dicit:
1514 414 1674 479 Ecce
1705 412 1923 494 Aquas
1958 411 2076 476 Dei
2098 419 2224 476 etc.

640 515 712 571 ut
756 503 822 570 in
865 502 1096 571 Rituali
1143 506 1424 570 Romano
1474 499 1560 567 de
1613 498 2076 567 communione
2137 497 2231 564 in-

641 591 995 659 firmorum.

768 683 834 749 ⁹.
885 681 1049 746 Num
1095 696 1298 746 novus
1356 676 1694 757 Parocbus,
1758 690 1957 760 quum
2020 674 2224 763 prima

637 767 777 834 vice
823 766 887 833 in
932 785 1049 834 suo
1105 764 1790 854 parochialimunere,
1840 780 2053 828 coram
2111 781 2225 848 po·

636 856 793 943 pulo
838 856 902 921 in
947 853 1230 921 Ecclesia
1274 850 1612 941 parochiali
1662 861 2076 938 congregato,
2127 870 2224 917 ca·

635 943 864 1010 nonice
911 940 1344 1024 constituitur,
1393 939 1662 1026 gallice:
1712 938 1766 1005 le
1805 938 1967 1021 jour
2004 939 2078 1005 de
2106 956 2222 1004 aon

635 1032 1082 1111 immunitos,
1133 1027 1362 1097 debeat
1410 1025 1698 1116 profiteri
1731 1026 1954 1094 Fidem
1995 1027 2221 1095 Catho-

637 1119 818 1185 licam
868 1120 933 1186 in
979 1117 1252 1184 formula
1297 1116 1373 1183 ab
1419 1118 1470 1183 Α
1519 1114 1779 1182 ostolica
1826 1114 1994 1183 Sede
2042 1133 2220 1202 prae·

632 1207 755 1273 scri
809 1203 913 1274 ta‘?
957 1217 1020 1272 et
1064 1216 1377 1292 quatenus
1438 1224 1471 1270 a
1541 1203 1848 1285 rmative,
1913 1220 2065 1268 num
2115 1202 2218 1268 illa

634 1298 751 1361 Pro
782 1294 942 1361 essio
988 1293 1214 1361 eadem
1246 1291 1353 1375 sit,
1386 1312 1456 1357 ac
1496 1291 1697 1357 forma
1728 1289 2071 1356 iuramenti
2102 1291 2214 1378 Sy-

633 1381 905 1466 nodalis,
942 1400 1104 1468 quae
1153 1379 1392 1468 legitur
1438 1379 1501 1446 in
1547 1377 1893 1446 Pontificali
1939 1379 2220 1444 Romano

633 1469 699 1537 in
744 1470 970 1538 ordine
1017 1471 1095 1536 ad
1143 1467 1500 1556 synodum,
1543 1477 1612 1533 et
1657 1466 1981 1533 recitanda
2026 1465 2105 1532 sit
2154 1465 2218 1532 in

631 1559 969 1626 vernacula
1017 1553 1287 1644 lingua?

769 1648 874 1713 ¹0.
923 1644 993 1731 a)
1041 1646 1206 1711 Num
1254 1643 1779 1725 Tabernaculum,
1830 1640 1895 1707 in
1941 1660 2072 1727 quo
2118 1659 2219 1707 re-

631 1732 930 1800 conditur
996 1734 1261 1800 Ssmum
1335 1735 1809 1798 Sacramentum
1875 1731 2213 1815 Conopaeo

630 1818 944 1909 cooperiri
993 1819 1252 1904 debeat,
1287 1830 1361 1886 ut
1407 1819 1533 1885 fert
1574 1814 1867 1886 Rituale?
1906 1828 1969 1883 et
1999 1826 2219 1902 qnate-

629 1928 747 1975 nus
804 1906 1213 1974 affirmative:
1263 1907 1322 1994 b)
1370 1909 1536 1974 Num
1581 1908 1992 1991 conopaeum
2043 1904 2212 1973 istud

629 1995 853 2063 confici
924 1994 1122 2085 possit
1181 2014 1264 2061 ex
1330 2013 1541 2082 panno
1571 2042 1590 2079 ,
1660 1992 1798 2060 slve
1866 1993 2213 2081 gossypio,

626 2084 760 2151 sive
805 2084 968 2167 lana,
998 2082 1134 2151 sive
1181 2081 1451 2150 cannaba
1497 2078 1852 2148 contexto?
1894 2080 1951 2167 c)
1991 2079 2215 2149 Cuius-

627 2190 771 2239 nam
814 2170 1047 2238 coloris
1092 2190 1233 2238 esse
1278 2166 1554 2238 debeat?
1596 2168 1732 2235 aliis
1779 2168 2209 2256 opinantibus,

625 2271 697 2327 ut
740 2259 1138 2342 Barufaldus,
1188 2263 1597 2345 conopaeum
1644 2257 1888 2324 debere
1937 2275 2075 2324 esse
2107 2276 2212 2323 co-

625 2348 797 2414 loris‘
821 2345 975 2432 albi,
1027 2356 1249 2434 utpote
1297 2344 1733 2412 convenientis
1779 2346 1972 2413 SSmo
2003 2347 2212 2412 Sacra·

623 2447 883 2514 mento;
931 2433 1067 2501 aliis
1111 2446 1353 2516 autem,
1401 2444 1474 2499 ιιι
1518 2436 1867 2516 Gavantus,
1916 2433 2210 2500 eiusdem

622 2523 881 2607 coloris,
937 2521 1117 2591 cuius
1174 2532 1322 2589 sunt
1381 2521 1648 2608 pallium
1705 2518 1936 2586 Altaris
1986 2530 2054 2586 et
2107 2539 2213 2587 ce·

623 2621 757 2677 tera
804 2619 1171 2699 paramenta
1230 2626 1348 2694 pro
1410 2607 1712 2711 temporis
1774 2606 2052 2694 festique
2118 2630 2214 2677 ra·

624 2698 823 2781 tione,
872 2706 1131 2785 praeter
1174 2698 1459 2767 colorem
1506 2713 1801 2783 nigrum,
1852 2696 1959 2781 qui
2007 2710 2210 2766 muta·

622 2794 728 2853 tur
771 2784 838 2851 in
897 2785 1116 2852 colore
1175 2782 1458 2852 violaceo
1518 2783 1584 2851 in
1636 2783 1927 2869 exequiis
1979 2784 2209 2853 defun·

622 2882 902 2940 ctorum.

757 2966 863 3030 ss.
910 2961 1118 3041 Quum
1181 2960 1494 3054 feretrum
1555 2961 1618 3029 in
1664 2980 1792 3049 quo
1838 2981 2071 3050 cerpus
2117 2961 2208 3029 in-

619 3048 940 3134 cluditur,
991 3062 1059 3116 et
1102 3061 1377 3117 castrum
1426 3049 1704 3134 doloris,
1753 3048 2014 3117 absente
2068 3071 2210 3117 cor·

617 3158 800 3226 pore,
838 3157 1045 3228 panno
1090 3138 1273 3225 nigro
1321 3138 1640 3224 cooperiri
1671 3138 1980 3207 debeant:
2013 3157 2210 3223 quae·

588 3226 825 3295 ·ritur=
888 3229 984 3294 An
1053 3227 1401 3312 feretrum,
1462 3226 1513 3293 si
1575 3225 1639 3293 in
1698 3244 1777 3293 eo
1831 3228 2209 3294 reconditur

617 3334 848 3403 corpus
879 3314 1136 3404 puellae
1168 3315 1496 3402 innuptae,
1532 3333 1743 3403 panno
1774 3334 1857 3381 ex
1889 3314 2027 3382 lana
2070 3315 2208 3382 alba

615 3415 917 3471 contexto
965 3401 1303 3488 cooperire
1348 3402 1536 3470 liceat
1592 3404 1657 3469 in
1714 3403 1971 3490 signum
2016 3403 2205 3491 virgi-

614 3488 871 3559 nitatis?
915 3501 981 3557 et
1039 3491 1229 3557 etiam
1275 3509 1392 3577 pro
1441 3501 1642 3557 castro
1688 3490 1939 3558 doloris.
1974 3491 2040 3557 in
2097 3491 2203 3558 die

616 3578 836 3662 tertia,
884 3577 1191 3665 septima,
1257 3579 1578 3664 trigesima
1646 3587 1710 3646 et
1775 3578 2201 3646 anniversaria

613 3666 811 3754 ipsius
858 3667 1119 3753 puellae
1165 3664 1525 3752 innuptae?

741 3756 822 3820 Et
868 3755 1051 3821 Sacra
1097 3754 1358 3821 Ritunm
1404 3756 1856 3854 congregatio,
1907 3754 1983 3821 ad
2035 3754 2202 3823 Vati·

610 3859 843 3909 canum
892 3840 958 3907 in
1001 3840 1343 3911 ordinariis
1389 3842 1675 3908 comitiis
1731 3841 2047 3910 hodierna
2093 3842 2200 3910 die

611 3931 979 4013 coadunata,
1044 3930 1372 3997 referente
1429 3929 1787 4019 subscripto
1844 3931 2200 3998 Secretario

610 4029 676 4086 et
721 4017 1062 4106 propositis
1105 4017 1316 4086 dubiis
1361 4026 1651 4085 accurato
1710 4019 2006 4085 examine
2053 4036 2198 4104 per-

608 4105 848 4196 pensis,
900 4104 1428 4193 respondendum
1475 4105 1770 4172 censuit:

737 4195 835 4261 Ad
910 4198 972 4261 1.
1032 4215 1070 4259 ι
1100 4193 1316 4274 Quoad
1382 4191 1651 4281 primam
1722 4192 2192 4279 quaestionem,

605 4283 955 4370 Negative3
1003 4282 1211 4368 quoad
1259 4282 1643 4366 secundam,
1693 4281 2084 4349 Affirmative
2127 4303 2194 4349 ν.

736 4371 831 4437 Ad
882 4373 947 4436 2.
996 4391 1034 4435 ι
1067 4372 1273 4449 Οιιιιιιι
1320 4370 1491 4438 Stola
1536 4369 1619 4435 sit
1661 4369 1917 4458 signum
1973 4370 2191 4453 officii,

602 4477 735 4527 non
779 4457 1266 4538 iurisdictionis;
1315 4459 1553 4527 stolam
1611 4457 1807 4545 ipsam
1870 4476 2193 4526 assumen-

604 4547 750 4614 dam
794 4547 871 4613 ab
926 4546 1070 4629 illo,
1119 4546 1229 4632 qui
1296 4545 1599 4632 exequias
1657 4544 2006 4633 persolvit,
2056 4545 2192 4614 sive

601 4635 916 4703 Parochus
975 4634 1082 4719 sit,
1142 4637 1278 4702 sive
1341 4635 1502 4701 alius
1554 4634 1861 4702 Sacerdos
1922 4654 2039 4722 pro
2086 4638 2193 4702 Pa·

604 4722 803 4791 rocho
836 4745 900 4790 ι.

730 4811 827 4879 Ad
874 4814 939 4880 3.
989 4832 1026 4876 a
1057 4810 1449 4879 Affirmative
1479 4832 1546 4878 ν.

728 4897 825 4967 Ad
873 4902 940 4967 4.
986 4920 1024 4964 ι
1056 4900 1462 4968 Laudabilius
1538 4917 1679 4967 esse

597 4988 876 5054 Psalmus
920 4989 1009 5056 De
1046 4988 1398 5073 profundis
1430 5009 1498 5054 ι.

727 5075 825 5142 Ad
876 5079 943 5141 s.
991 5097 1031 5140 ‹
1062 5075 1372 5163 Negative
1405 5096 1467 5142 ι.

728 5162 825 5230 Ad
870 5167 937 5231 6.
989 5185 1026 5229 a
1056 5161 1495 5248 Affirmative,
1551 5163 1628 5231 ad
1704 5163 1973 5252 primam
2043 5183 2181 5252 par-

597 5260 767 5350 tem,
802 5249 1135 5338 Negative,
1171 5251 1248 5319 ad
1281 5251 1665 5333 secundam;
1701 5262 1767 5318 et
1796 5251 2181 5338 Episcopum

596 5336 965 5407 thurificare
1011 5338 1253 5406 debere
1287 5361 1352 5408 ν.

1755 4898 1807 4964 si
1878 4900 2188 4968 recitetur

2461 409 2557 476 Ad
2603 411 2674 474 7.-
2722 428 2759 471 «
2789 406 3146 475 Adductum
3205 425 3452 473 causam
3513 427 3548 471 a
3602 405 3912 494 praeoeri-

2326 496 2551 652 ptioxpi
2572 492 3065 651 Ggaerergoniigis
3095 494 3483 649 observande
3513 512 3909 561 excusam».

2649 633 2665 650 .
2718 604 2756 648 ι
2844 604 2881 651 e
3011 601 3092 647 ve
3138 600 3206 649 in
3249 600 3422 650 omni
3469 601 3645 649 us».

2457 672 2553 740 Ad
2597 675 2666 741 0.
2716 692 2756 737 ι
2790 601 3186 739 Ser‘vuandum
3241 674 3583 738 Decretum
3638 671 3913 739 concilii

2326 760 2678 829 Tridentini
2726 758 3018 828 sessione
3063 760 3284 843 XXIV,
3331 778 3471 847 cap.
3507 762 3643 843 ΧΠ,
3690 760 3763 826 de
3796 761 3915 824 Re-

2324 852 2758 934 formatiom=
2784 845 3247 915 professionem
3277 858 3493 914 autem
3522 846 3676 914 fidei
3708 849 3912 915 edm·

2328 937 2474 1004 dam
2500 936 2673 1003 iuxta
2698 934 3040 1003 formulam
3070 954 3102 998 a
3137 934 3242 1001 Pio
3267 938 3348 1003 tv
3367 946 3689 1021 statutam,
3715 954 3910 1022 quam

2327 1016 2587 1091 exhibet
2615 1021 2997 1090 ‘Pontificale
3046 1024 3394 1090 Romanum
3440 1023 3505 1091 in
3548 1024 3778 1093 ordine
3833 1024 3910 1090 ad

2327 1112 2654 1198 synodum
2687 1133 2751 1178 ν.

2456 1198 2551 1266 Ad
2602 1204 2707 1269 10.
2758 1220 2796 1264 ι
2829 1199 3041 1278 Quoad
3112 1198 3380 1288 primam
3438 1200 3908 1286 quaestionem,

2322 1285 2749 1364 Affirmative;
2889 1289 3004 1355 oad
3051 1288 3423 1372 secundam,
3457 1287 3694 1374 pariter
3723 1288 3906 1356 Affir-

2323 1374 2592 1461 mative3
2641 1393 2805 1462 quoa
2911 1374 3162 1442 tertiam
3183 1423 3202 1459 ,
3251 1386 3589 1462 utramque
3647 1387 3908 1443 senten·

2320 1462 2467 1530 tiam
2519 1482 2705 1551 posse
2749 1463 2813 1529 in
2857 1464 3105 1550 praxim
3134 1463 3399 1548 deduci,
3434 1464 3708 1530 maxime
3749 1481 3910 1530 vero

2319 1551 2701 1618 sententiam
2733 1551 3016 1636 Gavanti,
3049 1570 3217 1638 qnae
3247 1571 3366 1638 pro
3395 1570 3468 1619 se
3500 1551 3687 1620 babet
3718 1570 3910 1619 usun

2319 1639 2747 1706 Ecclesiarum
2797 1639 2982 1707 Urbis
3011 1662 3075 1706 ν.

2454 1726 2550 1793 Ad
2604 1731 2711 1794 ss.
2761 1750 2799 1790 a
2831 1727 3140 1815 Negative
3195 1730 3260 1795 in
3313 1737 3592 1814 utroque
3651 1748 3805 1795 casu
3840 1749 3904 1793 a.

2451 1816 2659 1901 Atque
2705 1815 2790 1881 ita
2836 1815 3186 1903 rescripsit.
3235 1817 3350 1884 Die
3397 1820 3477 1885 2¹
3528 1816 3667 1884 lulii
3704 1821 3908 1884 1856.

2320 1957 2589 2026 sose.
2927 1960 3301 2026 AssismN.
3671 1956 3910 2043 (6222)

2446 2087 2619 2149 luter
2650 2081 2934 2149 diversas
2965 2080 3452 2150 Franciscalium
3484 2078 3759 2148 familias
3799 2085 3911 2147 As-

2313 2169 2442 2235 sisii
2487 2170 2860 2237 constitutas
2909 2170 3143 2238 iterum
3187 2166 3740 2238 succrescentibus
3791 2168 3914 2235 dis·

2312 2256 2710 2324 sensionibus
2738 2275 2933 2344 super
2965 2258 3105 2326 iure
3135 2256 3562 2347 praecedendi
3596 2256 3660 2323 in
3689 2255 3916 2345 publi-

2315 2345 2405 2412 cis
2450 2344 3056 2434 supplicationibus3
3103 2365 3224 2414 nec
3270 2364 3397 2412 non
3444 2342 3673 2412 familia
3708 2344 3914 2413 uino·

2315 2451 2461 2499 rum
2521 2432 3075 2518 conventualium,
3123 2433 3555 2501 Patriarcbalis
3604 2432 3912 2500 &filim

2313 2520 2520 2590 Sancti
2552 2519 2865 2589 Francisci
2904 2522 3167 2590 servitio
3209 2521 3587 2609 mancipata,
3632 2530 3914 2587 conten-

2313 2610 2507 2678 dente
2553 2609 2776 2695 vissore
2823 2609 3313 2697 privilegiorum
3345 2608 3463 2676 sibi
3495 2608 3910 2676 indultorum

2311 2699 2388 2764 ab
2431 2696 2796 2783 Apostolica
2827 2697 3021 2783 Sede,
3055 2719 3126 2766 ac
3156 2698 3502 2788 praecipue
3549 2717 3582 2761 a
3626 2695 3912 2763 Benedi-

2312 2795 2413 2851 cto
2445 2787 2586 2853 XIV
2615 2784 2862 2853 duabus
2889 2786 3462 2854 constitutionibus
3499 2785 3747 2851 Fidelis
3789 2787 3912 2850 De·

2311 2877 2534 2940 minua
2566 2883 2633 2938 et
2680 2874 2980 2942 attuatos
3027 2877 3209 2961 Loyea
3253 2874 3415 2942 datis
3457 2872 3570 2940 die
3613 2876 3700 2941 2³
3753 2875 3912 2940 Bar·

2310 2961 2379 3028 tii
2422 2964 2613 3047 1754,
2651 2960 3011 3031 nullimode
3040 2983 3111 3032 se
3147 2960 3349 3032 teneri
3381 2960 3459 3029 ad
3488 2959 3912 3051 supplicatio-

2310 3068 2426 3116 nes
2456 3050 2795 3134 accedere,
2828 3062 3107 3140 urgente
3140 3051 3290 3120 licet
3320 3050 3576 3138 publica
3607 3069 3800 3118 causa
3831 3049 3911 3115 ab

2310 3138 2630 3227 Episcopo
2688 3149 2864 3207 extra
2928 3139 3222 3207 ordinem
3290 3137 3592 3225 indictas3
3647 3156 3778 3205 nec
3826 3138 3902 3204 ad

2308 3227 2660 3295 recitandas
2692 3226 2757 3293 in
2806 3228 3079 3314 praefata
3124 3247 3236 3295 sua
3277 3226 3537 3294 Basilica
3582 3225 3909 3295 collectas

2309 3325 2374 3381 et
2420 3317 2646 3382 Preces
2703 3316 2781 3382 ab
2839 3317 3072 3383 eodem
3133 3317 3450 3405 Episcopo
3511 3334 3595 3381 ex
3641 3313 3908 3401 publica

2307 3403 2545 3491 pariter
2573 3422 2759 3469 causa
2790 3404 3150 3491 generatim
3189 3403 3642 3507 praescriptam
3693 3406 3908 3470 Reve-

2309 3489 2725 3558 rendissimus
2755 3491 3055 3558 Assisien.
3087 3497 3437 3580 Episcopus
3462 3510 3601 3559 rem
3636 3507 3904 3558 omnem

2306 3580 2590 3665 ingenue
2639 3581 2934 3668 exposuit
2981 3583 3205 3647 Sacrae
3249 3580 3510 3648 Rituum
3540 3581 3904 3667 congrega·-

2306 3667 2485 3750 tioni,
2536 3678 2608 3732 ut
2654 3678 3042 3754 opportunas
3088 3667 3481 3757 provisiones
3512 3668 3775 3736 tradere
3807 3665 3900 3734 di-

2396 3763 2637 3822 aretur.

2305 3773 2394 3842 gn
2434 3845 2523 3908 De
2570 3842 2878 3931 expositis
2937 3843 3149 3946 itaque
3195 3845 3272 3911 ab
3319 3843 3635 3999 Episcogcg
3681 3854 3894 3911 actum

2304 3947 2503 4016 quum
2554 3930 2752 3997 fuerit
2797 3930 2862 3998 in
2903 3932 3234 3999 ordinario
3292 3935 3497 3999 Coetu
3637 3951 3894 3999 crorum

2302 4017 2562 4085 Rituum
2625 4019 2703 4086 ad
2766 4019 3137 4087 Vaticanum
3201 4018 3416 4087 habito
3473 4019 3690 4107 pridie
3755 4020 3896 4089 Idus

2300 4106 2571 4194 Augusti
2607 4109 2798 4189 1854,
2837 4107 3217 4194 rescriptum
3249 4107 3530 4195 prodiit:
3559 4108 3895 4176 ‹Audien-

2303 4206 2407 4261 tur
2449 4197 2579 4262 RB.
2630 4197 2743 4260 PP.
2801 4197 3246 4262 Procuratores
3308 4194 3656 4264 Generales
3711 4197 3895 4264 Ordi-

2298 4301 2479 4364 num,
2529 4292 2590 4348 et
2637 4283 3050 4369 postmodum
3094 4294 3371 4370 ponatur
3415 4285 3477 4351 in
3525 4284 3734 4369 Folio,
3787 4303 3890 4352 ex·

2294 4369 2529 4456 quisito
2575 4381 2726 4436 voto
2774 4371 3046 4458 Magistri
3092 4372 3654 4438 caeremoniarum
3691 4395 3760 4438 ι.

2425 4457 2521 4525 Ad
2572 4472 2862 4525 mentem
2916 4458 3113 4546 igitur
3168 4479 3380 4526 sacrae
3437 4460 3892 4548 congregatio-

2297 4546 2418 4630 nis,
2466 4558 2801 4634 postquam
2848 4550 3293 4614 Procuratores
3332 4549 3679 4615 Generales
3709 4549 3888 4616 Ordi-

2292 4651 2447 4701 num
2491 4653 2634 4701 suas
2681 4633 3116 4702 exhibuerunt
3164 4634 3590 4704 deductiones
3639 4637 3706 4703 in
3738 4635 3888 4703 scri·

2291 4724 2455 4809 ptis,
2506 4733 2573 4789 et
2637 4722 2929 4790 delectus
2988 4724 3498 4810 Apostolicarum
3551 4727 3888 4792 caeremo-

2291 4811 2538 4877 niarum
2563 4812 2885 4897 Magister,
2913 4813 3212 4897 expensis
3236 4811 3725 4900 allegationibus
3754 4823 3886 4880 tum

2291 4899 2588 4987 Episcopi
2670 4912 2804 4965 tum
2881 4903 3373 4967 Procuratorum
3447 4900 3885 4984 Generalium,

2288 5004 2478 5053 suum
2526 4999 2746 5054 votum
2794 4986 3073 5054 confecit
3121 4997 3186 5054 et
3231 5002 3456 5055 votum
3519 4990 3734 5076 ipsum
3795 4989 3886 5055 in·

2290 5084 2535 5142 teresse
2569 5074 2950 5144 habentibus
2995 5075 3536 5144 communicatum
3571 5076 3712 5142 fuit.
3757 5078 3884 5156 Qua

2287 5165 2867 5232 communicatione
2925 5163 3082 5231 facta
3105 5212 3124 5248 ,
3175 5173 3265 5248 et,
3299 5164 3513 5250 novis,
3574 5182 3741 5250 quae
3807 5163 3884 5230 ab

2286 5249 2602 5338 Episcopo
2672 5263 2740 5318 et
2795 5272 2827 5317 a
2886 5252 3404 5319 Procuratoribus
3466 5250 3882 5320 Generalibus

2288 5339 2572 5425 prolatae
2640 5349 2829 5426 sunt,
2888 5338 3476 5423 observationibus,
3539 5358 3665 5408 una
3731 5357 3878 5408 cum
