4042 5950
1586 271 2053 345 -125-

313 429 399 494 Ad
449 432 512 496 3.
556 428 956 515 «Negative,
991 428 1201 513 quoad
1256 441 1521 505 omnes;
1582 425 1753 490 iuxta
1861 443 2089 509 preces
2139 444 2257 492 una
2307 408 2451 492 cum
2497 425 2918 510 Regulaiibus
2960 445 3194 491 canere
3240 436 3308 492 et
3354 439 3447 493 to-

205 519 435 584 sollium
472 538 531 581 λ

313 607 399 671 Ad
465 605 1150 671 4.‹Pub1icationem
1220 601 1760 670 matrimoniorum

205 694 524 759 faciendam
585 712 728 759 esse
801 704 922 757 tam
987 692 1051 757 in
1110 694 1367 777 propria
1440 691 1761 771 Ecclesia,

201 800 364 865 quam
410 781 472 846 in
503 780 894 864 cathedrali,
930 780 1007 846 ad
1051 780 1318 846 formam
1350 777 1762 848 Constitutio-

201 869 281 933 nis
320 869 634 968 synodalis
695 869 840 936 anni
907 871 1110 946 1566;
1161 870 1560 934 exactionem
1611 884 1764 930 vero

199 957 566 1022 decimarum
605 955 669 1022 in
698 956 876 1022 nulla
901 956 1188 1022 Ecclesia
1215 955 1563 1022 faciendam
1600 972 1764 1035 esse,

198 1048 290 1108 sed
341 1046 400 1110 in
445 1046 569 1110 alio
621 1045 764 1109 loco
804 1045 882 1109 ab
917 1044 1236 1130 Episcopo
1269 1042 1666 1141 designando
1700 1061 1761 1105 iv.

308 1132 394 1197 Ad
446 1137 508 1197 5.
564 1155 601 1195 ‹
634 1133 850 1210 Quoad
901 1136 1378 1198 Sacramentum
1429 1130 1765 1196 Poeniten-

201 1222 323 1302 tiae,
369 1222 727 1306 Negative3
795 1220 1002 1307 quoad
1062 1219 1604 1290 Communionem
1660 1220 1765 1281 Pa·

196 1309 474 1390 sebalem,
508 1328 699 1394 posse
735 1309 798 1373 in
828 1307 1087 1395 propria
1136 1306 1441 1388 Ecclesia,
1479 1307 1634 1372 dum
1657 1308 1766 1370 Pa·

201 1397 400 1463 rochus
447 1397 736 1462 celebrat
769 1417 831 1459 ν.

306 1486 393 1551 Ad
426 1488 494 1550 6.
528 1506 569 1549 ‹
597 1483 1017 1564 Affirmative,
1059 1485 1137 1550 ad
1171 1482 1438 1567 piimam
1467 1492 1760 1566 partem3

199 1573 260 1637 ad
302 1574 672 1657 secundam,
724 1572 896 1638 iuxta
943 1571 1203 1637 solitum
1238 1593 1300 1635 ιν.

311 1667 378 1725 Et
425 1661 508 1726 ita
556 1661 852 1727 decrevit
883 1680 952 1725 ac
992 1658 1234 1725 servari
1268 1657 1612 1732 mandavit.
1651 1656 1762 1723 Die

199 1752 228 1813 ’1
269 1748 391 1813 Maii
446 1753 642 1816 1763.

199 1927 425 1996 2470.
789 1929 1139 1992 FtRMANA

727 2034 1209 2100 FUNERUM.

305 2194 392 2259 Ad
441 2192 844 2259 dirimendas
904 2193 1242 2258 nonnullas
1303 2193 1765 2256 controversias

196 2293 419 2345 exortas
481 2281 654 2346 inter
717 2281 1094 2347 Sacerdotes
1157 2279 1428 2360 lulium,
1478 2278 1766 2363 aliosque

195 2371 416 2434 Fratres
475 2369 564 2436 de
627 2367 871 2434 Tosinis
939 2366 1170 2453 Oppidi
1234 2365 1522 2432 Petritoli
1579 2367 1766 2434 Dioe·

195 2456 330 2522 cesis
357 2456 691 2526 Firmanae
740 2477 820 2520 ex
861 2475 1024 2533 una,
1046 2465 1238 2540 atque
1272 2454 1579 2520 Parocbos
1612 2455 1784 2526 dieti„

194 2543 395 2642 Qppidi
458 2563 544 2610 ex
605 2544 803 2609 altera
865 2543 1190 2628 partibus,
1247 2561 1446 2628 super
1505 2543 1766 2607 associa·

196 2631 343 2696 tione
389 2632 780 2698 cadaverum
814 2632 890 2696 ad
925 2630 1274 2695 Ecclesiam
1324 2629 1765 2714 Regularinm,

195 2737 294 2784 nec
335 2738 458 2785 non
516 2737 721 2805 super
783 2719 1238 2786 emolumentis
1298 2718 1594 2784 Parochis
1654 2720 1766 2785 de-

197 2805 342 2890 bitis,
377 2818 440 2871 et
489 2825 665 2872 nunc
713 2806 788 2872 ad
824 2809 886 2873 S.
926 2810 1000 2873 R.
1036 2810 1108 2872 C.
1147 2804 1457 2870 iudicium
1492 2807 1763 2882 delatas;

197 2895 364 2958 Ειῑιιιει
408 2905 473 2959 et
523 2897 724 2960 Rmus
772 2894 1074 2960 Dominus
1120 2892 1468 2960 cardinalis
1501 2897 1765 2979 Caprara

195 2984 413 3048 Ponens
456 2982 862 3068 infrascripta
892 2983 1111 3062 dubia,
1148 3000 1358 3046 coram
1408 2998 1476 3046 se
1508 3000 1766 3047 concor·

195 3070 340 3150 data,
386 3070 754 3137 decidenda
806 3069 1166 3157 proposuit,
1217 3086 1505 3167 nempe.
1722 3117 1738 3131 .

310 3118 369 3224 1’.
414 3160 514 3225 An
566 3158 825 3224 Parocbi
862 3168 1205 3223 teneantur
1248 3156 1559 3221 associare
1591 3159 1768 3224 cada·

196 3264 323 3309 vera
362 3246 737 3312 tumulanda
787 3246 848 3311 in
897 3244 1180 3311 Ecclesia
1213 3241 1629 3330 Regularium
1661 3266 1763 3311 ns-

195 3350 302 3415 que
345 3335 418 3400 ad
468 3337 796 3410 Crucem;
860 3333 965 3398 vel
1031 3331 1241 3419 potius
1302 3350 1508 3417 usque
1557 3334 1632 3399 ad
1687 3334 1767 3397 ia-

197 3438 363 3487 nuam
407 3421 765 3504 Ecclesiae,
806 3421 1018 3505 ibique
1060 3421 1215 3486 dare
1246 3420 1547 3486 ultimum
1581 3418 1770 3486 vale?

197 3518 249 3571 et
271 3524 582 3593 quatenns
608 3507 980 3575 affirmative
1003 3509 1080 3575 ad
1105 3508 1455 3575 secundam
1488 3520 1762 3607 partem,

308 3601 368 3661 2.
415 3600 517 3664 An
566 3598 952 3681 Regulares,
1011 3606 1326 3681 quatenns
1385 3597 1462 3663 ad
1508 3597 1767 3662 associa-

199 3682 412 3749 tionem
461 3705 593 3751 non
642 3684 883 3750 fuerint
943 3684 1215 3765 invitati,
1274 3694 1615 3750 teneantur
1660 3704 1770 3750 ex-

199 3782 429 3856 pectare
469 3786 539 3838 et
570 3772 862 3858 recipere
898 3774 1201 3837 cadavera
1234 3771 1297 3836 in
1332 3772 1508 3839 ianua
1544 3791 1768 3838 eorum

199 3858 560 3926 Ecclesiae?
1171 3927 1182 3939 ,
1713 3888 1720 3899 ·

313 3951 373 4013 3.
435 3953 537 4016 An
606 3948 792 4014 liceat
844 3945 1245 4014 'haeredibus
1313 3948 1768 4014 defunctorum

198 4048 500 4121 asportare
562 4036 872 4102 cadavera
932 4056 966 4101 e
1015 4034 1291 4122 propriis
1350 4034 1648 4103 domibus
1694 4037 1768 4101 ad

201 4124 530 4191 Ecclesiam
565 4122 993 4211 parochialem
1018 4142 1139 4209 per
1168 4124 1433 4188 modum
1465 4123 1769 4211 depositi,

201 4222 521 4296 antequam
565 4212 668 4277 illa
701 4211 1262 4297 processionaliter
1292 4211 1663 4277 deferantur
1695 4212 1771 4278 ad

203 4299 530 4365 Ecclesiam
562 4300 1004 4384 Remurium,
1041 4309 1106 4364 et
1139 4298 1394 4364 Parocbi
1434 4310 1773 4366 teneantur

205 4386 532 4473 recipere?
575 4399 641 4453 et
686 4399 997 4474 quatenos
1044 4385 1443 4469 affirmative,

245 4526 252 4535 .
317 4480 383 4541 4.
414 4481 514 4543 An
555 4487 618 4541 et
659 4477 848 4561 quale
895 4476 1408 4541 emolumentum
1457 4474 1773 4541 debeatur

206 4564 474 4630 Parocbis
523 4564 765 4630 ratione
815 4563 1108 4639 eiusdem
1154 4560 1487 4648 depositi?

318 4656 376 4717 5.
422 4655 519 4718 An
568 4652 860 4718 Parocbis
910 4650 1109 4716 ceteri
1189 4667 1270 4716 ue
1320 4650 1777 4716 Ecclesiasticis

205 4738 634 4833 associantibus
681 4738 986 4805 cadavera
1023 4738 1102 4804 ad
1203 4736 1464 4804 cclesias
1503 4739 1775 4823 Regula-

210 4823 353 4890 rinm
412 4827 597 4893 liceat
663 4827 928 4913 exigere
976 4846 1090 4913 pro
1139 4826 1308 4892 dicta
1362 4826 1772 4891 associatione

208 4912 490 4980 maiorem
553 4918 1029 5000 eleemosynam
1087 4924 1150 4979 et
1209 4915 1768 4979 emolumentum·
1755 4959 1771 4989 ‚

212 5002 296 5064 vel
344 5003 554 5088 potius
613 5002 910 5083 solitum,
961 5001 1288 5069 occasione
1351 5000 1777 5069 associationis

211 5084 514 5155 faciendae
558 5089 636 5156 ad
688 5086 1092 5156 Ecclesiam?

325 5180 389 5241 6.
436 5180 532 5243 An
578 5178 776 5244 ceteri
821 5177 1244 5244 Ecclesiastici
1300 5189 1365 5243 et
1411 5176 1774 5243 confratres

211 5266 568 5330 associantes
613 5266 944 5349 cadavera,
996 5275 1334 5331 teneantur
1368 5264 1628 5329 introire
1667 5270 1772 5329 Ec·

214 5348 444 5416 clesiam
505 5353 957 5438 Regnum-ium,
1021 5352 1238 5437 ibique
1297 5352 1512 5416 solitas
1572 5371 1774 5416 sacras

1531 1927 1762 2012 (4316)
1831 1923 1836 1928 ·

1870 522 2006 577 tum
2051 512 2336 579 Officium
2386 510 2771 577 absolvere?

1997 597 2077 665 Et
2110 604 2173 666 S.
2213 601 2437 668 eadem
2472 605 2542 668 R.
2576 604 2645 666 C.
2660 612 2968 685 ,utraque
3005 615 3183 688 parte
3212 606 3451 704 scripto

1866 701 1930 756 et
1977 709 2135 754 voce
2187 689 2563 754 informante
2612 689 2821 754 audita
2885 688 3161 772 visisque
3210 692 3452 758 iuribus

1868 777 2016 843 hinc
2064 777 2213 843 inde
2259 778 2584 858 deductis,
2618 778 2695 842 ad
2738 777 3113 844 relationem
3158 780 3451 846 eiusdem

1868 864 2006 930 Emi
2057 865 2300 930 Domini
2348 864 2691 931 Cardinalis
2736 864 3056 947 Ponentis,
3102 870 3451 933 rescriben-

1866 955 2020 1020 dum
2071 954 2317 1018 censuit
2350 976 2366 1018 ι

1998 1042 2092 1106 Ad
2149 1045 2209 1105 1.
2256 1062 2294 1104 c
2330 1041 2660 1125 Negative,
2709 1041 2781 1105 ad
2838 1041 3107 1126 primam
3156 1057 3450 1126 partem2

1867 1128 2281 1210 Affirmative,
2330 1130 2405 1196 ad
2455 1130 2799 1195 secundam
2835 1151 2896 1193 ιν.

2001 1215 2095 1281 Ad
2146 1220 2209 1281 2.
2261 1239 2298 1279 ι
2334 1216 2719 1282 Affirmative
2756 1239 2818 1280 ν.

2001 1305 2097 1370 Ad
2148 1310 2213 1371 3.
2267 1328 2301 1366 <i
2338 1304 2761 1387 Affirmative,
2814 1305 2874 1369 in
2936 1306 3278 1384 omnibns3
3342 1330 3453 1395 pe-

1868 1393 1978 1458 tita
2032 1403 2278 1475 tamen,
2328 1394 2617 1477 quamvis
2661 1412 2789 1458 non
2849 1395 3145 1480 obtenta,
3200 1398 3451 1464 licentia

1866 1480 2125 1546 Paro'chi
2166 1503 2227 1545 ν.

1999 1569 2095 1634 Ad
2147 1571 2208 1633 4.
2267 1567 2565 1635 «Deberi
2620 1572 2896 1637 Parocho
2955 1571 3256 1637 intortitia
3324 1589 3452 1641 tan-

1869 1669 2033 1738 tum,
2083 1656 2312 1743 quibus
2360 1658 2630 1723 cadaver
2676 1661 3042 1759 expositum
3090 1659 3235 1744 fnit,
3270 1664 3453 1728 dnm-

1867 1747 2060 1814 modo
2107 1746 2345 1829 aliquas
2393 1764 2621 1829 preces
2671 1747 3128 1847 expleverit».

1999 1834 2095 1900 Ad
2144 1839 2205 1899 5.
2258 1856 2295 1896 ι
2330 1833 2661 1919 Negative,
2710 1838 2785 1903 ad
2835 1837 3105 1921 primam
3162 1851 3451 1922 partem:

1869 1920 2289 2004 Affirmative,
2338 1922 2412 1986 ad
2460 1922 2807 1989 secundam
2843 1946 2910 1988 ιν.

1995 2011 2091 2076 Ad
2142 2015 2204 2077 6.
2257 2033 2296 2074 ‹
2338 2014 2406 2074 ln
2440 2027 2611 2091 casu,
2647 2011 2728 2075 de
2759 2032 2887 2098 quo
2921 2011 3157 2098 agitur,
3191 2035 3455 2081 serven·

1874 2109 1976 2164 tur
2020 2097 2522 2165 Constitutiones
2567 2100 2910 2184 synodales
2945 2123 3006 2165 ιν.

2005 2192 2083 2252 Et
2129 2187 2210 2251 ita
2257 2185 2549 2252 decrevit
2581 2206 2667 2251 ac
2683 2188 2917 2253 servari
2961 2190 3305 2254 mandavit.
3345 2192 3454 2256 Die

1874 2279 1907 2341 7
1959 2274 2099 2340 Maii
2149 2278 2344 2368 1763.

1878 2419 2116 2486 2471.
2442 2419 2877 2484 oER‘rnsssN.
3232 2421 3450 2505 (4317)

2005 2545 2341 2625 Postquam
2390 2544 2584 2606 Rmus
2650 2543 3008 2640 Episcopus
3059 2545 3457 2612 Dertusensis

1872 2649 2075 2717 penes
2107 2632 2171 2695 S.
2204 2633 2277 2694 R.
2307 2633 2376 2694 C.
2418 2628 2713 2714 exposuit
2744 2629 3008 2716 plnres
2997 2649 3060 2694 ιιι
3090 2651 3199 2696 sua
3233 2634 3458 2698 Cathe-

1868 2718 2029 2785 drali
2083 2717 2351 2802 reperiri
2401 2716 2655 2799 abusus,
2705 2735 2864 2800 quos
2916 2719 3306 2803 Capitulum,
3360 2726 3459 2787 Di-

1871 2805 2146 2893 gnitates
2196 2815 2262 2870 et
2309 2803 2603 2870 Canonici
2662 2824 2919 2869 servare
2982 2809 3459 2874 contendebant

1871 2902 2086 2961 contra
2136 2891 2598 2991 praescriptum
2650 2903 2714 2956 et
2761 2891 3243 2979 dispositionem
3304 2899 3455 2964 Cae-

1870 2979 2232 3048 remonialis
2269 2978 2728 3065 Episcoporum
2776 2992 2841 3045 et
2890 2987 3305 3048 Decretornm
3339 2986 3455 3050 bu·

1868 3070 1964 3135 ius
2011 3072 2083 3135 S.
2117 3073 2219 3144 G.;
2271 3068 2443 3134 idem
2476 3071 2856 3156 Episcopus,
2890 3088 3119 3155 parens
3151 3073 3456 3137 mandatis

1872 3157 2163 3222 eiusdem
2213 3160 2279 3222 S.
2322 3160 2392 3223 C.
2443 3175 2557 3240 per
2607 3157 2819 3221 literas
2867 3157 3283 3241 particulares
3336 3161 3453 3226 sibi

1869 3243 2220 3312 commissis
2244 3245 2363 3310 sub
2391 3244 2495 3309 die
2526 3248 2599 3310 11
2628 3243 3024 3328 Septembris
3057 3248 3248 3327 1761,
3277 3266 3457 3332 prae-

1872 3334 1998 3400 fixo
2048 3331 2324 3397 termino
2372 3331 2665 3398 omnibus
2712 3333 3019 3397 interesse
3080 3333 3459 3401 habentibus

1872 3423 1949 3488 ad
1981 3422 2486 3520 comparendum
2519 3439 2731 3485 coram
2780 3422 3000 3487 eadem
3038 3424 3105 3487 S.
3140 3424 3210 3487 G.
3249 3432 3314 3486 et
3344 3423 3457 3488 de·

1872 3510 2246 3576 ducendum
2317 3508 2449 3572 iura
2512 3528 2646 3591 sua,
2703 3510 3020 3595 propriam
3079 3509 3457 3576 relationem
3557 3515 3564 3525 '

1875 3594 2245 3662 transmisit.
2297 3594 2541 3662 Deinde
2590 3600 2783 3660 Emus
2833 3608 2913 3661 et.
2932 3601 3127 3664 Rffius
3158 3600 3458 3664 Dominus

1871 3682 2219 3752 Cardinalis
2266 3686 2528 3749 Ferroni
2576 3682 2937 3750 Praefectus
2983 3698 3047 3750 et
3080 3690 3311 3752 Causae
3346 3692 3457 3752 Po·

1873 3791 2031 3839 nens
2070 3769 2465 3857 infrascripta
2514 3772 2728 3853 dubia,
2781 3792 2990 3838 coram
3019 3794 3088 3838 se
3123 3775 3288 3840 inter
3320 3794 3459 3860 par·
3512 3802 3524 3821 ·

1875 3873 1970 3925 tes
1995 3860 2400 3942 concordata,
2427 3860 2783 3928 decidenda
2807 3861 3167 3948 proposuit,
3191 3882 3456 3950 nempe·

2013 3952 2076 4013 1.
2111 3950 2205 4013 An
2239 3947 2586 4031 Dignitates
2632 3967 2851 4014 omnes
2884 3960 2949 4014 et
2980 3951 3272 4015 Canonici
3323 3952 3459 4036 (ex-

1874 4035 2078 4120 ceptis
2112 4036 2441 4102 Canonicis
2463 4037 2870 4137 celebrante,
2906 4037 3177 4103 Diacono
3211 4050 3277 4102 et
3308 4040 3462 4105 Sub-

1875 4124 2167 4205 diacono)
2207 4135 2545 4190 teneantur
2576 4125 2881 4190 associare
2905 4126 3291 4212 Episcopum
3327 4146 3464 4212 cap·

1882 4233 1956 4300 pa
2023 4212 2318 4276 indutum
2381 4213 2455 4276 ad
2528 4214 2874 4278 Ecclesiam
2944 4217 3098 4279 dnm
3160 4216 3464 4300 pedester

1878 4299 2124 4365 accedit
2183 4298 2414 4364 divinis
2472 4298 2699 4366 Officiis
2763 4301 3218 4378 interfuturus,
3267 4324 3299 4365 a
3346 4322 3461 4369 suo

1880 4388 2175 4453 cubiculo
2219 4389 2297 4452 ad
2356 4388 2589 4452 Sedem
2658 4407 2858 4471 nsque
2923 4389 3348 4476 episcopalem
3400 4390 3459 4456 in

1879 4477 2131 4549 Cboro;
2183 4493 2499 4573 eumque,
2566 4477 2856 4541 omnibus
2911 4479 3089 4542 Horis
3136 4477 3463 4543 canonicis

1880 4562 2181 4628 absolutis
2225 4556 2326 4626 vel
2376 4562 2550 4628 nulla
2598 4564 2876 4648 incepta,
2924 4565 3340 4630 recedentem
3390 4554 3464 4631 il·

1885 4654 1984 4716 luc
2036 4646 2403 4715 reducere?

2013 4742 2095 4802 2.
2130 4739 2226 4802 An
2274 4757 2495 4802 omnes
2542 4740 2893 4825 Dignitates
2940 4754 3005 4806 et
3034 4741 3356 4817 Canonici,
3392 4754 3464 4808 nt

1879 4844 2093 4910 supra,
2146 4825 2358 4890 eidem
2404 4826 2717 4925 Episcopo
2765 4846 2957 4893 curru
3019 4829 3119 4893 vel
3180 4831 3465 4914 portatili

1879 4914 2035 4978 sella
2064 4913 2139 4976 ad
2178 4911 2522 4978 Ecclesiam
2556 4914 2867 4996 venienti,
2905 4926 3243 4981 teneantur
3285 4929 3465 4983 extra

1880 5011 2126 5088 portam
2172 5000 2563 5065 cathedralis
2611 5022 2972 5087 occurrere,
3026 5015 3091 5069 et
3136 5024 3337 5090 usqne
3386 5007 3461 5072 ad

1878 5107 2054 5153 suam
2103 5088 2386 5154 Sedem
2376 5108 2435 5153 in
2469 5089 2677 5155 Choro
2724 5090 3069 5175 associare3
3124 5092 3463 5177 ipsumque

1881 5175 2309 5263 pariformiter
2375 5175 2452 5240 ab
2520 5178 2799 5244 Ecclesia
2864 5179 3311 5247 discedentem
3386 5182 3459 5247 ad

1881 5264 2173 5329 eamdem
2220 5263 2614 5329 Catbedralis
2662 5265 2906 5332 ianuam
2952 5267 3337 5334 deducere?

2011 5356 2074 5418 3.
2128 5356 2220 5417 An
2268 5371 2489 5417 omnes
2532 5353 2635 5418 vel
2686 5366 2841 5439 quot
2881 5354 3224 5441 Dignitates
3259 5367 3321 5421 et
3352 5360 3462 5423 Ca-
