4042 5950
1958 279 2376 355 ...32-

540 430 967 526 supplicatum
1014 438 1153 505 fuit·
1176 457 1294 524 pro
1325 436 1758 504 declaratione
1790 435 2117 521 quomodo

544 526 936 593 terminanda
983 525 1064 591 sit
1106 527 1325 594 ultima
1370 522 1626 591 Oratio?

673 616 738 679 S.
790 614 1009 680 eadem
1056 618 1130 680 R.
1187 616 1257 680 c.
1286 612 1701 679 «Orationem
1724 611 2113 698 praedictam

542 698 637 767 bis
706 701 974 768 verbis:
1033 701 1162 776 Qut·
1232 704 1400 767 vivis
1459 711 1515 765 et
1570 718 1798 785 requos
1860 702 1935 764 in
1979 718 2114 764 sac-

540 788 694 853 cula
735 798 883 868 otc„
912 787 1207 855 concludi
1254 790 1498 856 debere
1544 787 1984 854 declaravit».
2034 790 2113 851 Et

544 875 624 940 ita
691 876 929 943 servari
974 876 1323 944 mandavit.
1393 874 1504 941 Die
1581 878 1659 943 10
1720 871 2118 960 Septembris

540 1140 794 1208 2253.
1136 1142 1543 1208 NEPESINA.
1886 1135 2109 1221 (3⁹13)

669 1317 888 1383 Habito
958 1336 1078 1403 per
1143 1313 1790 1402 Archipresbyterum
1839 1322 1903 1378 et
1962 1312 2111 1379 Uni·

540 1402 903 1470 versitatem
935 1404 1130 1471 castri
1179 1403 1461 1469 Malleani
1510 1400 1882 1469 Pecudaritii
1930 1401 2111 1466 Dioe-

536 1490 697 1557 cesis
742 1492 1093 1577 Nepesinae
1138 1490 1214 1557 ad
1263 1493 1332 1557 S.
1365 1494 1438 1556 R.
1475 1492 1545 1556 c.
1594 1507 1857 1555 recursu
1916 1506 2111 1574 super

539 1577 971 1646 celebratione
1019 1578 1185 1644 Festi
1229 1575 1574 1644 Nativitatis
1621 1579 1685 1644 S.
1724 1575 1966 1642 loannis
2001 1580 2109 1641 Ba-

538 1665 814 1753 ptistae,
878 1665 1046 1749 quod
1107 1665 1330 1749 vigore
1385 1664 1693 1751 suppositi
1750 1663 1979 1730 indulti
2033 1662 2110 1727 ab

535 1753 793 1838 antiquo
826 1765 1113 1840 tempore
1145 1764 1211 1819 et
1243 1772 1324 1818 ex
1354 1752 1540 1818 variis
1571 1753 1818 1818 assertis
1844 1749 2110 1817 circum·

530 1841 777 1906 stantiis
843 1840 905 1906 in
981 1840 1257 1907 Ecclesia
1328 1839 1666 1928 parochiali
1732 1837 1852 1905 sub
1916 1837 2106 1903 titulo

535 1930 599 1993 S.
653 1927 896 1994 loannis
942 1927 1251 2012 Baptistae
1276 1926 1472 1993 castri
1507 1926 1813 2016 praedicti
1849 1925 1975 1992 buc
2004 1943 2110 1989 us-

534 2033 660 2099 que
707 2033 963 2104 semper
1008 2013 1111 2081 die
1164 2019 1241 2081 17
1290 2014 1426 2081 Maii
1489 2015 1879 2080 celebratum
1949 2012 2102 2096 fuit;

534 2102 874 2187 auditaque
920 2102 1098 2191 prius
1145 2102 1453 2168 relatione
1517 2101 1709 2191 ipsius
1767 2101 1994 2188 Episco
2048 2100 2101 2183 i,

536 2188 638 2255 cui
680 2190 1008 2259 commissa
1054 2190 1248 2256 fuerit
1293 2208 1489 2278 super
1548 2188 1851 2255 enarratis
1912 2187 1974 2253 in
2004 2206 2105 2252 or·

535 2276 754 2362 matio,
1060 2326 1067 2333 .
1506 2307 1514 2315 ·

663 2367 726 2431 S.
780 2365 1006 2431 eadem
1053 2370 1127 2432 R.
1162 2369 1233 2431 c.
1285 2364 1768 2432 rescribendum
1815 2362 2099 2429 censuit:

532 2471 570 2514 ‹
601 2453 857 2517 Festum
903 2455 972 2519 S.
1004 2452 1247 2519 loannis
1292 2452 1603 2540 Baptistae
1635 2451 1942 2518 celebrari
1993 2450 2103 2514 de-

533 2537 688 2604 bere
733 2539 839 2604 die
887 2543 971 2605 24
1022 2540 1203 2622 lunii,
1253 2557 1372 2604 nec
1418 2558 1604 2626 posse
1649 2537 2001 2624 anticipari;
2037 2548 2102 2603 et

528 2624 880 2713 Episcopus
930 2626 1248 2697 incumbat
1295 2644 1408 2711 pro
1460 2625 1839 2692 executione
1871 2644 1934 2686 ›.

658 2714 771 2781 Die
822 2716 902 2781 10
949 2714 1585 2799 septembr-isius.

525 2886 783 2956 2254.
1866 2886 2098 2974 (aare)

1078 2892 1268 2954 PLAC
1278 2890 1589 2956 ENTINA.

654 3069 861 3151 Super
907 3064 1048 3132 iure
1116 3067 1477 3153 exponendi
1541 3065 1836 3153 publicae
1902 3077 2097 3130 vene·

522 3152 742 3218 rationi
790 3153 1144 3239 Reliquiam
1208 3156 1438 3220 SSmae
1503 3152 1720 3220 crucis
1789 3170 1907 3218 nec
1968 3170 2097 3217 non

525 3259 671 3309 cum
719 3240 825 3306 illa
873 3239 1390 3307 benedictionem
1434 3239 1675 3328 populo
1715 3238 2093 3326 elargiendi,

523 3349 592 3414 ac
640 3328 824 3394 etiam
874 3327 1209 3394 nonnullas
1257 3326 1404 3392 alias
1458 3327 1816 3394 functiones
1875 3327 2096 3393 Eccle-

520 3416 792 3481 siasticas
847 3416 909 3481 in
966 3415 1248 3482 Orator-io
1306 3414 1847 3498 Confraternitatis
1892 3419 1954 3481 S.
2007 3418 2093 3481 la-

522 3502 661 3568 cobi
722 3501 1019 3583 Minoris,
1067 3501 1188 3566 sito
1246 3501 1404 3566 intra
1474 3501 1709 3568 limites
1776 3501 2095 3569 Ecclesiae

524 3587 895 3676 parochialis
942 3592 1007 3656 S.
1053 3589 1252 3655 lacobi
1319 3588 1564 3654 Maioris
1621 3588 1900 3655 civitatis
1960 3588 2095 3656 Pla·

521 3677 790 3758 centias,
818 3675 1339 3761 independenter
1384 3695 1415 3738 a
1462 3676 1739 3742 Paroebo
1786 3695 2094 3742 exercen-

522 3765 622 3848 di,
685 3763 858 3830 inter·
918 3762 1260 3849 losepbum
1329 3761 1712 3830 Buttafabam
1756 3767 2091 3830 Rectorem

524 3851 884 3936 praedictae
933 3849 1253 3916 Ecclesiae
1299 3850 1670 3938 parochialis
1717 3870 1798 3915 ex
1844 3870 1993 3931 una,
2031 3862 2095 3914 et

519 3938 882 4005 Confratres
915 3937 1205 4004 eiusdem
1235 3938 1788 4005 confraternitatis·
1813 3937 2094 4023 partibus

518 4047 603 4091 ex
648 4028 867 4108 altera,
916 4026 1071 4091 ortis
1129 4026 1606 4108 controversiis3
1644 4026 1849 4111 iisque
1897 4025 1973 4091 ad
2023 4027 2087 4092 S.

519 4119 593 4181 R.
631 4117 711 4179 C.·
754 4114 1019 4195 delatis»,
1070 4116 1264 4179 Effius
1310 4124 1373 4178 et
1416 4116 1612 4179 Rmus
1655 4116 1728 4179 D.
1763 4114 1948 4180 card.
1985 4116 2094 4178 Fa-

520 4202 756 4267 bronus
805 4200 1197 4286 infrascripta
1242 4199 1433 4268 dubia
1456 4201 1829 4268 declaranda
1863 4219 2096 4287 prepo-

518 4291 671 4373 suit,
719 4307 992 4375 nempe=

656 4381 716 4443 1.
767 4379 863 4442 An
909 4376 1097 4443 liceat
1142 4375 1574 4442 confratribus
1621 4380 1688 4443 S.
1732 4375 1933 4441 laconi
1980 4374 2092 4440 Mi·

518 4466 687 4533 noris
735 4483 1062 4551 exponere
1111 4462 1399 4551 publicae
1455 4461 1849 4529 venerationi
1897 4481 2093 4528 asser-

406 4609 413 4620 .
518 4565 644 4619 tam
689 4552 1041 4637 Reliquiam
1092 4552 1154 4619 in
1187 4565 1331 4616 casu
1359 4548 1392 4616 ἰ’
1449 4559 1515 4616 et
1562 4562 1875 4635 quatenus
1928 4549 2094 4616 affir-

518 4653 747 4794 mauge
758 4689 860 4793 ’An
884 4729 1308 4816 cappellanus
1330 4723 1865 4795 confraternitatis
1896 4725 2092 4809 possit

518 4818 665 4880 cum
711 4816 936 4880 eadem
985 4817 1222 4904 populo
1271 4813 1699 4892 benedicere;
1732 4814 1837 4900 vel
1878 4814 2091 4899 potins

514 4911 764 4987 spectet
809 4902 886 4967 ad
931 4904 1277 4968 Parochum
1325 4903 1482 4968 hanc
1515 4902 1910 4970 functionem
1943 4920 2091 4988 per-

519 5007 717 5143 age?
734 4985 968 5146 'agniti
1018 5075 1294 5141 Ecclesia
1322 5077 1864 5144 confraternitatis
1895 5077 2096 5162 possit

518 5164 694 5231 Feria
740 5167 792 5231 V
844 5164 907 5228 in
960 5165 1168 5229 coena
1212 5164 1454 5228 Domini
1501 5164 1872 5230 solemniter
1915 5166 2090 5228 Missa

654 5358 733 5430 (ι)
768 5359 828 5415 Ε.
866 5358 1011 5415 nub.
1050 5357 1100 5413 s.

2213 434 2548 517 celebrari,
2596 433 2880 533 aliaeque
2929 433 3286 500 functiones
3333 434 3555 500 Feriae
3603 436 3686 500 vt
3741 443 3809 500 et

2215 521 2466 589 Sabbati
2513 522 2721 591 Sancti
2768 521 3012 589 ibidem
3058 517 3319 607 peragi?
3373 531 3438 587 et
3483 531 3807 607 quatenus

2219 608 2618 691 affirmative,

2351 700 2419 762 4.
2466 701 2562 762 An
2592 694 2961 763 huiusmodi
2991 695 3353 763 functiones
3391 695 3530 763 fieri
3554 696 3808 783 possint

2219 783 2739 871 independenter
2781 805 2818 849 a
2861 782 3186 850 Pasocbo'?

2353 878 2417 938 Β.
2469 873 2565 937 An
2611 873 2852 959 pariter
2896 870 3070 937 idem
3115 871 3538 959 Gappellanus
3603 870 3811 960 possit

2221 958 2740 1047 independenter
2786 979 2820 1024 a
2864 959 3141 1025 Parecbo
3189 958 3516 1027 celebrare
3552 959 3810 1026 Missam

2217 1045 2591 1127 solemniter
2621 1045 2688 1113 in
2717 1050 2903 1115 Festo
2935 1046 3195 1113 'l'itulari
3229 1046 3519 1115 eiusdem
3579 1045 3810 1113 Eccle-

2215 1137 2368 1217 siae,
2417 1133 2684 1218 aliisqne
2716 1133 3160 1201 festivitatibus
3199 1135 3263 1201 in
3316 1135 3483 1201 dieta
3516 1136 3808 1200 Ecclesia

2217 1220 2528 1295 celebrari
2576 1220 2828 1288 solitis?

2345 1315 2411 1377 6.
2465 1312 2559 1375 An
2607 1309 2670 1375 in
2716 1310 2944 1375 eadem
2989 1310 3266 1377 Ecclesia
3301 1308 3498 1396 possit
3528 1310 3808 1379 retineri

2211 1397 2793 1467 Confessionarium
2815 1397 3018 1463 fixum
3042 1400 3118 1465 ad
3144 1398 3490 1465 audiendas
3509 1399 3806 1465 omnium

2214 1485 2506 1554 fidelium
2552 1484 3042 1552 confessiones?

2346 1581 2413 1643 7.
2462 1576 2557 1639 An
2589 1575 2958 1640 confratres
2989 1573 3233 1658 possint
3265 1574 3506 1641 ducere
3537 1579 3805 1642 Proces-

2211 1664 2423 1730 siones
2448 1672 2628 1747 extra
2659 1661 2968 1729 ambitum
2992 1660 3292 1746 propriae
3315 1660 3639 1729 Ecclesiae
3661 1662 3806 1728 abs·

2212 1770 2339 1837 que
2388 1749 2638 1831 licentia
2687 1746 2994 1815 Parecbi?

2348 1845 2424 1904 Et
2472 1839 2727 1919 S.R.c.,
2759 1836 2912 1902 visis
2940 1856 3009 1903 ac
3037 1846 3290 1912 mature
3332 1837 3672 1922 perpensis
3707 1837 3803 1901 in·

2212 1926 2385 1993 ribus
2434 1924 2581 1990 hinc
2628 1924 2780 1990 inde
2827 1943 2907 1990 ex
2956 1923 3138 1991 curia
3202 1924 3545 2012 episcopali
3592 1934 3804 1990 trans-

2213 2014 2443 2097 missis,
2512 2022 2579 2077 et
2627 2022 2752 2078 tam
2818 2031 2979 2077 voce
3047 2028 3239 2096 quam
3304 2012 3559 2097 scriptis
3623 2021 3804 2078 utra-

2209 2121 2342 2186 que
2386 2110 2566 2186 parte
2614 2099 2994 2167 informante
3023 2097 3261 2181 audita,
3306 2098 3800 2166 rescribendum

2213 2189 2501 2255 censuit:

2340 2276 2433 2341 Ad
2490 2280 2546 2341 1.
2599 2296 2637 2339 ‹
2671 2274 3063 2341 Affirmative
3090 2298 3154 2341 a».

2344 2365 2433 2429 Ad
2477 2368 2550 2428 2.
2599 2382 2636 2424 ι
2667 2364 2882 2441 Quoad
2930 2362 3202 2446 primam
3250 2374 3536 2462 partem,
3584 2364 3799 2448 Nega-

2211 2451 2368 2532 tive,
2419 2450 2536 2516 nisi
2585 2449 2667 2515 de
2696 2448 3538 2535 licentia01·dinari1;qno'ad
3563 2468 3799 2516 secun-

2208 2537 2380 2619 dam,
2430 2538 2823 2604 Affirmative
2859 2559 2921 2604 ».

2340 2627 2432 2692 Ad
2485 2630 2548 2691 3.
2597 2648 2637 2691 ‹
2670 2626 3016 2712 Negativ03
3104 2623 3392 2712 exceptis
3470 2624 3797 2691 Matutinis

2206 2712 2642 2779 Tenebrarum
2675 2735 2737 2780 ›.

2341 2800 2432 2866 Ad
2483 2804 2544 2866 δ.
2596 2820 2634 2863 ι
2668 2800 2996 2866 Provisum
3044 2799 3106 2866 in
3155 2799 3665 2885 praecedenti».

2336 2887 2432 2953 Ad
2483 2893 2546 2954 ὅ.
2595 2909 2634 2952 ‹
2668 2887 3002 2990 Negative,
3033 2887 3110 2954 ad
3158 2887 3425 2955 formam
3471 2886 3795 2955 constitn-

2207 2976 2452 3042 tionum
2497 2978 2902 3063 synodalium
2926 2997 2988 3043 ›.

2332 3064 2430 3130 Ad
2478 3066 2518 3129 6
2567 3074 2633 3129 et
2681 3068 2743 3131 7.
2795 3085 2832 3127 ι
2866 3064 3208 3148 Negative,
3255 3063 3374 3129 nisi
3421 3062 3789 3131 dulice-tia

2206 3150 2597 3237 Episcopi».

2335 3243 2414 3303 Et
2455 3239 2542 3304 ita
2588 3239 2880 3305 decrevit
2909 3250 2980 3305 et
3019 3237 3260 3305 servari
3289 3237 3639 3306 mandavit.
3671 3237 3791 3306 uie

2209 3330 2289 3393 10
2336 3326 2736 3413 Septembris
2789 3330 2978 3394 1718.

2204 3501 2461 3574 2255.
2772 3504 3244 3570 VELITERNA.

3551 3505 3784 3592 (2915)

2333 3678 2427 3744 Ad
2474 3696 2612 3745 com
2705 3679 2942 3743 nendas
3009 3676 3470 3743 controversias
3529 3689 3788 3746 exortas

2199 3765 2369 3831 inter
2402 3766 2624 3851 capitu
2655 3783 2762 3831 nm
2793 3766 3113 3834 Ecclesiae
3137 3764 3539 3834 cathedralis
3555 3768 3622 3832 S.
3644 3766 3787 3832 Cle-

2199 3851 2430 3918 mentis
2496 3866 2562 3918 et
2619 3853 2877 3920 clerum
2938 3850 3216 3920 civitatis
3277 3853 3638 3920 veliternae
3698 3873 3785 3920 ex

2200 3958 2347 4021 una,
2396 3951 2588 4026 atque
2633 3939 3061 4026 magistratum
3105 3939 3385 4007 Civitatis
3415 3941 3786 4028 praedictae

2197 4028 2488 4114 partibus
2549 4045 2634 4093 ex
2690 4030 2885 4093 altera
2916 4074 2933 4109 ,
2994 4045 3190 4115 super
3247 4028 3571 4095 nonnullis
3629 4028 3784 4094 iuri-

2200 4116 2316 4180 bus
2379 4114 2744 4182 honorificis
2805 4115 2884 4182 ab
2947 4114 3119 4181 illius
3175 4114 3538 4201 Magistrum
3601 4134 3784 4203 prae-

2201 4201 2420 4282 tensis,
2471 4202 2694 4289 vigore
2740 4214 3015 4269 assertae
3063 4202 3582 4271 immemorabilis
3628 4220 3783 4267 con·

2197 4288 2579 4372 suetudinis,
2615 4299 2681 4356 et
2711 4290 3037 4357 occasione
3066 4289 3410 4376 quacertis
3431 4289 3578 4362 anni
3616 4301 3783 4356 ten-

2199 4375 2458 4529 ploribus
2505 4389 2570 4441 et
2589 4378 3260 4531 ἓίῐςηαέωιὲίηιΐᾳειίε
3290 4376 3782 4531 solemfflssus

2196 4484 2216 4528 ι
2268 4482 2370 4529 em
2438 4482 2650 4529 accen
2758 4485 2789 4529 a
2965 4485 3034 4533 cc
3065 4483 3258 4534 enam
3331 4467 3527 4533 Gatbe
3713 4483 3780 4530 m

2197 4550 2472 4636 aliasque
2512 4550 2832 4637 praefatae
2877 4552 3158 4619 Civitatis
3203 4554 3517 4620 Ecclesiae
3559 4552 3639 4618 ad
3684 4551 3779 4618 ef-

2193 4637 2440 4704 fectum
2495 4639 2918 4706 interessendi
2961 4638 3160 4705 niuis
3215 4639 3608 4708 solemnibus
3672 4658 3779 4705 ce·

2200 4725 2476 4810 terisque
2521 4726 2750 4793 Officiis
2808 4726 3080 4809 divinis3
3131 4747 3161 4790 a
3206 4727 3499 4813 capitulo
3556 4727 3775 4793 Eccle-

2195 4815 2323 4881 siae
2390 4814 2781 4881 Cathedralis
2848 4814 2924 4881 ad
2995 4818 3225 4881 Effiun
3287 4824 3354 4881 et
3409 4818 3641 4881 limum
3697 4819 3775 4881 D.

2197 4902 2365 4969 Sacri
2396 4901 2664 4989 collegii
2699 4907 3000 4970 Emorum
3033 4913 3099 4970 et
3128 4906 3432 4970 Rmorum
3465 4906 3592 4968 DI).
3629 4906 3776 4969 car·

2128 5016 2135 5024 ·
2199 4990 2504 5068 dinalium
2572 4996 2893 5060 Decanum
2950 4991 3336 5078 Episcopum
3397 4989 3610 5059 habito
3671 5008 3773 5054 re-

2196 5091 2427 5154 sursn;
2485 5077 2742 5162 illisque
2786 5080 3235 5148 controversiis
3281 5080 3357 5144 ab
3420 5076 3773 5145 Eminentia

2195 5181 2303 5228 sua
2337 5164 2414 5229 ad
2444 5167 2510 5231 S.
2533 5167 2608 5230 R.
2633 5169 2705 5231 c.
2736 5185 2852 5250 pro
2883 5166 3206 5233 decisione
3240 5165 3551 5251 rmissis3
3579 5169 3774 5230 Emus
