4042 5950
2038 286 2507 364 ——134—

621 466 660 507 α
693 442 1152 511 Adhibendum
1198 463 1336 510 esse
1384 442 1668 508 colorem
1721 444 1994 510 rubeum
2027 467 2088 510 v.
2142 448 2222 510 Et

622 533 705 596 ita
756 532 1127 598 declaravit.
1179 532 1291 598 Die
1347 534 1422 597 17
1473 533 1740 617 Augusti
1798 535 1990 600 1771.

624 709 882 777 2493.
1229 710 1599 774 MELITEN.

1986 705 2214 792 (4359)

1089 813 1741 882 anurLexioms.
2172 797 2183 818 “

638 985 644 990 ·
751 971 845 1036 Ad
898 969 1292 1036 dirimendas
1353 970 1690 1036 nonnullas
1750 971 2004 1035 obortas
2070 988 2220 1034 con-

622 1059 962 1126 troversias
996 1058 1162 1122 inter
1187 1061 1625 1123 promotorem
1651 1057 1958 1123 Fiscalem
1993 1059 2219 1123 curiae

623 1144 1004 1235 episcopalis
1055 1145 1398 1211 Melitensis
1429 1157 1493 1210 et
1525 1144 1874 1212 canonicos
1909 1145 2222 1210 Ecclesia-

622 1255 767 1301 rum
813 1233 1314 1317 collegiatarum
1365 1237 1430 1300 S.
1480 1234 1652 1299 pauli
1700 1232 1929 1320 Oppidi
1984 1234 2222 1298 Vallet-

623 1336 722 1389 tae
771 1342 840 1387 ac
888 1325 950 1386 S.
1006 1323 1286 1387 Helenae
1337 1320 1801 1408 imperatriciS,
1850 1340 2048 1406 super
2109 1337 2222 1405 ge-

623 1409 988 1477 nuflexione
1035 1409 1324 1476 facienda
1373 1407 1715 1497 Episcopo,
1764 1409 1971 1493 quoad
2023 1412 2221 1473 Cano-

623 1498 802 1564 nicos
832 1497 1219 1595 praedictos,
1255 1501 1451 1563 Emus
1486 1506 1552 1561 et
1583 1499 1776 1561 Rmus
1808 1500 1991 1562 Dum.
2028 1496 2217 1562 card.

622 1585 845 1651 Boscbi
872 1588 1118 1649 Ponens
1152 1584 1548 1671 infrascripta
1582 1582 1771 1649 dubia
1805 1584 1975 1649 inter
2010 1594 2224 1668 partes

624 1672 1031 1755 concordata,
1083 1671 1445 1738 decidenda
1504 1670 1882 1758 proposuit,
1932 1690 2219 1757 nempe:

761 1764 823 1825 1.
872 1763 971 1824 An
1018 1759 1081 1824 in
1133 1759 1565 1825 functionibus
1612 1758 1882 1843 aliisque
1946 1759 2219 1841 casibus,

624 1851 689 1912 in
721 1847 952 1931 quibus
988 1846 1338 1934 Episcopus
1383 1848 1684 1934 privatim
1732 1847 1936 1914 adstat
1969 1858 2034 1912 et
2065 1864 2223 1932 pon-

627 1934 951 2001 tificaliter
996 1952 1125 2001 non
1171 1933 1461 2018 indutus,
1513 1935 1864 2022 Dignitates
1913 1945 1978 2001 et
2023 1938 2223 2000 cano-

624 2021 749 2088 nici
797 2019 1062 2109 insignis
1109 2021 1430 2088 Ecclesiae
1480 2022 1868 2109 collegiatae
1930 2025 1993 2089 S.
2047 2020 2219 2086 Pauli

623 2122 769 2177 ante
819 2109 1029 2196 ipsum
1078 2120 1477 2176 transeuntes
1525 2110 1803 2177 debeant
1849 2110 2063 2177 eidem
2111 2125 2223 2194 ge-

624 2198 1015 2281 nuflectere5
1077 2198 1182 2263 vel
1248 2209 1493 2264 tantum
1541 2211 1730 2285 caput
1794 2209 1857 2264 et
1914 2200 2222 2265 humeros

627 2286 947 2371 profunde
996 2283 1359 2352 inclinare?

755 2377 817 2437 2.
872 2376 964 2440 An
1012 2375 1357 2461 Dignitates
1383 2385 1449 2440 et
1484 2373 1781 2442 canonici
1827 2373 2214 2459 collegiatae

624 2462 690 2526 S.
742 2461 1021 2527 Helenae
1067 2461 1496 2548 linperatricis
1542 2462 1605 2526 in
1654 2461 2089 2527 functionibus
2124 2479 2215 2525 ec·

625 2549 1030 2632 clesiasticiS,
1071 2549 1326 2633 quoties
1378 2558 1707 2615 transeunt
1759 2558 1904 2613 ante
1962 2547 2222 2634 Episco-

627 2654 820 2724 pum,
888 2636 1165 2701 debeant
1232 2637 1719 2723 genuflectere3
1793 2637 1896 2701 vel
1971 2646 2217 2701 tantum

624 2733 814 2809 caput
860 2734 926 2788 et
973 2723 1276 2788 humeros
1323 2725 1643 2809 profunde
1693 2720 2049 2790 inclinare?

760 2814 834 2874 Et
899 2814 963 2879 S.
1016 2815 1091 2878 R.
1149 2816 1252 2894 c.‚
1290 2824 1563 2897 utraque
1629 2825 1805 2900 parte
1865 2812 2107 2898 scripto
2155 2824 2220 2876 et

626 2919 784 2964 voce
853 2898 1236 2966 informante
1302 2900 1550 2986 audita,
1622 2901 1904 2986 visisque
1976 2899 2219 2966 iuribus

625 2986 772 3052 hinc
820 2987 968 3054 inde
1016 2988 1342 3071 deductiS,
1376 2991 1451 3056 ad
1500 2991 1874 3056 relationem
1926 2989 2220 3054 eiusdem

627 3075 761 3141 Emi
811 3077 1133 3161 ponentis,
1187 3077 1670 3144 rescribendum
1719 3079 2016 3143 censuit:

758 3165 851 3232 Ad
907 3168 968 3231 1.
1018 3188 1055 3229 ‹
1090 3164 1539 3232 providebitur
1600 3167 1663 3232 in
1723 3165 1967 3232 casibus
2025 3164 2220 3253 parti-

624 3252 950 3319 cularibus
983 3275 1046 3321 ι.

756 3340 851 3406 Ad
902 3347 966 3408 2.
1022 3364 1059 3408 ‹
1086 3342 1503 3425 Affirmative,
1532 3344 1607 3410 ad
1634 3342 1906 3431 primam
1944 3353 2217 3429 partem;

622 3429 957 3514 Negative,
1008 3431 1085 3496 ad
1133 3432 1484 3498 secundam
1518 3452 1579 3497 ι.

752 3520 832 3581 Et
866 3517 950 3582 ita
982 3518 1274 3584 decrevit
1306 3540 1373 3584 ac
1415 3518 1654 3584 servari
1708 3519 2054 3587 mandavit.
2106 3518 2219 3584 Die

630 3607 706 3670 16
745 3603 876 3668 Maii
919 3608 1109 3672 1772.

756 3693 897 3757 Mox
945 3704 1162 3758 autem
1207 3695 1573 3780 capitulum
1622 3705 1686 3760 et
1734 3694 2032 3762 canonici
2100 3697 2216 3759 Ec-

623 3779 853 3844 clesiae
900 3780 1288 3867 collegiatae
1322 3786 1390 3849 S.
1424 3783 1596 3848 pauli
1646 3794 1711 3848 et
1760 3788 2090 3849 promotor
2123 3782 2219 3848 Fi·

620 3867 802 3930 scalis
849 3870 1076 3935 curiae
1127 3869 1504 3956 episcopalis
1553 3870 1947 3959 infrascripta
1993 3871 2213 3952 dubia,

623 3958 903 4020 ponente
972 3958 1420 4042 supralaudato
1495 3964 1647 4023 Emo
1718 3959 1984 4041 Boschi,
2045 3957 2213 4044 apud

622 4047 689 4108 S.
741 4046 817 4108 R.
869 4046 942 4109 c.
990 4045 1346 4111 decidenda
1394 4059 1895 4134 proposuerunt,
1930 4065 2081 4111 nem
2133 4062 2211 4111 e:

761 4136 821 4197 1.
871 4137 968 4201 An
1018 4135 1347 4200 occasione
1397 4134 1842 4220 processionis,
1875 4155 2039 4222 quae
2121 4136 2215 4199 eri

620 4222 784 4286 solet
850 4222 913 4288 in
973 4222 1080 4287 die
1142 4226 1326 4287 Festo
1389 4226 1453 4289 S.
1506 4223 1840 4308 Gregorii,
1905 4223 2212 4310 praedicti

620 4309 916 4375 Canonici
988 4321 1387 4377 transeuntes
1445 4323 1590 4377 ante
1651 4312 2037 4400 Episcopum
2104 4312 2214 4376 de-

625 4397 811 4463 beant
861 4399 1076 4466 eidem
1124 4396 1619 4486 genuflectere?

753 4491 817 4551 2.
870 4489 965 4553 An
1012 4487 1345 4574 suspensio
1377 4487 1452 4551 ab
1485 4487 1803 4573 Episcopo
1849 4487 2080 4553 indicta
2114 4507 2214 4552 su-

620 4576 932 4641 stineatur
983 4575 1044 4640 in
1095 4574 1295 4642 casu?

755 4666 834 4728 Et
866 4667 929 4731 S.
962 4664 1189 4731 eadem
1217 4668 1292 4731 R.
1319 4668 1422 4746 c.‚
1462 4674 1729 4750 utraque
1762 4674 1943 4751 parte
1976 4663 2216 4749 scripto

535 4824 540 4831 ,
622 4761 686 4814 et
733 4770 890 4815 voce
943 4752 1325 4819 informante
1371 4754 1608 4835 audita,
1644 4753 1924 4837 visisque
1975 4753 2216 4818 iuribus

622 4837 769 4903 hinc
817 4838 966 4905 inde
1015 4840 1334 4925 deductis,
1371 4845 1447 4910 ad
1495 4841 1876 4907 relationem
1923 4843 2213 4908 eiusdem

623 4926 762 4990 Emi
814 4928 1131 5010 Ponentis,
1168 4930 1654 4997 rescribendum
1702 4932 1990 4995 censuit:
2044 4929 2135 4994 Ad
2179 4934 2205 4994 1

623 5023 686 5076 et
719 5017 787 5076 2.
823 5035 860 5076 ‹
889 5015 1231 5103 Negative;
1269 5030 1334 5081 et
1366 5018 1638 5104 amplius
1666 5040 1728 5082 ι.
1767 5022 1844 5084 Et
1881 5021 1958 5082 ita
1986 5020 2211 5083 decre-

624 5102 711 5162 vit
757 5120 825 5164 ac
875 5104 1107 5166 servari
1161 5106 1508 5174 mandavit.
1559 5106 1668 5171 Die
1727 5111 1805 5171 16
1837 5107 1973 5170 Maii
2016 5108 2204 5171 1772.

754 5190 1165 5255 Postmodum
1212 5194 1573 5280 capitulum
1624 5206 1687 5259 et
1735 5192 2033 5259 canonici
2098 5195 2213 5256 Ec·

2324 444 2476 509 dem
2524 445 2684 508 Eme
2741 439 2958 508 Boscbi
3025 443 3343 523 Ponente,
3394 439 3657 505 dubium
3715 437 3878 505 infra-

2320 530 2629 617 scriptum
2680 528 3116 596 decidendum
3163 548 3194 591 a
3242 532 3307 595 S.
3342 531 3418 594 R.
3452 532 3528 594 c.
3564 546 3883 615 proposue-

2324 628 2500 699 runt,
2542 631 2825 706 nempe:

2452 708 2548 771 An
2620 704 2944 771 occasione
3014 703 3479 788 processionis,
3544 721 3702 789 quae
3768 704 3883 767 fieri

2320 794 2488 859 solet
2538 794 2599 860 in
2649 793 2757 859 die
2822 797 3009 858 Festo
3076 795 3140 858 S.
3194 791 3520 879 Gregorii,
3571 790 3889 876 Dignitates

2324 891 2387 947 et
2432 880 2730 947 canonici
2779 880 3088 966 praedicti
3138 889 3539 945 transeuntes
3583 890 3727 944 ante
3770 883 3813 943 E
3857 877 3891 925 ‘-

2321 987 2590 1121 scopupl
2638 969 2919 1035 debeant
2983 968 3198 1035 eidem
3260 967 3576 1054 Episcopo
3632 984 3795 1052 genu
3838 985 3891 1030 e-

2323 1069 2500 1122 ctere

2458 1148 2534 1209 Et
2561 1148 2630 1211 S.
2665 1146 2892 1211 eadem
2921 1149 2990 1211 R.
3019 1148 3121 1227 c.‚
3159 1154 3425 1229 utraque
3470 1154 3651 1231 parte
3680 1143 3894 1227 scripto

2325 1241 2388 1297 et
2435 1252 2595 1299 voce
2644 1233 3025 1299 informante
3075 1232 3313 1312 audita,
3349 1232 3626 1317 visisque
3674 1228 3896 1296 iuribus

2325 1319 2471 1385 hinc
2516 1321 2673 1387 inde
2718 1321 3040 1403 deductiS,
3078 1320 3153 1387 ad
3204 1320 3578 1385 relationem
3630 1319 3893 1384 eiusdem

2323 1408 2463 1473 Emi
2512 1410 2834 1492 ponentis,
2872 1407 3356 1474 rescribendum
3408 1407 3695 1474 censuit:
3730 1427 3764 1468 ‹
3792 1407 3893 1470 Ne·

2322 1498 2577 1582 gative3
2629 1508 2693 1561 et
2754 1495 3029 1582 'amplius
3078 1517 3140 1562 ν.
3211 1501 3286 1561 Ει
3359 1495 3440 1559 ita
3505 1494 3791 1561 decrevit
3836 1512 3893 1556 ac

2322 1585 2559 1650 servari
2618 1586 2961 1649 mandavit.
3014 1585 3127 1650 Die
3180 1588 3259 1650 16
3306 1583 3443 1649 Maii
3498 1586 3688 1649 1772.

2326 1743 2586 1813 2494.
2967 1745 3275 1810 onmms
3690 1741 3896 1827 (4361)

2444 1852 3059 1916 cannenrranum
3115 1850 3794 1915 nchLan'ronou

2664 1954 3129 2021 rnovmclAn
3181 1955 3588 2020 remman.

2457 2116 2614 2178 cum
2664 2114 2730 2176 P.
2784 2111 2991 2176 loanni
3044 2110 3312 2196 losepbo
3358 2132 3391 2175 a
3435 2115 3508 2176 B.
3556 2115 3637 2177 nl.
3687 2113 3762 2176 V.
3806 2115 3902 2175 Or·

2323 2199 2492 2265 dinis
2540 2198 3026 2266 carmelitarum
3077 2199 3601 2264 Excalceatorum
3668 2198 3901 2265 Provin-

2322 2287 2457 2352 ciae
2517 2287 2717 2372 Regni
2786 2286 3082 2352 poloniae
3140 2287 3447 2352 nonnulla
3515 2290 3903 2353 occurrerint

2322 2375 2513 2440 dubia
2561 2376 2728 2441 circa
2775 2376 3104 2456 Rubricas‚
3141 2374 3310 2460 apud
3362 2377 3429 2442 S.
3467 2378 3541 2440 R.
3574 2379 3649 2442 c.
3689 2372 3901 2441 bumil-

2325 2464 2474 2530 lime
2520 2464 2952 2550 supplicatum
3003 2463 3121 2529 fuit
3166 2474 3479 2548 quatenus
3528 2463 3805 2549 benigne
3844 2481 3903 2525 ea

2324 2551 2652 2616 resolvere
2701 2552 3117 2636 dignaretur;
3166 2550 3520 2617 videlicet:

2462 2642 2522 2704 1.
2572 2642 2732 2705 cum
2781 2639 2863 2704 ob
2909 2639 3378 2704 occurrentiam
3419 2638 3784 2706 officiorum
3814 2641 3903 2702 Pa-

2323 2737 2659 2792 tronorum
2692 2724 2891 2813 Regni
2927 2727 3218 2792 poloniae
3253 2744 3334 2790 ex
3369 2726 3624 2792 indulto
3668 2746 3904 2793 conces-

2320 2832 2540 2879 sorum
2586 2816 2915 2901 contingat
2962 2815 3262 2900 assignari
3311 2813 3447 2881 dies
3492 2816 3752 2903 propria
3783 2812 3905 2880 offi-

2322 2902 2435 2966 ciis
2482 2914 2800 2989 perpetuo
2851 2904 3204 2978 translatis;
3254 2901 3630 2988 quaeritur:
3686 2906 3777 2966 An
3806 2901 3905 2966 de·

2325 2991 2513 3057 beant
2536 2992 2784 3056 moveri
2821 3012 2901 3056 ex
2931 2994 3060 3057 suis
3089 2991 3242 3057 locis
3265 2991 3565 3091 propriis,
3594 2988 3905 3076 assignatis

2323 3078 2385 3143 in
2434 3080 2806 3146 calendario
2836 3080 3117 3162 Ordinis,
3151 3078 3359 3146 Officia
3394 3079 3527 3161 illa,
3563 3081 3797 3164 quibus
3826 3097 3905 3139 as·

2320 3166 2549 3252 signati
2600 3178 2746 3233 sunt
2791 3168 2934 3234 dies
2980 3169 3256 3254 proprii,
3308 3177 3372 3232 et
3419 3167 3595 3233 iuxta
3654 3164 3905 3249 antiqui·

2322 3267 2519 3321 tatem
2554 3255 2965 3341 assignandae
2998 3257 3121 3322 sint
3153 3255 3312 3321 aliae
3338 3256 3512 3332 dies;
3540 3258 3646 3321 vel
3684 3254 3904 3343 potius,

2324 3343 2551 3408 relicto
2586 3345 2961 3411 calendario
2992 3344 3270 3426 Ordinis,
3306 3343 3611 3430 assignari
3645 3343 3907 3410 debeant

2322 3442 2465 3515 post
2514 3432 2654 3497 illos
2701 3432 2861 3498 aliae
2910 3433 3050 3498 dies
3093 3432 3329 3499 Officiis
3374 3441 3700 3518 perpetuo
3734 3442 3906 3495 trans·

2321 3518 2695 3672 latis,?iuxta
2745 3520 3194 3588 calendarium
3242 3521 3630 3606 particulare
3665 3516 3905 3584 Provin-

2321 3627 2457 3671 ciae
3220 3642 3225 3657 =

2450 3699 2517 3761 2.
2570 3696 2851 3762 Ecclesia
2899 3696 3294 3764 cathedralis
3340 3696 3776 3764 cracoviensis
3838 3690 3903 3755 ab

2319 3782 2579 3869 antiquo
2630 3795 2763 3850 erat
2810 3786 2928 3851 sub
2977 3785 3164 3851 titulo
3225 3790 3292 3852 S.
3343 3785 3700 3851 Wenceslai
3767 3783 3902 3845 nar·

2322 3871 2515 3957 tyris,
2566 3892 2735 3939 nunc
2797 3884 3010 3939 manet
3080 3874 3198 3938 sub
3258 3873 3447 3939 titulo
3510 3877 3573 3941 S.
3627 3868 3901 3940 stanislai

2321 3960 2621 4047 Episcopi
2672 3973 2735 4026 et
2781 3962 3096 4048 Martyris.
3150 3960 3344 4027 Huius
3393 3974 3605 4027 autem
3652 3966 3900 4027 Festum

2324 4048 2591 4113 maxima
2624 4067 2771 4114 cum
2795 4050 3171 4114 celebritate
3199 4061 3263 4114 et
3299 4050 3490 4115 totius
3515 4049 3743 4137 populi
3769 4065 3899 4114 con-

2323 4156 2509 4202 cursu
2561 4149 2928 4219 veneratur,
2980 4147 3043 4202 et
3089 4136 3377 4202 Officium
3409 4139 3529 4203 sub
3567 4139 3691 4203 ritu
3727 4134 3899 4219 dupl-

2322 4224 2563 4310 primae
2612 4226 2825 4291 classis
2873 4226 3062 4290 etiam
3123 4248 3153 4289 a
3216 4225 3638 4311 Regularibus
3690 4225 3901 4290 recita·

2323 4316 2460 4380 tur:
2533 4312 2821 4379 Officium
2883 4333 3034 4379 vero
3101 4316 3169 4380 S.
3220 4314 3574 4381 Wenceslai
3632 4310 3903 4399 Martyris

2318 4402 2438 4465 sub
2487 4401 2615 4466 ritu
2662 4402 2852 4485 dupl.
2908 4405 2964 4466 1.
3020 4402 3229 4466 classis
3278 4402 3341 4469 in
3386 4401 3753 4468 Catbedrali
3800 4403 3902 4464 Ec·

2323 4489 2512 4554 clesia
2561 4489 2821 4571 dicitur,
2859 4490 2995 4569 sine
3045 4503 3253 4555 tamen
3300 4490 3674 4555 celebritate
3704 4488 3896 4576 quoad

2320 4578 2662 4663 populum.
2726 4577 2878 4642 Hinc
2926 4577 3295 4662 quaeritur}
3346 4581 3443 4643 An
3490 4577 3900 4665 Regularibus

2272 4665 2587 4742 ,sufficiat
2650 4666 2920 4731 recitare
2978 4666 3268 4731 Officium
3331 4670 3398 4732 S.
3457 4667 3745 4732 Stanislai
3793 4665 3900 4729 snb

2322 4754 2444 4818 ritu
2495 4753 2680 4840 dupl.
2740 4756 2795 4818 1.
2850 4754 3059 4818 classis
3111 4754 3199 4819 uti
3252 4755 3500 4820 Patroni
3545 4751 3900 4841 principalis

2319 4853 2384 4907 et
2420 4839 2688 4906 titularis
2726 4842 3047 4906 Ecclesiae
3080 4842 3503 4923 Catbedr'aliS,
3533 4852 3596 4907 et
3620 4842 3893 4909 Officium

2320 4932 2388 4996 S.
2428 4929 2781 4996 wenceslai
2827 4928 2947 4993 snb
2979 4927 3105 4993 ritu
3140 4930 3322 5014 dupl.
3366 4931 3517 4997 min.
3556 4944 3627 4996 ut
3660 4928 3895 4996 patroni

2322 5018 2529 5082 minus
2577 5015 2997 5104 principalis?

2450 5110 2511 5170 3.
2568 5110 2726 5172 cum
2778 5125 2857 5170 ex
2895 5105 3143 5170 indulto
3183 5124 3556 5171 concessum
3590 5106 3669 5171 sit
3701 5104 3892 5173 semel

2322 5192 2381 5258 in
2417 5210 2637 5258 mense
2682 5190 2969 5258 Officium
3022 5194 3193 5259 SSmi
3244 5195 3524 5260 Nominis
3573 5196 3792 5260 Mariae
3839 5202 3893 5256 et

620 5276 849 5343 clesiae
898 5278 1284 5364 collegiatae
1335 5284 1400 5346 S.
1451 5281 1729 5346 Helenae
1788 5277 2212 5365 imperatricis
2316 5279 2583 5365 singulis
2651 5279 2933 5345 Sabbatis
2992 5281 3280 5347 Officium
3330 5283 3413 5347 de
3475 5284 3892 5370 conceptione

623 5378 686 5432 et
732 5369 1061 5432 promotor
1110 5367 1363 5432 Fiscalis
1408 5366 1633 5433 curiae
1667 5366 2067 5455 episcopalis,
2104 5384 2208 5428 eo-

2319 5370 2389 5433 B.
2427 5368 2505 5434 M.
2544 5369 2651 5452 V.,
2686 5367 3060 5454 quaeriturz
3111 5373 3203 5434 An
3242 5368 3415 5435 Missa
3454 5370 3759 5437 celebrari
3791 5369 3891 5434 de·
