4042 5950
1490 257 1641 352 ’-
1696 291 1855 370 415
1910 299 2014 349 -÷

131 450 460 554 dispositio
521 450 1039 520 communicetur
1103 450 1361 537 utrique
1423 453 1722 517 Procura-

135 551 254 606 tort
289 562 354 607 ».

264 632 446 696 Facta
491 639 705 696 autem
753 627 1067 716 Rescripti
1130 627 1318 696 huius
1372 625 1724 693 communi·

135 717 416 802 catione,
481 735 712 804 quum.
744 728 809 784 et
869 715 1124 806 propria
1195 715 1329 783 iura
1398 714 1724 800 utrimque

133 803 372 871 fuerint
394 805 706 895 producta
738 815 803 872 et
827 825 860 869 a
884 804 1140 871 delecto
1165 802 1724 873 coeremoniarum

134 894 431 981 Magistro
478 893 726 961 editum
773 904 1025 976 votum,
1063 895 1261 959 Emus
1287 902 1376 982 ‚et
1419 896 1615 960 Rmus
1648 894 1723 957 D.

135 981 322 1049 card.
363 981 725 1050 Ludovicus
756 980 984 1048 Altieri
1033 981 1097 1048 in
1133 979 1477 1049 ordinariis
1506 981 1723 1046 Sacro·

135 1087 280 1135 rum
336 1071 594 1137 Rituum
641 1069 928 1139 comitiis
975 1068 1283 1137 hodierna
1331 1069 1436 1136 die
1483 1067 1562 1134 ad
1610 1071 1727 1136 Va-

137 1157 414 1224 ticanum
446 1156 700 1243 habitis,
733 1176 1016 1246 sequens
1044 1155 1314 1224 dubium
1348 1155 1724 1244 proposuit:

136 1247 231 1312 An
264 1245 331 1312 in
367 1246 878 1315 Processionihus
923 1244 1191 1331 aliisque
1236 1245 1426 1313 sacris
1460 1243 1729 1312 functio-

138 1333 326 1401 nibus
383 1336 777 1422 praecedere
833 1333 1110 1402 debeant
1166 1335 1414 1399 Fratres
1459 1331 1730 1399 Minores

138 1422 222 1490 de
252 1423 711 1502 observantia3
760 1422 866 1490 vel
916 1422 1131 1510 potius
1179 1425 1427 1488 Fratres
1458 1419 1730 1488 Minores

140 1510 481 1598 Capuccini
529 1511 593 1578 in
641 1509 841 1579 casu?

267 1599 410 1667 Emi
456 1617 613 1666 vero
660 1621 731 1668 ac
773 1601 914 1668 Rmi
961 1603 1176 1667 Patres
1226 1599 1416 1680 sacris
1475 1595 1729 1666 tuendis

138 1689 388 1757 Ritihus
435 1688 809 1790 praepositi,
857 1686 1154 1755 omnibus
1213 1686 1402 1775 plane
1455 1696 1731 1753 mature-

135 1796 263 1863 que
313 1794 675 1865 perpensis,
724 1775 1252 1863 respondendum
1298 1784 1728 1844 censuerunt:
1783 1773 1786 1776 ’

136 1886 174 1928 ‹
200 1866 539 1953 Negative,
571 1865 649 1932 ad
678 1866 951 1953 primam
987 1875 1274 1953 partem;
1310 1861 1728 1948 Affirmative,

141 1954 216 2020 ad
264 1952 614 2021 secundam
645 1973 712 2019 ».

271 2045 484 2129 Atque
534 2041 617 2108 ita
663 2041 1135 2129 rescripserunt
1174 2062 1244 2109 ac
1274 2040 1513 2110 servari
1559 2057 1731 2107 man·

142 2131 405 2286 aanffig.
444 2221 523 2285 ιι
567 2217 838 2306 Augusti
891 2222 1084 2287 lass.

140 2375 397 2444 307⁷.
724 2377 1155 2443 TAURINEN.
1505 2374 1732 2463 (5273)

227 2536 387 2599 Brito
433 2535 509 2597 D.
562 2534 824 2599 Vicat-io
873 2532 1170 2600 Generali
1225 2536 1643 2601 Taurinomi.

480 2692 1043 2761 Reverendissime
1102 2691 1400 2761 Domine.

273 2839 367 2901 De
398 2833 844 2901 Controversia
874 2852 1063 2919 quam
1095 2836 1254 2900 Rev.
1281 2832 1595 2899 Parochus
1620 2838 1736 2900 Ec·

145 2922 378 2993 clesiae
424 2924 795 2990 Sanctorum
842 2925 1188 3009 Martyrum
1224 2920 1290 2988 in
1319 2920 1490 2988 Urbe
1523 2921 1735 2988 Tauri·

146 3011 331 3081 nensi
365 3008 681 3100 superiori
713 3030 876 3078 anno
911 3014 1074 3079 1857
1102 3010 1404 3077 excitavit
1434 3009 1738 3077 adversus

145 3106 304 3170 Rev.
352 3098 703 3166 Parochum
749 3102 817 3167 S.
858 3097 1147 3167 Dalmatii
1207 3099 1289 3167 oh
1345 3109 1621 3165 erectam
1672 3097 1738 3165 in

146 3188 340 3257 huius
399 3187 724 3270 Ecclesia,
785 3207 914 3256 non
970 3186 1163 3274 longe
1224 3186 1436 3255 dissita
1490 3185 1570 3251 ab
1621 3186 1739 3252 alia

146 3280 525 3345 Sanctorum
572 3272 941 3362 Martyrum,
988 3275 1371 3344 Societatem
1435 3278 1738 3342 Immacu-

147 3366 312 3432 latae
375 3363 832 3450 conceptionis
884 3375 950 3431 et
1010 3364 1180 3432 Sacri
1241 3362 1466 3431 cordis
1510 3366 1581 3430 B.
1620 3366 1739 3429 bla-

147 3453 274 3520 riae
326 3452 603 3540 Virginis
661 3471 777 3539 pro
825 3451 1241 3524 conversione
1298 3462 1737 3540 peccatorum,

144 3551 363 3610 actum
411 3539 531 3606 fuit
578 3540 643 3607 in
686 3539 1032 3608 ordinariis
1093 3543 1431 3617 Sacrorum
1476 3540 1738 3609 Rituum

145 3626 437 3697 comitiis
479 3628 784 3696 hodierna
816 3628 922 3696 die
953 3630 1031 3697 ad
1063 3629 1433 3697 Vaticanum
1480 3627 1739 3695 habitis.

147 3717 548 3785 Sententiam
581 3716 793 3803 itaque
826 3728 1092 3805 rogante
1122 3721 1281 3784 Emo
1322 3726 1387 3783 et
1415 3720 1574 3783 Rmo
1605 3718 1741 3782 Dno

148 3803 467 3874 Cardinali
531 3806 798 3893 losepho
866 3806 1173 3891 Bofondi,
1229 3809 1411 3873 Sacra
1463 3807 1741 3891 congre-

151 3894 351 3980 gatio,
394 3890 627 3960 auditis
654 3913 820 3979 quae
864 3915 895 3959 a
944 3899 1029 3961 Te
1076 3894 1390 3984 superiori
1438 3911 1601 3959 anno
1633 3912 1743 3959 ex-

150 3982 358 4069 posita
406 3979 591 4047 fuere
638 3981 702 4048 in
748 3982 1028 4069 Epistola
1068 3982 1204 4049 diei
1252 3985 1336 4049 26
1384 3980 1549 4065 Maii,
1597 3977 1745 4049 visis

154 4071 403 4138 iuribus
461 4070 539 4137 ab
603 4080 872 4157 utraque
934 4081 1111 4158 parte
1172 4070 1412 4157 scripto
1459 4070 1744 4156 allegatis

152 4168 435 4243 votoque
481 4176 798 4247 perpenso
829 4157 1002 4244 quod
1036 4158 1328 4227 delectus
1357 4159 1745 4248 Apostolica-

153 4263 301 4312 rum
334 4244 897 4313 coeremoniarum
944 4247 1238 4335 Magister
1285 4247 1569 4335 desuper
1600 4268 1745 4315 exa·

153 4334 345 4418 ravit,
396 4333 646 4401 censuit
693 4332 1252 4422 praeexistentiam
1299 4336 1441 4402 Piae
1490 4337 1745 4403 confra—

153 4421 474 4489 ternitatis
506 4423 680 4489 SSmi
709 4433 772 4489 et
797 4422 1187 4489 immaculati
1217 4424 1442 4491 cordis
1465 4429 1538 4491 B.
1562 4426 1642 4490 Μ.
1665 4427 1740 4492 V.

154 4528 276 4597 pro
302 4510 719 4578 conversione
747 4522 1153 4599 peccatorum
1179 4509 1245 4579 in
1269 4511 1608 4599 parochiali
1636 4517 1750 4579 Ec·

155 4597 351 4666 clesia
412 4601 788 4666 Sanctorum
843 4601 1188 4686 Martyrum
1251 4602 1553 4667 canonice
1611 4621 1748 4668 ere-

156 4696 324 4769 ctae,
350 4696 415 4752 et
434 4685 1128 4755 Archiconiraternitati
1152 4687 1480 4756 Parisiensi
1499 4693 1744 4759 mm.

156 4793 187 4839 a
219 4774 515 4843 Victoriis
560 4793 679 4861 pro
725 4772 1278 4864 Indulgentiarum
1324 4777 1749 4845 communica-

158 4862 337 4930 tione
361 4862 598 4930 iamdiu
622 4876 1030 4951 aggregatae,
1051 4864 1410 4933 nullimode
1435 4864 1749 4954 impedire

155 4951 603 5019 simultaneam
650 4951 1051 5020 existentiam
1085 4953 1415 5020 Societatis
1445 4958 1751 5022 Immacu-

160 5040 326 5105 latae
373 5039 824 5128 Conceptionis
871 5052 936 5107 et
983 5040 1152 5109 Sacri
1198 5040 1420 5109 cordis
1460 5047 1529 5109 B.
1557 5045 1639 5109 M.
1670 5045 1746 5109 V.

157 5146 283 5216 pro
307 5127 721 5196 conversione
745 5140 1157 5217 peccatorum
1184 5130 1248 5196 in
1271 5130 1617 5231 parochiali
1642 5135 1754 5198 Ec-

161 5215 352 5283 clesia
385 5215 597 5285 Sancti
627 5215 941 5302 Dalmatii,
977 5217 1445 5287 interveniente
1477 5218 1751 5287 auctori·

161 5312 291 5370 tate
338 5304 689 5389 ordinaria,
730 5305 1053 5373 recentius
1088 5305 1459 5388 institutae;
1510 5327 1630 5375 nec
1662 5308 1751 5374 lo-

160 5410 310 5461 cum
358 5411 500 5461 esse
532 5394 596 5461 in
635 5414 779 5462 casu
825 5395 1228 5483 applicationi
1277 5395 1753 5465 constitutionis

1833 447 2247 532 Quacumque
2282 468 2316 513 a
2360 446 2696 514 Clemente
2744 441 2876 513 vm
2925 442 3134 511 editae
3179 441 3285 512 die
3334 445 3412 509 17

1828 534 2196 603 Decembris
2245 538 2438 603 1604.

1955 622 2261 703 Quoniam
2309 641 2466 691 vero
2515 622 2578 688 in
2627 641 2725 706 re,
2774 619 2858 689 de
2905 639 3028 707 qua
3061 619 3296 706 agitur,
3329 618 3414 685 ita

1827 712 1962 779 iura
2009 711 2288 798 partium
2335 720 2485 778 sunt
2528 708 2942 792 attendenda,
2979 718 3051 776 ut
3081 708 3178 774 ins
3225 708 3305 775 ici
3335 707 3418 774 si-

1803 800 1962 868 ·mul
2022 800 2257 868 debeat
2314 797 2467 886 quid
2528 798 2605 866 ad
2664 796 3064 886 spiritualem
3125 795 3170 863 fi
3219 796 3417 863 elium

1829 887 2337 958 aedificationem
2408 884 2808 974 potissimum
2876 885 3197 970 conferat,
3271 883 3417 952 hinc

1821 977 2055 1048 ,eadem
2104 978 2174 1044 S.
2201 974 2622 1074 congregatio
2669 974 2972 1062 prudenti
3016 985 3126 1041 tuo
3157 972 3420 1040 arbitrio

1832 1065 2176 1149 commisit,
2211 1075 2283 1132 ut
2315 1062 2567 1151 publica
2602 1063 2853 1150 pietatis
2892 1059 3220 1145 exercitia,
3254 1079 3418 1147 quae

1832 1171 1914 1221 ex
1970 1153 2263 1221 instituto
2330 1151 2605 1219 duarum
2673 1150 3087 1218 Sodalitatum
3149 1150 3213 1216 in
3320 1168 3420 1215 ro·

1833 1242 1987 1330 priis
2032 1243 2310 1330 ipsarum
2352 1238 2654 1307 Ecclesiis
2683 1239 2874 1324 flunt,
2907 1238 2960 1305 si
2992 1237 3222 1305 eadem
3280 1248 3420 1303 orte

1833 1330 2178 1416 utrobique
2239 1327 2464 1396 iisdem
2495 1326 2741 1408 ¹diebus
2786 1339 2850 1394 et
2898 1326 3071 1394 horis
3115 1341 3422 1415 peragan-

1837 1431 1965 1502 tur,
2015 1418 2213 1504 idque
2260 1415 2531 1485 dissidiis
2574 1435 2644 1482 ac
2691 1415 2974 1502 querelis
3027 1413 3423 1482 occasionem

1834 1506 2000 1574 forte
2047 1507 2417 1593 praebeant,
2460 1502 2621 1593 ipse,
2664 1514 2854 1593 prout
2902 1503 2964 1570 in
3011 1502 3276 1570 Domino
3308 1521 3423 1569 ex·

1834 1594 2067 1682 pedire
2130 1593 2539 1678 indicaveris,
2598 1592 2845 1661 divides
2907 1602 2972 1659 et
3027 1591 3143 1680 piis
3191 1591 3423 1658 utrius·

1832 1702 1960 1769 que
2011 1681 2331 1751 Ecclesiae
2380 1679 2701 1749 exercitiis
2730 1680 2979 1748 diversa
3012 1690 3300 1767 tempora
3332 1698 3425 1745 as-

1837 1789 2233 1928 8¹8¹'lizat‘erim
2292 1869 2364 1927 ut
2422 1858 2536 1926 diu
2598 1860 2762 1926 bene
2824 1859 3031 1925 valeas
3086 1876 3167 1923 ex
3217 1857 3426 1924 animo

1837 1948 2179 2036 adprecor.

1967 2041 2204 2105 Romae
2248 2035 2358 2103 die
2410 2040 2488 2103 14
2535 2035 2807 2122 Augusti
2860 2039 3058 2103 1858.

1839 2178 2096 2251 30⁷8.
2409 2140 2860 2248 camaram.
3196 2179 3426 2267 (5274)

1967 2305 2168 2369 Rmus
2198 2305 2272 2368 D.
2310 2301 2602 2370 Salvator
2629 2301 2715 2370 de
2745 2304 2951 2391 Rogas
2988 2300 3429 2391 Archiepisco·

1839 2411 1962 2479 pus
2008 2393 2347 2458 Granaten.
2393 2408 2510 2477 pro
2541 2409 2694 2458 suae
2740 2388 3163 2458 conscientiae
3210 2389 3429 2477 quiete

1842 2490 1908 2546 et
1934 2476 2261 2568 pastoralis
2287 2477 2570 2547 muneris
2592 2478 3122 2566 adimplemento,
3155 2478 3428 2567 supplici

1842 2567 1992 2636 dato
2041 2566 2292 2653 libello,
2339 2565 2417 2632 ab
2463 2565 2577 2633 hac
2625 2570 2806 2636 Sacra
2852 2567 3115 2634 Rituum
3151 2569 3431 2656 congre-

1843 2655 2102 2743 gatione
2149 2654 2512 2724 humillime
2556 2655 2926 2743 postulavit,
2976 2667 3047 2723 ut
3102 2655 3432 2743 sequentia

1844 2743 2036 2813 dubia
2080 2744 2165 2812 de
2211 2744 2389 2812 Missa
2421 2742 2805 2811 celebranda
2849 2744 2915 2810 in
2961 2743 3429 2828 Anniversario,

1842 2844 1981 2900 tum
2048 2831 2382 2900 electionis
2436 2842 2501 2899 et
2554 2831 3046 2899 consecrationis
3109 2831 3431 2922 Episcopi,

1844 2932 1981 2990 tum
2028 2919 2364 2989 creationis
2413 2930 2477 2988 et
2524 2918 2948 2989 coronationis
2988 2921 3229 2990 Summi
3277 2924 3434 2991 Pon·

1847 3009 2059 3095 tificis,
2106 3010 2360 3077 solvere
2406 3008 2815 3097 dignaretur;
2864 3011 3211 3078 nimirum:

1977 3097 2251 3167 Dubium
2296 3102 2343 3165 1.
2394 3099 2491 3165 An
2540 3099 2717 3165 Missa
2765 3097 3080 3166 Solemnis
3128 3098 3192 3169 in
3239 3099 3432 3166 Anni·

1844 3187 2123 3253 versario
2150 3186 2483 3254 electionis
2512 3197 2579 3253 et
2612 3187 3103 3254 consecrationis
3136 3187 3433 3277 Episcopi

1845 3276 1925 3377 sit
1971 3274 2376 3377 praeceptiva
2439 3274 2506 3341 in
2567 3273 3045 3343 cathedralibus
3108 3286 3173 3343 et
3224 3275 3434 3344 colle·
3542 3352 3547 3357 ,

1848 3373 2032 3451 gnatus
2078 3362 2423 3450 Dioecesis,
2458 3362 2611 3430 licet
2657 3362 3131 3431 caeremoniale
3178 3369 3227 3430 E
3277 3363 3436 3431 isco·

1848 3470 2080 3543 porum
2127 3450 2239 3518 lib.
2292 3456 2358 3536 2,
2409 3470 2547 3538 cap.
2600 3456 2706 3535 35,
2759 3452 2797 3538 5
2855 3457 2915 3535 1,
2963 3452 3173 3520 solum
3266 3452 3433 3520 icatz

1845 3540 2152 3608 celebrari
2183 3539 2531 3608 convenit?
2564 3550 2639 3607 ,et
2684 3554 3002 3627 quatenus
3038 3541 3433 3627 affirmative,

1980 3628 2257 3695 Dubium
2288 3634 2363 3707 ΙΙ.
2400 3630 2495 3695 An
2527 3628 2610 3694 sit
2638 3630 3043 3719 praeceptiva
3074 3631 3230 3698 haec
3261 3630 3437 3697 Missa

1845 3716 2150 3785 solemnis
2199 3717 2264 3784 in
2308 3717 2614 3785 ambobus
2653 3718 3111 3785 anniversariis
3144 3730 3272 3786 tam
3305 3719 3435 3786 ele-

1847 3805 2074 3873 ctionis
2117 3825 2234 3873 seu
2281 3805 2810 3891 confirmationis,
2859 3826 3050 3893 quam
3113 3826 3439 3875 consecra·

1850 3894 2072 3975 tionis;
2108 3903 2179 3960 ut
2214 3913 2498 3961 annuere
2532 3894 2791 3962 videtur
2835 3895 3339 3981 Caeremoniale,
3373 3909 3439 3964 et

1851 3983 2148 4138 ⁰Ri¹¹²lt¹¹2r
2191 3981 2343 4049 Talu
2390 3983 2466 4051 ad
2514 3987 2853 4052 Decretum
2887 3987 3013 4052 817
3048 4004 3201 4051 suae
3231 3987 3438 4053 colle-

1853 4082 2078 4138 cttonts

1981 4159 2256 4227 Dubium
2303 4163 2405 4226 111.
2456 4162 2586 4244 An,
2653 4171 2908 4247 praeter
2977 4161 3138 4228 hanc
3197 4161 3439 4229 Missam

1847 4249 2207 4315 solemnem
2259 4248 2323 4315 in
2367 4248 2724 4316 cathedrali
2773 4258 2840 4315 et
2886 4248 3254 4337 collegiatis
3300 4261 3441 4340 post

1851 4338 2093 4404 Nonam
2162 4337 2268 4403 tali
2329 4335 2435 4402 die
2493 4336 2599 4404 vel
2664 4336 2894 4404 diebus
2963 4337 3440 4423 celebrandam,

1851 4424 2229 4492 Sacerdotes
2300 4424 2589 4492 eiusdem
2651 4424 3045 4493 Cathedralis
3110 4437 3176 4493 et
3236 4429 3442 4496 colle-

1853 4511 2163 4599 giatarum
2211 4512 2276 4580 in
2321 4512 2517 4579 Missis
2568 4513 2830 4601 privatis
2891 4516 3442 4583 commemoratio-

1851 4618 2004 4668 nem
2051 4600 2260 4669 facere
2300 4601 2576 4670 debeant
2623 4603 2707 4670 de
2754 4602 3086 4688 praedicto
3131 4604 3443 4672 Anniver·

1852 4688 2016 4755 sario
2050 4690 2152 4756 vel
2187 4687 2700 4757 Anniversariis‘?
2745 4690 2895 4757 licet
2927 4691 3115 4759 aliter
3145 4692 3446 4780 opinetur

1855 4777 2071 4845 literati
2104 4778 2167 4845 in
2192 4780 2538 4845 Gavantum
2569 4789 2734 4866 part.
2771 4782 2831 4863 1,
2860 4778 2959 4847 ιὶι.
2990 4783 3095 4865 lv,
3122 4799 3302 4848 num.
3334 4783 3441 4864 lx,

1854 4883 2000 4933 cum
2034 4865 2242 4953 praxi,
2270 4879 2340 4934 ut
2387 4866 2497 4952 ait,
2531 4866 2936 4934 Basilicarum
2970 4867 3180 4955 Urbis,
3210 4869 3274 4934 in
3303 4867 3446 4955 qui-

1856 4954 1995 5040 hus,
2035 4962 2290 5043 praeter
2320 4955 2563 5022 nissam
2608 4955 2965 5024 solemnem
2998 4957 3085 5025 de
3114 4956 3222 5025 die
3254 4956 3446 5025 Anni-

1857 5043 2128 5110 versaria
2193 5054 2316 5110 tam
2379 5044 2716 5112 creationis
2774 5063 2965 5130 quam
3025 5044 3450 5112 coronationis

1857 5131 2103 5198 Summi
2149 5130 2494 5217 Pontificis,
2554 5134 2797 5201 nullam
2844 5134 3089 5201 Missam
3136 5134 3446 5223 privatam

1857 5220 1960 5286 vel
2007 5221 2680 5289 commemorationem
2727 5221 2865 5289 fieri
2911 5222 3131 5291 asserit
3168 5244 3200 5288 a
3232 5225 3447 5291 Sacer-

1856 5308 2227 5377 cerdotihus
2287 5311 2479 5377 etiam
2541 5310 2794 5378 illarum
2858 5309 3320 5380 Basilicarum?
3382 5322 3448 5379 et

1829 5410 2176 5488 ,quatenus
2220 5399 2617 5492 affirmative,
