4042 5950
1995 260 2463 338 -222-

601 387 1065 501 contendentes,
1115 419 1191 487 ad
1236 414 1613 484 relationem
1652 417 1793 483 Emi
1825 427 1890 483 et
1929 416 2068 483 linit
2102 419 2175 483 D.
2272 414 2446 481 simis
2493 415 3077 504 perturbationibus
3125 416 3351 483 factam
3414 417 3533 485 sibi
3578 417 3861 484 vindica-

601 507 952 576 Cardinalis
997 507 1255 575 Antonii
1300 506 1566 574 Pallotta
1598 504 1924 590 Ponentis‚
1961 504 2189 572 rescri-

603 596 890 663 bendum
939 594 1230 662 censuit:
1346 625 1351 634 ·
1990 663 1999 673 ,

732 685 829 751 Ad
883 689 941 750 1.
995 683 1394 770 ‹Negative,
1444 684 1522 750 ad
1571 683 1840 772 primam
1890 691 2178 770 partem;

600 773 1018 856 Affirmative,
1068 773 1145 839 ad
1191 774 1541 840 secundam
1575 794 1638 840 ν.

732 862 825 928 Ad
861 866 929 928 2.
966 882 1003 926 ι
1037 860 1455 945 Affirmative,
1492 862 1570 929 ad
1601 862 1873 949 primam
1904 872 2181 948 partem3

601 950 930 1038 negative,
980 951 1056 1017 ad
1103 950 1452 1017 secundam
1488 972 1550 1016 ν.

736 1043 944 1124 Atque
993 1037 1074 1104 ita
1122 1038 1413 1106 decrevit
1460 1049 1525 1104 et
1569 1038 1807 1104 servari
1839 1036 2179 1103 mandavit.

603 1129 715 1195 Die
763 1131 849 1193 22
882 1125 1283 1215 Septembris
1318 1129 1510 1195 1827.

732 1219 1126 1303 Extempore
1174 1214 1470 1282 canonici
1515 1213 1767 1281 Diaconi
1813 1224 1876 1280 et
1923 1210 2187 1280 Subdia-

606 1303 749 1373 coni
779 1313 999 1370 contra
1031 1301 1152 1369 hoc
1180 1307 1521 1370 Decretum
1553 1303 2050 1389 appellationem
2073 1319 2184 1387 po-

604 1393 944 1475 stularunt,
967 1402 1031 1457 et
1052 1391 1435 1458 Canonicum
1455 1394 1758 1458 curatum
1779 1391 2012 1457 iterum
2038 1408 2185 1455 evo-

607 1491 827 1549 carunt
890 1480 953 1545 in
1015 1477 1321 1545 iudicium
1375 1497 1583 1546 coram
1642 1479 1907 1545 Domino
1962 1481 2184 1545 Secre-

609 1569 792 1653 tario,
833 1567 939 1655 qui
989 1576 1224 1632 extunc
1273 1566 1590 1635 mandavit
1634 1571 2002 1651 proservari'
2044 1577 2185 1651 post

606 1656 1024 1726 autumnales
1070 1657 1323 1722 Ferias.
1373 1659 1621 1721 Interea
1671 1656 1978 1744 temporis
2012 1655 2183 1722 idem

608 1746 956 1814 Canonicus
1026 1746 1293 1810 curatus
1362 1745 1556 1812 ssffio
1624 1744 1892 1810 Domino
1960 1745 2186 1810 Nostro

605 1834 966 1921 supplicem
1012 1832 1302 1917 porrexit
1347 1830 1690 1914 Libellum,
1724 1842 1795 1897 ut
1841 1831 1904 1898 in
1939 1831 2058 1898 boc
2090 1830 2184 1896 iu-

608 1922 779 1988 dicio
840 1920 1074 1987 iterum
1144 1938 1355 1986 coram
1405 1921 1473 1986 S.
1517 1923 1594 1987 R.
1641 1922 1710 1986 c.
1764 1918 2183 2002 instituendo,

609 2010 917 2096 quaedam
944 2007 1408 2076 adhiberentur
1435 2007 1745 2074 cautelae.
1776 2009 2004 2075 Sanus
2029 2025 2184 2072 vero

609 2097 873 2187 propria
912 2115 1102 2162 manu
1132 2096 1442 2183 signavit:
1492 2098 1765 2162 Domino
1798 2096 2182 2174 Secretari’o,

608 2191 724 2273 qui
782 2185 969 2252 verba
1026 2187 1266 2271 saciat.
1331 2190 1641 2270 Factaque
1711 2182 1788 2248 ab
1847 2184 2107 2268 eodem,
2158 2203 2190 2247 a

608 2275 951 2346 Sanctitate
999 2277 1119 2341 Sua
1176 2273 1252 2340 ad
1302 2272 1756 2361 particularem
1800 2270 2191 2338 audientiam

610 2375 858 2447 vocato,
911 2361 1260 2429 relatione:
1311 2381 1348 2425 ι
1383 2363 1614 2428 SSmus
1661 2359 1767 2426 die
1824 2363 1863 2425 ὅ
1917 2361 2191 2425 Novem·

609 2454 738 2522 bris
790 2455 956 2518 1827
1002 2451 1270 2515 Causam
1319 2449 1478 2515 hanc
1525 2448 1600 2515 ad
1650 2467 1718 2514 se
1767 2447 2076 2533 avocavit,
2127 2457 2193 2513 et

609 2542 769 2608 nihil
816 2536 1087 2605 ulterius
1134 2536 1419 2602 innovari
1467 2536 1745 2603 iussit».

742 2633 1013 2695 Demum
1036 2624 1099 2691 in
1125 2623 1435 2693 ordinaria
1467 2623 1785 2692 audientia
1816 2623 1945 2690 diei
1977 2627 2057 2690 14
2080 2624 2196 2688 No-

611 2713 890 2784 vembris
927 2715 1119 2790 1827,
1153 2714 1408 2793 SSmus,
1441 2732 1511 2778 re
1557 2724 1807 2779 mature
1853 2730 2192 2799 perpensa,

614 2800 1065 2892 ‹Approbavit
1118 2799 1645 2886 confirmavitque
1698 2805 2038 2868 Decretum
2090 2803 2195 2868 Sa-

614 2909 866 2960 crorum
897 2890 1157 2957 Rituum
1180 2888 1699 2977 Congregationis
1726 2909 1922 2978 snper
1954 2901 2200 2955 contro-

614 2980 817 3047 versia
865 2979 1113 3047 editum
1161 2980 1487 3044 enunciata
1534 2976 1636 3044 die
1685 2982 1768 3044 22
1806 2976 2200 3078 Septembris

615 3066 934 3137 curi-entis
992 3065 1184 3150 anni,
1240 3064 1533 3152 illudque
1595 3066 1940 3132 declaravit
1999 3064 2200 3133 menti

614 3176 766 3225 suae
795 3174 933 3222 esse
965 3155 1333 3234 conlorine3
1369 3155 1669 3239 ideoque,
1703 3155 1947 3222 sublata
1980 3153 2200 3240 appel·

617 3247 877 3331 latione,
911 3244 1168 3311 omnino
1215 3244 1703 3330 exequendum3
1749 3253 1814 3309 et
1846 3241 1993 3310 huic
2026 3261 2201 3307 caus-

615 3354 720 3401 sae
764 3344 1153 3422 perpetuum
1201 3332 1524 3398 silentium
1572 3330 1967 3418 imposuit».

624 3474 885 3544 2656.
1250 3474 1590 3540 LUCANA.
1971 3475 2199 3562 (asso)

747 3594 1145 3661 parochiales
1221 3593 1545 3659 Ecclesiae
1607 3594 1671 3660 in
1733 3596 2025 3662 Hetruria
2086 3616 2207 3684 pei·

620 3687 849 3751 classes
897 3681 977 3746 ita
1023 3691 1173 3747 sunt
1219 3682 1589 3767 dispositae,
1624 3692 1695 3749 ut
1727 3682 1908 3750 Plebs
1940 3704 2063 3751 una
2096 3704 2205 3750 ve-

623 3772 737 3838 luti
788 3768 1016 3834 matrix
1065 3770 1288 3855 plures
1334 3770 1725 3837 Parochiales
1754 3771 2067 3839 subiectas
2098 3772 2206 3840 ha·

622 3860 790 3941 beat,
841 3876 993 3943 quas
1024 3866 1251 3922 vocant
1283 3857 1672 3943 Classidicas,
1703 3869 1767 3926 et
1798 3879 2065 3945 quarum
2100 3865 2206 3927 Pa-

623 3946 794 4014 rochi
840 3945 916 4011 ad
968 3945 1228 4011 Plebem
1276 3947 1621 4011 convenire
1667 3946 1878 4013 solent
1935 3950 2205 4016 Sabbato

621 4040 845 4104 Sancto
892 4053 1008 4121 pro
1056 4034 1269 4099 Fontis
1316 4032 1790 4119 benedictione,
1835 4038 2206 4124 receptione

623 4136 686 4192 et
732 4120 1183 4191 distributione
1227 4132 1592 4189 sanctorum
1636 4123 1965 4209 Oleorum,
2013 4136 2209 4212 prout

623 4213 813 4280 etiam
862 4211 1181 4276 intersunt
1212 4209 1705 4281 solemnioribus
1738 4211 1908 4278 illius
1934 4213 2210 4280 iunctio·

621 4301 833 4370 nibus.
884 4302 1052 4364 Hanc
1099 4298 1305 4365 Plebis
1351 4299 1722 4384 qualitatem
1769 4320 1802 4365 a
1862 4301 2210 4367 remotissi-

623 4389 741 4456 mis
775 4406 978 4473 nsque
1015 4388 1439 4473 temporibus,
1473 4389 1719 4455 scilicet
1749 4388 1826 4454 ab
1856 4408 2018 4456 anno
2055 4393 2206 4474 786,

625 4480 688 4545 in
735 4476 1020 4544 Dioecesi
1069 4480 1313 4543 Lucana
1361 4475 1636 4542 obtinuit
1682 4476 2058 4562 parochialis
2094 4482 2211 4544 Ec-

624 4565 814 4633 clesia
846 4568 914 4633 S.
941 4564 1197 4652 Georgii
1228 4574 1589 4650 nuncupata
1621 4564 1742 4629 loci
1785 4565 2204 4652 Vico-Pelagio,

626 4655 815 4721 etiam
865 4665 1201 4741 postquam
1247 4651 1365 4719 sub
1398 4651 1504 4718 die
1538 4658 1577 4719 δ
1610 4653 2006 4740 Septembris
2044 4657 2210 4722 1544

625 4743 918 4830 Capitulo
989 4745 1368 4810 Sanctorum
1438 4743 1683 4809 loannis
1743 4752 1809 4808 et
1867 4747 2211 4829 Reparatae

624 4830 910 4900 civitatis
968 4829 1270 4897 Lucensis
1334 4830 1533 4914 unita,
1595 4830 1838 4897 adnexa
1898 4842 1962 4898 et
2009 4832 2212 4898 incor-

627 4929 847 5006 porata
893 4919 1037 4986 l'uit.
1092 4923 1220 4985 Hoc
1268 4919 1480 5003 itaque
1514 4918 1766 4985 initium
1796 4919 2213 5008 nuncupatio-

627 5007 723 5073 nis
770 5006 1237 5089 Vice·Plebani,
1289 5010 1397 5091 qui
1460 5026 1575 5094 pro
1640 5019 1930 5095 tempore
1996 5025 2213 5073 curam

628 5104 968 5161 exerceret
999 5095 1374 5177 animarum,
1411 5096 1703 5181 capitulo
1736 5107 2002 5184 propter
2032 5094 2214 5160 unio-

631 5199 779 5248 nem
814 5181 1262 5248 adiudicatam.
1314 5185 1494 5247 Nunc
1526 5194 1765 5265 autem,
1800 5200 2000 5267 quum
2032 5183 2214 5248 Plebs

632 5271 864 5339 iterum
904 5269 1244 5358 proprium
1293 5269 1390 5336 ius
1449 5268 1900 5359 propriamque
1961 5268 2213 5336 iurisdi-

634 5360 911 5428 ctionem
957 5376 1079 5447 per
1123 5357 1396 5443 Capituli
1442 5356 1966 5445 suppressionem
2003 5356 2210 5424 novis·

2282 504 2475 587 verit,
2525 506 2868 571 Sacrorum
2917 504 3176 572 [lituum
3224 506 3720 593 congregationi
3753 507 3867 573 hu-

2284 592 2554 659 millime
2615 593 3056 679 supplicarunt
3118 593 3289 660 illius
3347 595 3707 662 communis
3753 599 3870 661 De-

2283 681 2487 768 putati
2536 701 2651 770 pro
2697 681 3197 769 reintegratione
3244 682 3436 749 Tituli
3483 681 3742 748 Plebani
3788 682 3868 748 ta-

2283 789 2440 836 vore
2467 771 2753 837 Rectoris
2781 770 3133 837 recensitae
3158 770 3482 836 Ecclesiae
3517 773 3583 838 S.
3612 771 3866 856 Georgii

2287 858 2554 945 eiusque
2588 875 3056 942 successorum,
3092 857 3232 924 loco
3262 858 3528 926 alterius
3561 859 3872 927 Vise-Ple-

2287 945 2455 1030 bani,
2504 965 2634 1033 quo
2679 946 2775 1013 usi
2824 957 2999 1028 sunt,
3049 948 3320 1014 durante
3364 948 3606 1014 unione
3665 948 3871 1015 Plebis

2283 1055 2433 1103 cum
2479 1035 2773 1122 Capitulo
2821 1038 3195 1103 Sanctorum
3257 1035 3506 1102 loannis
3552 1047 3618 1103 et
3670 1039 3870 1124 Repa-

2285 1134 2483 1190 ratae.

2417 1217 2498 1280 Et
2545 1215 2610 1280 S.
2646 1216 2721 1280 R.
2757 1214 2831 1279 c.
2885 1211 2947 1279 in
2997 1212 3316 1280 ordinario
3375 1216 3582 1281 coetu
3627 1212 3706 1278 ad
3759 1216 3872 1279 Va·

2288 1301 2568 1368 ticanum
2615 1301 2733 1368 snb
2790 1300 3190 1388 infrascripta
3249 1301 3358 1368 die
3417 1311 3667 1383 coacto,
3731 1301 3873 1365 visis

2290 1390 2750 1491 perpensisque
2774 1390 2978 1456 allatis
3003 1391 3369 1472 momentiS‚
3399 1409 3650 1457 necnon
3679 1388 3874 1455 infor-

2289 1492 2562 1546 matione
2611 1489 2677 1544 et
2707 1488 2856 1543 voto
2903 1478 3043 1546 Rmi
3091 1477 3569 1565 Archiepiscopi
3614 1479 3872 1562 Lucani,

2286 1587 2356 1634 ac
2401 1585 2475 1633 re
2520 1577 2770 1633 mature
2825 1568 3129 1650 discussa,
3178 1565 3253 1633 ad
3299 1567 3679 1633 relationem
3739 1568 3876 1634 Eini

2291 1669 2356 1723 et
2404 1657 2540 1722 Ruit
2589 1653 2839 1722 Domini
2890 1653 3237 1723 cardinalis
3295 1656 3550 1723 Antonii
3611 1657 3875 1723 Pallotia

2288 1745 2625 1827 Ponentis,
2692 1742 3180 1810 rescribendum
3234 1744 3520 1811 censuit:
3583 1765 3622 1809 ι
3656 1745 3879 1811 Eccle-

2286 1834 2440 1900 siam
2490 1832 2851 1919 S.‚Georgii
2898 1831 3021 1898 loci
3087 1833 3487 1918 Vico-Pelope
3535 1833 3880 1899 restituen-

2292 1923 2435 1989 dam
2485 1939 2624 1987 esse
2675 1920 2738 1986 in
2786 1919 3037 2004 antiqua
3087 1920 3221 1986 iura
3251 1921 3614 2005 Plebaniae,
3645 1919 3882 2006 quibus

2292 2011 2654 2098 potiebatur
2699 2019 2845 2075 ante
2876 2010 3182 2075 unionem
3220 2031 3285 2074 ι.
3332 2012 3412 2075 Et
3444 2009 3526 2074 ita
3558 2009 3881 2075 decrevit.

2292 2099 2404 2166 Die
2452 2102 2536 2164 22
2585 2095 2986 2185 Septembris
3037 2099 3231 2164 1827.

2298 2239 2551 2309 2657.
2791 2240 3376 2307 ALEXANDRINA.
3648 2238 3883 2324 (4631)

2422 2363 2714 2443 Quaestio
2763 2362 2935 2429 inter
2980 2362 3332 2429 canonicos
3391 2361 3717 2427 Ecclesiae
3784 2364 3888 2429 ca·

2293 2451 2603 2520 thedralis
2654 2449 3115 2518 Alexandrinae
3161 2449 3226 2516 in
3259 2448 3625 2537 Subalpinis
3656 2466 3888 2515 exorta

2293 2540 2497 2609 semel
2547 2550 2739 2625 atque
2789 2540 3027 2605 iterum
3070 2550 3198 2604 est:
3248 2542 3344 2604 An
3374 2538 3451 2604 ad
3485 2537 3888 2604 Psalmoruni

2295 2627 2881 2709 Poenitentialium,
2929 2626 3366 2709 Gradualium,
3413 2625 3612 2694 Officii
3643 2625 3889 2692 Defun-

2298 2728 2550 2786 ctorum
2601 2727 2667 2782 et
2712 2720 2939 2782 Beatae
2987 2715 3209 2782 Mariae
3258 2714 3536 2800 Virginis
3569 2713 3890 2780 recitatio-

2298 2823 2450 2872 nem
2497 2803 2746 2870 statutis
2792 2824 2825 2869 a
2869 2803 3138 2872 Rubrica
3190 2801 3586 2891 temporibus
3629 2822 3699 2867 ac
3753 2801 3891 2868 die·

2301 2895 2417 2961 bus
2465 2889 2851 2959 teneantur?
2896 2891 3230 2979 Aliquibus
3279 2891 3446 2958 inter
3511 2909 3619 2956 eos
3675 2890 3891 2955 dene·

2302 2981 2635 3070 gantibus,
2696 2980 2891 3066 aliqui
2953 2981 3304 3065 affirmant3
3358 2988 3423 3046 et
3482 2979 3755 3047 diversis
3821 2989 3891 3044 ut

2302 3069 2574 3159 quisque
2620 3087 2797 3135 suam
2843 3079 3225 3156 protueatur
3254 3068 3657 3147 sententiam,
3689 3065 3892 3131 ratio-

2303 3157 2491 3225 nibus
2522 3157 2906 3224 innituntur.
2954 3155 3170 3224 Totius
3203 3156 3460 3222 rationis
3496 3154 3649 3221 ratio
3677 3173 3892 3239 quum

2305 3247 2370 3312 in
2403 3265 2479 3311 eo
2511 3245 2626 3310 sita
2657 3245 2766 3329 sit,
2801 3246 2972 3332 quod
3004 3243 3381 3348 Apostolicis
3422 3242 3647 3309 Literis
3675 3242 3819 3307 diei
3859 3246 3888 3307 1

2306 3332 2466 3401 lunii
2520 3336 2686 3400 1803
2733 3333 3152 3399 Alexandriae
3184 3331 3551 3419 capitulum
3582 3348 3894 3417 suppres-

2304 3440 2449 3489 sum
2498 3420 2986 3507 extinctumque
3018 3419 3238 3501 luerit,
3275 3430 3338 3485 et
3371 3420 3436 3486 in
3467 3419 3894 3504 collegiatam

2311 3520 2626 3593 erectum,
2676 3508 2942 3593 aliisque
2989 3508 3301 3575 similibus
3359 3506 3615 3573 Litteris
3665 3506 3804 3573 diei
3853 3511 3892 3573 2

2307 3598 2575 3685 Augusti
2607 3601 2799 3681 1817,
2828 3598 3061 3663 iterum
3089 3598 3151 3663 in
3182 3596 3545 3683 capitulum
3572 3606 3889 3677 erectum3

2308 3696 2620 3770 quatenus
2677 3685 2970 3752 canonici
3014 3683 3311 3772 plerique
3359 3702 3478 3771 per
3522 3682 3692 3748 illam
3743 3702 3893 3769 sup-

2307 3774 2705 3860 pressionem
2750 3791 3008 3839 omnem
3055 3773 3585 3839 consuetudinem
3629 3771 3892 3855 abroga-

2309 3874 2435 3927 tam
2483 3880 2621 3927 esse
2681 3861 3104 3945 contendant,
3153 3862 3307 3927 dum
3368 3858 3660 3927 nonnulli
3716 3858 3892 3924 illam

2312 3951 2759 4016 resumendam
2791 3968 2927 4014 esse
2954 3947 3295 4015 affirment.
3327 3950 3418 4015 Ad
3453 3947 3893 4033 quaestionem

2311 4055 2564 4103 omnem
2590 4037 3008 4104 dirimendam
3035 4036 3506 4123 infrascriptum
3534 4035 3805 4103 dubium
3829 4035 3892 4098 in

2312 4128 2376 4192 S.
2400 4128 2471 4191 R.
2494 4129 2566 4191 c.
2594 4125 2997 4191 enodandum
3032 4144 3424 4215 proposuere
3450 4124 3798 4212 Dignitates
3830 4133 3893 4186 et

2313 4213 2605 4280 Canonici
2645 4213 3039 4279 cathedralis
3072 4213 3518 4297 Alexandriae,
3555 4211 3888 4279 nimirum:

2440 4305 2535 4366 An
2596 4300 2853 4367 attentis
2924 4300 3450 4385 circumstantiis,
3523 4302 3605 4368 de
3712 4299 3894 4368 uibus

2312 4409 2527 4477 supra,
2563 4387 2856 4472 abrogata
2908 4389 3226 4456 censenda
3255 4388 3335 4455 sit
3367 4398 3681 4456 consuetu
3733 4408 3769 4453 o
3799 4406 3894 4452 re·

2310 4475 2544 4543 citandi
2592 4475 2882 4544 Officium
2928 4497 3196 4565 parvum
3243 4482 3470 4544 Beatae
3502 4479 3733 4543 Mariae
3764 4474 3894 4543 Vir·

2313 4566 2503 4653 giniS,
2555 4564 3042 4650 cerauniorum,
3091 4566 3364 4632 Psalmos
3424 4566 3774 4633 Graduales
3832 4569 3893 4627 et

2311 4653 2802 4720 Poenitentiales
2868 4655 2931 4720 in
2992 4654 3352 4722 cathedrali
3423 4644 3898 4721 Alexandrina?

2311 4754 2502 4829 atque
2549 4742 2738 4825 adeo,
2787 4758 2944 4809 num
2990 4742 3285 4810 Canonici
3334 4742 3410 4808 ab
3443 4742 3515 4808 iis
3554 4738 3894 4809 recitandis

2312 4830 2502 4899 soluti
2551 4831 2701 4914 sint,
2752 4849 2953 4917 eaque
3001 4832 3345 4920 propterea
3399 4830 3609 4897 Officia
3655 4829 3894 4919 persol-

2313 4939 2471 4986 vere
2518 4919 2824 5006 deinceps
2873 4920 3117 5006 possint
3177 4938 3256 4985 ex
3316 4918 3446 4985 sola
3506 4907 3898 4986 devotione?

2451 5011 2529 5071 Et
2575 5011 2641 5075 S.
2692 5012 2766 5074 R.
2805 5010 2874 5074 G.
2928 5006 2992 5073 in
3038 5006 3367 5075 Ordinario
3413 5008 3617 5073 Coetu
3666 5008 3744 5074 ad
3793 5007 3896 5070 Va·

2321 5096 2595 5162 ticanum
2641 5094 2761 5162 sub
2806 5095 3200 5183 infrascripta
3245 5094 3355 5162 die
3401 5106 3644 5178 coacto,
3683 5091 3894 5179 exqui-

2316 5183 2436 5249 sito
2486 5184 2670 5271 prius·
2719 5194 2869 5249 voto
2930 5185 3192 5250 alterius
3251 5202 3332 5250 ex
3398 5185 3892 5269 Apostolicarum

2317 5271 2879 5338 Caeremoniarum
2952 5272 3263 5358 magistris
3333 5272 3573 5372 scripto
3651 5270 3893 5338 reddito

2279 5359 2668 5445 ·praeloque
2729 5378 2918 5443 cuso,
2978 5379 3051 5425 re
3113 5372 3360 5427 mature
3420 5359 3890 5446 diligenterque
