4042 5950
107 0 116 236 Ι

105 243 110 326 ί

97 359 104 628 1

1687 292 2160 369 -445-

282 448 534 518 3128.

417 629 607 692 Emus
676 633 742 692 et
808 628 1005 692 umus
1072 628 1144 690 D.
1194 623 1539 693 Cardinalis
1600 624 1865 692 Alexius

279 713 491 781 Billiet
537 709 1068 811 Arcbiepiscopus
1112 711 1578 780 Camberiensis
1609 733 1640 777 a
1679 713 1864 779 Sacra

828 450 1306 517 causemini.
1635 446 1860 535 (esai)

278 801 540 868 Rituum
584 803 1092 887 Congregatione
1137 819 1413 887 sequens
1457 799 1721 869 dubium
1753 800 1868 867 de-

279 887 499 955 clarari
550 886 783 976 petiit:
867 897 872 902 “

412 981 482 1043 ln
542 975 945 1043 Dioecesibus
1015 974 1363 1044 sabaudiae
1432 987 1866 1064 opportunum

279 1067 487 1132 visum
535 1072 671 1147 est,
726 1073 797 1130 ut
857 1062 962 1129 illa
1020 1063 1199 1131 Missa
1251 1063 1477 1132 diebus
1531 1063 1866 1152 Dominicis

279 1163 345 1222 et
393 1151 657 1220 Festivis
698 1149 1059 1240 applicetur
1104 1170 1221 1239 pro
1266 1152 1509 1240 populo
1535 1199 1553 1234 ,
1604 1152 1706 1221 cui
1752 1172 1867 1240 po-

277 1242 470 1331 pulus
500 1241 635 1329 ipse
665 1239 912 1307 adstare
944 1239 1309 1321 consuevit3
1339 1251 1402 1307 et
1442 1240 1678 1308 idcirco
1711 1242 1866 1309 haec

275 1328 617 1418 applicatio
663 1326 733 1395 fit
780 1348 813 1393 a
862 1326 1146 1412 Vicario,
1195 1329 1446 1415 quando
1492 1327 1544 1394 is
1596 1330 1864 1396 alterna·

274 1421 410 1485 tive
433 1415 677 1484 Missam
707 1414 1138 1504 parochialem
1162 1416 1464 1484 celebrat.
1492 1415 1645 1483 Hinc
1671 1436 1863 1504 quae·

276 1506 488 1573 riturz

407 1598 457 1693 ¹:
492 1596 600 1748 {ku
648 1592 961 1660 eiusmodi
1022 1612 1174 1660 usus
1219 1593 1457 1660 servari
1499 1603 1565 1660 et
1598 1594 1863 1663 retineri

427 1691 474 1748 it

272 1701 485 1834 poan.
529 1772 628 1835 An
673 1768 886 1856 potius
915 1767 1253 1872 applicatio
1289 1768 1426 1837 fieri
1458 1788 1596 1837 sem
1647 1791 1720 1838 er
1749 1772 1864 1840 de-

271 1861 422 1926 beat
466 1877 500 1922 a
548 1858 848 1942 Par-ocho,
886 1868 1075 1925 etiam
1121 1857 1415 1946 privatim
1461 1860 1596 1926 cele
1647 1856 1866 1926 rante?

408 1946 592 2011 Sacra
635 1964 827 2032 porro
859 1946 1122 2013 Ritnum
1152 1946 1599 2033 congregatio,
1634 1947 1711 2014 ad
1746 1950 1864 2015 Va-

273 2035 554 2102 ticanum
601 2032 904 2100 hodierna
953 2034 1060 2102 die
1107 2033 1451 2101 coadunata
1498 2034 1562 2101 in
1606 2035 1864 2103 Ordina-

272 2123 387 2190 riis
431 2119 743 2204 Comitiis,
790 2123 868 2191 ad
917 2120 1292 2190 relationem
1342 2120 1722 2209 infrascripti
1754 2126 1863 2191 Se·

269 2206 530 2278 cretarii
581 2221 647 2275 et
691 2210 984 2278 omnibus
1029 2220 1322 2277 accurate
1366 2212 1727 2299 perpensis,
1765 2231 1864 2278 re·

269 2295 691 2366 scribendum
738 2296 1034 2367 censuit:

409 2384 506 2451 Ad
552 2388 602 2451 Ι.
651 2405 689 2450 ‹
722 2385 1030 2472 Negative
1061 2409 1125 2452 ».

410 2473 505 2541 Ad
569 2476 640 2540 11.
706 2472 1216 2558 «Affirmative,
1293 2474 1467 2542 iuxta
1532 2476 1683 2544 alias
1744 2481 1863 2544 De·

269 2572 451 2630 creta
485 2583 549 2627 ›-
1057 2575 1066 2580 “

268 2740 318 2808 d
407 2652 617 2735 Atque
687 2650 769 2717 ita
837 2650 1168 2739 rescripsit
1240 2672 1309 2719 ac
1375 2654 1617 2721 servari
1685 2672 1862 2721 man·

324 2738 474 2805 avit.

407 2825 519 2893 Die
569 2831 653 2896 20
699 2826 1068 2895 Decembris
1120 2830 1310 2896 1864.

268 3005 527 3075 3129.
894 3005 1240 3071 OPPIDEN.

1629 3004 1857 3093 (6342)

403 3184 472 3246 ln
518 3177 878 3246 Cathedrali
926 3178 1209 3245 Ecclesia
1253 3177 1597 3266 Oppidensi
1652 3200 1855 3269 usque

268 3267 350 3335 ad
397 3285 633 3335 annum
684 3269 878 3349 1838,
926 3266 1154 3334 diebus
1185 3286 1220 3332 a
1248 3265 1515 3334 Robrica
1555 3270 1858 3355 praescri-

270 3356 426 3444 ptis,
456 3354 708 3422 recitari
735 3354 1065 3422 consuevit
1088 3354 1377 3423 Officium
1409 3375 1677 3443 parvum
1708 3361 1857 3425 Bea-

274 3455 375 3511 tae
442 3442 665 3509 Mariae
727 3441 1002 3529 Virginis
1059 3443 1162 3509 vel
1231 3443 1691 3512 Defunctorum
1751 3449 1856 3513 vel

270 3532 547 3600 Psalmos
615 3529 956 3597 Graduales
1015 3531 1120 3597 vel
1191 3532 1464 3599 Psalmos
1522 3533 1857 3602 Poeniten·

271 3619 491 3708 tiales3
562 3636 725 3704 quae
787 3627 998 3686 tamen
1060 3619 1210 3686 inde
1271 3620 1498 3687 omissa
1563 3620 1850 3690 inerunt.

268 3709 476 3787 Quum
545 3725 699 3773 vero
766 3706 1090 3773 arbitraria
1163 3708 1530 3776 huiusmodi
1598 3710 1854 3778 omissio

269 3796 348 3864 ad
394 3796 549 3865 baec
612 3812 813 3881 usque
872 3805 1159 3882 tempora
1206 3807 1618 3885 perseverem
1668 3820 1701 3865 a
1749 3801 1853 3867 Sa-

270 3904 376 3952 cra
449 3885 709 3953 Rituum
783 3884 1292 3972 congregatione
1366 3886 1671 3953 declarari
1744 3907 1854 3976 pe·

272 3974 473 4042 titur:

403 4064 671 4145 Utrum,
720 4071 962 4127 attento
1021 4060 1327 4129 diuturno
1386 4082 1417 4128 s
1463 4061 1589 4129 atio
1648 4062 1854 4130 ferme

273 4148 528 4236 triginta
577 4167 914 4231 annorum,
962 4167 1375 4235 perseverare
1445 4150 1608 4216 iceat
1648 4150 1710 4217 in
1743 4171 1854 4218 ex·

268 4236 474 4392 posita
521 4236 892 4319 omissione;
941 4255 1020 4302 an
1066 4236 1277 4325 potius
1311 4239 1690 4307 resumenda
1724 4239 1853 4306 lau-

317 4323 496 4393 abilis
544 4327 939 4393 consuetudo
986 4325 1140 4392 haec
1186 4325 1590 4393 additionalia
1636 4324 1853 4393 divino

264 4412 484 4482 Officio
532 4414 596 4482 in
641 4414 850 4482 Gboro
895 4411 1363 4500 persolvendi?

401 4504 584 4570 Sacra
631 4521 822 4588 porro
866 4499 1125 4567 Rituum
1164 4502 1615 4589 congregatio,
1651 4502 1714 4568 in
1743 4504 1852 4570 Or-

267 4590 511 4658 dinario
569 4594 772 4659 Coetn
830 4588 907 4655 ad
956 4588 1324 4656 Vaticanum
1386 4590 1691 4658 hodierna
1746 4590 1854 4659 die

267 4678 640 4761 coadunata,
673 4678 752 4745 ad
789 4676 1161 4744 relationem
1206 4676 1587 4766 infrascripti
1630 4680 1852 4746 Secre-

271 4765 408 4833 tarii
457 4777 522 4832 et
567 4765 859 4833 omnibus
903 4773 1190 4831 accurate
1251 4765 1699 4852 consideratis,
1751 4786 1850 4833 re·

266 4852 678 4921 scribendum
708 4851 994 4921 censuit:
1032 4873 1070 4918 ‹
1101 4852 1367 4920 Omnino
1400 4854 1851 4922 resumendam

267 4942 587 5029 antiquam
633 4940 1160 5008 consuetudinem
1204 4942 1376 5009 iuxta
1408 4946 1674 5011 Decreta
1704 4942 1852 5010 alias

269 5029 478 5110 edita3
513 5050 580 5097 ac
614 5027 991 5130 praesertim
1039 5029 1102 5096 in
1148 5031 1571 5099 Alexandrina
1605 5030 1730 5101 diei
1765 5035 1848 5099 22

268 5117 665 5206 Septembris
716 5120 880 5187 1827
915 5138 977 5182 ».

267 5296 308 5364 d
400 5208 610 5293 Atque
681 5207 764 5271 ita
839 5205 1172 5294 respondit
1240 5216 1303 5273 et
1371 5208 1608 5277 servari
1676 5227 1848 5275 man·

313 5296 467 5362 avit.

394 5381 511 5450 Die
557 5386 641 5451 20
685 5381 1053 5451 Decembris
1103 5384 1295 5449 1864.

2465 449 2719 514 mum
2765 448 3069 515 ORDINIS

2390 555 2663 621 SANCTI
2709 555 3137 622 FRANclscl.

1970 446 2223 518 3130.
3321 444 3550 535 (saia)

2103 716 2471 778 Procurator
2515 709 2838 778 Generalis
2881 707 3076 777 Tertii
3119 708 3370 778 Ordinis
3398 712 3549 777 San·

1971 798 2055 865 cti
2089 797 2397 867 Francisci
2438 818 2471 863 a
2518 800 2703 865 Sacra
2747 797 3008 866 Rituum
3040 797 3549 884 congregatione

1972 885 2274 955 declarari
2320 885 2556 973 petiit:

2102 981 2149 1043 1.
2201 976 2299 1041 An
2343 992 2415 1042 ea
2462 976 2836 1042 Sanctorum
2865 971 3101 1058 Officia,
3137 992 3298 1061 quae
3339 974 3553 1042 locum

1971 1063 2205 1130 habere
2254 1074 2586 1163 nequeunt
2631 1060 2853 1163 diebus
2900 1061 3174 1150 propriis
3207 1073 3270 1129 et
3300 1062 3552 1163 adanni

1970 1150 3556 1339 33⁰5}„twa-‘3323&3333233‘3'5325

1968 1326 2261 1414 capitulo
2293 1325 2722 1393 Patriarchalts
2753 1325 3053 1393 Basilicae
3086 1325 3419 1394 vaticanae
3450 1327 3558 1395 die

1971 1420 2054 1485 30
2101 1414 2361 1483 Ianuarii
2416 1417 2607 1498 1789,
2661 1412 2908 1481 recitari
2955 1414 3203 1481 valeant
3233 1413 3298 1481 in
3329 1413 3554 1482 diebus

1972 1504 2129 1571 ritus
2173 1501 2641 1588 semidulpicis,
2690 1502 2848 1569 facta
2895 1502 2977 1569 de
3021 1501 3555 1603 semiduplicibus

1969 1590 2578 1660 commemoratione
2607 1589 2672 1657 in
2705 1590 2992 1676 utrisque
3039 1593 3364 1678 Vesperis,
3396 1594 3553 1658 Lau·

1969 1678 2158 1747 dibus
2191 1689 2255 1745 et
2286 1677 2463 1744 Missa
2509 1697 2657 1745 cum
2704 1697 2866 1745 nona
2913 1678 3212 1747 Lectione
3261 1677 3556 1746 historica

1970 1788 2054 1835 ex
2101 1766 2303 1833 tribus
2347 1769 2398 1834 11
2441 1765 2803 1834 Nocturni?

2100 1861 2176 1925 11.
2229 1856 2325 1922 An
2390 1855 2736 1941 Regulares
2803 1853 2901 1921 sui
2967 1854 3214 1924 Ordinis
3238 1904 3256 1940 ,
3317 1860 3552 1924 Romae

1968 1947 2305 2033 degentes,
2357 1952 2696 2010 teneantur
2738 1943 2857 2010 sub
2904 1943 3029 2010 ritu
3087 1942 3330 2030 duplici
3388 1942 3553 2011 reci-

1969 2045 2100 2101 tare
2148 2052 2219 2099 ea
2266 2033 2641 2099 Sanctorum
2704 2033 3117 2099 Summorum
3176 2029 3550 2099 Pontificum

1966 2122 2203 2205 Officia,
2229 2136 2392 2205 quae
2426 2138 2504 2185 ex
2531 2120 2939 2187 concessione
2960 2119 3323 2205 Apostolica
3355 2138 3553 2187 enun-

1968 2210 2131 2278 ciato
2162 2208 2281 2276 sub
2314 2206 2440 2274 ritu
2473 2206 2783 2294 persolvit
2827 2207 3053 2274 clerus
3099 2206 3417 2275 secularis
3445 2207 3552 2274 ΑΙ-

1970 2316 2106 2366 mae
2153 2291 2388 2364 Urbis?
2978 2329 2985 2338 -

2098 2388 2202 2453 ΙΙΙ.
2251 2387 2345 2451 An
2392 2383 2457 2451 in
2496 2381 2897 2469 expositione
2927 2382 3100 2452 SSmi
3133 2381 3553 2468 sacramenti,

1963 2477 2098 2542 sive
2131 2492 2248 2560 pro
2278 2471 2572 2541 Oratione
2615 2472 3036 2561 Quadraginta
3075 2475 3384 2542 Horarum
3413 2470 3549 2537 sive

1964 2563 2082 2631 alia
2147 2560 2367 2648 quavis
2425 2560 2506 2627 de
2567 2580 2746 2629 causa
2769 2606 2789 2643 ,
2835 2560 3227 2628 amovendae
3288 2560 3552 2628 omnino

1963 2651 2091 2719 sint
2150 2659 2280 2715 tres
2337 2647 2633 2718 Tabellas
2690 2646 2767 2714 ab
2825 2648 3025 2715 Altari
3096 2647 3549 2736 ssxpositionis,

1962 2757 2116 2826 quas
2147 2737 2456 2806 Rubricae
2487 2738 2565 2805 ad
2607 2735 2990 2806 celebrantis
3033 2736 3550 2806 commoditatem

1965 2827 2232 2918 exigunt
2280 2826 2343 2894 in
2388 2826 2605 2894 nissae
2652 2821 3137 2896 celebratione?

2095 2920 2281 2987 Sacra
2318 2933 2508 3004 porro
2540 2913 2800 2983 Ritunm
2837 2913 3290 3003 congregatio,
3324 2913 3401 2982 ad
3436 2917 3550 2983 Va·

1963 3003 2242 3072 ticanum
2288 3003 2593 3072 hodierna
2640 3004 2747 3072 die
2794 3004 2858 3072 in
2894 3002 3236 3072 ordinariis
3265 3001 3554 3071 Comitiis

1961 3092 2343 3175 coadunata,
2391 3090 2718 3159 referente
2778 3090 3137 3179 subscripto
3195 3090 3550 3160 secretario

1965 3191 2030 3246 et
2061 3180 2353 3248 omnibns
2399 3189 2690 3247 accurate
2724 3178 3158 3264 consideratis,
3191 3176 3547 3247 rescriben-

1962 3269 2121 3337 dum
2173 3267 2466 3335 censuit:

2094 3357 2192 3425 Ad
2236 3362 2288 3424 1.
2338 3377 2376 3422 ‹
2408 3354 2715 3444 Negative
2749 3377 2817 3422 ι.

2094 3446 2191 3513 Ad
2239 3450 2307 3513 11.
2358 3466 2396 3511 ι
2428 3445 2735 3530 Negative
2770 3466 2837 3512 ν.

2093 3533 2189 3601 Ad
2238 3537 2337 3602 111.
2410 3554 2448 3599 ‹
2479 3532 2917 3613 Affirmative3
2989 3543 3263 3619 excepto
3324 3530 3546 3598 Missae

1965 3632 2259 3709 tempore
2292 3644 2360 3688 ».

2093 3712 2306 3795 Atque
2355 3710 2437 3776 ita
2481 3708 2832 3811 rescripsit.

2090 3796 2203 3864 Die
2251 3802 2336 3866 20
2382 3798 2750 3866 Decembris
2803 3801 2999 3867 1864.

1961 3939 2198 4010 3131.
2464 3940 3040 4007 umamsscrssn.
3320 3940 3548 4027 (5344)

2091 4066 2286 4131 Rmus
2327 4062 2633 4129 Dominus
2680 4061 2910 4149 loseph
2969 4066 3229 4149 Zwysen
3289 4062 3549 4131 Arcbie·

1957 4149 2257 4238 piscopus
2302 4150 2743 4233 Ultraiecten.,
2793 4150 3056 4238 cupiens
3087 4162 3158 4218 ut
3189 4148 3399 4218 Officia
3438 4169 3548 4218 vo·

1961 4238 2085 4304 tiva
2133 4238 2310 4307 SSmi
2355 4239 2740 4305 sacramenti
2791 4249 2855 4304 et
2901 4240 3347 4308 Immaculatae
3385 4241 3549 4306 Gon·

1958 4326 2268 4413 ceptionis
2313 4331 2538 4396 Beatae
2584 4327 2809 4393 Mariae
2841 4325 3140 4414 Virginis,
3176 4327 3550 4394 Archidioe·

1959 4413 2088 4482 cesi
2131 4413 2247 4480 sibi
2314 4412 2718 4482 concreditae
2777 4434 3074 4482 concessa
3098 4464 3115 4499 ,
3164 4414 3552 4504 regulariter

1959 4502 2236 4589 persolvi
2281 4504 2569 4583 valeant,
2621 4523 2653 4567 a
2700 4505 2884 4570 Sacra
2945 4503 3205 4571 Rituum
3263 4506 3545 4590 Congre-

1956 4592 2212 4690 gatione
2260 4589 2570 4657 declarari
2604 4591 2790 4679 petiit
2820 4591 3150 4677 sequentia
3196 4589 3421 4673 dubia;
3458 4591 3552 4658 ni-

1958 4696 2243 4745 mirum:

2090 4770 2138 4832 l.
2187 4768 2284 4832 An
2326 4765 2537 4834 Officia
2583 4766 2793 4834 votiva
2840 4778 2910 4834 ut
2954 4787 3144 4856 supra
3205 4767 3269 4834 in
3323 4768 3547 4835 Calen-

1953 4852 2129 4921 dario
2180 4873 2472 4921 concessa
2519 4855 2961 4922 determinatis
3009 4856 3231 4940 Feriis,
3281 4875 3352 4923 ac
3397 4874 3549 4943 pro-

1955 4941 2105 5009 inde
2153 4942 2363 5008 minus
2430 4942 2805 5028 frequenter
2867 4943 3303 5028 occurrentia,
3354 4946 3545 5011 etiam

1951 5029 2334 5096 celebranda
2380 5030 2505 5097 sint
2553 5033 2615 5098 in
2663 5030 2858 5099 Feriis
2916 5050 3046 5098 non
3094 5032 3541 5119 privilegiatis,

1952 5127 2019 5183 et
2067 5117 2225 5184 inira
2273 5129 2519 5184 octavas
2567 5138 2695 5185 non
2743 5118 3227 5206 privilegiatas'?
3282 5133 3347 5187 et
3394 5140 3549 5208 qua·

1949 5215 2140 5274 tenus
2186 5203 2558 5273 affirmative
2604 5206 2683 5275 ad
2731 5207 3002 5297 primam
3049 5220 3328 5295 partem,

2081 5297 2157 5360 11.
2205 5296 2303 5360 An
2345 5292 2634 5362 Officium
2685 5296 3123 5363 immaculatae
3161 5296 3545 5386 conceptio-

1951 5382 2049 5448 nis
2104 5380 2501 5451 recitandum
2557 5382 2638 5451 sit
2694 5382 2759 5451 in
2820 5382 3088 5452 Sabbato
3148 5404 3280 5452 non
3340 5384 3543 5474 impe-
