4042 5950
1634 292 2105 373 -205-

218 465 465 524 statuta
536 455 764 523 faciant
820 454 1216 522 Auctor-itate
1281 457 1498 521 Nostra
1566 451 1817 519 debitae

221 546 605 614 executioni
638 542 1030 627 demandari,
1065 542 1329 628 illasque
1369 539 1818 607 inviolabiliter

216 634 608 701 observari:
679 630 1180 700 contradictores
1248 641 1312 697 et
1376 628 1816 695 inobedientes

215 722 562 805 quoslibet
592 741 713 809 per
743 728 1105 808 opportuna
1135 718 1290 785 iuris
1321 730 1387 784 et
1417 717 1561 784 facti
1607 734 1817 782 reme-

214 810 360 894 dia,
411 809 848 897 appellatione
895 807 1268 896 postposita,
1318 803 1814 892 compescendo.

358 902 742 965 Praesentes
769 905 985 963 autem
1017 895 1258 962 Literas
1288 911 1545 981 semper
1576 903 1641 959 et
1670 912 1815 979 per-

213 996 433 1071 petuo
480 985 718 1053 validas
767 997 833 1050 et
879 984 1169 1050 efficaces
1215 982 1492 1048 existere
1538 990 1602 1047 et
1647 980 1816 1063 fore,

215 1095 291 1140 ac
341 1073 536 1140 nullo
582 1092 861 1159 unquam
912 1081 1205 1158 tempore
1249 1072 1331 1138 de
1359 1068 1815 1154 subreptioniS,

95 1197 111 1210 ·
214 1161 634 1248 obreptionis
693 1171 802 1228 aut
856 1159 1167 1226 nullitatis
1212 1158 1404 1243 vitio,
1453 1177 1567 1224 seu
1612 1157 1817 1222 inten-

216 1249 426 1315 tionis
475 1250 762 1334 Nostrae,
804 1252 909 1315 vel
944 1248 1067 1312 alio
1114 1264 1522 1333 quocumque
1555 1244 1818 1312 delectu

214 1338 470 1419 rimari,
506 1335 895 1423 impugnari,
932 1336 1288 1419 invalidarj,
1334 1333 1683 1417 retractari,
1715 1340 1822 1397 aut

214 1425 284 1490 in
344 1425 456 1491 ius
510 1427 612 1491 vel
676 1424 1171 1490 controversiam
1231 1425 1478 1500 vocari3
1530 1440 1649 1487 nec
1699 1419 1817 1486 sub

214 1514 565 1599 quibusvis
609 1512 915 1578 similium
961 1512 1067 1578 vel
1125 1509 1521 1578 dissimilium
1589 1509 1818 1593 gratia·

216 1620 371 1667 rum
436 1600 976 1683 revocationibus,
1039 1598 1602 1685 suspensionibus,
1651 1595 1816 1662 limi·

218 1689 578 1756 tationibus
609 1738 626 1771 ,
675 1687 1198 1774 derogationibus
1241 1695 1347 1753 aut
1390 1685 1526 1751 aliis
1571 1695 1817 1752 contra·

219 1772 332 1841 riis
381 1774 911 1863 dispositionibus
957 1793 1075 1862 per
1117 1778 1243 1842 Nos
1275 1784 1338 1839 et
1368 1774 1600 1841 Sedem
1647 1777 1815 1859 Apo·

214 1865 521 1930 stolicam
566 1863 958 1951 praedictam
1003 1862 1123 1928 sub
1169 1862 1674 1947 quibuscumque
1725 1871 1812 1924 te-

216 1952 499 2018 noribus
551 1962 617 2018 et
665 1950 907 2034 formis,
956 1971 1027 2016 ac
1074 1969 1218 2017 cum
1265 1949 1593 2037 quibusvis
1645 1948 1816 2014 clau-

215 2042 379 2107 sulis
430 2051 496 2106 et
541 2040 849 2123 decretis,
885 2038 1076 2105 etiam
1119 2049 1298 2105 motu
1332 2037 1593 2125 proprio
1642 2035 1818 2102 lactis

218 2140 289 2193 et
322 2129 667 2210 faciendis,
703 2127 1168 2213 comprehendi
1198 2127 1300 2193 vel
1336 2125 1664 2211 confunde
1698 2123 1811 2189 sed

218 2235 493 2305 semper
522 2216 757 2282 abillis
804 2215 1042 2301 excipi,
1078 2227 1144 2280 et
1173 2215 1423 2301 quoties
1470 2214 1615 2280 illae
1648 2232 1815 2277 ema·

218 2305 502 2388 nabunt,
540 2305 726 2371 toties
774 2303 837 2369 in
881 2304 1220 2390 pristinum
1264 2315 1331 2370 et
1359 2298 1815 2369 validissimum

218 2405 464 2459 statum
514 2393 862 2474 restitutas,
909 2391 1221 2477 repositas
1267 2401 1332 2458 et
1378 2390 1661 2479 plenarie
1715 2407 1815 2454 re-

220 2481 579 2567 integratas
640 2481 775 2546 lore
824 2490 890 2545 et
936 2499 1111 2562 esse,
1158 2497 1433 2565 suosque
1496 2477 1814 2566 plenarios

220 2567 505 2635 effectus
550 2569 763 2633 sortiri
810 2580 877 2633 et
922 2569 1239 2635 obtinere.

357 2657 605 2742 Sicque
655 2667 720 2721 et
754 2673 881 2722 non
911 2656 1059 2722 alias
1091 2673 1210 2740 per
1255 2672 1692 2743 quoscumque
1714 2657 1812 2719 lu·

217 2744 405 2811 dices
468 2743 826 2810 ordinarios
871 2745 971 2809 vel
1034 2744 1401 2828 delegatos,
1450 2741 1669 2829 quavis
1714 2761 1816 2807 au·

220 2834 527 2899 ctoritate
575 2832 943 2917 fungenteS,
995 2832 1185 2898 etiam
1231 2836 1566 2899 Causarum
1600 2830 1814 2898 Palatii

220 2921 579 3011 Apostolici
623 2920 966 2987 Auditores
998 2941 1078 2987 ac
1126 2923 1195 2988 S.
1226 2925 1301 2990 lt.
1338 2924 1413 2987 Es
1456 2920 1816 2987 cardinales

220 3013 418 3076 etiam
470 3009 554 3075 de
600 3012 823 3074 Latere
869 3013 1161 3094 Legatos,
1211 3011 1677 3095 vice-Legatos
1722 3007 1814 3073 di-

221 3107 505 3183 ctaeque
551 3097 734 3164 Sedis
778 3099 1077 3183 Nuncios,
1136 3098 1392 3164 iudicari
1447 3107 1514 3162 et
1558 3094 1816 3162 definiri

219 3185 505 3269 debere,
556 3195 621 3249 et
667 3184 978 3271 quidquid
1028 3205 1215 3253 secus
1240 3204 1435 3273 super
1466 3184 1563 3251 his
1592 3204 1625 3249 a
1659 3202 1814 3271 quo-

220 3292 420 3359 quam
470 3272 689 3359 quavis
733 3275 1108 3341 auctoritate
1164 3275 1439 3341 scienter
1482 3275 1583 3339 vel
1636 3273 1813 3360 igno·

220 3374 451 3428 ranter
487 3361 828 3445 contigerit
866 3363 1187 3445 attentari,
1221 3361 1470 3428 irritum
1520 3371 1583 3427 et
1630 3360 1815 3427 inane

222 3448 672 3518 decernimus.

360 3541 503 3604 Non
551 3536 942 3605 obstantibus
988 3539 1319 3625 quibusvis
1369 3539 1550 3608 editis
1598 3538 1700 3605 vel
1752 3557 1818 3603 e·

220 3626 464 3694 dendis
522 3625 904 3712 specialibus
948 3631 1051 3695 vel
1156 3628 1509 3695 eneralibus
1569 3625 1812 3694 Consti·

224 3713 584 3781 tutionibus
634 3725 698 3779 et
743 3717 1121 3784 ordinationi
1170 3737 1244 3782 us
1299 3716 1697 3806 Apostolicis,
1749 3724 1813 3780 et

222 3813 545 3890 quatenus
614 3821 773 3888 opus
826 3805 952 3889 sit,
1014 3806 1494 3888 Ecclesiarum,
1543 3823 1812 3891 quarum

223 3890 542 3980 Capitulis
613 3892 995 3976 pontificalia
1054 3890 1321 3978 insignia
1374 3912 1665 3960 concessa
1714 3914 1810 3960 re-

221 3979 600 4069 periuntur,
650 3980 840 4046 etiam
888 3981 1284 4065 iuramento,
1335 3981 1812 4048 confirmatione

224 4066 632 4155 Apostolica,
681 4069 785 4134 vel
833 4071 1051 4156 quavis
1096 4070 1403 4136 firmitate
1461 4070 1570 4136 alia
1625 4071 1807 4139 robo-

228 4156 405 4239 ratis,
440 4155 693 4221 statutis
725 4167 789 4222 et
838 4157 1426 4240 consuetudinibus,
1462 4158 1810 4246 privilegiis

224 4262 519 4337 quoque,
554 4241 819 4310 indultis
867 4256 934 4311 et
977 4247 1203 4312 Literis
1235 4246 1637 4334 ApostoliciS,
1671 4247 1811 4333 qui-

228 4335 447 4400 busvis
516 4333 802 4418 personis
848 4333 910 4399 in
964 4351 1205 4419 genere
1270 4333 1369 4399 vel
1433 4332 1497 4400 in
1563 4337 1805 4422 specie,

227 4434 332 4489 aut
382 4419 537 4488 alias
584 4418 647 4484 in
695 4423 1082 4489 contrarium
1121 4422 1616 4508 praemissorum
1661 4445 1812 4510 quo-

226 4509 583 4579 modolibet
640 4509 844 4577 forsan
900 4512 1258 4595 concessis,
1311 4510 1692 4579 confirmatis
1748 4524 1813 4580 et

225 4596 573 4679 innovatis,
598 4597 827 4684 quibus
859 4597 1152 4666 omnibus
1182 4610 1249 4666 et
1270 4597 1563 4684 singulis,
1594 4602 1811 4667 etiam-

228 4689 278 4753 si
322 4690 409 4755 de
473 4685 601 4751 illis
661 4687 992 4772 specialis,
1041 4689 1333 4773 specifica
1384 4700 1448 4754 et
1512 4708 1809 4777 expressa

228 4776 475 4843 mentio
533 4774 859 4858 habenda,
907 4789 1014 4844 aut
1060 4777 1266 4861 aliqua
1324 4777 1440 4842 alia
1502 4776 1813 4863 exquisita

227 4863 429 4930 forma
477 4862 555 4929 ad
603 4860 723 4929 hoc
769 4865 1074 4932 servanda
1123 4864 1314 4948 foret,
1358 4880 1583 4931 eorum
1632 4874 1811 4931 teno-

229 4972 327 5019 res
389 4949 831 5042 praesentibus
886 4970 1004 5038 pro
1064 4953 1260 5040 plene
1307 4964 1372 5019 et
1417 4953 1810 5019 sufficienter

228 5040 549 5129 expressis
597 5047 665 5103 et
711 5038 965 5106 insertis
1008 5040 1341 5124 habentes,
1378 5041 1501 5107 illis
1548 5042 1696 5107 alias
1744 5040 1807 5107 in

230 5150 341 5195 suo
391 5128 628 5197 robore
672 5131 1108 5217 permansuris
1136 5179 1152 5212 ,
1204 5130 1506 5195 latissime
1567 5141 1633 5196 et
1681 5131 1810 5216 pla·

228 5218 484 5286 nissime
531 5236 601 5284 ac
648 5217 1014 5306 specialiter
1058 5228 1123 5285 et
1171 5236 1509 5305 expresse,
1561 5238 1809 5287 necnon

231 5322 595 5411 opportune
659 5316 725 5372 et
768 5307 977 5375 valide
1034 5308 1111 5373 ad
1172 5306 1663 5392 praemissorum
1711 5329 1814 5374 va-

236 5394 609 5465 lidissimum
644 5395 971 5479 eflectum,
1005 5396 1121 5462 hac
1162 5396 1301 5461 vice
1332 5398 1660 5464 dumtaxat
1705 5398 1813 5464 ha·

1919 468 2063 517 rum
2124 467 2384 536 quoque
2440 448 2608 516 serie
2661 451 3080 533 derogamus,
3137 448 3499 536 ceterisque

1922 537 2252 605 contrariis
2299 537 2844 625 quibuscumque.

2051 626 2359 693 Volumus
2405 638 2661 711 autem,
2725 636 2796 691 ut
2841 626 3269 715 praesentium
3330 635 3497 692 tran-

1918 715 2189 801 sumptis
2209 733 2324 781 seu
2358 714 2676 801 exemplis
2708 713 2900 780 etiam
2932 714 3281 800 impressis,
3310 732 3499 780 manu

1918 803 2183 870 alicuius
2228 803 2464 868 Notarii
2512 802 2750 889 publici
2785 802 3160 888 subscriptis
3189 813 3254 867 et
3285 801 3497 889 sigillo

1921 894 2227 956 Personae
2287 890 2351 956 in
2411 891 2831 958 ecclesiastica
2897 888 3209 978 dignitate
3269 888 3498 955 consti-

1921 988 2100 1044 tutae
2144 978 2445 1062 munitis,
2496 979 2723 1046 eadem
2793 997 3050 1067 prorsus
3107 977 3269 1045 fides
3319 977 3498 1044 adhi-

1919 1068 2170 1151 beatur,
2219 1085 2381 1152 quae
2425 1067 2846 1134 adhiberetur
2878 1066 3026 1155 ipsis
3055 1065 3499 1153 praesentibus

1917 1156 1966 1222 si
2016 1155 2227 1221 forent
2275 1155 2595 1223 exhibitae
2642 1154 2747 1220 vel
2795 1163 3110 1221 ostensae.

2051 1242 2223 1310 Nulli
2257 1259 2413 1327 ergo
2443 1244 2705 1314 omnino
2734 1241 3068 1310 bominum
3115 1241 3300 1307 liceat
3338 1242 3498 1307 hanc

1916 1331 2214 1418 paginam
2260 1332 2520 1397 Nostrae
2566 1331 3063 1419 approbationis,
3112 1329 3501 1397 commissio-

1922 1420 2054 1497 nis,
2103 1416 2388 1500 decreti,
2437 1420 2752 1501 mandati,
2801 1417 3231 1504 derogationis
3278 1428 3343 1484 et
3388 1436 3500 1482 vo-

1921 1508 2179 1574 luntatis
2246 1505 2597 1594 infringere
2642 1509 2746 1573 vel
2808 1507 2865 1573 ei
2935 1526 3089 1573 ausu
3158 1505 3498 1572 temerario

1918 1595 2263 1661 contraire.
2312 1593 2373 1662 Si
2401 1595 2540 1680 quis
2571 1606 2787 1663 autem
2817 1596 2938 1662 boc
2972 1605 3284 1661 attentare
3318 1612 3499 1681 prae-

1918 1683 2289 1768 sumpserit,
2341 1683 2846 1769 indignationem
2889 1682 3354 1768 Omnipotentis
3387 1680 3497 1746 Dei

1919 1789 1989 1838 ac
2061 1776 2399 1838 Beatorum
2466 1771 2635 1838 Petri
2696 1781 2762 1837 et
2805 1771 2977 1837 Pauli
3048 1770 3497 1856 Apostolorum

1922 1858 2061 1926 eius
2106 1878 2175 1924 se
2222 1860 2476 1925 noverit
2524 1859 2955 1925 incursurum.

2051 1950 2274 2013 Datum
2333 1950 2565 2014 Romae
2610 1947 2778 2036 apud
2812 1951 2878 2015 S.
2916 1945 3167 2012 Mariam
3201 1947 3497 2011 Maiorem

1919 2039 2099 2100 Anno
2147 2034 2591 2103 incarnationis
2636 2035 2997 2102 Dominicae
3041 2034 3389 2100 millesimo
3440 2051 3503 2097 o-

1921 2122 2415 2209 ctingentesimo
2477 2119 2788 2208 vigesimo
2837 2123 3064 2205 tertio,
3115 2135 3342 2206 quarto
3387 2139 3500 2186 no-

1917 2230 2027 2278 nas
2062 2212 2269 2294 lulias,
2307 2210 2708 2278 pontificatus
2753 2211 2961 2278 Nostri
2992 2228 3155 2276 anno
3187 2209 3499 2295 vigesimo

1921 2308 2172 2383 quarto.

2449 2427 2524 2492 H.
2579 2425 2974 2490 Canmsms
3020 2423 3407 2491 Cousatvns.

2054 2583 2129 2646 A.
2185 2584 2456 2667 Beniyni
2499 2581 2982 2649 Sub—Datarius.

2267 2740 2408 2806 Visa
2453 2739 2537 2806 de
2583 2743 2807 2807 Curia:
2861 2744 2934 2806 D.
2995 2743 3201 2806 Testa.

2052 2901 2219 2964 Loco
2257 2906 2332 2978 »Β
2367 2898 2642 2986 Plumbi.

2777 3026 2849 3090 F.
2901 3025 3366 3090 Lavizzart‘us.

1920 3203 2180 3272 2625.
2463 3202 2958 3291 nstrum-Arta
3271 3198 3496 3286 (4595)

2044 3361 2235 3427 Gbori
2268 3360 2604 3426 servitium
2634 3357 2842 3446 quoad
2878 3356 3336 3424 ecclesiasticas
3358 3358 3504 3424 fun·

1912 3449 2154 3516 ctiones
2169 3451 2250 3517 -in
2283 3448 2646 3516 Cathedrali
2681 3446 3063 3533 melphitana
3096 3446 3356 3531 triginta
3386 3464 3500 3510 sex

1912 3537 2364 3622 participantes
2409 3535 2475 3603 in
2508 3535 2745 3618 officio,
2779 3535 2914 3601 sive
2947 3534 3337 3601 mansionarii
3367 3533 3499 3598 sive

1911 3624 2280 3692 Portionarii
2316 3642 2431 3691 seu
2477 3621 2999 3705 Hebdomadarii,
3034 3622 3340 3693 hactenus
3390 3639 3502 3687 ex·

1911 3715 2295 3800 pleverunt3
2338 3712 2446 3798 qui
2481 3712 2720 3797 absque
2767 3712 3066 3778 canonica
3103 3709 3532 3776 institutione-

1913 3812 1979 3867 et
2008 3803 2147 3868 sine
2177 3803 2536 3889 Episcopali
2573 3801 2951 3867 auctoritate
2980 3819 3013 3864 a
3044 3799 3338 3901 capitulo
3370 3799 3502 3864 ele-

1914 3891 1997 3956 cti
2025 3902 2216 3975 atque
2243 3890 2458 3957 eidem
2478 3890 2799 3957 Ecclesiae
2825 3888 2980 3953 olim
3014 3886 3278 3970 addicti,
3297 3887 3503 3952 novis·

1908 3981 2094 4064 sime,
2121 3980 2348 4046 Literis
2373 3978 2755 4065 Apostolicis
2796 3976 2860 4040 in
2904 3975 3105 4042 forma
3138 3974 3360 4041 Brevis
3398 3975 3504 4041 die

1915 4072 1992 4134 13
2018 4069 2184 4155 Aug.
2223 4071 2387 4136 1819
2423 4064 2770 4154 expeditis,
2804 4065 2883 4130 ad
2914 4064 2979 4129 id
3013 4062 3298 4131 muneris
3323 4081 3504 4151 prae·

1909 4158 2008 4221 via
2056 4174 2202 4222 cum
2250 4156 2648 4245 possessione
2694 4171 2825 4219 non
2883 4151 3337 4235 admittuntur,
3384 4149 3502 4216 uisi

1910 4245 2038 4310 sint
2081 4246 2459 4327 Sacerdotes
2504 4254 2570 4308 et
2616 4240 2878 4323 Clerici,
2913 4241 3021 4325 qui
3062 4239 3140 4305 ab
3187 4238 3502 4326 Episcopo

1912 4344 2052 4419 post
2098 4343 2418 4398 maturum
2487 4347 2758 4396 examen
2808 4328 3052 4414 pietate
3097 4345 3184 4392 ac·
3214 4326 3502 4392 doctrina

1912 4420 2490 4487 commendatiores
2549 4418 2791 4485 fuerint
2844 4416 3109 4482 inventi.
3170 4415 3297 4482 Sed
3346 4431 3502 4500 quo-

1910 4509 2078 4576 niam
2114 4508 2495 4597 melphitana
2528 4506 2809 4573 Ecclesia
2853 4503 3242 4590 antiquitatis
3285 4503 3498 4584 laude,

1909 4598 2160 4684 Templi
2205 4596 2673 4684 magnitudine,
2724 4592 3142 4659 Sacerdotum
3189 4590 3501 4679 probitate

1909 4704 1978 4751 ac
2003 4685 2318 4768 doctrina,
2349 4683 2703 4773 populique
2735 4681 3090 4747 devotione
3108 4701 3178 4746 ac
3203 4681 3504 4764 frequen-

1911 4774 1991 4838 tia
2041 4773 2209 4840 baud
2261 4791 2489 4860 parum
2535 4772 2749 4854 floret,
2799 4768 2878 4834 ad
2912 4769 3052 4835 eius
3083 4767 3503 4855 splendorem

1909 4862 2306 4947 augendum,
2336 4872 2540 4945 utque
2571 4858 2681 4925 Dei
2715 4857 2927 4923 cultus
2959 4875 3030 4922 ac
3066 4855 3355 4923 fidelium
3388 4854 3503 4921 de-

1909 4950 2085 5015 votio
2138 4949 2368 5017 maiora
2415 4948 2776 5033 susciperet
2811 4947 3235 5028 incrementa,
3269 4947 3505 5013 SSmus

1909 5039 2216 5105 Dominus
2247 5037 2478 5102 Noster
2509 5035 2651 5102 Pius
2683 5036 2792 5101 Vll
2823 5036 3007 5100 Pont.
3046 5036 3208 5100 Max.
3238 5031 3376 5099 aliis
3405 5033 3505 5098 Li·

1912 5126 2064 5191 teris
2113 5124 2494 5215 Apostolicis
2521 5122 2642 5191 sub
2684 5121 2793 5189 die
2824 5128 2866 5191 8
2898 5122 3133 5210 Aprilis
3172 5125 3340 5190 1820
3370 5140 3505 5187 me-

1910 5228 2186 5282 moratos
2213 5215 2470 5302 triginta
2503 5231 2614 5279 sex
2644 5214 3122 5300 participantes,
3150 5211 3323 5279 inter
3344 5229 3504 5297 quos

1908 5302 2039 5369 duo
2086 5305 2346 5370 Parocbi
2397 5312 2462 5369 et
2509 5311 2783 5386 quatuor
2828 5305 3134 5368 cantores
3191 5302 3500 5391 existunt,

1912 5393 2175 5489 speciali
2236 5394 2567 5459 decoravit
2623 5390 3061 5479 praerogativa
3118 5388 3344 5457 utendi
3405 5405 3502 5454 ro·
