4042 5950
1622 210 2164 327 —373—'

315 404 428 473 Ad
486 409 554 473 5.
602 427 642 470 ‹
674 404 1068 475 Affirmative
1113 406 1182 473 in
1228 405 1524 475 omnibus
1559 429 1623 473 »-
1725 466 1731 481 ,

314 496 545 580 Atque
606 492 687 561 ita
757 492 1281 579 rescribendum,
1350 494 1797 572 definiendum

169 582 729 668 servandumque
776 583 1185 653 mandarunt.

314 669 449 737 Die
501 674 584 738 25
632 671 1029 758 Septembris
1079 675 1277 739 1852.

171 846 469 917 2998.
841 849 1165 917 uiuum.
1566 847 1793 935 (5172)

309 1028 389 1091 ln
473 1021 703 1111 insigni
770 1023 1116 1109 collegiata
1176 1023 1459 1091 Ecclesia
1524 1027 1793 1093 Sanctae

170 1109 417 1178 Mariae
475 1111 559 1179 de
601 1112 910 1182 Remedio
958 1109 1243 1181 civitatis
1287 1117 1551 1180 Ianuen.
1598 1133 1633 1179 a
1677 1132 1792 1179 sua

170 1199 392 1287 prima
450 1200 852 1269 institutione
914 1210 1093 1266 extat
1153 1200 1553 1269 consuetudo
1606 1220 1793 1267 reve·

170 1288 476 1354 rentiam
545 1287 999 1377 praemittendi
1068 1288 1395 1356 Praefecto
1453 1288 1646 1356 Chori
1715 1289 1793 1356 ad

169 1375 451 1443 initium
502 1376 893 1445 Psalmodiae
937 1377 1105 1445 idest
1148 1376 1226 1444 ad
1274 1375 1661 1463 ingressum,
1710 1376 1788 1444 ad

170 1462 454 1531 initium
486 1464 759 1548 Primae,
784 1465 865 1533 ad
892 1472 1331 1551 quascumque
1359 1466 1554 1531 Horas
1585 1483 1787 1549 quum

170 1550 633 1640 interponitur
663 1554 870 1640 aliqua
900 1553 1106 1636 Missa,
1133 1564 1276 1641 post
1302 1552 1549 1619 Missam
1572 1554 1791 1620 Feriae

172 1639 243 1706 in
289 1639 826 1729 Quadragesima,
875 1651 1018 1728 post
1062 1639 1596 1726 completorium,
1632 1642 1790 1708 dum

170 1729 620 1797 annunciatur
661 1732 863 1797 Pater
907 1740 1121 1797 nostor
1164 1747 1284 1814 pro
1329 1729 1669 1814 Matutiu03
1723 1740 1790 1796 et

171 1829 536 1904 antequam
583 1817 923 1892 inchoetur
965 1819 1230 1885 Domine
1256 1816 1433 1885 labia
1466 1836 1603 1883 mea
1642 1838 1787 1904 ape-

173 1907 336 1972 ries.
392 1906 609 1984 Quum
655 1926 809 1974 vero
856 1908 923 1976 in
968 1905 1471 1994 praesentiarum
1526 1906 1788 1974 Mansio-

173 1990 341 2060 narii
394 2003 467 2061 et
514 1995 881 2083 cappellani
931 2004 1204 2063 renuant
1248 1994 1429 2080 sequi
1475 1993 1543 2061 in
1603 2004 1788 2080 parte

177 2092 440 2149 tantum
486 2082 650 2150 hanc
695 2081 1255 2165 consuetudinem,
1286 2082 1647 2150 omittendo
1688 2102 1791 2149 re-

172 2170 552 2241 verentiam
602 2181 746 2239 ante
792 2176 1011 2259 Horas,
1058 2181 1205 2257 post
1249 2170 1519 2254 Missam,
1553 2172 1633 2239 ad
1665 2174 1787 2238 Ve-

171 2276 404 2346 spetas
455 2269 522 2325 et
567 2259 646 2326 ad
705 2261 975 2329 Domine
1032 2258 1208 2325 labia
1261 2277 1397 2326 ntea
1447 2269 1618 2340 etc.,·
1663 2259 1787 2328 Ab·

175 2344 285 2411 bas
316 2345 688 2415 hodiernus
718 2350 1090 2418 enunciatae
1132 2345 1451 2414 Ecclesiae
1485 2346 1787 2434 illiusque

176 2433 491 2503 Canonici
556 2437 809 2503 Sacram
868 2439 1132 2508 Rituum
1203 2434 1785 2521 congregationem

176 2521 574 2589 humillimis
630 2525 930 2610 precibus
996 2523 1261 2592 adivere
1323 2522 1779 2610 efflagitantes:

179 2613 277 2677 An
324 2610 577 2677 servari
622 2611 856 2680 debeat
900 2613 1157 2700 antiqua
1218 2611 1668 2690 consuetudo;
1719 2623 1785 2679 et

180 2697 379 2765 etiam
405 2700 591 2784 dum,
622 2709 919 2788 tempore
936 2699 1465 2787 Quadragesimae
1496 2700 1583 2767 de
1611 2719 1781 2783 sero,

178 2789 337 2942 gom
393 2787 700 2859 letorium
760 2790 871 2858 dat
931 2790 1181 2859 initium
1242 2806 1453 2855 sacrae
1512 2789 1783 2855 Psalmo·

230 2894 328 2943 iae

311 2965 507 3033 Sacra
537 2964 800 3034 Rituum
845 2969 1097 3056 congre
1143 2964 1295 3050 atio,
1344 2964 1411 3033 in
1452 2964 1783 3034 Ordinatio

182 3056 392 3122 coetu
454 3055 531 3123 ad
591 3054 960 3124 Vaticanum
1022 3057 1104 3124 ho
1155 3052 1327 3122 ierna
1386 3053 1495 3122 die
1550 3054 1782 3122 coadu-

183 3153 354 3226 nata,
403 3161 482 3210 re
525 3152 768 3210 attente
813 3142 1228 3228 considerata,
1277 3143 1355 3210 ad
1405 3141 1781 3211 relationem

180 3228 531 3332 subscripti
550 3233 1067 3317 Pro-Secretarii,
1085 3229 1610 3319 respondendum
1633 3250 1783 3298 ceu-

184 3330 312 3386 smt
343 3342 362 3385 2
850 3343 875 3388 :
1392 3379 1395 3384 .

305 3429 345 3476 a
380 3408 796 3478 Laudabilem
827 3408 1359 3477 consuetudinem
1389 3408 1453 3475 in
1486 3407 1782 3476 omnibus

186 3515 324 3565 esse
368 3497 752 3565 servandam
785 3519 847 3564 ιι.

314 3585 433 3652 Die
479 3587 562 3653 25
610 3584 1010 3675 Septembris
1064 3587 1256 3652 1852.

188 3759 457 3832 2999.
729 3765 1256 3832 namurcen.
1548 3762 1776 3851 (5173)

314 3940 527 4018 Quum
588 3940 651 4007 in
711 3939 1215 4025 praesentiarum
1274 3958 1356 4005 ex
1419 3938 1779 4027 Apostolica

186 4027 509 4095 sanctione
532 4027 910 4115 parochialis
940 4027 1284 4095 Abbatialis
1315 4027 1596 4095 Ecclesia
1629 4030 1778 4096 San-

188 4115 269 4181 cti
314 4116 579 4184 Antonii
623 4114 880 4183 Abbatis
923 4116 991 4184 in
1032 4116 1306 4184 civitate
1370 4115 1771 4183 Mathelicen.

190 4221 488 4272 concessa
554 4205 751 4273 fuerit
812 4203 1302 4292 congregationi
1370 4203 1776 4272 Silvestrino-

189 4309 356 4376 rum,
390 4304 459 4361 et
490 4293 761 4380 proinde
793 4292 1108 4360 Parochus
1157 4292 1572 4359 renuncietur
1612 4293 1776 4359 alter

194 4395 272 4443 ex
313 4379 604 4449 Alumnis
652 4379 1176 4469 congregationis
1224 4379 1458 4466 ipsius3
1519 4380 1774 4468 capitu-

194 4463 323 4534 lum
368 4469 765 4539 Cathedralis
812 4469 982 4536 illius
1028 4470 1280 4536 Sacram
1315 4467 1577 4536 Rituum
1608 4472 1774 4539 con·

193 4557 627 4643 gregationem
676 4557 921 4646 rogavit
969 4557 1157 4624 enixe
1204 4567 1275 4623 ut
1319 4555 1648 4624 declarare
1680 4556 1772 4623 di·

194 4656 529 4725 gnaretur:
577 4650 747 4715 Num
790 4644 1103 4713 Parochus
1166 4644 1343 4733 ipse,
1397 4644 1639 4711 etiamsi
1692 4645 1773 4710 sit

192 4731 549 4820 Monachus,
585 4745 880 4802 teneatur
923 4733 1235 4800 accedere
1281 4732 1356 4799 ad
1392 4730 1677 4821 publicas
1708 4742 1773 4798 et

195 4823 523 4903 generales
568 4823 1008 4891 Processiones
1051 4840 1215 4908 quae
1258 4840 1295 4886 a
1337 4821 1632 4908 capitulo
1659 4824 1770 4889 ca-

196 4906 493 4978 thedralis
551 4911 747 4999 ipsius
803 4910 944 4978 fleri
1004 4905 1334 4976 assolent?
1389 4928 1541 4976 seu:
1606 4911 1771 4976 Num

195 4994 496 5067 Parochus
540 5000 894 5068 hodiernus
938 4998 1022 5065 sit
1075 4997 1403 5087 cogendus
1461 4998 1773 5065 accedere

194 5080 267 5181 ad
309 5088 699 5176 supradictas
742 5086 1181 5155 processiones
1202 5135 1220 5171 ,
1270 5086 1446 5173 quod
1494 5106 1528 5151 a
1587 5088 1771 5155 Sacra

196 5170 444 5242 Rituum
489 5175 1002 5265 congregatione
1049 5177 1387 5244 decretum
1434 5172 1579 5259 fuit,
1613 5175 1770 5244 dum

2035 411 2120 474 Et
2164 409 2348 476 Sacra
2395 408 2656 477 Rituum
2696 408 3157 494 congregatio,
3205 406 3284 475 ad
3331 404 3499 474 Vati-

1902 515 2130 563 canum
2177 496 2488 565 hodierna
2531 497 2639 565 die
2700 497 3050 565 coadunata
3113 495 3178 563 in
3234 495 3496 563 Ordina-

1904 584 2012 651 riis
2057 583 2373 669 Comitiis,
2421 586 2497 654 ad
2547 585 2928 653 relationem
2972 581 3316 670 subscripti
3346 586 3496 650 Pro-

1902 671 2271 756 Secretarii,
2298 672 2593 741 omnibus
2625 683 2873 740 maturo
2906 671 3331 758 diligentique
3356 690 3499 737 exa·

1901 759 2075 828 mine
2105 761 2486 916 Karpasia,
2537 759 3028 917 rescriberli'dum
3077 758 3359 827 censuit:

2032 871 2072 914 ι
2229 868 2361 916 rma
2394 870 2497 917 ive
2545 870 2612 917 in
2659 868 2832 917 omni
2881 869 2957 916 us
2987 871 3052 914 ι.

2032 935 2145 1004 Die
2193 941 2277 1006 25
2324 936 2724 1026 Septembris
2767 940 2962 1005 1852.

1899 1079 2178 1149 3000.
2389 1079 3004 1149 MONOPOLITANA.

2032 1202 2164 1271 Etsi
2226 1203 2290 1271 in
2350 1203 2619 1272 civitate
2681 1202 3152 1292 Honopolitana
3219 1213 3494 1288 quatuor

1898 1302 2124 1360 extent
2171 1291 2549 1393 receptitiae
2599 1291 2920 1361 Ecclesiae
2969 1302 3034 1359 et
3082 1309 3304 1358 earum
3362 1291 3490 1357 sin·

1895 1379 2064 1466 gulis
2131 1399 2431 1467 proprius
2497 1380 2812 1447 Par-ochus
2880 1380 3160 1466 praesit,
3209 1389 3491 1447 attamen

1895 1468 2121 1536 Clerus
2180 1469 2492 1554 cuiusque
2556 1466 2879 1535 Ecclesiae
2937 1467 3316 1555 receptitiae
3372 1488 3490 1555 pu-

1895 1554 2078 1624 blicis
2125 1556 2189 1624 in
2235 1576 2356 1643 sap
2408 1555 2804 1624 licationibus
2868 1553 2987 1623 sub
3043 1555 3228 1623 unica
3281 1558 3488 1624 cruce

1893 1644 2220 1713 Ecclesiae
2252 1647 2362 1712 Cat
2414 1644 2644 1711 edralis
2671 1644 2916 1713 incedit
2948 1643 3315 1711 immediate
3344 1652 3492 1733 post

1894 1732 2230 1802 Seminarii
2290 1734 2601 1800 Alumnos
2649 1744 2713 1799 et
2758 1744 2908 1801 ante
2953 1732 3216 1801 Clerum
3257 1731 3489 1800 cathe-

1893 1820 2112 1905 dralis,
2160 1840 2324 1907 quae
2372 1831 2631 1910 praeter
2684 1820 3064 1905 Canonicos,
3118 1830 3182 1886 et
3227 1820 3487 1887 Mansio·

1893 1908 2100 1977 uarios
2131 1908 2527 1977 numerarios
2557 1929 2673 1977 seu
2704 1909 3125 1998 Gappellanos
3159 1907 3489 1976 distinctis

1892 1997 2171 2085 propriis
2215 1994 2569 2084 insignibus
2614 1998 2985 2080 decoratos,
3039 1995 3231 2063 habet
3293 1996 3483 2062 etiam

1892 2087 2269 2154 Sacerdotes
2309 2087 2401 2153 sic
2449 2084 2656 2153 dictes
2701 2085 3284 2153 extranumerarios
3308 2132 3327 2167 ,
3374 2082 3483 2170 qui

1894 2183 2032 2241 tum
2077 2173 2142 2241 iu
2187 2173 2399 2241 Chore
2443 2182 2586 2241 tum
2632 2174 2696 2242 in
2741 2171 3253 2240 Processionibus
3297 2171 3486 2238 unica

3257 1078 3487 1167 (5174)

1828 2280 1851 2300 ·
1890 2270 2060 2328 cotta
2104 2262 2312 2330 induti
2358 2272 2533 2346 sunt,
2580 2262 2696 2330 sed
2739 2262 2823 2329 ad
2869 2259 3208 2328 servitium
3253 2259 3482 2328 cathe—

1889 2349 2087 2417 dralis
2131 2351 2585 2437 praestandum
2630 2351 3022 2437 adiguntur,
3072 2359 3138 2414 et
3185 2367 3266 2416 ex
3298 2346 3483 2415 Bulla

1889 2437 2252 2527 Episcopali
2323 2439 2711 2506 adnotantur
2776 2438 2844 2504 in
2911 2435 3166 2505 Tabella
3239 2433 3484 2502 servitii

1889 2526 2185 2609 choralis,
2231 2525 2318 2593 de
2364 2525 2688 2594 nonnullis
2734 2522 3283 2593 distributionibus
3339 2543 3483 2613 par·

1892 2614 1994 2681 tici
2161 2663 2178 2699 ,
2228 2626 2604 2702 punctam-a
2648 2614 2861 2684 choro
2920 2632 3049 2681 non
3110 2621 3481 2700 praesentes

1890 2722 2001 2770 mu
2033 2713 2307 2786 ctantur,
2357 2713 2425 2769 et
2471 2702 2537 2769 in
2581 2700 2946 2770 huiusmodi
2999 2700 3482 2787 supplicationi·

1889 2790 2009 2859 bus
2055 2790 2246 2878 primi
2303 2790 2612 2858 incedunt
2657 2790 2741 2857 de
2788 2790 2998 2857 choro
3055 2787 3478 2870 cathedralis,

1888 2897 2005 2946 seu
2069 2876 2439 2947 immediate
2506 2888 2650 2965 post
2719 2879 2983 2946 clerum
3052 2875 3481 2945 Ecclesiamm

1887 2987 2050 3054 quae
2096 2965 2467 3068 receptitiae
2513 2977 2992 3054 nuncupantur,
3027 2985 3190 3054 quae
3219 2983 3357 3033 sen

1884 3056 1953 3211 ibn
1981 3054 2494 3123 Processionibus
2540 3055 2824 3122 retinent
2856 3057 3070 3122 locum
3103 3054 3339 3140 cuique
3414 3072 3479 3120 e-

1931 3144 2122 3210 itum.

2017 3236 2259 3300 Verum
2304 3250 2506 3317 quum
2561 3233 2626 3298 in
2683 3229 3191 3318 praesentiarum
3247 3228 3476 3296 Clerus

1888 3320 2198 3407 cuiusque
2246 3319 2569 3388 Ecclesiae
2613 3316 2992 3418 receptitiae
3037 3316 3330 3405 ampliori
3379 3316 3477 3384 di·-

1884 3409 2130 3496 gnitate
2175 3408 2658 3490 cohonestatur,
2711 3405 3056 3492 (siquidem
3103 3405 3320 3493 quoad
3359 3403 3473 3470 ho-

1885 3517 2074 3565 nores
2117 3496 2479 3583 collegium
2512 3495 2870 3563 declaratae
2901 3493 3075 3581 sunt)
3111 3494 3236 3562 huc
3263 3510 3473 3582 usque

1881 3595 2197 3652 servatam
2241 3582 2777 3652 consuetudinem
2831 3581 3158 3650 invertere
3216 3599 3476 3668 praesn-

1884 3672 2040 3740 mit:
2091 3671 2255 3740 etin
2283 3669 2791 3739 Processionibus
2837 3671 3222 3739 Sacerdotes
3265 3677 3476 3736 extra-

1883 3760 2318 3844 numerarios,
2366 3759 2732 3828 cathedrali
2792 3769 2866 3826 ut
2921 3778 3115 3847 supra
3160 3756 3473 3841 addictos,

1882 3870 1914 3915 a
1961 3850 2214 3935 reliquo
2261 3847 2653 3917 cathedralis
2697 3846 2896 3934 ipsius
2939 3847 3131 3915 Clero
3175 3863 3475 3933 separare

1882 3936 2226 4021 adnititur,
2277 3948 2348 4003 ut
2393 3954 2620 4004 eorum
2671 3937 2885 4004 locum
2933 3945 3247 4022 occupet;
3311 3933 3471 4000 adeo

1883 4037 1954 4094 ut
2001 4026 2119 4114 ipsi
2168 4023 2694 4094 extranunerarii
2741 4021 3107 4091 immediate
3172 4032 3315 4110 post
3359 4023 3475 4088 Se-

1882 4115 2220 4181 minarium
2270 4113 2595 4182 incedant.

2014 4206 2246 4270 contra
2293 4202 2452 4270 hanc
2500 4199 2849 4268 indebitam
2879 4198 3469 4286 praesumptionem

1882 4291 2300 4377 conqueritur
2364 4288 2761 4357 cathedralis
2819 4288 3229 4375 capitulum,
3288 4286 3471 4353 cuius

1879 4378 2140 4447 nomine
2185 4382 2411 4447 Sacrae
2440 4376 2703 4444 Rituum
2733 4375 3226 4462 congregationi
3274 4373 3472 4441 enixe

1879 4467 2065 4535 datae
2109 4478 2259 4533 sunt
2303 4485 2557 4553 preces,
2591 4476 2664 4532 ut
2709 4463 2860 4551 quid
2914 4465 2978 4530 in
3022 4482 3170 4531 casu
3214 4482 3472 4530 servan·

1879 4556 2035 4624 dum
2082 4554 2355 4623 definire
2401 4553 2803 4640 dignaretur.

2011 4648 2090 4710 Et
2137 4646 2320 4711 Sacra
2366 4641 2628 4709 Rituum
2674 4640 3125 4729 congregatio,
3176 4639 3253 4706 ad
3302 4637 3469 4708 Vati-

1880 4750 2113 4800 canum
2156 4730 2519 4816 subsignata
2563 4727 2672 4796 die
2719 4728 3067 4796 coadunata
3114 4728 3180 4796 in
3207 4727 3470 4796 Ordina-

1877 4819 1986 4888 riis
2032 4818 2342 4904 Comitiis‚
2385 4819 2462 4885 ad
2513 4816 2892 4884 relationem
2936 4816 3275 4905 subscripti
3320 4818 3467 4882 Pro·

1877 4906 2245 4990 Secretarii,
2294 4904 2784 4973 rescribendum
2829 4904 3127 4972 censuit:

2009 5017 2050 5060 ‹
2081 4999 2262 5061 quta
2292 4993 2441 5060 alias
2470 4992 2757 5076 decreta,
2793 4991 3182 5060 servandum
3233 5008 3371 5059 esse
3402 4988 3466 5057 in

1877 5080 2174 5151 omnibus
2219 5081 2510 5148 ordinem
2558 5081 2731 5149 Cleri
2776 5079 3052 5169 publicis
3099 5080 3162 5148 in
3221 5076 3466 5166 suppli-

1876 5170 2227 5240 cationibus
2249 5170 2377 5237 huc
2398 5188 2603 5255 usque
2629 5167 3035 5236 laudabiliter
3055 5178 3380 5237 servatum
3398 5187 3462 5232 ».

199 5257 498 5332 secularis
581 5266 892 5335 Sacerdos
966 5273 1358 5333 memoratae
1441 5264 1766 5333 Ecclesiae
1873 5263 2083 5351 Atque
2129 5257 2212 5325 ita
2258 5258 2643 5326 servandum
2689 5256 3036 5325 mandavit.

200 5360 477 5430 praeerat
499 5350 535 5421 ’ἒ

2003 5348 2117 5415 Die
2161 5350 2246 5415 25
2294 5346 2690 5436 Septembris
2743 5350 2937 5415 {8522
