4042 5950
1539 264 2008 347 ...307-

167 424 424 495 bendum
458 423 739 493 censuit:
777 447 814 490 ‹
848 425 1204 494 Dicendum
1238 426 1301 492 in
1333 446 1479 493 casu
1511 429 1712 493 Evan-

166 515 380 601 gelium
430 517 501 581 Si
547 518 691 597 quis
737 514 879 580 vult
913 537 974 580 ».
1028 518 1236 601 Atque
1282 514 1364 581 ita
1392 514 1714 600 rescripsit

166 624 224 668 ac
266 603 336 669 ab
395 602 686 670 omnibus
748 602 987 669 servari
1048 603 1388 670 mandavit.

279 693 385 757 Die
428 696 505 769 11
541 691 937 779 Septembris
991 694 1182 758 1841.

167 851 400 919 2844.
763 851 1085 917 ιΑΝυΕΝ.
1488 849 1713 936 (4937)

168 1005 415 1090 Epistola
457 1005 529 1071 ad
577 1003 1114 1072 Eminentissimum
1157 1009 1221 1071 et
1265 1002 1719 1073 Reverendissi-

359 1117 506 1168 mum
553 1100 1076 1184 archiepiscopum
1123 1099 1500 1168 lanuensem.

239 1258 386 1322 Eme
418 1266 484 1321 et
514 1259 676 1323 Rme
720 1254 985 1321 Domine
1024 1250 1628 1322 observandissime.

278 1395 669 1482 Propositum
709 1395 976 1462 dubium
1025 1394 1174 1462 huic
1207 1397 1430 1463 Sacrae
1459 1396 1720 1464 Rituum

163 1482 631 1585 congregationi
678 1504 709 1549 a
755 1485 1064 1552 Canonico
1096 1483 1346 1550 Pistone
1381 1488 1715 1552 caeremo-

163 1570 337 1638 niano
383 1571 785 1640 Eminentiae
831 1575 1091 1639 Vestrae
1129 1572 1719 1641 Reverendissimae

160 1679 337 1746 super
380 1660 781 1727 occurrentia
829 1664 1162 1727 Festorum
1216 1658 1425 1726 Sancti
1470 1662 1722 1748 Georgii

163 1747 428 1835 Martyris
482 1749 811 1837 Praecipui
870 1748 1118 1814 Patroni
1176 1758 1241 1814 et
1287 1750 1548 1815 Sanctae
1611 1754 1721 1819 ca·

165 1836 429 1903 tharinae
476 1835 724 1905 Viduae
772 1835 995 1903 itidem
1027 1840 1355 1920 Patronae,
1395 1855 1557 1923 quae
1604 1838 1725 1906 hoc

162 1943 307 1991 anno
355 1924 577 1993 incidit
626 1925 691 1990 in
722 1924 1112 1993 Dominicam
1145 1927 1226 1993 IV
1273 1934 1417 2013 post
1460 1925 1722 2005 Pascha;

163 2013 348 2096 quoad
400 2013 582 2079 licuit
629 2012 710 2079 ob
736 2012 1042 2100 temporis
1085 2013 1457 2100 angustiam,
1503 2023 1569 2079 et
1614 2034 1724 2080 ex-

164 2101 376 2185 quisito
410 2102 601 2169 etiam
634 2110 784 2167 voto
816 2101 1078 2168 alterius
1111 2120 1191 2167 ex
1217 2100 1726 2187 Apostolicarum

162 2189 702 2257 Caeremoniarum
747 2189 1079 2277 magistris,
1137 2187 1256 2255 fuit
1305 2187 1425 2255 rite
1474 2191 1726 2278 exposi-

167 2288 283 2343 tum
338 2298 410 2345 ac
470 2277 928 2361 examinatum,
992 2276 1326 2363 perpensis
1385 2290 1728 2364 propterea

163 2366 434 2432 omnibus
451 2387 615 2454 quae
645 2367 782 2454 peti
813 2374 1134 2455 poterant,
1167 2375 1306 2431 tum
1349 2385 1429 2432 ex
1462 2366 1729 2434 Rubrica

166 2465 286 2520 tum
317 2474 397 2521 ex
437 2456 742 2542 qualitate
822 2465 1165 2521 atronatus.
1201 2455 1727 2541 Quandoquidem

166 2542 320 2609 enim
379 2554 648 2610 externa
706 2564 776 2608 so
809 2541 1070 2609 emnitas
1131 2540 1539 2609 substantiam
1600 2563 1730 2611 non

165 2631 407 2719 respicit
455 2651 579 2699 nec
611 2631 925 2699 rationem
956 2632 1152 2697 ullam
1194 2631 1511 2717 suppetit3
1548 2652 1729 2719 prae·

166 2720 437 2788 cedentia
495 2720 870 2787 omnimode
926 2719 1234 2807 competit
1279 2724 1463 2785 Festo
1525 2718 1731 2787 Sancti

166 2809 400 2895 Georgii
466 2808 561 2875 uti
613 2807 937 2895 praecipui
993 2806 1267 2874 Patroni.
1332 2810 1461 2875 Nec
1508 2809 1615 2876 abs
1661 2827 1731 2873 re

101 2958 120 2978 ,
169 2896 279 2963 erit
306 2896 818 2965 animadvertere
848 2895 1248 2985 propositum
1281 2894 1573 2984 dubium,
1603 2917 1732 2964 non

169 2986 644 3068 occurrentiam,
673 2984 839 3053 bene
871 3003 1025 3051 vero
1059 2985 1567 3051 concurrentiam
1590 3005 1736 3075 spe-

169 3083 325 3140 ctare
369 3074 642 3143 debere.
695 3077 953 3141 Festum
1010 3072 1180 3140 enim
1228 3073 1431 3140 Sancti
1479 3074 1733 3161 Georgii

169 3162 432 3229 occurrit
478 3163 591 3231 die
649 3164 843 3229 xxm
890 3160 1121 3247 Aprilis
1171 3170 1233 3227 et
1281 3166 1539 3228 Festum
1585 3164 1735 3229 San-

168 3259 294 3315 ctae
348 3249 723 3318 catharinae
785 3249 1105 3317 Dominica
1152 3252 1231 3316 lV
1277 3260 1422 3337 post
1482 3251 1732 3335 Pascha,

206 3357 317 3404 uae
344 3339 468 3406 hoc
514 3356 681 3404 anno
730 3336 952 3404 incidit
997 3337 1062 3404 in
1108 3336 1281 3406 diem
1327 3340 1524 3405 XXIV
1572 3338 1738 3406 eius-

209 3445 309 3493 em
359 3427 638 3513 mensis3
710 3436 899 3512 atque
968 3425 1112 3493 ideo
1159 3428 1482 3515 Vesperae
1551 3437 1741 3494 erunt

168 3512 595 3603 disponendae
660 3515 853 3582 modo
912 3534 1099 3602 supra
1164 3514 1505 3582 recensito.
1575 3518 1739 3582 Haec

169 3621 275 3688 pro
316 3603 512 3671 Officii
562 3602 692 3670 mei
741 3622 1008 3670 munere
1049 3602 1449 3676 Eminentiae
1480 3605 1740 3669 Vestrae

168 3688 568 3776 significanda
624 3703 843 3778 erant,
905 3710 1066 3778 quae
1120 3691 1424 3779 appositis
1488 3690 1741 3758 Litteris

168 3779 239 3844 ad
298 3779 676 3870 Supplicem
733 3779 1049 3846 Libellum
1116 3792 1341 3845 votum
1409 3782 1744 3846 caeremo-

170 3866 335 3935 niarii
368 3868 873 3936 commendavit.
909 3872 990 3936 Et
1021 3867 1234 3934 Emin.
1262 3871 1343 3935 V.
1377 3885 1597 3932 manus
1628 3868 1743 3935 bu-

168 3954 424 4024 millime
473 3958 839 4025 deosculor.

289 4050 528 4114 Romae
577 4046 686 4114 die
732 4047 774 4113 9
821 4045 1051 4134 Aprilis
1103 4047 1296 4114 1842.

173 4184 420 4256 2845.
737 4188 1205 4253 AESERNtEN.
1519 4188 1745 4275 (4939)

297 4316 361 4378 ln
406 4311 693 4379 Ecclesia
733 4311 885 4378 olim
916 4311 1277 4379 cathedrali
1315 4311 1596 4380 civitatis
1628 4316 1750 4381 Ve-

176 4398 320 4464 nafri
367 4399 692 4467 Dioecesis
736 4399 1109 4466 Aesernien.
1162 4400 1516 4467 canonicali
1570 4405 1752 4467 Prae·

177 4487 374 4555 benda
429 4487 668 4555 iamdiu
763 4486 1081 4554 otiebatur
1132 4489 1436 4556 Sacerdos
1491 4493 1750 4555 Ioannes

177 4577 438 4660 Baptista
507 4574 709 4643 Menic
760 4576 917 4660 etti,
975 4575 1086 4662 qui
1154 4595 1351 4661 quum
1415 4576 1754 4643 novissime

178 4664 410 4748 optavit
467 4675 659 4751 atque
724 4674 1155 4750 consequutus
1203 4674 1298 4730 est
1344 4664 1752 4752 pinguiorem

178 4748 237 4814 in
282 4752 510 4820 eadem
560 4753 843 4820 Ecclesia
886 4752 1339 4837 praebendam,
1380 4753 1753 4840 praeteribi

180 4836 486 4908 invectam
533 4841 1067 4908 consuetudinem
1106 4840 1500 4908 conformem
1534 4843 1757 4909 Sacrae

178 4925 428 4995 Rituum
490 4928 1011 5018 congregationis
1066 4929 1376 5016 Decretis,
1426 4929 1755 5014 antiquum

177 5016 426 5083 stallum
482 5020 764 5084 retinere
810 5018 1259 5105 praesumpsit.
1330 5018 1508 5099 Quod
1562 5037 1756 5106 aegre

183 5101 457 5171 terentes
501 5105 825 5189 canonici,
874 5108 1165 5174 eamdem
1202 5107 1450 5174 Sacram
1494 5106 1754 5174 Rituum

180 5193 755 5281 congregationem
818 5194 1170 5281 supplices;
1200 5195 1506 5275 adivere3
1558 5204 1623 5258 et
1676 5196 1760 5262 fa·

183 5291 351 5348 ctum
419 5282 713 5351 canonici
775 5282 1140 5350 Menichetti
1208 5282 1602 5370 incusantes,
1669 5284 1761 5350 in-

184 5386 391 5454 genue
439 5372 645 5438 testati
720 5380 869 5437 sunt
915 5370 1074 5438 hanc
1119 5389 1380 5457 semper
1439 5371 1607 5438 inter
1654 5391 1762 5438 eos

1819 425 2104 512 regulam
2140 424 2439 513 viguisse,
2475 435 2546 492 ut
2574 425 2926 493 Canonicus
2972 426 3401 495 Praebendam

1820 514 2157 580 immutans
2189 515 2487 582 ultimum
2521 523 2862 601 occuparet
2892 515 3175 583 stallum.
3219 516 3401 593 Quod

1819 601 1869 667 si
1914 600 2251 686 aliquando
2297 601 2662 689 Capitulum
2710 602 3003 687 indulsit,
3053 614 3125 670 nt
3177 602 3405 690 aliquis

1818 691 2169 757 Canonicus
2211 689 2643 758 Praebendam
2692 690 3031 757 immutans
3069 691 3406 778 antiquum
3517 771 3521 777 ‚

1817 778 2072 847 stallum
2129 780 2482 858 retineret3
2529 777 2595 846 id
2662 779 2878 845 evenit
2924 799 3005 846 ex
3067 780 3407 867 peculiari-

1823 864 1940 932 bus
1972 866 2484 949 circumstantiiS‚
2519 866 2624 933 vel
2658 865 2803 953 quia
2834 865 3063 934 merita
3101 877 3209 934 aut
3238 877 3407 935 aetas

1823 955 2127 1041 longaeva
2160 953 2581 1042 permutantis
2611 954 2679 1023 id
2712 955 3077 1042 exigebant,
3113 956 3215 1022 vel
3258 956 3404 1042 quia

1822 1042 2083 1129 physica
2129 1042 2529 1110 incommoda
2578 1042 3013 1134 impediebant
3066 1043 3406 1131 quominus

1823 1142 2196 1219 permutans
2248 1131 2599 1198 canonicus
2658 1130 3119 1200 Pontificalibus
3185 1133 3403 1200 deser·

1824 1220 1963 1285 vire
1996 1230 2232 1308 posset.
2284 1222 2640 1307 Antequam
2671 1238 2825 1288 vero
2865 1223 3049 1288 Sacra
3082 1221 3213 1308 ipsa
3245 1224 3407 1290 con·

1827 1308 2114 1395 gregatio
2145 1309 2295 1375 huic
2327 1308 2798 1375 controversiae
2839 1307 3244 1376 definiendae
3276 1329 3407 1377 ma·-

1826 1414 1979 1463 num
2027 1395 2418 1485 imponeret,
2456 1395 2740 1484 partibus
2771 1396 3025 1483 auditis,
3059 1416 3178 1484 pro
3213 1398 3406 1465 inl'or·

1825 1484 2104 1551 matione
2129 1495 2192 1550 et
2210 1495 2359 1550 voto
2378 1483 3011 1552 Reverendissimum
3029 1485 3402 1553 Aeser-nien.

1826 1572 2213 1660 Episcopum
2263 1570 2632 1659 requisivit;
2683 1573 2791 1659 qui
2844 1576 3068 1640 Sacrae
3129 1578 3409 1661 Congre-

1828 1659 2097 1748 gationis
2128 1661 2415 1727 mandata
2450 1679 2802 1748 exequenS,
2835 1662 3273 1749 capitulariter
3298 1665 3410 1729 Ca-

1826 1749 2090 1818 nonicos
2122 1749 2375 1818 Venafri
2425 1750 2837 1837 congregavit
2866 1750 3280 1838 singulosque
3326 1751 3408 1819 de

1827 1839 2143 1906 sententia
2189 1842 2558 1923 requirens,
2608 1849 2866 1926 praeter
2910 1838 3071 1905 duos
3126 1840 3262 1928 (qui
3307 1843 3414 1907 Ca·

1831 1926 2039 1993 nonici
2068 1924 2435 1993 Menichetti
2464 1938 2611 1993 sunt
2658 1926 3138 2014 consanguinei)
3189 1947 3412 1995 omnes

1832 2014 2148 2100 reperisse
2198 2023 2465 2081 testatur
2510 2014 2574 2081 in
2620 2024 2794 2098 vote,
2832 2027 2903 2081 ut
2932 2014 3249 2083 canonico
3292 2014 3413 2103 ipsi

1833 2102 2197 2170 Menicbetti
2276 2104 2707 2190 denegaretur
2780 2103 3227 2193 praecedentia
3256 2154 3276 2189 ,
3347 2114 3414 2169 et

1836 2191 2009 2257 iuxta
2077 2192 2339 2258 solitum
2398 2192 2768 2278 adigeretur
2835 2190 2911 2257 ad
2982 2192 3285 2259 ultimum
3348 2191 3415 2257 in

1834 2279 2045 2346 choro
2091 2280 2347 2347 stallum
2394 2280 2879 2369 occupandum3
2927 2280 3128 2346 veluti
3177 2290 3241 2346 et
3277 2280 3418 2369 ipse

1835 2369 2428 2436 Reverendissimus
2472 2368 2751 2436 Antistes
2798 2367 3116 2469 exquirit,
3183 2386 3264 2434 ne
3310 2388 3415 2436 an-

1831 2458 2004 2544 tiqua
2064 2457 2460 2524 consuetudo
2508 2459 2612 2524 vel
2659 2459 2723 2524 in
2772 2456 3034 2525 minimo
3091 2456 3411 2524 turbetur.

1968 2545 2289 2634 Proposita
2354 2546 2647 2632 quocirca
2709 2564 2889 2612 causa
2950 2544 3015 2610 in
3079 2544 3417 2614 ordinariis

1835 2633 2122 2701 Comitiis
2167 2635 2246 2703 ad
2293 2634 2661 2702 Vaticanum
2712 2633 3074 2720 subsignata
3126 2632 3235 2700 die
3280 2652 3419 2699 coa-

1834 2722 2124 2805 dunatis,
2191 2722 2515 2789 referente
2575 2721 2976 2808 infrascripto
3038 2720 3417 2807 secretario,

1834 2810 2125 2877 adductis
2154 2809 2471 2878 rationum
2502 2808 2843 2877 momentis
2886 2809 3112 2876 sedulo
3143 2826 3422 2909 perpen-

1836 2897 1944 2982 sis,
1994 2898 2494 2965 Eminentissimi
2528 2909 2593 2965 et
2624 2896 3165 2966 Reverendissimt
3208 2901 3422 2965 Patres

1839 2987 2041 3054 Sacris
2089 2986 2341 3055 tuendis
2386 2986 2632 3055 Ritibus
2677 2984 3023 3075 praepositi
3068 2985 3423 3054 rescriben-

1837 3076 1992 3143 dum
2031 3085 2451 3142 censuerunt:
2487 3096 2525 3139 ‹
2555 3080 2729 3142 luxta
2761 3075 2906 3141 alias
2928 3074 3213 3156 decreta,
3240 3094 3423 3163 prae-

1842 3163 2066 3230 sertim
2112 3163 2179 3229 in
2224 3164 2470 3230 Sutrina
2507 3161 2998 3230 Praecedentiae
3040 3161 3168 3228 diei
3208 3165 3281 3227 11
3324 3166 3420 3228 lu-

1840 3250 1926 3318 nii
1986 3255 2181 3335 1701,
2243 3249 2558 3319 canonico
2618 3248 2987 3318 Menichetti
3049 3260 3423 3335 competere

1844 3339 2102 3406 stallum
2148 3339 2471 3406 secundae
2528 3337 2938 3426 possessionis
2971 3358 3034 3402 ›.
3085 3344 3294 3422 Atque
3343 3341 3425 3402 ita

1847 3428 2316 3514 rescripserunt
2369 3447 2438 3494 ac
2483 3428 2870 3494 servandum
2933 3425 3192 3493 omnino
3251 3445 3423 3493 man-

1848 3515 2107 3582 darunt.

1978 3604 2092 3671 Die
2145 3607 2226 3672 16
2274 3605 2507 3694 Aprilis
2560 3609 2750 3672 1842.

1852 3746 2112 3816 2846.
2456 3749 2822 3815 ΜιιΕΤΕΝ.
3201 3746 3426 3836 (tata)

1977 3873 2185 3948 Quum
2215 3871 2561 3956 collegiata
2601 3872 2664 3938 in
2696 3872 2971 3939 Ecclesia
3018 3874 3278 3939 Sanctae
3310 3875 3431 3937 Ma-

1848 3959 1980 4027 riae
2000 3959 2248 4026 Maioris
2269 3959 2498 4059 Oppidi
2532 3960 2960 4027 Montisleonis
2991 3960 3308 4026 Dioecesis
3330 3959 3435 4025 m-

1849 4049 2052 4115 leten.
2102 4046 2289 4115 multi
2334 4058 2462 4114 sint
2507 4049 2918 4116 Canonicatus
2950 4048 3239 4116 diversae
3287 4067 3428 4114 ere-

1851 4136 2107 4220 ctionis,
2181 4135 2522 4203 novissime
2588 4135 2919 4290 Philippus
2981 4133 3281 4220 Morsilli,
3337 4135 3433 4203 di-

1853 4225 2039 4293 missa
2085 4224 2437 4291 canonicali
2493 4224 2777 4291 Praeben
2826 4245 2891 4310 a,
2940 4243 3061 4312 qua
3106 4223 3431 4291 nonnullis

1849 4315 1925 4381 ab
1972 4312 2118 4380 hinc
2166 4311 2341 4379 annis
2396 4311 2795 4399 potiebatur,
2858 4330 3089 4381 novam
3157 4311 3433 4378 obtinuit

1855 4412 2184 4468 vacantem
2250 4419 2369 4486 per
2434 4409 2708 4466 mortem
2775 4399 3071 4468 Canonici
3146 4397 3435 4486 Gregorii

1856 4489 2080 4556 Giusti.
2139 4491 2207 4554 ln
2253 4497 2395 4554 actu
2444 4488 2851 4576 possessionis
2898 4487 3086 4557 huius
3130 4488 3277 4555 novi
3324 4488 3435 4553 Ca·

1855 4577 2182 4644 nonicatus
2228 4576 2462 4643 Sedem
2492 4577 2558 4644 in
2587 4575 2796 4644 choro
2825 4575 3048 4660 adivit,
3081 4595 3275 4664 quam
3305 4575 3435 4661 pri-

1857 4666 2050 4732 mitus
2078 4664 2320 4734 ratione
2353 4664 2729 4732 antianitatis
2761 4663 3123 4732 obtinebat..
3157 4667 3330 4731 Tunc
3366 4672 3439 4727 ut

1857 4765 2147 4839 tempore
2191 4771 2402 4819 sacrae
2460 4753 2801 4820 functionis
2857 4752 3028 4821 nulla
3078 4752 3141 4820 in
3193 4751 3437 4839 populo

1859 4841 2188 4909 admiratio
2235 4842 2339 4908 vel
2388 4840 2557 4908 inter
2601 4840 2859 4910 clerum
2901 4843 2965 4909 in
3009 4843 3276 4929 Templo
3324 4836 3438 4905 Dei

1860 4929 2168 4997 dissensio
2238 4927 2605 5013 obveniret,
2655 4948 2736 4996 ne
2800 4949 2968 4997 unus
3035 4930 3301 5016 quidem
3361 4947 3439 4994 ex

1860 5016 2190 5087 Canonicis
2236 5016 2497 5083 obstitit.
2550 5022 2880 5105 Postquam
2913 5037 3066 5084 vero
3102 5015 3440 5103 unusquis·

1865 5125 1990 5194 que
2021 5125 2221 5195 penes
2251 5106 2604 5173 sacrarium
2636 5126 2705 5173 se
2737 5106 3007 5194 recepit,
3043 5106 3214 5174 illico
3245 5107 3444 5173 Gano-

1867 5194 2049 5262 nicus
2078 5192 2336 5260 Morsilli
2384 5194 2506 5260 fuit
2546 5194 2905 5262 admonitus
2947 5214 3019 5261 se
3063 5213 3184 5282 per
3214 5211 3441 5262 novam

1865 5283 2335 5371 possessionem
2381 5301 2692 5372 occupare
2748 5281 2990 5351 debere
3036 5284 3336 5350 ultimum
3380 5280 3445 5346 in

1870 5371 2078 5441 choro
2125 5372 2404 5441 stallum.
2455 5372 2573 5439 Ille
2606 5382 2821 5440 autem
2853 5370 3130 5440 consiliis
3175 5390 3302 5442 non
3347 5389 3446 5436 ac-
