4042 5950
2050 251 2521 335 —338—

639 419 868 484 Beatae
893 415 1117 484 Mariae
1143 412 1421 503 Virginis
1453 415 1624 483 iuxta
1657 419 2027 500 Decretum,
2055 407 2228 502 quod

636 505 971 594 profertur
1024 502 1200 570 istius
1263 506 1487 571 Sacrae
1544 503 1804 570 Rituum
1864 505 2226 590 congrega·

618 594 828 661 tionis
860 595 921 659 in
953 612 1076 659 una
1099 590 1475 658 Einsiedeln
1507 592 1582 657 ad
1611 591 1894 657 Titulum
1927 590 2012 658 de
2045 596 2228 658 com-

636 679 1202 748 memorationibus
1246 680 1365 747 sub
1411 679 1516 747 die
1566 685 1606 747 ὅ
1653 679 1789 745 Maii
1843 683 2009 747 1736
2059 699 2225 746 ema-

638 767 912 838 natum‘?
954 772 1033 834 Et
1079 770 1127 834 si
1177 786 1403 833 revera
1451 768 1799 835 omittenda
1843 780 1963 850 est,
2013 782 2225 833 orator

635 856 996 947 humillime
1030 858 1307 946 postulat
1332 876 1449 943 pro
1481 855 1654 922 illius
1681 855 2088 923 concessione
2111 856 2227 922 sal·

638 960 770 1013 tem
818 948 895 1016 ad
941 945 1293 1012 Dioecesim
1342 945 1730 1027 Tudensem‚
1768 944 1847 1010 ob
1877 943 2223 1029 specialem

636 1034 928 1102 fidelium
1004 1033 1311 1122 pietatem
1388 1051 1539 1120 erga
1614 1034 1915 1099 Sanctum
1994 1032 2221 1119 loseph

637 1126 955 1208 Sponsum
1000 1126 1227 1192 Beatae
1272 1120 1500 1187 Mariae
1545 1119 1847 1207 Virginis.

767 1214 846 1276 Et
898 1213 1079 1280 Sacra
1133 1208 1393 1276 Rituum
1456 1208 1923 1296 congregatio,
1987 1207 2054 1275 in
2111 1211 2222 1276 Or-

636 1298 879 1367 dinario
925 1301 1129 1365 coetu
1199 1296 1275 1362 ad
1324 1296 1695 1364 Vaticanum
1764 1296 2069 1364 hodierna
2116 1296 2221 1363 die

637 1386 1020 1469 coadunata,
1082 1384 1295 1453 audita
1354 1406 1384 1449 a
1446 1382 1806 1472 subscripto
1870 1384 2225 1452 Secretario

634 1474 811 1543 fideli
858 1472 1167 1540 relatione
1216 1471 1684 1561 propositisque
1729 1472 1938 1539 dubiis
1970 1484 2221 1540 maturo

636 1563 928 1630 examine
976 1562 1308 1650 perpensis
1360 1572 1551 1646 atque
1599 1558 1909 1645 cribratis,
1959 1581 2220 1649 respon·

633 1651 923 1717 dendum
971 1649 1263 1716 censuit:

765 1739 861 1805 Ad
917 1743 978 1803 1.
1028 1760 1066 1802 ‹
1101 1741 1410 1806 Servetur
1438 1755 1709 1824 parvum
1741 1738 2220 1805 caeremoniale

636 1847 670 1894 a
714 1848 767 1892 s.
818 1846 912 1892 m.
961 1824 1307 1893 Benedicto
1366 1830 1525 1912 Papa
1586 1829 1717 1893 Xlll
1779 1826 1855 1893 ad
1914 1827 2035 1894 boc
2083 1827 2218 1895 edi·

639 1928 774 1982 tum
808 1938 872 1980 ».

762 2003 856 2069 Ad
906 2008 969 2070 2.
1022 2024 1060 2067 c
1093 2002 1465 2069 Faciendam
1496 2021 1635 2069 esse
1667 2004 2220 2071 commemoratio·

632 2110 780 2159 nem
827 2092 991 2157 Festi
1040 2090 1433 2159 occurrentis
1481 2110 1626 2159 cum
1673 2093 1802 2159 sola
1850 2091 2038 2158 tertia
2075 2095 2219 2159 Ora·

632 2180 840 2263 tione,
890 2199 1052 2266 quae
1112 2179 1397 2247 secundo
1453 2178 1593 2247 loco
1641 2179 2095 2269 praescribitur
2153 2180 2219 2247 in

629 2269 815 2337 Missa
854 2269 1271 2355 Rogationum
1303 2290 1366 2333 ».

762 2357 858 2423 Ad
906 2360 974 2423 3.
1022 2378 1060 2421 ι
1095 2356 1188 2423 Ad
1235 2355 1519 2423 Officium
1557 2357 1765 2425 Sancti
1796 2356 2092 2425 'l'itularis
2125 2368 2217 2423 te-

628 2444 765 2511 neri
811 2444 1157 2511 Parocbum
1206 2454 1451 2511 tantum
1489 2467 1554 2511 ».

759 2531 856 2598 Ad
908 2534 970 2598 4.
1022 2554 1060 2596 ι
1092 2533 1398 2620 Negative
1445 2533 1523 2601 ad
1557 2542 1945 2619 utrumque3
1983 2546 2048 2600 et
2078 2553 2214 2599 ser·

626 2631 816 2686 vetur
859 2624 1201 2687 Decretum
1245 2617 1371 2685 diei
1409 2625 1488 2687 12
1518 2622 1893 2688 Novembris
1947 2625 2110 2689 1831
2147 2645 2212 2687 ».

757 2708 854 2775 Ad
905 2713 967 2774 ὅ.
1021 2730 1059 2773 c
1093 2708 1507 2793 Affirmative,
1553 2709 1725 2776 iuxta
1772 2708 2110 2777 Rubricam
2145 2732 2212 2777 ».

759 2797 855 2863 Ad
904 2798 965 2862 6.
1019 2818 1057 2861 ι
1089 2795 1517 2882 Affirmative‚
1595 2799 1670 2867 ad
1735 2798 2003 2886 primam
2072 2818 2214 2886 par·

631 2894 812 2963 tem;
859 2884 1191 2974 Negative,
1241 2885 1317 2951 ad
1366 2887 1713 2953 secundam
1748 2910 1810 2953 ».

757 2974 853 3041 Ad
901 2976 963 3041 7.
1014 2995 1053 3037 ‹
1087 2976 1470 3042 Servandam
1528 2995 1666 3042 esse
1713 2976 1779 3042 in
1825 2996 1969 3043 casu
2016 2973 2211 3042 Patris

625 3062 880 3128 cavanti
927 3062 1411 3150 dispositionem
1461 3065 1522 3130 in
1570 3064 1862 3130 omnibus
1894 3087 1955 3154 η.

756 3151 850 3217 Ad
901 3156 964 3219 8.
1032 3173 1070 3216 c
1104 3154 1491 3219 Servandam
1560 3152 2041 3240 dispositionem
2108 3154 2208 3222 Ri-

626 3239 812 3305 tualis
857 3240 1150 3323 Romani,
1202 3241 1372 3326 quod
1432 3241 1499 3306 in
1560 3261 1706 3307 casu
1769 3242 2058 3310 excludit
2118 3264 2210 3309 sa-

623 3347 758 3393 cras
802 3340 1014 3395 vestes
1060 3327 1144 3395 ibi
1194 3348 1320 3395 non
1368 3340 1749 3396 memoratas
1781 3352 1844 3394 ».

755 3417 850 3485 Ad
896 3420 962 3485 9.
1015 3439 1053 3482 c
1086 3416 1500 3484 'tolerandam
1548 3437 1727 3503 esse,
1778 3428 2002 3506 utpote
2050 3421 2208 3487 anti·

621 3504 842 3589 quitati
893 3505 1289 3571 conformem
1325 3528 1390 3570 ».

754 3594 848 3658 Ad
900 3594 1001 3659 10.
1054 3613 1092 3656 c
1126 3592 1515 3659 Servandam
1564 3595 1627 3661 in
1674 3615 1817 3661 casu
1852 3594 2204 3684 dispositio-

620 3698 766 3745 nem
815 3678 1079 3745 Ritualis
1125 3681 1382 3745 Romani
1420 3705 1486 3748 ».

751 3767 845 3834 Ad
900 3771 1005 3832 11.
1069 3789 1107 3832 ι
1141 3767 1582 3854 Tolerandam,
1647 3773 1852 3859 quoad
1915 3772 2203 3840 Officium

617 3854 1119 3936 defunctorum3
1198 3857 1586 3943 tollendam,
1658 3860 1865 3945 quoad
1945 3863 2201 3941 Missas;

617 3962 777 4030 quae
820 3944 1003 4011 unica
1052 3964 1191 4010 esse
1236 3944 1461 4030 debet,
1516 3947 1686 4013 iuxta
1734 3952 1996 4016 Decreta
2059 3952 2208 4017 alias

618 4031 789 4098 edita
822 4054 884 4099 ».

743 4120 996 4188 Act-12.
1048 4143 1087 4186 ι
1120 4122 1463 4209 Negative;
1516 4124 1627 4191 sed
1677 4127 2015 4193 servandas
2076 4131 2201 4194 Ru·

617 4209 815 4276 bricas
846 4231 915 4274 ».

742 4297 836 4365 Ad
890 4301 992 4364 13.
1043 4320 1081 4363 c
1115 4300 1396 4367 'l'olerari
1446 4319 1636 4386 posse
1670 4325 1736 4370 ».

742 4387 835 4453 Ad
892 4390 996 4453 14.
1045 4410 1083 4453 c
1117 4389 1249 4480 Etsi
1298 4388 1435 4455 fieri
1486 4403 1765 4477 nequeat
1810 4412 2198 4460 commemo-

613 4475 770 4542 ratio
827 4475 1033 4543 Sancti
1092 4477 1320 4564 loseph
1368 4478 1431 4544 in
1477 4479 1696 4547 Officio
1744 4491 1808 4547 et
1854 4481 2032 4548 Missa
2081 4486 2199 4549 De-

608 4563 1025 4652 sponsationis
1096 4570 1326 4658 *Beatae
1396 4569 1625 4633 Mariae
1696 4570 1968 4654 Virginis
1999 4620 2017 4654 ,
2088 4571 2197 4638 ubi

608 4672 737 4719 non
795 4664 889 4719 est
950 4669 1293 4734 concessa;
1356 4664 1631 4723 attamen
1680 4659 1863 4725 Sacra
1911 4663 2194 4746 Congre-

604 4740 776 4893 gatio
823 4743 1081 4809 Rittium
1146 4742 1231 4810 de
1291 4744 1550 4847 speciali
1598 4745 1795 4831 gratia
1844 4748 2063 4814 annuit
2124 4758 2196 4815 ut

654 4828 912 4917 einceps
957 4849 989 4895 a
1037 4829 1226 4898 clero
1273 4832 1554 4899 civitatis
1601 4854 1668 4900 ac
1712 4834 2027 4902 Dioecesis
2075 4838 2195 4903 Tu-

603 4915 788 5002 den.,
834 4927 983 4984 ante
1044 4937 1265 4986 omnes
1324 4922 1471 4988 alias
1527 4941 1961 5010 quascumque
2021 4944 2195 4991 com-

600 5005 1119 5093 memorationes,
1158 5008 1217 5074 in
1256 5020 1609 5077 memorato
1651 5011 1867 5079 Officio
1914 5025 1977 5079 et
2018 5013 2195 5080 Missa

604 5094 1111 5181 Desponsationis
1156 5097 1488 5184 Deiparae,
1539 5100 1745 5166 Sancti
1794 5100 2025 5188 loseph
2057 5102 2194 5169 eius

600 5181 825 5267 Sponsi
872 5185 1394 5252 commemoratio
1441 5199 1796 5274 apponatur
1829 5212 1894 5254 ν.

632 5359 637 5364 ’
741 5377 820 5450 (ι)
856 5379 917 5434 Ε.
955 5378 1097 5434 nub.
1137 5380 1182 5444 ι,
1220 5380 1271 5448 2,
1308 5380 1360 5446 5,
1395 5382 1445 5444 a,
1481 5383 1517 5434 5
1551 5391 1607 5437 et
1641 5382 1690 5438 s.

2343 450 2348 461 ·
2461 416 2672 499 Atque
2723 413 2803 478 ita
2847 408 3200 498 rescripsit,
3249 382 3618 513 declaravit,
3651 409 3882 477 indulsit

2329 501 2700 587 servarique
2746 499 3094 567 mandavit.
3267 574 3268 579 ἵ

2461 589 2571 656 Die
2636 594 2719 657 23
2769 589 2904 657 Maii
2968 591 3188 655 1846.¹
3267 600 3268 609 ’

2330 765 2585 835 2916.
2691 826 2704 831 ,
2965 765 3271 831 ORDlNlS

2779 864 3454 959 mmmm-roam.

2458 1039 2618 1103 cum
2667 1031 3069 1120 propositum
3115 1030 3312 1097 fuerit
3356 1048 3559 1117 penes
3605 1031 3670 1097 S.
3717 1032 3784 1095 R.
3819 1031 3876 1096 c.

2324 1143 2606 1209 sequens
2645 1120 2952 1207 dubium;
3002 1118 3352 1187 videlicet:
3391 1117 3484 1206 (1)
3599 1132 3604 1151 ·

2459 1214 2554 1278 An
2604 1215 2867 1277 Decreta
2913 1227 2944 1272 a
2993 1209 3180 1274 Sacra
3236 1206 3493 1272 Rittium
3554 1210 3879 1292 congrega·

2330 1301 2500 1367 tione
2549 1309 2832 1366 emanata
2879 1305 2942 1362 et
2989 1288 3434 1382 responsiones
3464 1308 3879 1381 quaecumque

2328 1390 2403 1457 ab
2461 1390 2590 1477 ipsa
2656 1382 2993 1475 propositis
3053 1381 3261 1450 dubiis
3320 1381 3562 1471 scripto·
3629 1380 3881 1473 formiter

2328 1477 2570 1561 editae,
2634 1473 2929 1540 eamdem
3000 1464 3771 1551 babeant-auctoritatem
3827 1489 3880 1534 ac

2325 1566 2375 1631 si
2409 1564 2779 1631 immediate
2825 1559 2902 1626 ab
2951 1560 3086 1650 ipso
3133 1563 3394 1628 Summo
3427 1557 3734 1624 Pontifice
3761 1576 3881 1644 pro-

2327 1661 2680 1735 manarent‚
2730 1651 3018 1736 quamvis
3064 1649 3239 1714 nulla
3277 1644 3435 1728 facta
3465 1647 3667 1713 fuerit
3695 1644 3773 1711 de
3800 1644 3882 1710 iis·

2324 1743 2476 1809 dem
2521 1736 2749 1806 relatio
2796 1737 3118 1804 Sanctitati
3165 1733 3381 1803 Suae?

2456 1832 2637 1897 Sacra
2697 1827 2958 1893 Rituum
3019 1823 3481 1912 congregatio,
3545 1824 3627 1890 ad
3675 1821 3882 1889 Vatica-

2323 1937 2479 1985 num
2540 1916 2902 2002 subsignata
2961 1914 3067 1981 die
3123 1911 3467 1978 coadunata
3531 1913 3600 1978 in
3658 1910 3883 1977 Ordina-

2325 2006 2418 2073 rio
2479 2010 2715 2088 coetu,
2777 2001 2995 2070 audita
3049 2023 3083 2067 a
3139 1994 3500 2088 subscripto
3554 1996 3883 2068 secretario

2320 2095 2498 2161 fideli
2547 2092 2884 2174 relatione,
2933 2090 3370 2178 expositisque
3419 2088 3737 2155 rationum
3779 2104 3884 2151 mo·

2319 2183 2550 2249 mentis
2620 2193 2685 2248 et
2752 2178 3102 2266 diligenter
3168 2176 3621 2260 consideratiS‚
3688 2174 3885 2241 rescri-

2323 2270 2605 2338 bendum
2638 2266 2922 2335 censuit:
2973 2287 3012 2330 ‹
3046 2264 3436 2332 Affirmative
3470 2287 3536 2331 ».
3585 2267 3793 2349 Atque
3819 2263 3884 2327 its

2323 2358 2668 2447 rescripsit.
2735 2390 2740 2397 ·

2451 2446 2562 2514 Die
2611 2450 2694 2514 23
2742 2445 2874 2512 Maii
2930 2448 3120 2512 1846.
3268 2476 3272 2481 ·
3385 2524 3390 2533 ι

3679 762 3879 847 (5051)

2321 2626 2562 2695 291⁷.
2958 2627 3263 2694 onmms
3621 2642 3626 2647 ·
3678 2594 3880 2713 (5052)

2481 2736 3018 2802 uoNAcnonum
3066 2733 3741 2799 ms'rnncissnsmu.

2451 2894 2656 2971 Quum
2681 2890 3271 2959 Reverendissimus
3301 2895 3367 2957 P.
3390 2894 3773 2958 Procurator
3793 2892 3885 2955 Ge-

2316 2981 2549 3052 neralis
2578 2980 2827 3048 Ordinis
2851 2982 3363 3048 cisterciensium
3398 2980 3641 3048 iteratis
3673 2979 3882 3046 humil·

2317 3071 2482 3140 limis
2529 3068 2828 3156 precibus
2876 3068 3349 3137 Sanctissimum
3395 3070 3738 3137 Dominum
3781 3070 3882 3133 No-

2315 3172 2521 3227 strum
2566 3158 2743 3224 Pium
2792 3161 2872 3224 lx
2917 3158 3289 3225 Pontificem
3322 3157 3666 3225 Maximum
3715 3156 3882 3223 enixe

2315 3247 2585 3336 rogavit,
2634 3257 2706 3313 ut
2753 3246 2949 3312 instar
2993 3246 3417 3313 concessionis
3449 3265 3657 3332 usque
3689 3246 3763 3312 ab
3791 3264 3878 3310 an·

2314 3358 2396 3403 no
2435 3338 2604 3403 1764
2651 3334 2841 3401 tertio
2888 3336 3093 3400 Nonas
3136 3334 3405 3422 Augusti
3452 3334 3651 3401 factae
3681 3332 3878 3401 Ordini

2315 3424 2526 3493 Sancti
2573 3423 2899 3491 Benedicti
2946 3421 3470 3510 congregationis
3501 3423 3877 3502 Olivetanae,

2312 3534 2382 3578 ac
2429 3512 2493 3578 in
2539 3509 2955 3599 sequentibus
3018 3512 3196 3577 annis
3258 3510 3334 3577 ad
3382 3511 3878 3580 camaldulenses

2313 3611 2378 3667 et
2409 3600 2809 3668 cassinenses
2850 3610 3173 3684 extensae,
3210 3599 3290 3666 de
3322 3598 3690 3685 Apostolica
3725 3596 3878 3664 beni-

2311 3688 2550 3776 gnitate
2617 3687 2960 3772 indulgere
3029 3687 3406 3772 dignaretur
3473 3686 3766 3754 omnibus
3826 3695 3876 3748 et

2309 3776 2580 3863 singulis
2624 3776 2913 3864 personis
2959 3775 3417 3843 Ecclesiasticis
3460 3795 3529 3842 ac
3584 3771 3875 3843 Seculari-

2311 3865 2428 3931 bus
2473 3865 2733 3931 servitio
2780 3865 3304 3932 monasteriorum
3351 3864 3780 3932 Ecclesiamm
3818 3879 3872 3924 ac

2313 3955 2756 4020 Granoiarum
2800 3952 2897 4018 sui
2956 3952 3205 4020 Ordinis
3264 3952 3559 4035 addictis,
3608 3971 3780 4019 nunc
3823 3957 3874 4014 et

2309 4060 2424 4131 pro
2496 4052 2789 4129 tempore
2860 4040 3278 4108 existentibus
3307 4090 3324 4125 ,
3396 4041 3663 4125 aliisque
3735 4041 3870 4106 intra

2308 4131 2577 4195 claustra
2624 4131 3006 4196 eorumdem
3063 4129 3588 4196 monasteriorum
3639 4127 3871 4195 assidue

2306 4216 2730 4285 habitantibus
2791 4228 2856 4285 et
2917 4238 3063 4284 cum
3129 4217 3444 4285 monachis
3496 4213 3870 4284 conviventi-

2307 4307 2457 4384 bus-3
2492 4315 2563 4372 ut
2609 4306 2815 4374 donec
2850 4315 2915 4373 et
2946 4325 3284 4392 quousque
3314 4306 3379 4372 in
3410 4304 3677 4372 servitio
3708 4321 3869 4392 prae·

2304 4394 2477 4460 dicto
2516 4414 2631 4460 seu
2663 4393 2727 4462 in
2761 4395 3055 4464 convictu
3089 4395 3248 4461 intra
3282 4395 3549 4461 claustra
3581 4411 3731 4460 cum
3761 4396 3868 4461 Mo·

2305 4483 2517 4551 nachis
2586 4483 3106 4570 perduraverint,
3155 4484 3204 4549 si
3253 4484 3544 4552 divinum
3599 4482 3868 4549 Officium

2303 4575 2623 4657 Horasque
2671 4574 3016 4639 Canonicas*
3041 4571 3308 4639 recitare
3352 4581 3717 4655 teneantur,
3749 4571 3866 4638 abs-

2302 4680 2429 4747 que
2475 4662 2609 4728 ullo
2656 4662 3077 4742 conscientiae
3124 4662 3426 4748 scrupulo
3472 4660 3756 4728 Officium
3787 4655 3868 4724 di·

2300 4750 2519 4816 vinum
2545 4752 2866 4835 Horasque
2890 4749 3226 4819 canonicas
3252 4751 3427 4817 iuxta
3449 4750 3662 4816 Ritum
3689 4745 3866 4834 ipsius

2299 4838 2547 4906 Ordinis
2595 4839 3114 4906 cisterciensium
3155 4841 3270 4904 se'u
3315 4836 3634 4905 dictorum
3681 4839 3865 4902 Bona-

2299 4927 2670 5012 steriornm,
2724 4926 2784 4992 in
2834 4926 3258 5014 quibus'ipsi²
3290 4926 3538 5013 d‘egunt
3591 4945 3706 4991 seu
3748 4941 3864 4989 ser·

2299 5013 2454 5080 vitio
2523 5014 2761 5083 addicti
2831 5013 3291 5101 reperiuntur,
3356 5034 3485 5081 non
3552 5013 3756 5081 solum
3808 5008 3863 5075 in

2300 5103 2506 5170 choro
2539 5123 2684 5170 cum
2719 5103 3058 5189 monacbis,
3093 5104 3209 5170 se‘d
3244 5104 3432 5170 etiam
3466 5103 3540 5191 (si
3576 5102 3640 5169 in
3671 5102 3861 5168 choro

2296 5209 2420 5256 una
2468 5210 2612 5258 cum
2661 5191 2796 5257 aliis
2844 5192 3159 5259 Monacbi's
3209 5192 3468 5258 minime
3515 5195 3862 5279 praesentes
