4042 5950
1994 324 2098 339 —
2153 277 2466 359 370—

630 528 633 531 ,
705 448 889 512 Sacra
918 441 1183 510 Rituum
1214 441 1639 529 congregatio
1676 440 2166 508 rescribendum

570 531 848 615 censuit,
876 531 943 597 in
966 529 1260 597 terminis
1285 528 1469 616 queis
1492 528 1701 597 luerat
1726 528 1992 597 dubium
2017 547 2166 595 con-

570 621 930 703 cordatum,
987 616 1331 685 nimirum:
1382 638 1420 681 α
1452 621 1731 684 Datame
1792 617 1993 699 Missa,
2053 619 2165 683 Ca-

569 707 775 794 pitulo
808 705 1017 776 Sancti
1046 705 1272 792 Παγαῖς
1301 706 1539 772 deinde
1571 706 1865 792 capitulo
1898 705 2161 771 Sanctae

566 797 794 863 Mariae
840 794 1088 862 Maioris
1128 815 1192 859 ι».

701 884 813 951 Die
869 885 945 950 10
994 882 1258 949 lanuarii
1310 878 1504 949 1882.

695 974 902 1051 Quum
950 980 1164 1037 autem
1197 968 1603 1038 Sanctissimo
1634 969 1903 1036 Domino
1934 973 2163 1037 Nostro

568 1059 677 1127 Pio
729 1062 815 1126 IX
868 1057 1157 1126 Pontifici
1222 1059 1493 1125 Maximo
1555 1056 1660 1123 die
1718 1061 1806 1126 ‚15
1867 1057 2161 1125 eiusdem

568 1149 808 1215 mensis
853 1159 919 1214 et
966 1147 1111 1213 anni
1174 1150 1340 1214 1882
1377 1164 1519 1246 per
1574 1143 2008 1233 subscriptum
2056 1148 2164 1211 Sa·

570 1255 716 1302 crae
749 1235 1009 1303 [lituum
1034 1233 1557 1321 Congregattonis
1580 1231 2160 1301 Pro-secretarium

569 1323 778 1407 fidelis
827 1323 987 1390 facta
1034 1323 1230 1389 luerit
1274 1339 1472 1409 super
1519 1319 1826 1408 expositis
1882 1319 2158 1399 relatio;

567 1411 871 1479 Sanctitas
916 1413 1038 1479 Sua
1089 1408 1493 1496 Rescriptum
1540 1411 1763 1476 Sacrae
1794 1411 2158 1495 congrega·

570 1500 760 1567 tionis
812 1499 1230 1580 confirmans,
1292 1496 1615 1563 mandavit
1670 1508 1742 1564 ut
1794 1500 1879 1566 Ga
1928 1497 2159 1563 itulum

566 1587 776 1655 Sancti
823 1585 1010 1653 Marci
1058 1584 1336 1671 excipiat
1382 1585 1750 1651 Praesulem
1802 1604 1876 1653 ce
1908 1587 2161 1654 ebratu-

564 1693 735 1759 rum,
785 1675 1006 1743 Missae
1054 1671 1472 1741 celebrationi
1519 1672 1763 1739 assistat
1795 1673 1858 1740 in
1886 1673 2021 1740 suis
2056 1675 2161 1740 Se·

563 1763 778 1846 dibus,
813 1760 1260 1829 Celebrantem
1309 1761 1519 1846 ipsum
1565 1761 1910 1828 comitetur
1940 1762 2016 1828 ad
2053 1764 2158 1830 Sa·

565 1849 842 1917 crarium
890 1868 1171 1934 eumque
1218 1848 1291 1914 ad
1342 1849 1558 1916 Altare
1594 1860 2035 1916 revertentem
2065 1870 2157 1915 as-

566 1937 767 2005 societ
814 1956 1018 2023 usque
1076 1936 1153 2005 ad
1210 1936 1474 2006 sacrarii
1526 1937 1782 2005 ostium.
1835 1942 1997 2005 Dum
2047 1958 2156 2005 au-

565 2037 695 2092 tem
765 2027 1101 2093 universus
1162 2027 1385 2094 Clerus
1428 2024 1985 2114 processionaliter
2030 2027 2156 2094 dis·

559 2113 780 2199 cessit,
830 2126 981 2181 tunc
1042 2114 1405 2200 Capitulum
1455 2116 1663 2201 ipsum
1709 2113 1916 2180 Sancti
1964 2114 2152 2181 Marci

560 2219 740 2267 suam
774 2201 1062 2289 perficiat
1092 2203 1568 2270 processionem
1598 2215 1618 2279 ;
1668 2211 1734 2267 et
1762 2201 2154 2269 assistentiae

559 2287 814 2373 Missae,
866 2289 961 2356 uti
1005 2310 1234 2378 supra,
1286 2301 1352 2357 et
1397 2286 1785 2357 processioni
1848 2290 2156 2356 Sanctitas

560 2379 682 2443 Sua
730 2377 934 2443 voluit
983 2385 1052 2444 ut
1098 2378 1408 2465 assignata
1439 2377 1520 2444 sit
1550 2376 1994 2462 praesentibus
2026 2378 2152 2444 dis-

554 2463 815 2531 tributio
848 2464 1213 2551 quotidiana
1250 2466 1646 2554 respondens
1668 2465 1969 2530 Matutino
1999 2482 2147 2532 cum

557 2552 874 2619 Laudibus
919 2566 985 2620 et
1032 2558 1235 2621 Horae
1281 2552 1512 2619 minori
1550 2549 1823 2633 Primae,
1858 2572 2021 2639 quae
2070 2572 2152 2619 ex

555 2640 922 2724 Apostolico
971 2641 1216 2708 indulto
1252 2642 1464 2707 locum
1514 2658 1641 2707 non
1691 2638 1881 2707 babet
1912 2640 2147 2707 eodem

555 2727 691 2811 die,
739 2726 975 2795 intuitu
1020 2728 1442 2795 Processionis
1499 2728 1828 2795 solemnis.
1888 2731 2148 2795 Contra-

555 2813 663 2885 riis
696 2833 826 2881 non
855 2814 1247 2883 obstantibus
1284 2817 1828 2903 quibuscumque,
1861 2837 1931 2884 ac
1968 2836 2146 2904 prae-

551 2902 775 3060 sertiplt
821 2903 1248 3005 peculiaribus
1292 2905 1809 2974 concessionibus
1844 2925 2043 2994 super
2076 2925 2146 2973 re

555 3009 677 3058 tam
770 3004 914 3059 attS.

554 3131 815 3200 2993.
1086 3135 1593 3201 cenomanen.
1914 3136 2139 3222 (sies)

679 3257 844 3334 Quas
888 3259 1155 3325 Sanctus
1202 3258 1344 3326 Pius
1376 3262 1430 3326 V
1472 3259 1676 3327 edidit
1707 3257 1947 3342 Bullas,
1980 3277 2143 3345 quae

553 3343 948 3412 Breviarium
981 3365 1051 3412 ac
1082 3345 1325 3414 Missale
1356 3351 1710 3416 Romanum
1760 3347 2141 3432 respiciunt,

548 3433 685 3498 illas
733 3451 879 3498 cum
927 3435 1101 3500 omni
1151 3434 1365 3519 laude,
1418 3433 1774 3503 reverentia
1807 3447 1876 3501 et
1909 3435 2143 3523 gaudio

552 3520 812 3605 excepit
870 3521 1223 3590 Concilium
1291 3523 1656 3590 Provinciae
1725 3523 2137 3591 Turonensis.

543 3606 837 3686 Quamvis
905 3619 1117 3675 autem
1185 3611 1680 3679 Cenomanensis
1746 3611 2137 3699 Episcopalis

545 3695 862 3778 Ecclesia,
912 3715 1088 3781 ‚quae
1141 3698 1504 3766 Provinciae
1568 3699 1765 3785 ipsius
1827 3700 2137 3767 limitibus

546 3781 980 3866 concluditur,
1028 3783 1289 3873 speciali
1338 3798 1486 3855 tunc
1528 3788 1655 3853 ritu
1688 3807 1722 3853 a
1753 3787 2005 3855 duobus
2036 3808 2135 3855 se·

544 3869 706 3937 culis
766 3879 1095 3956 uteretur,
1144 3874 1303 3941 ritus
1352 3876 1469 3941 iste
1516 3874 1676 3941 adeo
1725 3886 1862 3942 erat
1907 3880 2134 3943 Roma-

545 3977 702 4042 nus,
750 3969 823 4024 ut
870 3961 975 4026 vix
1035 3980 1152 4048 pro
1211 3962 1516 4050 vigesima
1573 3976 1750 4048 parte
1800 3966 2132 4052 proprium

542 4066 720 4112 mere
751 4048 1231 4116 Cenomanense
1280 4052 1860 4118 intermisceretur.
1913 4057 1980 4118 ln
2025 4071 2132 4119 eo-

542 4134 694 4201 dem
761 4135 1078 4220 siquidem
1138 4138 1276 4204 ritu
1343 4137 1721 4227 sibimetipsi
1794 4151 2126 4225 constans,

541 4241 660 4289 nec
707 4223 840 4290 ullo
887 4225 1081 4296 modo
1124 4228 1352 4294 Sancto
1400 4225 1506 4296 Pio
1544 4231 1595 4294 V
1626 4229 1962 4311 contraria,
1994 4240 2128 4296 stu·

539 4310 778 4409 diosius
821 4314 1101 4400 perstitit
1146 4315 1638 4383 Cenomanensis
1674 4316 1960 4384 Ecclesia
1989 4336 2127 4404 spa-

541 4409 629 4465 tio
676 4410 937 4466 centum
970 4402 1424 4489 quinquaginta
1455 4421 1790 4486 annorum,
1824 4402 2125 4470 nimirum

538 4505 742 4572 usque
803 4487 879 4555 ad
940 4509 1175 4557 annum
1228 4494 1395 4559 1748
1440 4503 1547 4557 aut
1612 4494 1799 4559 1749.
1855 4496 2126 4559 Verum-

540 4584 776 4659 tamen,
826 4588 1085 4645 auctore
1147 4588 1297 4646 tunc
1347 4580 1651 4666 temporis
1698 4582 2011 4668 Episcopo
2061 4591 2125 4646 et

536 4663 974 4732 consentiente
1022 4666 1335 4754 Capitulo,
1384 4670 1499 4735 sed
1549 4687 1808 4756 prorsus
1854 4674 2122 4756 Aposto-

537 4752 653 4820 lica
712 4755 778 4820 S.
838 4755 1010 4824 Sede
1065 4757 1443 4839 inconsulta,
1494 4774 1733 4823 novum
1788 4757 2121 4824 conditum

533 4840 656 4907 fuit
677 4841 1073 4911 Breviarium
1099 4862 1474 4930 novumque
1498 4845 1764 4911 missale.
1794 4846 1932 4912 Alia
1966 4857 2120 4912 tunc

532 4928 690 4994 lacta
736 4928 855 4997 fuit
896 4933 1288 4998 Psalmorum
1337 4932 1739 5019 distributio,
1790 4935 1907 5000 alia
1962 4935 2118 4999 ratio

530 5016 929 5102 Lectionum,
964 5034 1098 5087 tum
1145 5021 1229 5087 de
1278 5024 1461 5088 Sacra
1492 5022 1817 5109 Scriptura
1867 5033 2001 5088 tum
2034 5023 2128 5090 de.

531 5104 796 5202 Sanctis,
846 5106 1001 5174 aliae
1044 5108 1623 5194 Antiphonae,.alia
1668 5111 2116 5196 Responsoria,

526 5190 632 5258 alit
679 5193 1139 5278 Hymni‚‚.aliae
1181 5196 1493 5264 Rubricae
1542 5209 1607 5263 et
1637 5198 2114 5265 caeremoniae.

529 5282 794 5368 Insuper
837 5303 873 5348 e
919 5283 1292 5350 Calendario
1324 5284 1777 5370 quamplurimi
1810 5285 2118 5373 expuncti

524 5373 941 5476 suntssancti,
976 5382 1049 5436 ut
1092 5373 1240 5442 novi
1291 5373 1354 5440 in
1394 5391 1619 5440 eorum
1665 5373 2115 5440 sufficerentur

2271 438 2453 506 locis.
2499 440 2709 517 Quum
2741 437 2957 524 itaque
2989 457 3153 505 nova
3183 457 3354 526 pene
3387 437 3596 505 omnia
3629 437 3697 505 in
3737 439 3856 506 illis

2266 526 2588 594 Breviario
2641 547 2712 593 ac
2777 526 3002 592 Hissali
3073 538 3453 614 appareant,
3510 526 3597 593 de
3654 528 3856 594 veteri

2269 615 2397 681 ritu
2444 619 2725 681 Romano
2775 614 3240 681 cenomanensi
3285 614 3391 680 vix
3441 615 3507 681 in
3560 633 3855 701 praesen·

2269 702 2496 769 tiarum
2544 702 2851 788 vigesima
2907 721 3056 788 pars
3113 713 3314 767 extat.
3379 703 3440 770 Si
3493 703 3708 789 itaque
3771 704 3856 769 lo-

2266 809 2489 857 corum
2519 790 2832 858 Ordinarii
2880 788 3308 877 prohibentur
3356 789 3576 877 (etiam
3609 794 3673 858 in
3713 796 3856 859 Bre-

2266 878 2505 962 viariis,
2555 898 2718 963 quae
2768 879 2940 945 iuxta
2985 888 3272 944 mentem
3318 878 3525 946 Sancti
3558 880 3647 946 Pii
3683 883 3735 945 V
3770 891 3856 945 to·

2265 966 2462 1032 lerata
2511 975 2755 1033 tantum
2803 967 3011 1050 fuere,
3045 967 3139 1032 uti
3171 965 3505 1052 antiquum
3551 971 3854 1035 Cenoma-

2262 1053 2489 1140 nense)
2549 1054 2790 1140 aliquid
2855 1054 3110 1142 propria
3176 1055 3556 1122 auctoritate
3616 1055 3855 1123 addere

2264 1153 2373 1209 aut
2419 1142 2659 1229 aliquid
2707 1143 2975 1209 demere
3017 1140 3139 1208 sub
3183 1141 3407 1228 poenis
3437 1141 3858 1211 interminatis

2265 1231 2327 1297 in
2385 1230 2673 1298 Decretis
2733 1234 2956 1298 Sacrae
3014 1229 3276 1298 Ritunm
3333 1231 3857 1319 congregationis

2262 1318 2514 1386 dierum
2563 1322 2605 1386 8
2650 1319 2887 1405 Aprilis
2932 1327 2999 1384 et
3046 1320 3132 1384 28
3176 1317 3464 1387 Octobris
3515 1323 3723 1402 1628,
3772 1322 3854 1389 de

2261 1426 2390 1473 non
2433 1406 2875 1474 satisfaciendo
2925 1407 3174 1472 muneri
3208 1405 3409 1473 divini
3447 1407 3646 1475 Officii
3697 1408 3853 1474 reci-

2263 1495 2477 1580 tandi;
2543 1494 2694 1562 inde
2755 1496 2925 1562 clare
2985 1493 3395 1562 concluditur
3453 1506 3764 1581 quantum
3821 1516 3853 1560 a

2261 1582 2611 1670 praefinitis
2683 1582 2935 1671 legibus
3001 1580 3259 1650 aberret
3319 1583 3720 1650 Breviarium
3786 1603 3853 1649 ac

2261 1671 2507 1738 Missale
2553 1673 3028 1741 Cenomanense
3077 1670 3325 1737 editum
3371 1673 3588 1740 medio
3633 1670 3854 1737 seculo

2259 1760 2741 1844 decimoctavo,
2791 1759 2854 1825 in
2901 1777 3027 1845 quo
3084 1770 3211 1824 tam
3271 1775 3498 1845 graves
3561 1760 3854 1826 immuta⁴

2266 1848 2470 1914 tiones
2515 1848 2716 1913 iactae
2759 1858 2952 1930 sunt,
3001 1856 3074 1913 ut
3117 1867 3151 1912 a
3198 1850 3478 1913 Romano
3519 1867 3734 1935 aeque
3786 1867 3854 1913 ac

2260 1937 2336 2003 ab
2380 1936 2644 2021 antiquo
2691 1936 3156 2003 Cenomanensi
3227 1935 3294 2000 in
3352 1935 3650 2003 omnibus
3715 1936 3853 2003 lere

2260 2024 2625 2090 recederet.
2674 2025 2844 2102 Quae
2891 2022 3139 2109 singula
3171 2023 3338 2090 inter
3367 2033 3620 2090 ceteros
3648 2028 3854 2091 Reve-

2259 2110 2681 2178 rendissimus
2725 2109 2890 2176 alter
2945 2129 3024 2177 ex
3073 2112 3401 2178 Canonicis
3459 2109 3852 2180 eatbedratis

2258 2202 2689 2267 Cenomanen.
2741 2198 3066 2266 Ecclesiae
3124 2199 3352 2266 sedulo
3412 2200 3848 2282 considerans,

2259 2291 2509 2354 Sacram
2555 2288 2817 2355 Rituum
2855 2287 3435 2387 congregationem
3473 2286 3852 2355 humillimis

2258 2376 2556 2462 precibus
2613 2375 2787 2443 adire
2844 2377 3209 2459 constituit,
3272 2376 3463 2462 eique
3513 2376 3852 2462 sequentia

2256 2462 2448 2564 dubia
2493 2482 2862 2552 proponere
2914 2482 3036 2551 pro
3084 2474 3439 2551 opportuna
3485 2463 3848 2541 solutione;

2253 2569 2597 2620 nimirum:

2393 2645 2451 2708 l.
2489 2642 2653 2707 Num
2685 2641 2855 2709 licita
2888 2639 3083 2706 luerit
3112 2639 3290 2708 annis
3328 2644 3498 2709 1748
3533 2640 3640 2708 vel
3679 2642 3848 2707 1749

2252 2729 2571 2796 innovatio
2617 2727 2919 2795 Breviarii
2947 2748 3018 2795 ac
3047 2729 3308 2795 Missalis
3353 2729 3848 2797 Cenomanensis

2250 2838 2284 2883 a
2315 2816 2446 2884 ritu
2469 2820 2752 2885 Romano
2794 2836 3055 2905 prorsus
3095 2817 3374 2902 diversa,
3408 2817 3638 2885 amotis
3667 2818 3850 2905 prius

2249 2905 2621 2989 veteribus,
2681 2904 2759 2973 ad
2822 2904 3090 2973 formam
3147 2909 3490 2973 Romanam
3537 2906 3848 2973 correctis

2246 2993 2567 3062 Breviario
2600 3006 2666 3060 et
2696 2994 2951 3079 Missali,
2981 3013 3063 3060 ex
3089 2996 3221 3062 sola
3253 2995 3552 3083 Episcopi
3579 3004 3645 3060 et
3667 2993 3848 3081 Capi·

2248 3082 2369 3150 tuli
2413 3082 2736 3152 Ecclesiae
2783 3081 3276 3150 Cenomanensis
3321 3082 3725 3167 auctoritate,
3777 3094 3846 3148 et

2249 3172 2604 3239 inconsulta
2650 3171 2820 3239 Sede
2866 3170 3266 3257 Apostolica,
3316 3172 3478 3237 tacta
3523 3181 3633 3237 aut
3691 3190 3842 3257 pro—

2247 3257 2440 3326 bata?
2482 3271 2549 3325 et
2594 3271 2907 3345 quatenus
2953 3260 3278 3345 negative,

2378 3352 2441 3414 2.
2523 3349 2687 3413 Νιιιιι
2761 3347 2991 3414 saltem
3071 3347 3438 3414 huiusmodi
3515 3346 3842 3433 Liturssiae

2246 3434 2664 3526 praescriptio
2708 3454 2824 3503 seu
2874 3436 3359 3502 consuetudinis
3404 3437 3714 3503 secularis
3753 3436 3843 3502 la·

2245 3539 2342 3594 cta
2388 3525 2470 3590 sit
2518 3524 2836 3610 legitima3
2895 3526 2978 3589 ita
3024 3535 3096 3590 ut
3157 3524 3351 3591 hodie
3401 3523 3679 3609 quilibet
3729 3526 3842 3590 Sa-

2243 3614 2473 3681 cerdos
2518 3610 3014 3679 Cenomanensis
3059 3611 3256 3699 possit
3302 3630 3444 3678 eam
3489 3622 3622 3679 tuta
3685 3631 3837 3678 con·

2239 3700 2499 3768 scientia
2547 3699 2860 3768 servare?
2903 3710 2969 3768 et
3014 3712 3332 3787 quatenus
3361 3700 3604 3766 iterum
3641 3717 3838 3787 nega·

2240 3790 2397 3873 tive,

2373 3881 2437 3944 3.
2488 3880 2651 3944 Num
2704 3876 2976 3963 quilibet
3029 3876 3341 3945 Sacerdos
3394 3879 3832 3945 Cenomanen-

2237 3967 2321 4033 sis
2345 4013 2363 4048 ,
2416 3966 2610 4032 etiam
2653 3966 3007 4034 Canonicns
3052 3977 3160 4032 aut
3219 3965 3571 4049 Parocbus,
3617 3965 3832 4032 statim

2209 4063 2538 4121 οιθιιιιοῑιιι·
2570 4055 2631 4120 in
2664 4054 3044 4121 conscientia
3096 4066 3232 4122 tum
3260 4056 3458 4120 Horas
3487 4053 3831 4121 canonicas

2237 4142 2610 4229 persolvere
2659 4141 3031 4229 Missamque
3093 4141 3456 4210 celebrare
3488 4142 3668 4208 iuxta
3727 4143 3828 4209 Ri-

2236 4242 2374 4297 tum
2419 4233 2799 4315 Romanum,
2835 4232 3090 4317 quando
3120 4230 3367 4298 scilicet
3395 4229 3703 4315 privatim
3731 4251 3827 4296 re·

2234 4319 2385 4385 citat
2415 4332 2485 4384 et
2516 4318 2837 4396 celebrat;
2889 4329 3023 4384 tum
3059 4320 3328 4406 insuper
3357 4316 3658 4385 omnibus
3690 4319 3824 4406 qui·

2235 4406 2351 4473 bus
2399 4416 2614 4492 potest
2661 4409 2865 4475 modis
2910 4407 3471 4475 Reverendissimo
3501 4405 3821 4496 Episcopo

2229 4494 2623 4581 supplicare,
2659 4507 2973 4582 quatenus
3018 4505 3086 4562 et
3133 4495 3412 4584 idipsum
3446 4514 3565 4582 pro
3604 4494 3822 4563 divino

2228 4583 2447 4650 Officio
2492 4582 2753 4668 publico
2800 4583 3179 4672 opportunis
3208 4584 3440 4652 mediis
3468 4594 3535 4649 et
3576 4595 3822 4672 tempo·

2232 4672 2405 4738 ribus
2451 4691 2835 4761 promovere
2882 4669 3242 4760 dignetur?

2363 4762 2429 4825 4.
2477 4761 2643 4827 Num
2701 4760 2944 4826 etiamsi
2999 4760 3281 4828 Ecclesia
3327 4761 3818 4828 Cenomanensis

2225 4847 2341 4915 sibi
2391 4849 2477 4915 de
2521 4847 2840 4915 Breviario
2899 4848 3136 4915 iterum
3182 4859 3375 4935 atque
3419 4846 3700 4933 iterum,
3749 4859 3816 4913 ut

2228 4936 2513 5018 libuerit,
2563 4937 2908 5022 providere
2956 4936 3279 5025 potuerit3
3328 4936 3686 5008 istiusmodi
3734 4937 3814 5004 ia·

2223 5025 2426 5090 cultas
2470 5025 2877 5093 extendenda
2921 5027 3004 5092 sit
3045 5026 3122 5091 ad
3156 5026 3548 5111 Pontificale,
3587 5028 3814 5094 Caere·

2223 5112 2499 5178 moniale
2534 5113 3026 5202 Episcoporum,
3061 5113 3583 5201 Martyrologium
3616 5125 3684 5180 et
3713 5114 3810 5182 Ri-

2222 5202 2395 5267 tuale
2443 5205 2838 5280 Romanum;
2889 5204 2971 5268 ita
3026 5202 3370 5290 videlicet,
3420 5213 3491 5269 ut
3553 5221 3810 5291 praece-

2225 5291 2428 5375 ptivas
2472 5290 2946 5374 praedictorum
2998 5291 3333 5358 Librorum
3382 5295 3672 5379 regulas,
3717 5302 3807 5356 to-

2227 5382 2473 5443 lerante
2522 5397 2760 5468 nempe
2818 5391 2925 5444 aut
2970 5380 3396 5468 permittente
3450 5393 3562 5447 aut
3620 5380 3804 5448 etiam
