4042 5950
3 5371 10 5424 l

1700 286 2121 364 —15—

400 446 493 512 Ad
541 450 607 513 2.
672 470 712 511 c
754 450 1064 514 Servetur
1124 445 1457 532 dispositio
1519 449 1857 513 caeremo-

262 534 447 598 utatis
492 537 959 622 Episcoporum
1014 534 1123 599 lib.
1178 538 1243 618 2,
1295 552 1438 619 cap.
1488 539 1598 617 31,
1644 540 1680 609 ξ
1715 538 1754 598 lt
1787 556 1852 596 a».

399 623 495 688 Ad
544 627 607 689 3.
660 644 699 687 α
734 622 1124 689 Affirmatlve
1161 644 1227 688 »-

404 713 479 775 Et
527 710 605 774 ita
653 711 1044 794 declaravit,
1096 722 1161 776 et
1207 710 1443 775 servari
1508 709 1855 775 mandavit.

264 796 385 863 Die
432 801 476 864 9
521 798 725 863 nai-tii
778 801 973 864 1711.

268 953 530 1027 2210.
924 958 1224 1023 PAPIEN.

606 1082 881 1148 {Unum
927 1082 1529 1148 PARoefflALmn.

1628 917 1854 1042 (ssasj

406 1243 580 1305 lnter
626 1243 919 1304 loannem
965 1243 1224 1306 Petrum
1275 1240 1454 1305 Bezzi
1518 1243 1853 1306 Rectorem

260 1328 597 1393 Ecclesiae
664 1327 1039 1410 parochialis
1113 1330 1348 1394 Terrae
1426 1330 1717 1394 Panem·
1792 1339 1860 1392 et

260 1414 876 1482 Gonl'raternitatem
901 1418 1130 1484 SSmae
1155 1415 1475 1481 Trinitatis
1500 1416 1633 1480 sive
1665 1417 1859 1482 S.Se-

266 1501 540 1569 bastiani
587 1502 879 1569 eiusdem
926 1507 1159 1570 Terrae
1208 1503 1525 1570 Dioecesis
1571 1504 1859 1592 Papien.,

260 1610 474 1678 super
518 1590 842 1656 nonnullis
892 1591 1131 1658 iuribus
1181 1591 1667 1679 parochialibuS,
1711 1613 1858 1660 con·

262 1679 604 1745 troversiis
639 1677 873 1745 exortis
909 1681 1130 1765 eisque
1175 1680 1250 1746 ad
1284 1681 1353 1746 S.
1388 1684 1463 1745 R.
1497 1683 1568 1747 c.
1606 1681 1856 1768 delatis,

264 1768 351 1832 ab
404 1770 562 1833 Eme
609 1778 677 1832 et
721 1769 877 1831 Rmo
925 1773 994 1834 D.
1034 1768 1228 1834 card.
1263 1771 1327 1834 S.
1365 1768 1721 1835 Clementis
1766 1771 1859 1836 in-

265 1854 601 1941 frascripta
672 1852 862 1921 dubia
922 1855 1282 1922 decidenda
1345 1857 1661 1942 proposita
1722 1856 1857 1923 lue-

264 1953 476 2009 runt:

414 2035 479 2098 1.
525 2033 621 2097 An
669 2031 859 2097 liceat
886 2033 1321 2099 confratribus
1369 2031 1697 2098 celebrare
1743 2050 1857 2100 seu

268 2119 415 2188 cani
488 2121 697 2185 lacere
768 2122 977 2184 Missas
1041 2122 1104 2185 in
1172 2119 1638 2186 Festivitatibus
1698 2122 1862 2187 sole-

266 2209 629 2276 mnioribus
668 2207 731 2273 in
779 2225 1003 2273 eorum
1037 2208 1315 2273 Ecclesia
1363 2228 1394 2271 a
1442 2210 1713 2274 Rectore
1745 2229 1860 2276 seu

267 2295 665 2382 cappellano
721 2294 1268 2361 confraternitatis
1314 2295 1548 2383 absque
1582 2296 1710 2362 ulla
1756 2301 1860 2362 Pa·

270 2383 459 2450 rochi
507 2380 1002 2470 dependentia?

412 2478 480 2539 2.
532 2473 625 2536 An
674 2470 915 2537 ibidem
941 2472 1191 2557 possint
1220 2471 1457 2556 exponi
1492 2472 1699 2538 facere
1739 2476 1859 2538 Ve-

270 2559 565 2626 nerabile
598 2559 662 2623 in
694 2559 963 2643 singulis
996 2560 1236 2643 quartis
1267 2559 1611 2625 Dominicis
1653 2562 1859 2627 cuius-

274 2646 441 2714 libet
488 2646 747 2729 mansis,
799 2660 863 2713 et
914 2649 1155 2732 populo
1193 2645 1577 2713 benedicere
1624 2648 1861 2734 absque

270 2734 535 2801 licentia
582 2744 649 2800 et
691 2734 1123 2821 dependentia
1172 2733 1331 2802 dicti
1374 2732 1689 2801 Parochi‘?

416 2827 479 2889 3.
534 2825 627 2888 An
677 2821 859 2889 liceat
899 2822 1411 2889 Confi-aternitati
1458 2842 1571 2888 seu
1608 2824 1863 2890 Confra-

274 2910 487 2977 tribus
534 2908 811 2977 retinere
859 2910 1063 2978 Sedes
1107 2910 1600 2978 confessionales
1659 2911 1721 2977 in
1757 2931 1862 2978 eo·

274 3018 427 3065 rum
484 2999 793 3080 oratorio,
841 3009 914 3065 ut
969 2999 1054 3066 ibi
1099 2999 1472 3067 Confessarii
1531 3000 1861 3087 approbati

274 3085 599 3240 excipiant
644 3086 1086 3240 calesti-:iones
1129 3084 1690 3261 ‘sacratplentg¹ae?
1772 3188 1793 3240 t

463 3224 479 3240 .
584 3194 627 3241 n
684 3194 703 3238 ι
782 3194 813 3237 a
948 3194 1306 3242 occasiones
1384 3193 1487 3240 era
1538 3194 1647 3240 ere
1682 3195 1763 3241 ex
1799 3197 1858 3240 ra

331 3263 608 3351 ropriam
642 3261 996 3328 Ecclesiam
1027 3282 1142 3330 seu
1171 3263 1527 3332 oratorium
1558 3282 1706 3329 cum
1743 3284 1861 3329 usu

274 3285 495 3417 {totae
564 3371 596 3414 a
665 3352 926 3436 proprio
996 3350 1337 3437 capellano
1405 3371 1517 3416 seu
1588 3354 1860 3418 Rectore

272 3439 700 3521 deferendae,
749 3437 990 3523 pariter
1038 3440 1275 3591 abstgue
1328 3439 1582 3504 licentia
1642 3449 1706 3505 et
1752 3438 1864 3505 de-

274 3526 631 3614 pendentia
679 3525 832 3592 dicti
885 3527 1140 3594 Parochi

416 3620 491 3680 Et
538 3616 605 3680 S.
639 3616 718 3678 R.
753 3617 864 3698 c.,
935 3626 1205 3699 utraque
1267 3626 1442 3699 parte
1510 3625 1634 3681 tam
1703 3634 1862 3680 voce

405 3720 467 3767 m
529 3701 783 3788 scriptis
834 3703 1070 3787 audita,
1148 3702 1396 3769 censuit
1468 3703 1863 3791 responden·

326 3806 485 3855 um:

413 3879 506 3945 Ad
562 3882 629 3945 1.
675 3903 710 3944 «
748 3877 1135 3946 Affirmative
1176 3900 1243 3944 ν.

413 3967 502 4032 Ad
555 3972 624 4036 2.
674 3989 711 4032 c
745 3968 970 4034 Licere
1016 3967 1100 4033 de
1162 3966 1413 4032 licentia
1463 3968 1864 4055 Episcopi».

414 4056 507 4121 Ad
557 4060 622 4122 3.
673 4077 711 4117 ι
746 4057 826 4121 Ut
870 4056 945 4121 ad
996 4054 1365 4140 proximum
1400 4077 1462 4121 ».

412 4142 506 4207 Ad
557 4147 622 4208 4.
674 4164 711 4207 α
747 4145 1105 4209 Serventur
1152 4147 1411 4209 Decreta
1459 4145 1860 4229 generalia».

418 4233 492 4297 Et
540 4232 623 4296 ita
669 4231 961 4297 decrevit
994 4240 1058 4295 et
1088 4231 1325 4295 servari
1354 4232 1705 4298 mandavit.
1750 4232 1863 4297 Die

274 4322 321 4386 9
372 4319 569 4385 Hartii
624 4321 813 4385 1711.

279 4495 521 4564 2211.
891 4498 1262 4564 uELt'rEN.

1634 4497 1858 4582 (3336)

324 4762 358 4775 ..
412 4671 753 4760 propositis
800 4673 866 4739 in
912 4677 981 4740 S.
1029 4677 1103 4740 R.
1134 4675 1234 4774 .C·
1283 4672 1694 4759 infrascriptis
1742 4672 1858 4737 du·

277 4762 479 4916 husi.
530 4854 624 4917 An
682 4851 931 4936 equites
986 4848 1532 4936 Hierosolymitani
1598 4858 1857 4916 tenean-

146 4973 153 4982 ·
276 4948 387 5001 tnr
410 4939 680 5003 recitare
702 4937 990 5005 Officium
1020 4956 1166 5004 cum
1192 4949 1406 5003 octava
1439 4936 1863 5005 Dedicationis

277 5026 605 5091 Ecclesiae
652 5026 909 5092 maioris
951 5021 1360 5093 conventus?

411 5117 482 5179 Ξ.
530 5115 624 5180 An
673 5115 1041 5201 cappellani
1088 5115 1160 5179 di
1195 5112 1565 5180 obbedimza
1596 5113 1863 5180 servitio

280 5203 575 5269 eiusdem
598 5203 921 5268 Ecclesiae
946 5200 1183 5270 addicti
1208 5212 1271 5266 et
1306 5202 1609 5268 Moniales
1644 5204 1711 5268 S.
1748 5204 1865 5267 Ur-

276 5294 454 5356 sulae
511 5290 804 5355 eiusdem
861 5290 1113 5357 Ordinis
1166 5289 1466 5356 similiter
1524 5301 1865 5355 teneantur

279 5378 452 5444 idem
500 5376 791 5445 Officium
835 5375 1163 5444 recitare?

2094 444 2331 510 Eadem
2379 442 2557 531 §.fn
2595 448 2660 511 C.
2699 445 3219 530 respondendum
3266 446 3540 512 censuit:

2095 532 2191 598 Ad
2247 537 2306 598 1.
2361 556 2396 597 «
2432 530 2821 599 Affirmative
2856 556 2955 599 ».·

2095 620 2191 686 Ad
2243 625 2306 686 2.
2360 641 2397 684 α
2431 620 2738 706 Negative
2777 642 2837 685 ν.

2097 712 2178 773 Et
2226 708 2304 773 ita
2339 709 2629 774 decrevit
2677 720 2741 774 et
2773 709 3006 775 servari
3052 710 3394 777 mandavit.
3434 710 3542 775 Die

1977 801 2048 864 11
2104 795 2239 861 lulii
2295 800 2485 862 1711.
2563 814 2570 819 ·

1965 974 2210 1044 2212.
2591 975 2936 1041 NAULEN.
3319 975 3542 1060 (3837)

2097 1153 2535 1240 Supplicatum
2587 1151 2705 1218 fuit
2749 1173 2780 1217 a
2829 1153 2894 1217 S.
2960 1155 3030 1217 R.
3100 1155 3173 1219 c.
3234 1152 3544 1219 infrascri-

1965 1253 2150 1329 ptum
2198 1239 2466 1307 dubium
2518 1239 2823 1306 declarari
2864 1262 2881 1305 ε
3014 1238 3017 1242 ’

2098 1331 2193 1395 An
2241 1328 2594 1415 Episcopus
2624 1328 2885 1394 Nanlen.
2922 1328 3119 1413 possit
3156 1327 3545 1412 in‚qualibet

1963 1436 2114 1484 suae
2162 1416 2481 1483 Dioecesis
2511 1414 2810 1501 ‚Ecclesia
2866 1416 3114 1501 erigere
3165 1416 3543 1483 cathedram

1966 1505 2394 1594 episcopalem
2428 1512 2493 1568 et
2521 1502 2990 1586 baldachinum,
3027 1504 3217 1568 etiam
3256 1516 3547 1590 tempore

1965 1613 2092 1678 quo
2157 1592 2509 1679 Episcopus
2569 1610 2698 1658 non
2761 1591 3004 1658 residet
3060 1602 3126 1658 et
3186 1590 3547 1657 functiones

1970 1681 2366 1767 episcopales
2411 1696 2537 1744 non
2587 1690 2852 1745 exercet
2896 1679 2961 1744 in
3010 1679 3177 1744 dicta
3225 1679 3544 1763 Ecclesia,

1965 1769 2248 1835 maxime
2314 1767 2363 1831 si
2435 1766 2599 1832 dicta
2658 1767 2942 1833 Ecclesia
3007 1786 3157 1832 suae
3227 1766 3549 1833 Dioecesis

1965 1875 2191 1944 parum
2240 1854 2459 1937 distet,
2510 1872 2742 1941 nempe
2791 1873 2912 1940 per
2950 1854 3319 1920 milliarium
3370 1854 3548 1920 circi·

1969 1954 2092 2027 ter,
2142 1945 2217 2009 ab
2263 1942 2546 2009 Ecclesia
2601 1939 3012 2009 cathedrali?

2099 2039 2178 2097 Et
2246 2034 2315 2098 S.
2370 2033 2444 2096 R.
2511 2032 2585 2095 c.
2651 2031 2903 2097 censuit
2980 2029 3544 2116 respondendum:

1968 2141 2005 2184 ‹
2043 2126 2218 2186 luxta
2264 2127 2529 2203 votum;
2584 2135 2821 2203 nempe
2881 2119 3189 2203 Negative
3222 2140 3287 2183 ι».
3337 2122 3417 2184 Et
3466 2118 3546 2182 ita

1966 2208 2311 2274 declaravit
2358 2219 2424 2271 et
2471 2206 2786 2272 decrevit.
2823 2205 2934 2272 Die
2975 2210 3046 2271 11
3087 2204 3225 2272 Iulii
3263 2209 3459 2273 1711.
3535 2248 3544 2259 -

1966 2388 2217 2457 2213.
2552 2382 2976 2450 TOLOSANA.
3319 2383 3546 2470 (3844)

2097 2564 2192 2630 Ad
2242 2561 2634 2628 humillimas
2731 2578 2909 2626 reces
2956 2560 3381 2626 Procuratoris
3430 2566 3548 2626 Ge-

1967 2651 2201 2717 neralis
2229 2650 2479 2717 Ordinis
2511 2653 2661 2714 Prae
2716 2649 3021 2715 icatorum
3059 2651 3249 2715 ssmo
3281 2649 3547 2714 Domino

1966 2742 2199 2806 Nostro
2266 2742 2466 2824 Papae
2533 2735 2849 2803 Clementi
2915 2739 2998 2803 xl
3068 2748 3418 2822 porrectas,
3486 2738 3546 2801 in
3655 2730 3660 2739 '

1967 2825 2200 2912 quibus
2247 2827 2437 2892 enixe
2484 2823 2961 2911 supplicabatur
3008 2843 3125 2910 pro
3172 2824 3545 2909 prohibitio-

1967 2933 2051 2980 ne
2100 2915 2429 2981 cuiusdam
2480 2913 2630 2978 novi
2679 2911 2960 2995 Rosarii‚
3009 2913 3178 2998 quod
3243 2913 3301 2978 in
3355 2912 3548 2978 hono·

1968 3021 2106 3069 rem
2136 3001 2573 3070 Sanctissimae
2607 2998 2923 3065 Trinitatis
2954 3004 3168 3067 Patres
3199 3000 3548 3087 Religionis

1968 3091 2411 3157 Sanctissimae
2455 3087 2771 3155 Trinitatis
2818 3086 3303 3174 Redemptionis
3354 3089 3548 3174 capti-

1968 3197 2194 3245 vorum
2269 3180 2330 3243 in
2393 3194 2614 3242 eorum
2680 3174 2958 3241 Ecclesia
3028 3179 3255 3241 Beatae
3323 3178 3548 3241 Mariae

1968 3267 2246 3353 Virginis
2291 3269 2658 3333 conventus
2703 3262 2991 3328 Tolosani
3038 3264 3286 3330 recitari
3350 3262 3544 3328 intro·

1968 3356 2313 3438 duxerant,
2363 3352 2542 3419 edito
2592 3350 2902 3416 liberculo
2959 3350 3186 3437 gallico
3244 3350 3546 3417 idiomate

1969 3444 2307 3528 impresso,
2343 3441 2406 3506 in
2439 3457 2568 3525 quo
2599 3439 2941 3505 methodus
2977 3439 3359 3504 recitationis
3393 3439 3544 3508 edo·

1968 3541 2196 3615 cetur;
2261 3530 2480 3614 eisque
2535 3548 2567 3591 a
2628 3529 2820 3594 SSmo
2877 3527 3142 3592 Domino
3198 3529 3424 3592 Nostro
3470 3529 3545 3592 ad

1969 3621 2035 3686 S.
2074 3622 2148 3684 R.
2183 3621 2254 3684 c.
2292 3617 2617 3692 remissis;

2099 3708 2281 3772 Sacra
2340 3704 2563 3769 eadem
2627 3701 2883 3768 Rituum
2949 3706 3079 3769 con
3133 3704 3407 3789 regati0,
3468 3705 3540 3770 ad

1967 3794 2342 3860 relationem
2394 3792 2529 3857 Emi
2580 3795 2652 3856 D.
2690 3791 2868 3856 card.
2921 3791 3002 3856 de
3049 3794 3100 3860 A
3148 3791 3297 3873 dua,
3333 3791 3549 3857 audito

1864 3909 1869 3912 ·
1968 3881 2146 3970 prius
2193 3885 2606 3946 procuratore
2641 3879 2932 3944 Generali
2966 3881 3216 3942 Patrum
3264 3879 3550 3966 supradi-

1967 3982 2106 4035 ctae
2156 3966 2504 4055 Religionis
2551 3970 2779 4034 SSmae
2811 3966 3157 4049 Trinitatis,
3205 3978 3270 4031 et
3302 3983 3550 4032 succes-

1969 4057 2102 4122 sive
2150 4059 2221 4121 D.
2273 4060 2580 4142 Prospero
2640 4052 3024 4120 Lambertini
3090 4052 3551 4121 concistorialis

1967 4146 2166 4213 Aulae
2210 4145 2533 4210 Advocato
2591 4154 2654 4207 et
2715 4142 2852 4209 Rmi
2911 4141 3153 4207 Domini
3226 4142 3550 4229 Archiepi-

1967 4234 2140 4320 scopi
2200 4235 2445 4319 Myron.
2506 4230 2681 4296 Fidei
2735 4228 3116 4294 Promotoris
3170 4230 3550 4297 coadiutore

1970 4320 2035 4388 in
2076 4321 2329 4407 scriptis
2379 4329 2444 4385 et
2489 4337 2647 4384 voce
2694 4317 2947 4385 auditos
2997 4338 3034 4381 α
3069 4317 3420 4400 Rosarium,
3471 4318 3552 4382 de

1969 4431 2095 4497 quo
2144 4409 2379 4494 agitur,
2432 4407 2899 4494 prohibendum
2964 4425 3102 4471 esse
3163 4407 3436 4488 censuit,
3487 4415 3553 4468 et

1938 4497 2177 4585 quoad
2226 4494 2608 4563 liherculum
2656 4494 2885 4582 gallico
2935 4493 3234 4558 idiomate
3293 4493 3551 4580 impres-

1967 4604 2135 4668 sum,
2187 4584 2430 4650 remisit
2469 4581 2821 4649 instantiam
2870 4583 2946 4649 ad
2995 4583 3061 4647 S.
3117 4581 3345 4647 Indicis
3391 4585 3551 4647 Cou-

1967 4673 2408 4760 gregationem
2441 4693 2507 4738 ».
2561 4671 2668 4737 Die
2702 4674 2778 4737 21
2817 4668 3211 4737 Novembris.
3271 4673 3459 4736 1711.

1952 4845 2216 4921 2214.
2555 4848 2964 4914 PlSAUREN.
3325 4847 3550 4934 (3846)

2099 5027 2258 5091 Cum
2319 5022 2382 5088 in
2450 5021 2720 5089 civitate
2781 5031 2844 5086 et
2892 5022 3172 5087 Dioecesi
3232 5022 3552 5087 Pisauren.

1967 5114 2074 5179 die
2124 5116 2203 5179 31
2258 5111 2520 5195 Augusti
2570 5109 2848 5175 occurrit
2894 5113 3149 5176 Festum
3203 5108 3552 5176 Dedicatio-

1968 5202 2067 5266 nis
2112 5198 2506 5267 cathedralis
2542 5200 2661 5264 sub
2694 5198 2820 5264 ritu
2852 5197 3038 5285 dupl.
3067 5197 3311 5284 primae
3344 5196 3558 5262 classis

1963 5287 2445 5369 celebrandum,
2499 5296 2564 5352 et
2611 5287 2841 5352 eodem
2906 5288 3013 5352 die
3074 5286 3150 5350 ab
3213 5285 3551 5351 universali

1962 5375 2239 5442 Ecclesia
2299 5375 2368 5440 fit
2425 5373 2718 5441 Officium
2758 5376 2824 5442 S.
2877 5373 3227 5461 Raymundi
3279 5372 3552 5437 Nonnati
