4042 5950
2044 184 2515 266 ..244-

632 361 851 421 nostro
895 348 1271 419 Provinciali
1318 346 1682 431 Visitatore,
1731 346 1813 413 sit
1858 343 2226 414 thurifican·
2321 342 2553 432 gionis,
2604 343 2738 410 sive
2785 343 3014 411 domus
3070 338 3336 426 infirmi,
3436 336 3645 407 uando
3696 335 3867 406 fertur

630 441 752 509 dus
798 440 971 507 solus
1016 438 1405 525 Episcopus,
1463 437 1569 502 vel
1616 432 1860 502 ambo?
1912 440 1989 502 Et
2036 434 2221 520 quid,

632 530 682 596 si
730 535 781 597 E
830 527 1081 616 iscopus
1127 525 1211 592 sit
1253 521 1733 592 Dioecesanus?

764 551 830 686 ἒξ.
882 618 978 682 An
1022 613 1142 682 sub
1186 613 1477 699 Reliquia
1514 611 1780 679 alicuius
1826 610 2068 693 Sancti,
2116 628 2227 675 ex-

2324 431 2639 500 Viaticum
2685 430 2980 520 agricolis
3007 428 3039 496 ⁶?

2452 525 2532 587 Et
2579 524 2765 589 Sacra
2805 519 3067 587 Rituum
3119 515 3578 606 congregatio,
3624 517 3697 583 ad
3735 515 3869 582 Vati·

2325 628 2551 676 canum
2618 610 2738 676 sub
2805 607 3206 693 infrascripta
3274 608 3379 674 die
3453 605 3523 672 in
3589 604 3870 672 Ordinatio

631 705 833 796 posita
866 703 1164 792 publicae
1194 700 1593 769 venerationi
1623 701 1793 767 inter
1823 697 2228 780 candelabra,
2327 700 2529 765 Coetu
2578 698 2949 780 coadunata,
3000 696 3210 764 audita
3254 695 3578 795 relatione
3619 693 3692 759 ab
3723 692 3873 791 inira·

633 794 865 862 debeat
909 792 1196 860 adhiberi
1244 791 1435 875 Palla,
1469 789 1657 856 sicuti
1703 789 1777 855 fit
1820 787 1887 855 in
1933 788 2230 876 pluribus
2324 785 2564 874 scripto
2586 785 2944 853 Secretario
2969 784 3130 850 iacta
3153 794 3219 850 et
3242 783 3549 850 omnibus
3571 779 3877 847 maturedi·

637 879 945 950 Ecclesiis
964 878 998 946 ⁴?

2329 874 2738 959 ligenterque
2777 872 3175 954 examinatis,
3211 871 3733 960 respondendum
3760 886 3875 931 cen·
3946 868 3947 943 j

770 974 837 1037 4.
885 972 1117 1035 Utrum
1177 967 1379 1051 liber,
1443 965 1544 1032 cui
1608 965 1879 1032 titulus:
1932 964 2231 1031 collectio
2331 962 2496 1027 suit:
2531 965 2691 1028 ‹Ex
2736 958 2995 1048 speciali
3026 962 3249 1046 gratia,
3282 959 3530 1027 servari
3562 975 3876 1046 possccon·

633 1062 768 1124 sive
815 1058 1194 1142 Apparatus
1241 1054 1769 1133 Absolutionum‚
1836 1055 2237 1118 Benedictio·
2329 1050 2744 1117 suetudinem
2792 1050 2858 1115 in
2905 1059 3181 1135 utroque
3215 1070 3277 1114 ιν.

637 1166 820 1228 num,
854 1148 1411 1211 Canini-ationem
1441 1151 1589 1222 etc„
1618 1152 1879 1208 auctore
1911 1140 2235 1207 Bernardo

641 1234 877 1320 Sannig
946 1233 1029 1299 sit
1098 1229 1458 1322 prohibitus
1518 1230 1664 1383 vigo

641 1324 905 1411 regulae
967 1320 1288 1406 generalis
1346 1319 1574 1385 Indicis
1668 1317 1881 1403 Aliqui
1932 1317 2104 1384 enim
2150 1315 2237 1381 af-

638 1412 937 1494 firmant,
999 1409 1104 1475 alii
1164 1417 1441 1494 negant;
1504 1416 1595 1471 ast
1648 1424 1870 1472 omnes
1931 1406 2069 1472 fere
2130 1407 2237 1471 Sa·

643 1500 944 1567 cerdotes
983 1496 1085 1564 hic
1123 1507 1188 1563 et
1220 1493 1368 1561 alibi
1416 1493 1598 1560 illum
1649 1493 1985 1578 adhihent,
2021 1511 2243 1580 quam-

639 1588 736 1655 vis
802 1585 976 1653 omni
1022 1602 1285 1671 prorsus
1342 1582 1803 1670 approbatione
1859 1594 2095 1650 careat.
2157 1584 2239 1646 Et

643 1675 798 1761 quid
849 1675 931 1741 de
977 1672 1114 1739 aliis
1162 1671 1338 1737 libris
1400 1669 1953 1756 benedictionum,
2005 1671 2244 1737 baben-

646 1762 816 1829 tibus
875 1761 1142 1846 quidem
1196 1761 1472 1845 aliquam
1518 1759 2077 1847 approbationem,
2126 1756 2239 1824 sed

643 1868 776 1916 non
822 1850 998 2003 ἰίὶεᾷῑι
1047 1850 1223 1915 istius
1269 1851 1604 1916 Sacrorum
1650 1848 1912 1915 Rituum
1959 1851 2245 1934 Congre-

691 1938 917 2004 ationis

648 1956 688 2026 g
779 2030 859 2092 Et
905 2029 975 2093 S.
1008 2029 1083 2093 R.
1120 2029 1226 2109 0.,
1262 2027 1327 2093 in
1372 2025 1702 2094 Ordinario
1750 2029 1954 2093 Coetu
2001 2025 2080 2091 ad
2129 2027 2249 2093 Va-

646 2114 930 2181 ticanum
974 2114 1094 2190 sub
1143 2114 1538 2203 infrascripta
1578 2114 1683 2181 die
1731 2115 2105 2196 coadunata,
2142 2132 2250 2178 au-

651 2201 781 2270 dita
824 2202 1137 2269 relatione
1167 2204 1244 2270 ab
1275 2204 1632 2271 Secretario
1661 2201 1824 2268 facta
1857 2212 1920 2268 et
1952 2202 2251 2268 omnibus

650 2301 903 2358 mature
948 2291 1311 2379 perpensis,
1353 2288 1837 2358 rescribendum
1871 2289 2158 2357 censuit:

782 2379 879 2445 Ad
934 2384 994 2446 1.
1057 2400 1096 2443 ‹
1128 2379 1473 2464 Negative‚
1529 2378 1704 2444 iuxta
1764 2376 2252 2444 caeremoniale

655 2465 1169 2554 Episcoporum3
1218 2467 1654 2534 subdiaconus
1700 2476 1915 2533 autem
1960 2485 2030 2533 se
2061 2465 2251 2532 absti-

652 2565 803 2621 neat
848 2575 881 2621 a
928 2554 1241 2621 cantando
1291 2554 1640 2641 Evangelio
1672 2572 1819 2620 cum
1850 2555 2158 2621 Lectione
2187 2575 2250 2619 ιν.

787 2644 882 2710 Ad
931 2647 996 2710 2.
1049 2663 1088 2706 ‹
1121 2644 1433 2709 Servetur
1474 2643 1958 2712 caeremoniale
1991 2643 2253 2732 Episco-

658 2749 892 2818 porum
925 2753 988 2797 ιν.

789 2821 886 2887 Ad
934 2824 1004 2887 3.
1049 2840 1089 2884 ‹
1123 2819 1435 2908 Negative
1469 2842 1532 2887 s.

787 2909 886 2976 Ad
937 2913 1002 2977 4.
1053 2929 1092 2973 ι
1124 2910 1221 2976 lili
1269 2909 1389 2976 soli
1435 2909 1579 2976 libri
1623 2909 1972 2977 adhibendi
2009 2921 2075 2978 et
2108 2910 2253 2977 illae

661 3006 908 3064 tantum
954 2998 1467 3084 benedictiones,
1502 3019 1666 3087 quae
1699 2998 1932 3066 Rituali
1971 3003 2256 3067 Romano

659 3096 812 3152 sunt
858 3088 1223 3154 conformes
1256 3109 1317 3152 ».

793 3176 1002 3263 Atque
1051 3176 1135 3242 ita
1169 3175 1507 3263 respondit
1539 3188 1604 3244 et
1634 3177 1873 3244 servari
1908 3176 2255 3244 mandavit.

663 3262 776 3330 Die
825 3267 862 3330 7
910 3265 1148 3352 Aprilis
1202 3268 1395 3332 1832.

667 3421 940 3490 2690.
1312 3401 1619 3493 nassae

1211 3541 1717 3705 POPUCONIAE.

796 3792 1005 3870 Quum
1067 3793 1355 3879 quaestio
1413 3793 1586 3872 inter
1642 3796 2018 3863 Sacerdotes
2079 3817 2261 3885 prae·

666 3880 891 3947 sertim
938 3883 1167 3947 nassae
1215 3891 1281 3947 et
1326 3883 1711 3969 Populoniae
1758 3883 2081 3954 Dioecesis
2128 3899 2266 3954 orta

670 3978 838 4035 esset
885 3969 1049 4035 circa
1096 3970 1434 4037 nonnullas
1485 3972 1942 4039 ecclesiasticas
1991 3974 2265 4042 iunctio-

669 4071 819 4136 nes;
868 4067 942 4123 ut
979 4058 1187 4124 omnis
1231 4061 1665 4127 controversia
1714 4070 1779 4126 et
1826 4061 2089 4128 obortae
2119 4066 2266 4131 sub-

671 4144 825 4212 inde
885 4147 1430 4214 murmurationes
1491 4147 1575 4215 de
1639 4149 1856 4216 medio
1915 4151 2267 4239 tollantur,

669 4252 789 4321 pro
862 4235 1270 4321 sequentium
1354 4237 1701 4304 dubiorum
1776 4238 2261 4326 explanatione,

672 4322 844 4410 apud
892 4326 963 4391 S.
997 4327 1071 4391 R.
1107 4326 1179 4391 C.
1217 4322 1582 4392 humillime
1628 4326 2058 4415 supplicatum
2102 4327 2260 4396 fuit:

809 4417 871 4479 1.
921 4416 1018 4479 An
1074 4414 1375 4480 standum
1433 4414 1515 4480 sit
1572 4414 1803 4481 Missali
1862 4420 2144 4483 Romano
2202 4418 2266 4486 in

672 4497 1126 4568 benedictione
1172 4503 1388 4569 Fontis
1452 4505 1819 4589 peragenda
1877 4504 1942 4570 in
1994 4504 2265 4573 Sabbato

673 4591 950 4677 Sancto;
1012 4588 1118 4655 vel
1166 4590 1379 4676 potius
1427 4590 1920 4660 consuetudini?
1962 4592 2268 4662 nimirum

719 4676 853 4743 rius
898 4695 1125 4765 aquam
1173 4681 1237 4745 in
1284 4680 1496 4766 aliquo
1541 4699 1687 4747 vase
1733 4692 2025 4769 separato
2079 4686 2269 4751 bene-

719 4764 918 4851 icere,
954 4775 1020 4832 et
1050 4776 1391 4856 antequam
1423 4767 1796 4837 infundatur
1839 4772 2150 4858 chrisma,
2188 4792 2267 4840 ex

675 4851 789 4952 illo
827 4873 975 4921 vase
1021 4873 1246 4944 aquam
1294 4858 1492 4945 ipsam
1542 4860 1882 4927 extrahere
1914 4871 1978 4928 et
2008 4862 2267 4930 mittere

676 4960 743 5006 in
787 4944 1085 5012 Fontem.

807 5033 877 5096 2.
926 5033 1024 5097 An
1067 5032 1457 5101 servandum
1502 5034 1584 5101 sit
1627 5036 1877 5104 Rituale
1912 5042 2266 5106 Romanum

677 5114 743 5182 in
789 5117 1283 5188 administrando
1314 5121 1584 5189 infirmis
1617 5125 1883 5204 Viati003
1920 5127 2025 5192 vel
2058 5125 2269 5214 potius

677 5207 1105 5291 consuetudo,
1143 5209 1568 5278 benedicendi
1600 5211 1906 5278 nimirum
1938 5232 2083 5280 cum
2118 5216 2268 5280 San-

680 5292 956 5363 ctissimo
1000 5298 1317 5385 populum
1360 5307 1537 5364 extra
1582 5308 1794 5386 portas
1819 5299 2131 5385 Civitatis,
2168 5320 2266 5367 re-

2032 3426 2256 3513 (aesc)

2464 1141 2676 1224 Atque
2701 1138 2785 1204 ita
2807 1138 3055 1205 censuit
3087 1148 3153 1204 et
3182 1137 3423 1205 servari
3458 1153 3651 1224 posse
3678 1132 3875 1200 annuit.

1669 1248 1742 1295 re
1807 1228 2058 1296 Decreti
2117 1246 2235 1293 seu
2333 1226 2446 1293 Die
2482 1231 2519 1294 7
2552 1226 2788 1315 Aprilis
2827 1230 3020 1294 1832.

2338 1370 2593 1439 2691.

2891 1354 3362 1435 TARENTINA.
3701 1362 3880 1450 (test)

2469 1493 2565 1560 Ad
2612 1510 2836 1579 preces
2865 1493 3004 1560 Βιῑιί
3044 1489 3539 1579 Archiepiscopi
3584 1486 3882 1567 Tarentini,

2336 1581 2420 1647 ita
2465 1582 2762 1667 sequenti
2810 1583 3090 1668 Epistola
3136 1587 3200 1653 S.
3236 1583 3317 1647 R.
3350 1582 3425 1646 C.
3463 1575 3820 1665 respondit:

2471 1668 2859 1735 perillustris
2920 1685 2984 1736 et
3040 1667 3612 1741 Reverendissime
3668 1662 3891 1731 Domine

2342 1758 2434 1824 uti
2485 1762 2725 1824 Frater.

2472 1851 2541 1913 ln
2587 1848 3096 1932 congregatione
3143 1853 3489 1917 Sacrorum
3536 1845 3785 1912 Rittium
3808 1842 3890 1905 Or·

2344 1935 2611 2018 dinaria,
2667 1935 2744 2001 ad
2794 1936 3160 2004 Vaticanum
3206 1936 3325 2002 sub
3385 1932 3774 2020 infrascn‘pta
3809 1928 3890 2026 die

2346 2025 2719 2106 coadunata,
2752 2023 2963 2090 habita
3009 2024 3127 2091 fuit
3160 2022 3318 2092 ratio
3349 2018 3671 2111 supplicis
3698 2017 3894 2115 Amp113

2347 2111 2586 2180 tudinis
2615 2116 2784 2179 Tuae
2815 2112 3043 2179 Libelli
3075 2111 3283 2199 quoad
3317 2114 3592 2179 modum
3632 2104 3892 2204 recitandi

2344 2205 2540 2269 Horas
2591 2199 2934 2266 Canonicas
2987 2221 3114 2287 quo
3165 2211 3473 2268 utuntur·
3489 2197 3893 2290 sanctimoma-

2343 2290 2439 2356 les
2487 2289 2668 2354 istius
2700 2286 3240 2371 Archidioecesis,
3275 2308 3396 2355 nec
3440 2308 3583 2355 non
3622 2294 3895 2371 sequentis

2345 2376 2808 2444 informationis
2851 2378 3250 2446 transmissae
3295 2376 3415 2443 sub
3460 2378 3695 2445 datum'
3715 2371 3893 2459 quinto

2347 2466 2652 2534 calendas
2677 2465 2941 2532 Ianuarii
2966 2466 3318 2554 superioris
3339 2467 3508 2533 Anni
3542 2468 3894 2559 18:31,un

2351 2559 2534 2623 Sacra
2596 2553 2824 2620 eadem
2882 2555 3310 2641 congregatio
3370 2554 3448 2619 ab
3499 2548 3895 2640 Amplitudmc

2350 2648 2480 2710 Tua
2525 2642 2897 2728 requisivit,
2960 2643 3196 2710 auditis
3240 2630 3395 2743 ipsis
3440 2632 3898 2710 sanctimoniali-

2352 2735 2496 2800 bus.
2545 2735 2691 2797 Post
2736 2732 3115 2798 relationem
3160 2729 3238 2797 ab
3281 2731 3688 2817 infrascripto
3721 2731 3898 2795 Secre-

2356 2821 2512 2887 tario
2557 2819 2812 2904 factam,
2861 2820 3158 2896 omnibus
3213 2828 3462 2886 mature
3524 2826 3897 2896 accurateque

2351 2908 2791 2995 consideratis,
2849 2907 3352 2976 Eminentissimi
3405 2928 3475 2975 ac
3522 2900 3898 3003 Reverendis·

2351 2998 2492 3065 simi
2523 3002 2738 3064 Patres
2769 2998 2972 3066 Sacris
3003 2997 3250 3066 Ritibus
3282 2998 3545 3065 tuendis
3575 3001 3898 3091 praepositi,

2352 3086 2842 3154 rescribendum
2904 3106 3041 3154 esse
3100 3098 3544 3154 censuerunt:
3612 3089 3685 3151 ln
3741 3097 3898 3146 omm-

2353 3177 2468 3243 bus
2515 3182 2717 3244 iuoeta
2749 3178 3015 3244 Decreta
3062 3185 3123 3242 et
3152 3176 3557 3261 Privileqia5
3602 3170 3898 3268 nimii-uui·t

2359 3289 2398 3332 ‹
2432 3265 2958 3332 Sanctimoniales
3024 3263 3277 3333 Ordinis
3342 3265 3555 3332 Sancti
3618 3257 3901 3355 Benedicti

2357 3363 2619 3423 utentes
2681 3354 2804 3419 iam
2865 3353 3004 3421 iere
3051 3374 3083 3419 a
3130 3354 3360 3420 decem
3412 3353 3650 3420 seculis
3700 3354 3901 3415 Brevia-

2359 3441 2455 3510 rio
2514 3443 2891 3527 Monastico,
2962 3442 3118 3509 licet
3183 3442 3519 3510 Ordinatio
3583 3437 3899 3529 subiectae,

2360 3540 2668 3600 tenentur
2737 3532 3069 3598 dumtaxat
3127 3530 3205 3596 ad
3267 3530 3479 3598 Officia
3539 3524 3782 3597 Patroni
3828 3523 3902 3584 Gi·

2360 3619 2608 3704 vitatis,
2671 3617 2967 3686 Titularis
3034 3618 3359 3686 Ecclesiae
3428 3612 3904 3709 Gatheai-alise

2362 3707 2790 3775 Dedicationis
2874 3709 3221 3776 eiusdem:
3299 3707 3365 3775 in
3443 3705 3738 3773 omnibus
3800 3710 3901 3762 stne

2362 3807 2606 3881 octava,
2653 3796 2831 3863 iuxta
2877 3802 3168 3864 Decreta.
3227 3797 3541 3882 Reliquae
3585 3813 3761 3875 vero,
3801 3797 3903 3888 tum

2356 3884 2610 3954 Ordinis
2656 3885 2867 3952 Sancti
2915 3886 3255 3972 Augustini
3304 3896 3439 3953 tum
3485 3882 3732 3953 Ordinis
3762 3880 3903 3977 limo’

2360 3993 2504 4042 rum
2559 3973 2771 4041 Sancti
2834 3975 3183 4059 Francisci,
3239 3974 3407 4041 sicut
3466 3984 3533 4040 et
3592 3967 3903 4063 praedictae

2363 4060 2813 4130 Benedictinae
2868 4082 2998 4129 non
3061 4063 3499 4130 exturbandae
3565 4071 3713 4130 sunt
3765 4066 3902 4151 ape·

2360 4151 2621 4238 quendo
2668 4152 2915 4238 proprii
2960 4152 3213 4220 Ordinis
3257 4151 3674 4230 Calendari0;
3708 4157 3767 4212 et
3795 4141 3905 4238 Ιιςθξ

2364 4242 2490 4308 sint
2544 4239 2873 4307 Ordinario
2929 4239 3290 4323 subiectae,
3348 4259 3476 4306 non
3536 4243 3793 4329 possunt
3839 4223 3904 4291 ιη’

2362 4326 2739 4398 Calendario
2797 4328 3041 4396 addere
3087 4329 3205 4395 alia
3251 4328 3494 4413 Officia,
3545 4334 3791 4417 praeter
3831 4331 3905 4381 ⁸11·

2362 4416 2675 4506 pradicta,
2726 4416 2843 4482 nisi
2890 4418 3078 4484 aliter
3124 4419 3201 4485 ab
3258 4419 3373 4486 hac
3418 4420 3646 4485 Sancta
3690 4414 3907 4498 Apostof

2367 4507 2485 4573 lica
2517 4507 2686 4573 Sede
2718 4505 2915 4572 fuerit
2945 4506 3277 4573 indultum
3308 4525 3427 4594 pro
3460 4505 3652 4573 Glero
3678 4495 3905 4596 Seculass

2366 4594 2833 4679 cuiuscumque
2899 4594 3222 4661 Dioecesis
3286 4606 3479 4682 atque
3540 4581 3907 4682 Regularibttss

2365 4684 2700 4769 utriusque
2747 4702 2939 4750 sexus
2966 4705 3029 4751 ιν.
3078 4688 3247 4750 Haec
3280 4684 3574 4751 eiusdem
3606 4673 3904 4772 sacraem-

2366 4783 2551 4840 tuum
2612 4772 3140 4857 congregationis
3193 4774 3484 4839 mandata
3541 4766 3906 4838 libentissimo

2367 4863 2575 4928 animo
2636 4861 2794 4928 dum
2839 4861 3268 4948 Amplitudini
3330 4866 3497 4928 Tuae
3548 4871 3695 4926 nota
3742 4853 3904 4921 iacere

2368 4950 2599 5036 gestio,
2628 4950 2806 5016 Illam
2840 4950 3176 5039 adprecor,
3206 4950 3508 5035 quoniam
3542 4951 3680 5015 eius
3703 4935 3906 5032 fideret

2367 5037 2702 5128 integritas
2748 5049 3090 5126 perspecta
3139 5039 3261 5105 iam
3312 5052 3433 5123 est,
3468 5047 3541 5105 ut
3585 5033 3903 5103 adamusstm

2373 5126 2795 5215 exequutioni
2820 5127 3232 5212 mandentur3
3264 5137 3330 5193 et
3349 5129 3467 5193 Am
3519 5123 3762 5193 litudini
3783 5119 3905 5182 Tuae

2367 5215 2736 5283 diuturnam
2787 5235 2867 5282 ex
2915 5217 3125 5283 animo
3174 5226 3412 5304 exopto
3487 5215 3833 5281 elicitatem·

2505 5308 2737 5371 Romae
2789 5307 2826 5370 7
2875 5305 3112 5392 Aprilis
3166 5307 3358 5372 1832.
