4042 5950
1573 279 2049 369 -1‘67—

176 459 278 529 per
320 459 388 505 os
435 439 658 507 Calicis
702 441 863 507 dum

174 548 352 615 super
398 531 695 595 Patenam
720 527 753 594 'i’

292 619 396 683 16.
444 619 675 682 Utrum
722 617 845 684 dici
896 620 1129 686 debeat
1180 621 1374 686 Credo
1420 619 1486 687 in
1552 619 1745 687 Missis

170 703 539 771 Litaniarum
586 706 890 772 Maiornm
955 718 1019 773 et
1078 708 1347 794 Vigiliae
1395 709 1744 775 Nativitatis

170 791 425 875 Domini,
459 793 618 859 dum
668 793 955 862 incidunt
1004 796 1069 863 in
1100 797 1274 863 diem
1308 795 1696 863 Dominicam
1717 794 1750 862 ‘i

291 883 392 956 17,
423 883 584 947 Cum
616 882 829 949 Oratio
860 895 1108 951 secreta
1139 888 1209 953 S.
1236 885 1555 952 Valentini
1591 889 1746 950 Mar-

172 969 308 1054 tyris
352 970 580 1036 eadem
639 968 722 1034 sit
776 990 924 1037 cum
982 974 1280 1038 Oratione
1338 985 1583 1039 secreta
1630 978 1744 1038 Fe·

170 1060 284 1122 riae
307 1056 535 1124 tertiae
561 1068 704 1146 post
727 1059 1118 1128 Dominicam
1142 1067 1162 1127 l
1187 1061 1741 1151 Quadragesimae,

910 418 1351 532 praeparatur,
1385 446 1488 510 vel
1540 413 1750 534 potius

171 1146 453 1230 idemque
478 1146 805 1232 contingat
830 1149 896 1214 in
916 1159 1164 1215 secreta
1194 1149 1552 1216 Dominicae
1578 1152 1743 1217 XXll
1820 1187 1835 1193 ·

170 1244 295 1318 post
337 1237 761 1301 Pentecosten
809 1237 1205 1303 occurrentis
1237 1237 1303 1303 in
1335 1237 1439 1304 die
1487 1240 1557 1303 S.
1591 1241 1744 1303 Mar·

170 1319 265 1386 tini
307 1321 609 1409 Episcopi
671 1325 776 1407 (11
817 1324 1225 1411 Novembris)
1277 1336 1342 1392 et
1390 1328 1454 1393 in
1498 1336 1741 1392 secreta

168 1409 363 1475 Missae
412 1429 530 1497 pro
586 1420 883 1497 tempore
944 1411 1095 1479 belli
1156 1414 1345 1500 (quae
1401 1414 1741 1499 aliquando

170 1498 542 1584 praecipitur
586 1497 664 1562 ab
694 1498 1061 1586 Ordinariis)
1099 1502 1494 1569 occurrentis
1530 1503 1592 1568 in
1633 1501 1739 1567 die

170 1586 455 1672 triumphi
504 1589 568 1653 S.
610 1587 828 1653 Crucis
870 1590 981 1672 (26
1025 1589 1191 1676 lulii)
1242 1608 1359 1675 pro
1407 1589 1735 1678 Hispania;

168 1673 477 1741 dubitatur
543 1674 869 1742 undenam
932 1676 1369 1744 desumendae
1431 1679 1558 1745 sint
1622 1678 1741 1746 bae

167 1762 473 1829 Orationes
505 1763 570 1829 in
605 1763 946 1851 praedictis
994 1763 1290 1832 casibus?

284 1854 383 1917 18.
437 1855 535 1917 An
584 1851 649 1918 in
694 1851 911 1920 Officio
960 1854 1041 1920 de
1089 1858 1279 1920 Beato
1340 1854 1562 1920 variari
1596 1857 1739 1921 ·de·

168 1939 291 2004 beat
337 1939 402 2005 in
449 1940 749 2007 Oratione
806 1953 1053 2007 secreta
1107 1942 1377 2009 verbum
1424 1945 1732 2025 Sanctus,

166 2027 423 2093 dicendo
474 2029 770 2094 Beatus-5

284 2118 382 2182 19.
436 2120 534 2183 An
582 2117 893 2184 Sacerdos
941 2118 1163 2185 dicere
1211 2118 1445 2185 debeat
1487 2121 1563 2184 Te
1608 2123 1733 2204 0⁹92·-

167 2215 263 2269 tur
305 2203 368 2270 in
414 2205 734 2293 principio
781 2207 1088 2291 CanoniS,
1138 2208 1294 2274 dum
1344 2209 1556 2273 elevat
1603 2227 1735 2274 ma·-

165 2310 269 2356 nus
306 2305 369 2358 et
400 2293 647 2380 oculos,
699 2295 802 2358 vel
855 2295 1142 2381 incipere
1185 2295 1420 2361 debeat
1452 2297 1739 2362 dum-est

165 2380 271 2445 iam
316 2382 638 2468 profunde
687 2381 1078 2450 inclinatus?
1609 2423 1615 2432 ·

278 2473 535 2536 20..Α11
581 2472 811 2540 debeat
858 2472 1169 2539 Sacerdos
1210 2473 1637 2560 pronuncians
1671 2473 1734 2539 in

160 2559 398 2623 Ganone
462 2559 679 2625 Missae
741 2571 978 2627 nomen
1034 2560 1298 2627 alicuius
1355 2561 1601 2643 Sancti,
1653 2562 1736 2628 de

162 2665 277 2731 qno
330 2647 568 2713 factum
625 2659 720 2714 est
773 2647 1063 2715 Officium
1117 2652 1221 2716 vel
1278 2651 1505 2715 saltem
1565 2663 1735 2715 com-

162 2735 543 2819 memoratio,
597 2739 808 2803 facere
856 2737 1336 2804 inclinationem
1382 2735 1651 2826 capitis?

278 2827 387 2890 21.
436 2829 535 2892 An
583 2826 892 2893 Sacerdos
936 2844 1185 2913 ponere
1234 2826 1465 2893 debeat
1515 2845 1735 2891 manus

163 2913 305 2979 intra
352 2914 699 3001 Corporale
745 2914 901 2981 dum
954 2912 1110 2982 dicit
1158 2915 1521 2982 Orationem
1573 2914 1734 2999 Sup-

156 3002 332 3086 plicas
379 3012 438 3068 te
486 3022 791 3088 royamus
840 3013 905 3068 et
959 3004 1283 3071 Orationes
1344 3014 1490 3071 ante
1546 3006 1734 3069 Com·

162 3091 570 3159 munionem?

82 3210 95 3221 ·
275 3184 380 3245 22.
433 3184 532 3247 An
577 3181 889 3247 Sacerdos
934 3182 1155 3249 dicere
1195 3181 1425 3249 debeat
1456 3179 1524 3246 in
1557 3180 1735 3245 Missa

64 3272 65 3291 ³
160 3268 411 3334 solemni
457 3272 553 3335 Ite
586 3271 787 3336 Missa
818 3281 932 3349 cst,
974 3270 1431 3336 Bmdicames
1464 3270 1733 3334 Domino

162 3369 217 3421 et
258 3359 681 3441 aequiescunt
727 3363 799 3423 in
840 3359 1051 3443 pace?
1486 3385 1491 3390 ⁴

64 3480 65 3517 2
276 3448 382 3511 23.
432 3446 528 3511 An
578 3443 684 3512 die
735 3446 942 3534 magni
1005 3467 1349 3515 concursus
1396 3446 1470 3512 ad
1506 3447 1734 3513 rlndul-

64 3552 65 3599 1
160 3533 421 3630 gentiam
470 3533 819 3621 plenariam
854 3537 955 3602 vel
992 3535 1346 3603 lubilaeum
1379 3533 1579 3624 possit
1610 3535 1730 3601 mi-

64 3642 65 3649 *
160 3622 389 3687 nistrari
456 3625 641 3688 Sacra
711 3625 1097 3691 Eucharistia
1159 3624 1462 3691 fidelibus
1521 3623 1732 3708 aliqua

163 3708 295 3772 hora
338 3719 484 3777 ante
531 3729 826 3777 auroram
874 3722 939 3778 et
987 3725 1131 3800 post
1177 3711 1518 3779 meridiem
1545 3709 1578 3776 'i’

283 3803 390 3865 211.
437 3802 535 3865 An
583 3799 649 3865 in
678 3799 896 3867 Officio
941 3801 1395 3868 defunctorum
1426 3810 1570 3865 ante
1620 3804 1734 3865 Le·

164 3885 420 3953 ctionem
466 3890 671 3954 Parce
717 3890 880 3956 mihi
923 3900 1046 3956 etc.
1097 3889 1223 3957 dici
1268 3886 1500 3954 debeat
1554 3887 1630 3968 j.
1677 3887 1729 3951 Α

160 3985 329 4059 porta
374 3978 579 4062 inferi
630 3996 783 4042 erue
842 3980 1109 4045 Domine
1177 3980 1435 4043 animas
1481 3995 1726 4050 aarum,

165 4082 292 4129 cum
333 4064 622 4132 Officium
667 4078 784 4150 pro
834 4084 960 4132 nno
1008 4076 1255 4132 tantum
1301 4062 1587 4130 dicitur?

276 4157 379 4219 25.
431 4153 528 4220 An
574 4155 881 4225 Sacerdos
936 4155 1001 4220 in
1061 4156 1237 4220 Missa
1284 4153 1365 4219 de
1415 4153 1731 4238 Requiem

168 4258 380 4325 ponere
427 4240 662 4308 debeat
708 4260 967 4311 manum
1011 4242 1329 4309 sinistram
1382 4259 1581 4329 super
1623 4241 1729 4307 Al-

168 4336 300 4413 tare,
344 4328 503 4396 dum
549 4330 695 4397 iacit
739 4332 1006 4398 dextera
1062 4332 1316 4418 signum
1377 4330 1600 4396 Crucis
1648 4329 1727 4395 ad

165 4414 530 4484 introitum?

273 4509 379 4572 26.
415 4510 512 4573 An
544 4507 767 4595 populi
802 4505 1200 4574 celebrantes
1247 4505 1583 4593 quotannis
1616 4510 1729 4573 Fe-

162 4605 310 4677 stum
355 4594 651 4661 'l'itularis
682 4595 747 4662 in
777 4595 993 4682 vigilia
1041 4595 1303 4662 alicuius
1350 4595 1584 4678 Sancti,
1638 4606 1730 4659 te-

162 4694 408 4749 neantur
452 4684 800 4772 anticipare
849 4685 1161 4752 ieiunium
1207 4684 1272 4749 in
1319 4681 1427 4749 die
1474 4700 1731 4770 praece·

162 4768 335 4837 dente
380 4772 784 4861 praedictum
830 4772 1146 4839 Festum?

276 4863 350 4924 Et
394 4864 463 4929 S.
497 4863 575 4927 lt.
611 4864 711 4945 C.,
761 4861 979 4928 audito
1021 4860 1199 4948 prius
1230 4870 1376 4926 voto
1425 4857 1614 4926 nnius
1647 4879 1728 4925 ex

162 4946 645 5033 Apostolioarum
736 4949 1295 5015 caeremoniarum
1380 4947 1728 5032 magistris,

162 5036 388 5122 scriptis
433 5048 689 5107 exarato
750 5037 1049 5125 typisque
1104 5029 1393 5125 vulgato,
1442 5038 1520 5103 ad
1568 5037 1733 5101 rela-

162 5121 383 5190 tionem
430 5124 575 5191 Emi
621 5135 688 5189 et
731 5127 870 5192 11ῶὶ
923 5129 996 5190 Ι).
1032 5125 1218 5193 Gard.
1255 5124 1545 5210 Bardaxi,
1583 5144 1732 5192 cen·

165 5210 272 5276 suit
316 5214 876 5301 respondendum}

279 5301 366 5368 Ad
421 5307 480 5368 1.
514 5325 553 5367 ‹
586 5301 981 5369 Affirmative
1015 5325 1080 5367 ν.

282 5390 368 5456 Ad
416 5393 485 5458 2.
515 5413 556 5457 ‹
582 5393 999 5479 Exponantur
1024 5410 1205 5457 casus
1229 5392 1644 5478 particulares
1666 5411 1728 5458 ι.

1983 449 2079 547 ad
2130 452 2192 514 3.
2245 470 2283 514 ‹
2320 449 2630 517 And-iatnr
2674 450 2836 516 alter
2882 453 3184 540 Magister
3213 458 3442 523 Caere·

1857 552 2214 601 moniarum
2251 559 2315 602 ».
3083 582 3094 590 -

1981 624 2076 691 Ad
2127 628 2189 690 4.
2242 646 2280 690 ‹
2314 625 2706 692 Affirmative
2744 649 2809 693 ›-

1983 711 2078 779 Ad
2127 717 2189 778 5.
2243 734 2279 776 ι
2312 714 2655 801 Negative3
2716 725 2780 781 et
2823 729 3166 785 serventur
3211 719 3438 786 Rubri-

1853 818 1961 865 cae
1998 820 2060 863 ».

1981 889 2077 954 Ad
2127 893 2190 954 6.
2242 910 2280 954 ‹
2317 893 2395 956 Ut
2442 889 2534 956 ad.
2572 890 2937 976 proximum
2973 914 3036 960 ι.

1983 976 2081 1043 Ad
2130 982 2192 1043 7.
2244 1000 2280 1042 ι
2317 976 2622 1063 Negative
2657 998 2719 1045 ».

1983 1064 2078 1129 Ad
2128 1069 2196 1131 8.
2249 1088 2285 1129 ι
2319 1066 2709 1132 Affirmative
2744 1090 2804 1134 ι.

1985 1152 2078 1218 Ad
2126 1156 2190 1221 9.
2215 1175 2224 1184 “
2246 1176 2282 1218 ι
2316 1155 2623 1239 Negative
2658 1175 2718 1220 ι.

1982 1240 2075 1305 Ad
2131 1245 2234 1308 10.
2289 1263 2325 1304 ‹
2360 1243 2526 1308 Nihil
2562 1244 3052 1330 immutandum,
3080 1246 3434 1315 inconsulta

1848 1333 2031 1396 Sacra
2078 1329 2589 1416 congregatione
2623 1354 2685 1396 ι».

1979 1417 2074 1484 Ad
2129 1421 2229 1482 11.
2284 1438 2322 1482 ‹
2356 1419 2746 1486 Affirmative
2783 1442 2843 1487 ν.

1981 1505 2075 1571 Ad
2130 1510 2232 1571 12.
2288 1529 2324 1570 ‹
2359 1508 2666 1596 Negative
2702 1531 2763 1576 ›.

1979 1593 2075 1659 Ad
2128 1596 2231 1659 13.
2269 1616 2305 1658 ι
2328 1595 2658 1661 Provisum
2681 1597 2740 1662 in
2769 1619 2913 1664 casu
2939 1601 3345 1667 antecedenti
3365 1608 3431 1669 ἰν.

1977 1681 2074 1747 Ad
2130 1684 2230 1748 14.
2269 1702 2307 1745 ‹
2333 1682 2582 1749 Praxim
2610 1688 2992 1773 extergendi
3018 1688 3295 1754 Calicem
3318 1709 3436 1776 pu·

1847 1769 2187 1835 rificatorio
2236 1770 2434 1857 magis
2482 1789 2867 1858 congruere,
2906 1786 2971 1841 et
3018 1794 3432 1862 summopere

1845 1856 2229 1924 laudabilem
2280 1877 2418 1924 esse
2450 1880 2515 1925 ιν.
3291 1887 3300 1904 ·

1976 1946 2070 2011 Ad
2125 1950 2229 2012 16.
2281 1969 2320 2011 ‹
2353 1945 2648 2033 Relinqui
2699 1969 2883 2035 posse
2931 1952 3294 2020 Sacerdotis
3341 1973 3435 2019 ar·

1813 2057 1822 2066 ·
1843 2033 2034 2100 bitrio
2068 2054 2133 2100 ι.
2208 2044 2214 2052 “

1975 2121 2070 2187 Ad
2128 2127 2234 2189 16.
2283 2144 2319 2186 ‹
2355 2128 2422 2189 ln
2471 2123 2644 2189 Missa
2677 2125 3059 2194 Litaniarum
3101 2128 3431 2214 Maiarum,

1844 2209 2196 2296 Negative;
2249 2212 2311 2276 in
2360 2213 2537 2277 Missa
2584 2212 2853 2300 Vigiliae
2899 2215 3248 2282 Nativitatis
3309 2221 3432 2282 Do-

1843 2297 1993 2363 mini
2045 2299 2439 2368 occurrentis
2472 2300 2537 2365 in
2570 2301 2911 2387 Dominica,
2948 2303 3341 2370 Affirmative
3363 2325 3432 2373 ».

1977 2387 2070 2453 Ad
2103 2390 2209 2454 17.
2236 2409 2274 2453 ‹
2293 2391 2604 2456 Servetur
2626 2388 2895 2458 Rubrica
2912 2392 3171 2458 Missalis
3195 2391 3431 2460 Tit-Vll

1840 2474 1924 2540 de
1970 2476 2711 2561 commemorationibus,
2761 2498 2940 2545 num.
2979 2484 3056 2559 83
3107 2489 3172 2546 et
3216 2481 3428 2547 Oratio

1840 2563 1946 2629 illa
1978 2565 2298 2664 varianda,
2335 2583 2499 2650 quae
2546 2565 2813 2633 dicenda
2846 2568 2968 2633 erit
3001 2587 3118 2656 pro
3151 2585 3432 2635 comme-

1842 2663 2195 2718 moratione
2227 2675 2293 2718 1».

1972 2741 2069 2806 Ad
2125 2745 2227 2806 18.
2276 2762 2314 2805 ‹
2341 2741 2508 2807 Nihil
2543 2743 3037 2830 immutandum,
3073 2743 3192 2810 nisi
3222 2743 3284 2811 in
3320 2749 3431 2813 Se·

1839 2839 2039 2910 creta,
2091 2829 2152 2895 in
2200 2848 2321 2915 qua
2383 2831 2738 2918 legendum
2785 2833 2866 2896 sit
2917 2834 3250 2920 proprium
3315 2853 3430 2918 no·

1842 2934 1995 2982 men
2041 2917 2216 2984 Beati
2251 2938 2314 2984 ».

1971 3006 2065 3072 Ad
2123 3010 2222 3073 19.
2281 3030 2316 3071 «
2352 3008 2672 3075 Servanda
2710 3009 2978 3075 Rubrica
3012 3011 3097 3077 de
3129 3007 3257 3075 ritu
3291 3030 3428 3076 ser·
3465 3060 3472 3067 .

1836 3093 2044 3160 vando
2121 3094 2186 3160 in
2262 3095 2694 3163 celebratione
2772 3096 2990 3164 Missae
3066 3098 3188 3163 Tit.
3253 3102 3423 3183 Vlll,

1840 3201 2021 3249 num.
2077 3186 2158 3261 1;
2210 3194 2274 3248 et
2319 3185 2514 3250 altera
2562 3184 2796 3251 Canoni
2846 3184 3122 3272 praefixa
3158 3206 3219 3250 ιν.

1882 3332 1887 3343 ,
1970 3270 2066 3336 Ad
2115 3275 2226 3339 20.
2278 3294 2314 3336 ι
2350 3273 2741 3341 Affirmative
2776 3294 2842 3338 v.

1969 3359 2065 3424 Ad
2115 3362 2226 3425 21.
2274 3382 2312 3426 ‹
2347 3361 2699 3428 servandas
2733 3380 2871 3426 esse
2904 3360 3428 3447 Rubricas,·quae

1838 3445 2061 3513 iubent
2108 3456 2338 3514 manus
2379 3448 2704 3536 ponendas
2750 3468 2888 3513 esse
2929 3468 3131 3535 super
3182 3450 3426 3534 Altare,

1837 3554 1965 3600 non
2016 3536 2176 3601 intra
2223 3538 2570 3624 Corporale
2606 3558 2668 3602 ›.

1968 3624 2065 3690 Ad
2113 3627 2220 3690 22.
2276 3625 2559 3701 «Quoad
2624 3626 2712 3690 Ite
2775 3627 2974 3692 Missa
3035 3636 3157 3705 cat,
3224 3628 3427 3713 Nega·

1836 3710 2011 3795 tive3
2076 3712 2285 3797 quoad
2349 3712 2807 3779 Benedicamus
2868 3715 3140 3781 Domino
3201 3722 3266 3779 et
3314 3716 3426 3779 Rc-

1832 3803 2169 3882 quiescant
2217 3803 2292 3866 in
2329 3822 2509 3887 pace,
2564 3801 2955 3869 Affirmative
2989 3823 3054 3868 ι.
3109 3822 3116 3827 ·

1882 3898 1889 3905 ’
1968 3889 2064 3953 Ad
2112 3893 2219 3955 23.
2272 3912 2311 3954 ‹
2344 3895 2412 3956 ln
2461 3909 2605 3957 casu
2653 3890 2734 3955 de
2783 3908 2910 3977 quo
2956 3891 3191 3979 agitur,
3241 3891 3427 3957 Affir-

1835 3977 2070 4041 mative
2116 3998 2148 4040 a
2199 3987 2497 4067 tempore
2541 3978 2618 4044 ad
2670 3989 2949 4066 tempus,
2998 3996 3126 4063 quo
3191 3978 3256 4044 in
3324 3978 3429 4044 illa

1835 4065 2118 4131 Ecclesia
2137 4056 2365 4132 ‘Missae
2400 4066 2853 4152 celebrantur;
2904 4067 3010 4132 vel
3044 4068 3121 4133 ad
3153 4066 3424 4132 formam

1834 4152 2170 4235 Ruminae,
2207 4155 2312 4220 vel
2346 4156 2422 4222 ad
2457 4154 2726 4221 sormam
2771 4154 3009 4220 indulti
3061 4153 3273 4220 eidem
3308 4157 3425 4219 Ec·

1835 4240 2067 4307 clesiae
2114 4243 2494 4309 concessi».

1852 4406 1857 4413 ,
1968 4328 2064 4395 Ad
2113 4333 2221 4395 24.
2276 4353 2312 4394 ι
2346 4330 2512 4397 Nihil
2564 4331 3035 4397 immutandum
3071 4352 3138 4396 v.

1965 4417 2060 4484 Ad
2113 4421 2219 4483 25.
2272 4440 2310 4483 ι
2345 4419 2736 4486 Affirmative
2771 4440 2834 4484 7».

1967 4507 2065 4573 Ad
2113 4508 2225 4573 26.
2274 4528 2312 4572 ‹
2345 4507 2691 4594 Negative3
2727 4516 2792 4572 et
2838 4507 2903 4572 in
2940 4505 3185 4574 casibus
3232 4506 3426 4592 parti-

1838 4595 2158 4662 cularibus
2218 4595 2685 4662 recurrendum
2730 4594 2807 4661 ad
2858 4597 2925 4662 S.
2975 4598 3049 4660 lt.
3094 4597 3168 4659 C.
3197 4616 3260 4659 ».
3313 4593 3426 4658 Die

1839 4689 1874 4750 7
1926 4684 2322 4771 Septembris
2376 4687 2569 4750 1816.

1838 4861 2092 4929 2573.
2146 4857 2149 4860 ’
2483 4860 2772 4927 ronan.
3199 4860 3425 4946 (452⁷)

1966 5041 2124 5105 Cum
2160 5054 2274 5123 pro
2297 5044 2479 5122 parte
2512 5046 2578 5101 et
2610 5035 2685 5101 ad
2722 5035 3079 5101 instantiam
3111 5035 3251 5103 ami
3280 5033 3425 5121 Epi-

1836 5125 2012 5212 scopi
2044 5126 2295 5192 Tuden.
2329 5123 2649 5208 permulta
2688 5121 2879 5190 dubia
2925 5124 3247 5210 proposita
3279 5125 3423 5191 fue-

1837 5213 1964 5281 rint
2012 5215 2076 5280 in
2108 5217 2172 5282 S.
2209 5215 2284 5278 lt.
2313 5216 2384 5280 G.
2412 5212 2737 5278 Ordinaria
2771 5209 2892 5277 sub
2922 5212 3025 5278 die
3060 5215 3095 5278 7
3133 5215 3427 5297 Septem·

1837 5303 1966 5371 bris
2012 5303 2308 5390 proxime
2354 5300 2552 5387 elapsi
2598 5300 2767 5386 anni,
2812 5300 3096 5389 exposita
3143 5300 3208 5368 in
3252 5308 3426 5366 ante-
3469 5388 3478 5393 .

1842 5410 2091 5459 cessum
2146 5391 2460 5459 sententia
2521 5387 2708 5457 unius
2766 5408 2850 5456 ex
2914 5389 3426 5477 Apostolicarum
