4042 5950
605 155 620 202 1

1537 271 2012 351 —417—

135 428 506 520 gregatione
539 429 848 498 declarari
884 429 1104 519 petiit:
1140 434 1365 498 Utrum
1400 430 1463 498 in
1495 430 1721 499 eadem

134 516 493 585 cathedrali
541 522 799 586 Festum
844 519 1147 587 Dolorum
1179 517 1454 619 Virginis
1497 519 1722 607 reponi

136 605 369 674 debeat
429 607 535 674 die
598 606 969 678 immediate
1024 618 1356 693 sequenti,
1417 607 1724 674 nimirum

137 696 268 761 xv!
316 695 581 784 Aprilis,
631 696 931 762 translato
973 695 1146 761 iuxta
1176 694 1477 762 Rubricas
1506 694 1722 763 Officio

139 785 202 848 S.
255 781 564 850 Paterni?
620 802 698 849 an
805 782 972 849 otius
1036 781 1287 850 recitari
1349 781 1582 849 debeat
1642 784 1725 851 de

137 874 197 936 S.
248 874 543 956 Paterno,
594 882 762 938 trans
790 882 893 937 ato
941 872 1006 937 in
1051 870 1324 958 primam
1358 870 1533 938 diem
1571 870 1728 937 libe-

138 977 264 1024 ram
297 971 448 1047 post
477 959 867 1027 Dominicam
916 959 981 1025 in
1027 958 1203 1025 Albis
1247 962 1432 1025 Festo
1464 962 1727 1047 Septem

139 1044 503 1113 Boiorum?

263 1137 453 1202 Sacra
500 1154 692 1224 porro
738 1134 1192 1224 congregatio,
1233 1135 1310 1201 ad
1358 1134 1729 1202 Vaticanum

136 1224 495 1310 subsignata
543 1226 648 1292 die
691 1224 759 1292 in
808 1222 1151 1293 Ordinariis
1182 1222 1470 1290 comitiis
1498 1223 1727 1291 coadu-

134 1322 297 1395 nata,
327 1311 657 1379 referente
690 1311 1048 1400 subscripto
1087 1311 1467 1394 secretario,
1506 1310 1728 1378 rescri-

140 1397 424 1469 bendum
472 1401 765 1468 censuit:

265 1510 304 1554 «
337 1489 554 1567 Quoad
628 1489 946 1577 primum,
1014 1488 1451 1571 Affirmative3
1519 1486 1728 1573 quoad

137 1576 523 1660 secundum,
570 1577 902 1664 provisum
950 1579 1015 1643 in
1059 1576 1473 1662 praecedenti
1508 1596 1571 1642 ».
1620 1577 1730 1642 At-

138 1684 263 1752 que
311 1667 398 1732 ita
441 1664 681 1732 servari
727 1665 1073 1732 mandavit.

265 1755 382 1822 Die
430 1756 514 1820 26
561 1752 761 1821 Martii
813 1757 1004 1822 1859.

140 1894 397 1965 3081.
614 1895 1250 1962 NOTTINGHAMEN.

1499 1893 1727 1981 (5277)

267 2021 319 2083 A
352 2014 714 2103 subscripto
739 2015 1120 2101 secretario,
1156 2016 1218 2084 in
1247 2014 1591 2084 ordinariis
1612 2018 1729 2082 co-

141 2106 335 2171 mitiis
379 2106 452 2173 S.
483 2108 572 2172 R:
596 2103 1120 2193 congregationis
1165 2103 1471 2172 hodierna
1513 2104 1623 2170 die
1653 2103 1731 2170 ad

143 2196 509 2261 Vaticanum
557 2191 809 2276 habitis,
861 2193 1073 2260 relatis
1117 2191 1493 2260 humillimis
1522 2192 1731 2278 preci-

143 2282 258 2348 bus
309 2280 544 2368 quibus
604 2284 798 2348 Rmus
861 2284 1033 2348 Diius
1091 2280 1443 2348 Richardus
1494 2280 1728 2347 Roskel

142 2371 494 2459 Episcopus
554 2367 1076 2454 Nottinghamen.
1124 2368 1434 2436 declarari
1494 2367 1728 2455 petiit:

145 2460 233 2524 An
280 2458 367 2524 de
417 2460 485 2525 S.
520 2456 792 2523 Barnaba
835 2462 1061 2545 Apost.
1108 2456 1505 2524 cathedralis
1559 2455 1732 2522 illius

143 2546 466 2613 Ecclesiae
513 2544 774 2612 Titulari
822 2547 942 2613 sub
1005 2545 1131 2612 ritu
1183 2544 1425 2632 duplici
1486 2544 1733 2630 primae

145 2634 349 2701 classis
396 2650 549 2701 cum
593 2644 810 2701 octava
847 2633 989 2701 fieri
1021 2633 1257 2701 debeat
1286 2632 1364 2699 ab
1393 2631 1469 2698 iis
1496 2633 1731 2715 solum,

231 2723 243 2736 '
294 2741 457 2789 vere
514 2731 665 2789 sunt
724 2721 809 2788 de
872 2723 1121 2809 gremio
1169 2720 1457 2788 eiusdem
1506 2719 1733 2787 Cathe-

145 2741 338 2877 dialis
370 2809 743 2896 Ecclesiae3
792 2812 898 2877 vel
945 2811 1181 2898 potius,
1216 2808 1390 2876 iuxta
1434 2808 1582 2874 alias
1619 2808 1732 2875 de-

146 2909 356 2983 creta,
419 2896 498 2965 ab
564 2898 865 2967 universo
931 2899 1123 2967 clero
1190 2896 1473 2965 Seculari
1542 2895 1736 2962 totius

147 2983 579 3055 Dioeceseos?

273 3074 418 3143 Emi
450 3086 517 3143 et
546 3075 687 3142 Rmi
718 3079 930 3142 Patres
961 3075 1165 3143 Sacris
1205 3072 1461 3142 tuendis
1488 3071 1734 3140 Ritibus

148 3163 489 3251 praepositi
536 3163 896 3231 rescribere
929 3163 1046 3230 rati
1085 3172 1232 3229 sunt
1264 3185 1281 3227 z
1331 3183 1370 3227 α
1402 3160 1733 3249 Negative,

149 3252 225 3320 ad
261 3252 538 3340 primam
585 3262 873 3341 partem3
921 3250 1336 3338 Affirmative‚
1384 3250 1462 3317 ad
1507 3267 1736 3316 secun-

150 3339 294 3407 dam
329 3360 396 3406 ».
445 3341 656 3425 Atque
704 3340 787 3406 ita
831 3337 1067 3405 servari
1112 3339 1521 3407 mandarunt.

277 3427 395 3494 Die
440 3431 527 3495 26
572 3426 774 3495 Martii
825 3432 1017 3496 1859.

153 3569 418 3639 3082.
726 3570 1161 3638 susumus.
1509 3565 1736 3656 (5279)

279 3697 479 3762 Rfflus
502 3694 673 3760 Dfius
698 3692 974 3760 loachim
1006 3691 1357 3759 Antonielli
1387 3691 1741 3779 Episcopus

157 3782 526 3866 Fesulanus,
561 3781 636 3848 ad
672 3780 1091 3849 amovendam
1138 3797 1612 3866 quamcumque
1642 3778 1740 3844 ul-

158 3869 457 3938 teriorem
534 3869 851 3935 commissi
918 3868 1037 3937 sibi
1105 3868 1277 3936 cleri
1353 3867 1738 3935 anxietatem

156 3959 359 4043 quoad
395 3975 583 4024 usum
629 3975 954 4024 sacrorum
998 3965 1515 4044 paramentorum
1570 3953 1740 4021 colo-

159 4047 243 4111 ris
283 4046 458 4130 flavi,
490 4066 523 4111 a
569 4048 755 4114 Sacra
797 4044 1057 4112 Rituum
1087 4044 1599 4132 Congregatione
1631 4041 1743 4108 de·

160 4132 380 4200 clarari
408 4134 637 4221 petiit:
687 4134 783 4198 An
812 4152 982 4199 sacra
1016 4142 1378 4222 paramenta
1407 4131 1608 4198 serica
1641 4148 1742 4195 co-

137 4220 308 4289 'loris
355 4220 500 4289 flavi
546 4221 836 4290 adhiberi
899 4221 1107 4288 adbuc
1157 4221 1593 4287 valeantloco
1639 4235 1742 4284 co-

162 4307 311 4377 loris
355 4308 506 4393 albi,
554 4319 745 4397 atque
795 4310 1017 4377 eadem
1062 4309 1354 4375 renovari
1401 4304 1640 4373 liceat?

288 4399 474 4466 Sacra
521 4397 746 4465 eadem
780 4397 1232 4487 congregatio,
1265 4396 1343 4463 ad
1375 4394 1744 4462 Vaticanum

162 4483 466 4554 hodierna
511 4485 618 4554 die
664 4485 1008 4552 coadunata
1057 4486 1122 4550 in
1165 4483 1509 4551 ordinariis
1538 4479 1747 4547 Comi-

167 4573 287 4660 tiis,
337 4574 665 4641 referente
710 4572 1067 4660 subscripto
1105 4571 1488 4655 Secretario,
1522 4567 1747 4636 rescri-

164 4661 442 4731 bendum
491 4663 787 4730 censuit:
841 4682 880 4726 «
911 4666 1087 4728 quta
1134 4660 1281 4727 alias
1312 4660 1593 4743 decreta,
1626 4658 1749 4723 Ne·

167 4751 378 4834 gative
423 4751 488 4818 in
534 4750 826 4818 omnibus
859 4770 922 4815 ».

298 4837 413 4905 Die
458 4842 543 4907 26
588 4838 792 4906 Hartii
841 4842 1038 4907 1859.

171 4978 429 5049 3083.
702 4980 1209 5047 ΜΕοΗιιΝιΕΝ.
1521 4972 1750 5064 (5281)

297 5108 380 5172 Ut
424 5105 490 5171 in
539 5103 914 5171 recitatione
973 5103 1177 5171 nivini
1224 5100 1422 5170 Officii
1468 5120 1539 5166 ac
1584 5101 1754 5167 cele-

177 5192 458 5260 bratione
505 5191 874 5260 sacrosancti
938 5193 1154 5259 Missae
1200 5188 1499 5258 sacrificii
1545 5189 1755 5256 omnia

320 5386 399 5460 (ι)
435 5387 501 5445 Ε.
536 5385 676 5444 nub.
714 5385 758 5453 1.
793 5384 843 5443 n
877 5392 936 5443 et
970 5383 1062 5443 m.

383 5509 600 5554 Decreta
625 5507 939 5553 Autbentloe
967 5510 1016 5552 8.
1047 5509 1105 5552 a.
1133 5509 1186 5551 c.
1214 5528 1262 5540 -·
1294 5506 1401 5552 Vol.
1429 5507 1491 5552 11.

1824 430 2241 518 disponantur
2289 443 2353 499 et
2400 431 2550 500 flant
2593 433 2951 504 secundum
2996 437 3298 507 Rubricas
3345 451 3410 508 et

1825 523 2092 585 Decreta
2155 522 2489 587 Sacrorum
2548 522 2807 591 Rituum
2861 528 3112 612 congre
3160 527 3407 612 ationis,

1826 606 2178 674 hodiernus
2222 608 2556 676 ordinator
2597 611 2947 682 calendarii
2995 617 3130 681 Mec
3181 615 3410 683 linien-

1825 695 1935 778 sis,
1971 696 2054 762 de
2087 713 2388 783 expresso
2436 716 2748 767 consensu
2778 702 3029 787 scriptis
3063 703 3252 770 etiam
3281 721 3410 770 ma·

1827 782 2124 849 nifestato
2172 785 2311 851 Emi
2359 795 2426 850 et
2470 785 2607 853 Rmi
2647 788 2761 853 nni
2795 790 2983 857 card.
3033 790 3411 878 Engelberti

1829 871 2101 937 Stercbx
2148 872 2623 973 Archiepiscopi
2656 876 3146 963 Mechliniensis‚
3198 878 3411 947 eidem

1828 960 1894 1027 S.
1924 959 2411 1058 congregationi
2444 981 2720 1048 sequens
2751 964 3022 1033 dubium
3052 966 3410 1053 proposuit,

1831 1057 1902 1112 ut
1933 1047 2091 1132 qmd
2127 1065 2190 1113 in
2223 1067 2435 1116 casum
2467 1049 2549 1117 sit
2577 1053 2927 1137 agendum,
2960 1054 3284 1123 declarare
3317 1055 3413 1124 di-

1830 1144 2175 1220 gnaretur:
2213 1136 2306 1237 (1)

1961 1227 2032 1289 In
2056 1224 2378 1309 Ecclesiis‚
2404 1245 2676 1311 quarum
2704 1227 2926 1296 titulus
2951 1241 3046 1296 est
3067 1231 3412 1299 Conversio

1831 1313 1899 1377 S.
1933 1310 2105 1377 Pauli
2151 1313 2475 1397 Apostoli,
2525 1333 2686 1401 quae
2734 1328 3202 1404 cousequenter
3244 1320 3414 1387 cele·-

1832 1397 2050 1465 bratur
2075 1398 2199 1465 ritu
2226 1399 2467 1490 duplici
2494 1403 2741 1489 primae
2765 1405 2975 1472 classis
2999 1423 3145 1473 cum
3170 1419 3411 1491 octava,

1832 1487 2218 1572 quandoque
2266 1488 2627 1557 faciendum
2673 1501 2770 1557 est
2816 1491 2976 1559 intra
3023 1493 3199 1561 illam
3246 1507 3413 1563 octa·

1833 1592 1976 1639 vam
2019 1575 2306 1644 Officium
2367 1577 2451 1645 de
2512 1582 2697 1645 Festo
2743 1581 3095 1648 cathedrae
3142 1585 3206 1650 S.
3245 1583 3415 1651 Petri

1832 1661 2310 1730 accidentaliter
2356 1666 2652 1733 translato
2699 1687 2779 1734 ex
2835 1668 2946 1735 die
3000 1672 3080 1737 18
3124 1671 3411 1739 Ianuarii.

1832 1751 2216 1829 Quaeritur:
2264 1755 2362 1820 An
2408 1754 2473 1820 in
2520 1756 2639 1822 hoc
2683 1775 2829 1822 casu
2875 1776 2991 1845 pro
3036 1777 3417 1827 commemo-

1835 1840 2077 1905 ratione
2126 1842 2191 1907 S.
2228 1841 2429 1925 Pauli,
2478 1842 2545 1909 in
2590 1843 2812 1929 primis
2843 1846 3141 1931 vesperis
3170 1847 3247 1915 ad
3280 1850 3415 1915 Μα-

1833 1928 2102 2014 ynificat
2134 1939 2201 1995 et
2234 1927 2297 1995 in
2344 1929 2657 1997 Laudibus
2687 1932 2765 1999 ad
2798 1934 3201 2017 Benedictus,
3251 1936 3416 2003 sumi

1834 2013 2115 2082 debeant
2144 2015 2544 2105 Antiphonae
2589 2036 2734 2085 cum
2778 2019 3072 2087 Oratione
3122 2041 3202 2089 ex
3231 2027 3417 2090 Festo

1836 2103 2280 2170 conversionis
2347 2106 2681 2191 eiusdem;
2745 2108 2852 2173 vel
2923 2109 3067 2175 illae
3130 2129 3293 2196 quae
3352 2113 3417 2178 in

1835 2191 2156 2258 Breviario
2191 2205 2257 2258 et
2286 2193 2509 2260 Missali
2556 2196 2952 2297 assignantur
2998 2196 3062 2263 in
3107 2199 3418 2266 cathedra

1836 2282 1901 2349 S.
1937 2280 2105 2346 Petri
2152 2280 2261 2348 die
2313 2285 2393 2349 18
2436 2282 2753 2350 Ianuarii?

1969 2368 2341 2435 Huiusmodi
2388 2368 2611 2454 dubio,
2647 2391 2770 2439 una
2803 2391 2947 2439 cum
2980 2383 3129 2441 voto
3160 2374 3420 2442 alterius

1839 2475 1919 2522 ex
1964 2457 2469 2544 Apostolicarum
2512 2460 3069 2527 caeremoniarum
3114 2462 3422 2550 magistris

1837 2544 2122 2631 desuper
2152 2545 2497 2631 exquisito,
2534 2565 2655 2633 per
2683 2546 3152 2635 infrascriptum
3200 2554 3420 2619 Secre-

1838 2632 2070 2699 tarium
2132 2632 2328 2699 relato
2375 2634 2442 2701 in
2494 2635 2832 2703 ordinariis
2873 2637 3159 2706 comitiis
3203 2641 3422 2706 Sacro-

1839 2738 1984 2786 rum
2013 2720 2278 2787 Rituum
2310 2724 2832 2810 congregationis
2869 2725 3173 2793 hodierna
3205 2726 3312 2795 die
3341 2728 3419 2794 ad

1841 2809 2210 2875 Vaticanum
2251 2808 2503 2895 habitis,
2550 2813 2689 2878 Emi
2721 2823 2786 2879 et
2817 2813 2956 2880 mni
2988 2817 3202 2881 Patres
3230 2815 3422 2881 sacris

1841 2896 2097 2963 tuendis
2150 2897 2394 2964 Ritibus
2439 2899 2821 2988 praepositi,
2868 2912 3009 2988 post
3055 2913 3421 2970 accuratum

1840 3003 2110 3052 examen
2155 2986 2684 3074 respondendum
2729 3003 3166 3058 censuerunt:

1974 3093 2013 3135 ι
2041 3073 2461 3157 Affirmative,
2510 3075 2586 3142 ad
2637 3076 2907 3164 primam
2954 3089 3241 3166 partem3
3298 3081 3423 3146 Ne-

1841 3161 2078 3248 gaure,
2126 3162 2205 3230 ad
2249 3162 2598 3229 secundam
2631 3184 2696 3230 ».

1972 3250 2183 3334 Atque
2213 3248 2297 3316 ita
2330 3250 2592 3318 rescribi
2638 3262 2704 3318 et
2747 3252 2984 3319 servari
3034 3257 3216 3323 Sacra
3261 3257 3422 3323 con·

1842 3336 2131 3427 gregatio
2177 3337 2526 3406 mandavit.

1975 3424 2089 3491 Die
2137 3429 2221 3493 26
2266 3426 2467 3493 Martii
2516 3432 2709 3497 1859.

1842 3568 2110 3638 3084.
2422 3570 2843 3637 EUGUBINA.

3195 3572 3422 3662 (uass)

1971 3697 2167 3760 mnus
2190 3694 2263 3758 D.
2288 3690 2695 3759 Innocentius
2716 3692 3050 3762 Sannibale
3074 3695 3426 3785 Episcopus

1840 3780 2216 3867 Eugubinus
2247 3798 2575 3866 exponens
2607 3778 2753 3847 buic
2787 3783 2855 3849 S.
2881 3781 3033 3850 Sodi
3064 3801 3227 3850 anno
3259 3789 3425 3853 1805

1841 3869 2015 3937 iussu
2062 3870 2150 3935 cl.
2197 3886 2331 3934 me.
2379 3868 2704 3954 Angeletti
2752 3870 3054 3958 Episcopi
3098 3871 3421 3959 Eugubini

1845 3956 2158 4046 prodiisse
2233 3955 2527 4023 libellum
2597 3959 2975 4025 Sanctorum
3051 3958 3427 4027 Dioeceseos

1844 4042 2221 4133 Eugubinae
2266 4043 2356 4111 sic
2400 4041 2826 4132 inscriptum:
2888 4043 3106 4134 Officia
3161 4048 3427 4116 Sancto·

1845 4153 1995 4201 mm
2038 4133 2111 4198 dc
2148 4141 2479 4218 praecepto
2530 4151 2648 4216 pro
2709 4133 3131 4218 nequem-itm
3187 4138 3262 4202 in
3308 4139 3425 4203 Ec-

1846 4222 2040 4288 clesia
2087 4220 2433 4306 Euyubina
2479 4239 2560 4286 σω
2590 4221 2848 4288 Indulto
2880 4222 3235 4306 Apostolico
3265 4227 3429 4291 reci·

1847 4309 2098 4389 tandaf
2155 4307 2601 4374 animadvertit
2668 4309 3187 4376 Sanctimoniales
3247 4311 3428 4379 Ordi-

1847 4396 2022 4466 nario
2067 4394 2407 4479 subiectas,
2441 4413 2601 4481 quae
2635 4406 2846 4465 tamen
2885 4406 3156 4464 utuntur
3186 4398 3429 4488 proprii

1843 4481 2095 4555 Ordinis
2163 4483 2566 4566 calendario,
2630 4483 3067 4551 recitationem
3130 4486 3429 4555 omittere

1845 4570 2213 4641 officiorum
2257 4570 2320 4639 in
2363 4580 2717 4637 memorato
2770 4570 3017 4645 Libello
3074 4573 3430 4660 descripto·

1849 4679 1994 4728 rum
2037 4659 2341 4747 (quorum
2372 4659 2680 4727 nonnulla
2709 4679 2829 4727 nec
2860 4660 3281 4728 concessionis
3310 4664 3430 4729 Re·

1850 4748 2161 4835 scriptum
2186 4746 2652 4836 praeseferunt)
2681 4749 2969 4837 exceptis
2989 4745 3218 4815 Officiis
3241 4753 3312 4818 S.
3331 4752 3434 4816 Pa-

1852 4836 2020 4904 troni
2050 4835 2221 4919 Loci,
2250 4833 2542 4902 Titularis
2573 4844 2640 4902 et
2669 4836 3091 4903 Dedicationis
3114 4836 3433 4904 Ecclesiae

1853 4923 2273 5008 Catbedralis‚
2313 4940 2477 5008 quae
2507 4943 2539 4988 a
2572 4923 2989 5011 Regularibus
3036 4924 3227 4992 etiam
3270 4925 3434 4992 reci-

1854 5012 1971 5078 tari
2018 5012 2287 5079 debent.
2333 5012 2512 5078 Nunc
2544 5028 2699 5078 vero
2733 5011 3080 5099 Episcopus
3120 5022 3330 5080 orator
3358 5012 3437 5079 ab

1856 5101 1969 5168 bac
2017 5101 2202 5166 Sacra
2259 5098 2521 5165 Rituum
2574 5099 3080 5186 congregatione
3128 5099 3438 5169 declarari

1859 5186 2046 5275 petiit
2073 5211 2091 5253 ε
