4042 5950
1584 229 2056 307 -263-

167 383 544 453 memoratio
574 382 920 472 Simplicis,
963 384 1216 470 quando
1273 384 1515 453 ratione
1576 385 1750 454 Sole-

163 471 443 540 mnitatis
488 471 687 538 altera
735 472 913 539 Missa
960 469 1292 539 cantatur?

261 564 362 660 .8.
397 563 496 627 An
540 558 817 660 Litaniae
876 563 1281 644 Sanctorum,
1331 561 1510 661 iuxta
1566 580 1752 663 prae-

158 647 1505 836 ffixffl‘sfitzuss}&312333‘323'2'33
1528 668 1748 836 ⁰303}

160 825 238 891 de
272 832 625 924 praecepto
669 834 754 890 1ta
785 823 1144 892 recitandae
1193 825 1258 893 in
1304 829 1489 892 Festo
1537 828 1746 895 Sancti

159 913 346 979 llarci
396 922 468 978 et
514 931 578 977 tn
609 909 1108 999 Rogationibus?

286 1004 356 1068 9.
410 1003 510 1066 An
542 1000 606 1066 in
637 999 824 1067 dictis
867 999 1082 1069 Feriis.
1113 1001 1291 1068 Missa
1319 998 1743 1090 Rogationum

157 1088 235 1156 sit
277 1089 365 1155 de
418 1098 764 1189 praecepto
831 1087 1251 1174 celebranda,
1300 1109 1464 1176 quae
1518 1089 1580 1156 in
1627 1089 1745 1157 hac

155 1177 488 1243 Provincia
553 1194 635 1242 ex
682 1175 1032 1243 inveterata
1100 1178 1570 1246 consuetudine
1614 1194 1744 1244 non

159 1276 250 1331 est
300 1265 370 1330 in
419 1261 597 1332 usu‘?

287 1356 397 1421 10.
436 1357 533 1419 An
570 1352 634 1419 in
667 1352 892 1420 diebus
923 1351 1363 1420 anniversariis
1394 1351 1740 1420 Electionis

157 1451 217 1507 et
259 1440 704 1508 coronationis
749 1440 992 1508 Summi
1053 1440 1410 1526 Pontificis‚
1459 1440 1740 1509 collecta

156 1529 216 1594 in
247 1527 432 1684 Uisssa
465 1548 581 1615 pro
611 1529 859 1597 Eodem
889 1528 1293 1617 adiungenda
1327 1528 1408 1596 sit
1440 1529 1526 1596 de
1557 1547 1737 1617 prae·

156 1638 186 1685 c
275 1628 342 1684 to
1177 1648 1180 1653 ·

191 1637 396 1772 epu.
449 1705 544 1773 An
574 1703 902 1772 toleranda
931 1703 1011 1771 sit
1040 1706 1146 1772 vel
1182 1704 1559 1775 eliminanda
1589 1724 1736 1772 con-

150 1793 433 1863 suetudo
477 1793 850 1877 inveterata,
885 1812 1006 1879 qua
1038 1794 1344 1860 Sacerdos
1373 1794 1485 1880 qui
1521 1794 1599 1861 ad
1630 1794 1733 1860 Al-

154 1894 281 1948 tare
313 1881 578 1968 aliquod
626 1881 705 1949 ad
751 1880 1208 1948 celebrandum
1237 1881 1484 1949 accedit
1529 1882 1633 1948 vel
1657 1878 1734 1947 ab

152 1990 224 2037 eo
273 1969 553 2056 recedit,
601 1968 692 2035 sic
735 1968 924 2035 sacris
969 1966 1249 2036 vestibus
1294 1968 1593 2037 Sacrificii
1640 1969 1733 2035 in·

150 2058 343 2125 dutus
418 2069 487 2124 et
552 2075 705 2145 prae
773 2055 1065 2125 manibus
1133 2056 1407 2125 Calicem
1476 2068 1729 2141 tenens,

149 2147 449 2215 ascendat
494 2145 559 2213 in
593 2144 859 2237 transitu
895 2145 974 2212 ad
1017 2144 1261 2231 Altare,
1296 2146 1361 2212 in
1393 2165 1520 2232 quo
1551 2145 1731 2212 adest

150 2235 553 2302 Sanctissima
586 2232 998 2315 Eucharistia,
1033 2244 1103 2300 ut
1147 2233 1232 2300 ibi
1276 2252 1520 2301 sacram
1544 2236 1729 2300 com-

149 2323 528 2390 munionem
561 2319 860 2389 fidelibus
892 2319 1277 2389 distribuat?
1320 2332 1386 2389 et
1415 2332 1729 2406 quatenus

150 2430 272 2477 non
316 2411 405 2477 sit
450 2410 821 2477 toleranda:
867 2409 990 2493 An,
1024 2407 1333 2498 depositis
1378 2411 1628 2476 Planeta
1663 2419 1729 2475 et

149 2497 470 2586 Manipulo
518 2498 585 2565 in
630 2497 943 2581 Sacristia,
984 2498 1292 2565 accedere
1339 2496 1534 2586 possit
1579 2513 1726 2563 cum

153 2586 300 2655 Alba
352 2598 422 2653 et
467 2585 687 2655 Stola?

280 2679 393 2743 12.
439 2678 538 2742 An
584 2674 754 2742 Stola
822 2696 939 2764 pro
984 2673 1393 2742 ministranda
1455 2673 1721 2742 Sanctis·

148 2763 294 2830 sima
340 2762 735 2831 Eucharistia
787 2777 968 2836 extra
1019 2763 1262 2830 Missam
1311 2781 1445 2829 esse
1494 2762 1724 2831 debeat

150 2851 378 2918 coloris
430 2850 645 2918 Officio
703 2851 876 2921 illius
938 2851 1071 2919 diei
1131 2850 1599 2934 convenientis,
1649 2857 1721 2916 ut

146 2938 522 3041 praescribit
588 2938 837 3008 Rituale
904 2944 1301 3019 Romanum;
1367 2937 1472 3006 vel
1532 2936 1719 3038 etiam

146 3039 550 3184 ἓῖῖ-..ξὲῗίἑ
591 3028 1048 3201 {diss-1333,
1086 3028 1719 3184 ἔὲὲᾱῖηηῗὶῗέἓὲἑὲἓῗ

143 3201 487 3273 Doctores?

269 3291 770 3360 Eminentissimi
816 3293 1030 3379 itaque
1077 3312 1148 3359 ac
1183 3287 1714 3359 Reverendissimi

145 3385 353 3448 Patres
396 3380 600 3450 Sacris
645 3381 905 3450 tuendis
948 3380 1192 3448 Ritibus
1240 3376 1602 3466 praepositi,
1652 3374 1716 3441 in

141 3469 480 3538 ordinariis
525 3468 815 3537 comitiis
859 3469 938 3537 ad
985 3469 1352 3537 Vaticanum
1405 3464 1713 3533 hodierna

142 3557 243 3626 die
303 3556 680 3639 coadunati,
745 3556 1015 3643 singulis
1074 3564 1320 3624 mature
1383 3551 1717 3643 perpensis

141 3646 612 3734 diligenterque
674 3644 1078 3731 examinatis,
1144 3643 1466 3710 referente
1525 3639 1713 3708 infra-

138 3735 374 3822 scripto
436 3733 790 3801 secretario
813 3782 831 3817 ,
902 3731 1386 3801 rescribendum
1448 3747 1712 3798 censue-

145 3832 333 3890 runt:

264 3909 368 3980 Ad
420 3912 478 3977 1.
531 3931 571 3978 c
600 3909 990 3978 Affirmative
1024 3930 1089 3976 ι.

262 3998 363 4068 Ad
411 4001 477 4066 2.
527 4011 565 4065 ‹·
597 3998 989 4066 Affirmative
1021 4019 1088 4064 ›.

264 4087 366 4156 Ad
412 4091 476 4155 3.
528 4109 566 4153 ι
599 4091 667 4153 ln
711 4085 887 4154 Missa
934 4082 1205 4154 solemni
1250 4092 1493 4152 tantum
1527 4102 1590 4150 ».

260 4174 361 4244 Ad
410 4179 473 4242 4.
527 4197 564 4241 α
596 4175 882 4242 Abusum
943 4193 1080 4242 esse
1140 4171 1596 4240 eliminandum
1640 4190 1704 4238 ».

263 4263 360 4330 Ad
409 4267 474 4329 5.
525 4285 564 4328 ‹
596 4262 901 4349 Negative
934 4283 1002 4329 ».

260 4350 359 4420 Ad
407 4353 475 4418 6.
526 4373 565 4416 ‹
596 4350 901 4439 Negative
933 4371 999 4416 ν.

258 4438 358 4508 Ad
405 4443 472 4507 7.
519 4461 560 4505 c
592 4440 927 4525 Negative,
975 4438 1043 4506 in
1091 4453 1236 4505 casu
1267 4459 1330 4503 ».

259 4527 358 4597 Ad
404 4530 470 4596 8.
521 4548 561 4595 ‹
591 4526 986 4595 Affirmative
1022 4548 1082 4593 ν.

257 4616 357 4684 Ad
405 4621 471 4685 9.
525 4637 562 4681 α
596 4615 1008 4700 Affirmative,
1035 4615 1084 4681 si
1114 4614 1219 4681 fiat
1242 4613 1560 4682 Processio
1591 4615 1708 4682 Ro-

135 4705 459 4795 gationum
495 4725 562 4772 ».

256 4794 353 4861 Ad
408 4796 514 4862 10.
562 4814 600 4858 ‹
633 4791 1025 4859 Affirmative
1057 4812 1118 4857 ».

253 4881 353 4951 Ad
405 4884 508 4949 11.
558 4901 598 4948 ‹
628 4880 725 4948 Ad
767 4880 1042 4968 primam
1177 4888 1378 4945 rtem:
1430 4876 1490 4944 Si
1540 4876 1701 4946 adsit

135 4968 494 5053 necessitas,
519 4988 708 5058 posse
741 4967 1031 5047 tolerari;
1058 4989 1090 5034 a
1157 4966 1529 5049 secundam,
1554 4970 1703 5033 Pro-

134 5059 331 5126 visum
377 5056 443 5124 in
493 5057 695 5146 prima
728 5078 796 5124 ».

255 5146 349 5215 Ad
404 5149 512 5212 12.
560 5167 597 5211 α
629 5144 1046 5230 Affirmative,
1074 5143 1150 5211 ad
1185 5152 1532 5227 utrumque
1559 5164 1627 5209 »-

255 5237 468 5323 Atque
531 5232 616 5301 ita
674 5234 1139 5322 rescripserunt
1197 5249 1267 5298 ac
1311 5230 1698 5300 servandum

135 5341 262 5392 esse
306 5323 705 5395 mandarunt.
756 5321 869 5391 Die
920 5325 998 5394 12
1044 5317 1245 5388 Martii
1295 5321 1488 5388 1836.

1861 388 2099 459 2⁷41.
2410 392 2880 460 VALENTINA.

1984 567 2288 635 Sacerdos
2334 567 2605 654 Spiritus
2650 571 2958 636 Gustavus
3001 573 3194 636 louve
3232 571 3428 638 cano-

1850 651 2031 721 nicus
2077 664 2141 720 et
2182 655 2737 744 Eleemosynarius
2782 656 3077 744 Episcopi
3111 658 3428 725 Valentini

1853 742 2138 827 quaerit:

1987 833 2047 896 1.
2114 833 2280 898 Num
2348 840 2642 899 teneatur
2708 831 2880 900 ferre
2941 852 3138 920 super
3205 832 3425 901 babitu

1820 916 2090 1000 ‚chorali
2137 919 2413 1003 Stolam,
2463 920 2715 1005 quando
2779 920 3196 988 assistentiam
3241 940 3428 1008 prae·

1846 1014 1967 1070 stat
2013 1006 2356 1093 Episcopo,
2403 1008 2560 1077 dum
2609 1007 2674 1074 in
2717 1008 2999 1075 oratorio
3030 1007 3275 1095 privato
3321 1019 3432 1076 aut

1846 1091 1992 1159 alibi
2025 1095 2268 1162 Missam
2302 1092 2621 1164 celebrat?
2665 1105 2730 1161 et
2760 1105 3074 1182 quatenus
3102 1095 3423 1183 negative,

1980 1186 2043 1247 2.
2109 1185 2276 1249 Νιιιιι
2334 1182 2451 1250 sibi
2513 1183 2740 1262 liceat,
2788 1183 3024 1269 absque
3083 1184 3425 1253 violatione

1845 1269 2299 1355 Rubricatum,
2349 1271 2587 1338 Stolam
2657 1270 2855 1337 ferre-
2898 1270 2962 1336 in
3024 1270 3269 1341 casibus
3322 1291 3426 1338 su-

1844 1356 2199 1442 pradictis?
2894 1370 2903 1383 ⁴

1977 1450 2057 1512 Et
2100 1449 2284 1514 Sacra
2328 1447 2590 1516 Rituum
2633 1446 3081 1533 congregatio,
3125 1446 3190 1513 in
3234 1446 3417 1515 Ordi-

1841 1533 2015 1611 nario
2062 1538 2263 1603 coetu
2295 1538 2373 1603 ad
2405 1537 2773 1602 Vaticanum
2806 1533 3111 1602 hodierna
3140 1532 3249 1602 die
3282 1554 3423 1601 coa-

1840 1620 2100 1706 dunata,
2134 1622 2210 1689 ad
2260 1623 2636 1690 relationem
2674 1619 3023 1708 subsignati
3055 1621 3416 1708 Secretarii,

1844 1709 2366 1796 respondendum
2413 1710 2697 1778 censuit:

1971 1798 2070 1864 Ad
2123 1802 2181 1865 1.
2231 1820 2268 1864 α
2302 1798 2611 1887 Negative
2643 1819 2706 1863 ».

1971 1886 2065 1952 Ad
2114 1890 2179 1954 2.
2230 1908 2268 1952 ‹
2300 1886 2559 1955 Obstant
2587 1890 2853 1953 Decreta
2883 1908 2947 1954 ι.
3002 1887 3113 1954 Die
3149 1892 3228 1955 12
3262 1891 3415 1955 Har-

1843 1972 1911 2038 tii
1962 1977 2156 2042 1836.

1837 2114 2084 2185 2742.
2411 2115 2833 2182 ANAGNJNA.
3186 2115 3407 2203 (4779)

1962 2240 2170 2317 Quum
2202 2236 2544 2305 hodiernus
2574 2235 2974 2324 Praepositus
3019 2236 3411 2305 cathedralis

1833 2325 2155 2392 Ecclesiae
2196 2325 2560 2411 Anagninae
2610 2326 2764 2414 (non
2810 2322 3097 2391 obstante
3134 2328 3408 2392 Decreto

1832 2417 2054 2482 Sacrae
2094 2412 2354 2480 Rituum
2394 2411 2912 2501 congregationis
2944 2409 3073 2479 diei
3106 2415 3189 2480 21
3222 2412 3403 2499 Apri-

1832 2501 1907 2567 lis
1960 2503 2150 2584 1736,
2199 2519 2325 2586 quo
2373 2500 2649 2569 edicitur
2694 2499 2757 2566 in
2804 2518 2927 2567 una
2970 2498 3296 2588 Anagnina
3340 2500 3407 2567 in

1827 2587 2240 2674 responsione
2286 2588 2362 2654 ad
2410 2587 2678 2657 dubium
2724 2591 2791 2671 9,
2839 2587 3166 2676 praedicto
3222 2591 3406 2654 Prae·

3216 388 3439 479 (4778)

1785 2664 2034 2829 'Rgsito
2077 2694 2208 2743 non
2239 2675 2463 2743 deberi
2495 2684 2874 2765 ‚paramenta
2917 2695 3086 2743 sacra
3131 2683 3198 2742 et
3225 2673 3405 2742 nobi-

1914 2784 1980 2830 ra
2023 2763 2089 2830 in
2137 2765 2278 2830 loco
2323 2764 2646 2832 distinctio
2691 2783 2726 2829 a
2770 2761 3002 2831 ceteris
3047 2761 3401 2851 canonicis)

1822 2861 2185 3007 praesumat
2216 2851 2376 2918 banc
2410 2851 2608 2938 ipsam
2633 2850 3112 2919 distinctionem
3133 2850 3253 2917 sibi
3275 2850 3406 2918 vin-

1870 2939 2075 3007 icare:
2122 2939 2413 3008 nonnulli
2465 2959 2547 3006 ex
2591 2936 2917 3010 canonicis
2946 2936 3144 3026 ipsius
3176 2938 3401 3009 cathe-

1822 3027 2016 3095 dralis
2066 3028 2144 3095 ad
2193 3030 2442 3095 Sacram
2501 3028 2762 3098 Bituum
2823 3027 3399 3115 congregationem

1819 3115 2187 3183 huiusmodi
2234 3116 2467 3183 factum
2512 3116 2967 3183 reclamarunt.

1954 3207 2034 3270 Et
2079 3207 2264 3271 Sacra
2314 3202 2539 3272 eadem
2598 3203 3019 3289 congregatio
3042 3249 3061 3286 ,
3109 3203 3190 3269 ad
3236 3202 3399 3270 Vati-

1818 3310 2046 3359 canum
2096 3291 2402 3359 bodierna
2432 3291 2540 3358 die
2572 3286 2920 3358 coadunata
2959 3288 3024 3357 in
3053 3288 3396 3358 ordinariis

1817 3380 2142 3464 Comitiis,
2191 3378 2268 3445 ad
2332 3378 2707 3446 relationem
2766 3376 3114 3463 subsignati
3169 3378 3393 3446 Secre-

1823 3466 1986 3550 tarii,
2019 3465 2500 3534 rescribendum
2546 3465 2834 3534 censuit:
2878 3487 2916 3531 ι
2941 3465 3257 3554 Episcopo
3287 3463 3394 3533 ad-

1819 3554 2253 3638 ministratori,
2287 3553 2397 3640 qui
2426 3557 2504 3624 ad
2538 3554 2817 3621 tramites
2848 3553 3099 3622 Decreti
3132 3552 3198 3621 in
3225 3557 3387 3620 Ana·

1818 3645 2008 3731 guina
2037 3642 2156 3710 sub
2186 3643 2291 3710 die
2344 3645 2425 3708 21
2458 3641 2693 3731 Aprilis
2731 3645 2922 3727 1736,
2956 3641 3289 3729 provideat
3322 3660 3386 3706 ».

1815 3731 1929 3798 Die
1979 3735 2059 3800 12
2106 3730 2303 3799 Martii
2356 3732 2545 3798 1836.

1817 3909 2068 3980 2743.
2377 3907 2820 3975 nnsnoNssN.
3162 3903 3388 3994 (4780)

1787 4055 1816 4070 “
1943 4086 2148 4163 Quum
2191 4047 2778 4151 Reverendissimus
2808 4079 3189 4149 Rbedonen.
3236 4079 3389 4169 Epi-

1812 4191 2042 4261 scopus
2087 4170 2611 4238 animadverterit
2655 4188 2803 4236 suae
2851 4166 3164 4237 Dioecesis
3208 4171 3389 4234 Paro-

1814 4263 1965 4329 chos
2012 4260 2074 4326 in
2120 4257 2444 4326 nonnullis
2474 4255 2988 4326 administrandis
3018 4257 3386 4330 Sacramen-

1810 4349 1889 4415 tis
1933 4348 2141 4435 quoad
2206 4346 2504 4433 quasdam
2564 4343 2992 4411 caeremonias
3055 4341 3222 4409 baud
3270 4361 3383 4430 pe-

1808 4436 1976 4504 nitus
2022 4436 2190 4502 inter
2220 4454 2288 4500 se
2337 4434 2704 4516 convenire,
2738 4451 2856 4499 nec
2891 4449 3028 4499 eam
3072 4449 3275 4517 aeque
3305 4428 3386 4496 ab

1812 4522 2104 4592 omnibus
2148 4521 2384 4592 servari
2432 4520 2964 4603 uniformitatem,
3010 4537 3201 4604 quam
3248 4519 3384 4606 ipse

1809 4612 2083 4680 maxime
2116 4620 2397 4697 optaret;
2432 4628 2549 4699 pro
2580 4628 2659 4676 eo
2695 4627 2822 4696 quo
2856 4617 3131 4696 praestat
3168 4605 3382 4675 studio

1808 4720 1878 4768 ac
1923 4697 2253 4785 diligentia
2282 4697 2360 4765 ad
2410 4707 2659 4765 rectum
2704 4696 2993 4764 ordinem
3033 4694 3101 4761 in
3136 4693 3382 4762 Ritibus

1806 4808 1874 4855 ac
1934 4785 2361 4856 caeremoniis
2412 4784 2735 4852 Ecclesiae
2791 4782 3177 4852 servandum
3202 4830 3221 4867 ,
3272 4784 3380 4850 Sa·

1808 4894 1949 4942 crae
1994 4875 2254 4942 Rituum
2312 4871 2800 4961 congregationi
2862 4869 3225 4938 bumillime
3283 4888 3383 4936 se-

1805 4962 2064 5050 quentia
2109 4960 2297 5029 dubia
2343 4959 2672 5029 enodanda
2720 4956 3053 5050 proposuit
3081 4958 3158 5025 ad
3207 4957 3379 5027 hunc

1804 5052 2001 5119 finem
2045 5047 2381 5136 aliquando
2426 5046 2883 5128 obtinendum;
2931 5045 3273 5115 videlicet:

1942 5145 2005 5206 1.
2053 5140 2272 5222 Anne,
2326 5135 2491 5204 ultra
2553 5136 2797 5224 pedum
2855 5153 3000 5237 pars
3058 5132 3376 5222 superior,

1806 5227 2069 5296 inferior
2112 5245 2368 5315 quoque
2405 5224 2704 5313 ungenda
2738 5225 2820 5294 sit
2856 5243 2922 5294 in
2968 5224 3373 5294 Sacramento

1811 5321 2152 5388 Extremae
2197 5310 2562 5416 tinctionis?
