4042 5950
2020 269 2492 354 ...226—

620 461 691 512 ac
750 441 1185 510 Procuratoris
1251 434 1793 525 Responsionibus
1853 431 2212 520 diligentis-

620 531 819 613 simis,
857 530 919 596 in
949 527 1278 597 Ordinario
1328 526 1665 592 Sacrorum
1711 523 1976 591 Rituum
2006 525 2209 588 coetu

618 621 697 688 ad
728 618 1100 688 Vaticanum
1129 617 1247 685 sub
1280 612 1674 700 infrascripta
1708 611 1812 679 die
1846 620 2062 677 coacto
2095 609 2209 676 de-

618 708 765 793 lata,
793 706 932 776 mi
959 717 1021 772 et
1044 704 1185 772 Rmi
1208 709 1425 772 Patres
1448 701 1649 769 Sacris
1672 700 1916 767 Ritibus
1952 697 2205 764 tuendis

619 793 990 885 praepositi,
1039 793 1251 860 6611116
1298 791 1602 857 relatione
1644 787 1786 856 Emi
1818 797 1883 853 et
1913 785 2054 853 11611
2087 789 2206 851 Do-

616 882 773 951 mini
820 880 1167 949 cardinalis
1199 877 1598 947 Iulii-Mariae
1628 881 1717 943 De
1750 875 2038 943 Somalea
2068 873 2211 962 Epi-

616 970 793 1059 scopi
827 968 1127 1038 Ostiensis
1161 978 1226 1035 et
1258 964 1573 1034 Veliterni
1619 963 1919 1032 Ponentis
1966 962 2208 1030 eidem·

617 1080 742 1146 que
769 1056 1255 1144 congregationi
1281 1053 1617 1137 Praefecti,
1641 1064 1830 1137 atque
1865 1050 2204 1118 momentis

619 1146 912 1214 omnibus
943 1143 1089 1213 binc
1122 1144 1269 1212 inde
1302 1142 1505 1209 allatis
1535 1142 1762 1210 sedulo
1804 1140 2046 1208 libratis
2076 1157 2205 1205 ma·

617 1247 894 1321 tureque
939 1233 1257 1316 discussis,
1298 1229 1576 1299 unanimi
1624 1248 1936 1296 consensu
1980 1226 2205 1294 rescri-

614 1323 899 1392 bendum
945 1317 1367 1390 censueruntz
1418 1338 1455 1382 11
1482 1317 1965 1386 consulendum
2010 1318 2203 1385 SSmo

614 1431 734 1499 pro
781 1409 978 1500 gratia
1012 1431 1076 1474 ».
1127 1407 1239 1474 Die
1287 1410 1369 1475 27
1418 1404 1816 1494 Septembris
1867 1407 2065 1471 1828.

748 1504 928 1567 Facta
988 1506 1202 1563 autem
1248 1497 1332 1563 de
1380 1494 1738 1582 praemissis
1796 1492 2091 1560 omnibus
2140 1502 2206 1557 et

614 1587 884 1676 singulis
953 1587 1144 1652 881116
1213 1584 1478 1650 0661166
1548 1584 1776 1649 Nostro
1836 1582 2035 1647 Leoni
2096 1583 2204 1649 XII

615 1680 795 1743 Pont.
849 1677 1008 1742 Max.
1060 1691 1178 1762 per
1232 1670 1704 1758 infrascriptum
1761 1669 2053 1736 eiusdem
2100 1672 2205 1736 Sa·

618 1782 761 1831 crae
813 1759 1337 1848 congregationis
1386 1758 1814 1828 secretarium
1868 1758 2201 1841 relatione,

618 1851 923 1922 Sanctitas
969 1852 1093 1916 Sua
1140 1848 1204 1914 in
1251 1848 1544 1915 omnibus
1574 1845 1944 1927 annuendo,
1978 1849 2203 1914 Sacrae

616 1936 1139 2026 congregationis
1212 1936 1618 2025 Rescriptum
1693 1931 2066 2022 approbavit
2140 1942 2205 1999 et

617 2026 1040 2109 confirmavit,
1102 2045 1173 2091 ac
1239 2028 1307 2091 S.
1350 2029 1612 2091 Petrum
1670 2020 2038 2090 Damianum
2084 2026 2201 2088 Do-

617 2127 865 2185 ctorum
933 2114 1094 2181 Albo
1162 2113 1518 2198 recensuit,
1584 2110 1851 2196 eiusque
1909 2109 2199 2177 Officium

617 2205 734 2272 sub
781 2203 907 2270 ritu
954 2202 1137 2291 dupl.
1176 2200 1333 2268 min.
1380 2219 1529 2267 cum
1573 2198 1976 2265 Lectionibus
2006 2196 2200 2285 primi

612 2290 921 2360 Nocturni
982 2291 1065 2358 de
1119 2290 1479 2376 Scriptura,
1528 2286 1723 2354 instar
1782 2285 2204 2353 concessionis

617 2380 814 2447 iactae
874 2380 1063 2447 Clero
1124 2381 1559 2444 Ravennaten.
1628 2393 1790 2441 anno
1859 2377 2058 2459 1723,
2118 2374 2196 2441 611

613 2467 975 2536 universam
1022 2464 1314 2532 extendit
1367 2463 1754 2540 Ecclesiam;
1804 2481 1873 2527 ac
1919 2462 2202 2550 desuper

615 2556 923 2624 Generale
979 2557 1320 2621 Decretum
1380 2552 1566 2618 Urbis
1631 2559 1696 2616 et
1761 2549 1940 2617 Orbis
1999 2569 2196 2638 expe-

614 2644 737 2713 diri
796 2641 1147 2731 praecepit.
1209 2639 1497 2708 Calendis
1556 2636 1841 2706 Octobris
1902 2637 2196 2706 eiusdem

615 2730 782 2799 Anni
833 2734 1026 2798 1828.

613 2872 876 2943 2664.
1187 2870 1609 2937 mammen.
1963 2867 2190 2956 (1633)

743 2995 1086 3064 Ρ6166111611
1111 2995 1176 3062 16
1198 2995 1476 3063 Ecclesia
1501 2993 1986 3062 castriveterani
2011 2994 2193 3061 Dioe-

614 3085 774 3153 cesis
820 3084 1155 3152 Maza'rien.
1189 3103 1325 3153 mos
1372 3093 1468 3148 est
1514 3086 1779 3150 Ssmum
1826 3085 2194 3150 Sacramen-

613 3186 752 3242 tum
807 3171 1101 3261 publicae
1165 3170 1454 3239 fidelium
1513 3171 1909 3240 venerationi
1959 3172 2025 3238 in
2069 3177 2188 3238 Ara

613 3261 880 3330 maxima
926 3280 1008 3327 ex
1096 3259 1331 3343 666111,
1381 3262 1640 3328 11616616
1687 3263 1752 3327 S.
1795 3261 2036 3327 Ioannis
2081 3265 2190 3327 Ba-

611 3352 839 3441 ptistae
885 3350 1029 3418 Titu
1057 3351 1180 3416 aris
1231 3347 1552 3415 Ecclesiae
1600 3357 1666 3415 et
1710 3347 2023 3448 praedicti
2067 3351 2189 3436 Op·

608 3438 747 3527 pidi
815 3436 1141 3525 praecipui
1209 3435 1457 3503 Patroni
1517 3436 1747 3523 insigni
1808 3435 2184 3521 Simulacro,

610 3526 782 3613 quod
828 3544 959 3591 non
1000 3543 1191 3611 supra
1235 3525 1446 3589 Altare
1478 3524 1591 3589 sed
1628 3532 1805 3590 extra
1851 3524 2012 3615 illud
2043 3544 2188 3591 sex-

611 3612 822 3683 decim
870 3612 1006 3679 1616
1036 3611 1261 3699 6611613
1292 3612 1651 3677 3616661661
1687 3612 1750 3678 16
1778 3612 2036 3700 6166116
2067 3615 2191 3679 Ae-

610 3701 820 3770 dicula
882 3699 1133 3782 existit,
1185 3707 1248 3764 61
1304 3698 1387 3763 116
1446 3699 1871 3788 16366161616,
1920 3712 1992 3766 61
2039 3701 2187 3768 reli·

611 3789 789 3878 gioso
834 3788 1030 3854 modo
1075 3785 1368 3855 fidelibus
1406 3788 1658 3874 Agnum
1703 3788 1814 3854 Dei
1858 3787 1969 3875 1161
2018 3789 2187 3855 161111

611 3886 867 3966 6666616
921 3874 1139 3941 6166111
1206 3885 1612 3962 61663661616
1658 3875 1972 3943 videatur.
2023 3881 2185 3945 cen·

609 3978 747 4032 tum
796 3962 1177 4050 etamplius
1233 3963 1310 4039 ab
1368 3961 1515 4029 hinc
1568 3963 1742 4030 aunis
1787 3964 1964 4052 viget
2025 3965 2182 4032 11666

609 4052 1027 4135 consuetudo,
1060 4051 1426 4119 confirmata
1459 4068 1717 4138 semper
1744 4052 1821 4119 ab
1851 4052 2182 4141 Episcopis

606 4141 1029 4223 Dioecesanis,
1080 4150 1145 4207 et
1190 4136 1563 4226 nuperrime
1606 4140 1683 4207 ab
1731 4139 2039 4208 hodierno
2070 4144 2180 4207 Or-

606 4229 878 4313 dinario,
926 4229 1032 4314 qui
1079 4227 1281 4315 prima
1328 4225 1712 4314 Episcopalis
1765 4247 1914 4295 suae
1969 4227 2180 4295 visita-

604 4317 795 4384 tionis
825 4317 932 4384 die
962 4320 1221 4385 Sacrum
1262 4333 1456 4403 agens
1490 4314 1680 4381 talem
1714 4315 2179 4404 expositionem

604 4426 713 4472 sua
744 4423 936 4472 manu
979 4404 1276 4493 perfecit,
1314 4414 1379 4469 et
1411 4401 1729 4492 publicam
1759 4404 1996 4474 deinde
2027 4424 2176 4492 sup·

604 4492 1011 4582 plicationem
1058 4492 1327 4559 solemni
1360 4491 1561 4558 ductu
1598 4493 1931 4580 pertraxit,
1965 4515 2036 4560 ac
2066 4497 2178 4564 de-

601 4582 800 4667 nique
831 4580 1077 4670 ingenti
1110 4582 1351 4669 populo
1373 4597 1523 4646 cum
1556 4583 1747 4648 Ssmo
1772 4584 2177 4650 Sacramento

603 4680 702 4737 631
763 4669 1275 4737 benedictionem
1344 4669 1728 4756 impertitus.
1794 4672 2002 4757 Super
2064 4672 2179 4739 bac

603 4758 1067 4826 consuetudine
1092 4777 1174 4824 ex
1196 4757 1338 4825 zelo
1369 4775 1499 4843 quo
1530 4758 1736 4825 fervet
1758 4761 1838 4826 R.
1861 4763 1931 4825 D.
1961 4763 2179 4830 Petrus

601 4844 786 4912 naria
831 4845 1041 4914 Triolo
1088 4844 1350 4913 actualis
1379 4846 1716 4932 Parocbus,
1766 4859 1837 4914 ut
1882 4847 2175 4915 ecclesia-

599 4933 741 5001 stici
788 4933 943 4998 ritus
987 4933 1277 5022 apprime
1321 4945 1685 5022 serventur,
1718 4937 1796 5004 ad
1844 4936 2034 5005 animi
2078 4935 2175 5003 sui

599 5020 1125 5107 tranquillitatem
1157 5023 1378 5089 Sacrae
1400 5024 1657 5091 Rituum
1686 5023 2175 5111 congregationi

597 5108 927 5191 sequentia
989 5108 1107 5177 tria
1163 5109 1354 5176 dubia
1416 5109 1776 5178 humillime
1840 5112 2175 5199 proposuit

601 5194 967 5281 enodanda,
1015 5195 1365 5262 nimirum:

734 5287 796 5349 1.
830 5288 926 5351 An
956 5283 1153 5350 velari
1187 5281 1415 5350 debeat
1450 5284 1872 5353 Simulacrum
1903 5290 1966 5354 8.
1996 5293 2168 5355 loan-

599 5369 696 5447 nis
718 5371 1055 5463 Baptistae,
1085 5370 1184 5437 vel
1212 5370 1424 5458 potius
1448 5372 1782 5458 plusquam
1809 5374 2165 5443 centenaria

2310 430 2708 498 consuetudo
2753 429 3060 498 servanda
3103 428 3221 514 sit,
3270 429 3657 517 exponendo
3709 429 3889 497 nimi-

2309 538 2451 586 rum
2504 522 2768 587 8861616
2825 521 3300 586 Sacramentum
3351 536 3498 584 cum
3564 517 3887 585 Simulacri

2306 607 2666 676 detectione
2691 657 2709 693 ,
2759 608 3012 694 quando
3072 605 3154 672 ob
3213 606 3625 693 ingruentem
3683 605 3888 693 publi-

2306 715 2442 763 cam
2474 696 2922 778 calamitatem,
2957 694 3246 761 collectis
3289 704 3355 761 et
3391 694 3677 781 elargitis
3725 694 3888 760 elee-

2308 785 2611 871 mosynis,
2660 786 2820 939 bpnc
2867 783 3338 871 expositionem
3389 792 3616 849 votum
3673 781 3888 871 populi

2309 892 2389 939 ex
2440 875 2671 940 ostulat

2391 891 2502 1027 p2.
2532 962 2792 1039 Quando
2815 959 3093 1028 natalitia
3114 959 3485 1026 solemnitas
3519 957 3712 1026 buius
3741 961 3886 1026 San·

2304 1048 2386 1117 cti
2425 1049 2720 1116 Titularis
2765 1049 3088 1116 Ecclesiae
3135 1058 3200 1114 et
3243 1048 3473 1133 Oppidi
3527 1044 3886 1135 principalis

2301 1137 2547 1204 Patroni
2611 1139 2890 1204 occurrit
2948 1136 3158 1222 aliqua
3218 1136 3328 1202 die
3383 1136 3546 1203 infra
3607 1145 3884 1201 octavam

2304 1225 2479 1292 SSmi
2525 1225 2821 1313 corporis
2864 1223 3154 1292 christi?

2436 1318 2501 1382 3.
2550 1315 2810 1391 Quando
2874 1313 3211 1400 quotannis
3268 1331 3486 1380 mense
3543 1310 3882 1379 Novembri

2301 1401 2508 1469 016116
2552 1401 2971 1488 Quadraginta
3020 1405 3330 1470 Horarum
3376 1396 3762 1489 peragitur?

2433 1494 2513 1556 Et
2576 1489 2716 1556 Emi
2774 1494 2987 1557 Patres
3056 1490 3260 1558 Sacris
3325 1489 3581 1557 tuendis
3639 1487 3886 1556 Ritibus

2299 1579 2642 1667 praepositi
2704 1578 2768 1645 in
2826 1577 3158 1645 Ordinatio
3226 1582 3566 1646 Sacrorum
3624 1577 3886 1645 Rituum

2299 1670 2500 1735 coetu
2546 1668 2624 1735 ad
2672 1667 3039 1735 Vaticanum
3087 1678 3330 1752 coacto,
3366 1666 3679 1753 exquisita
3709 1663 3888 1750 prius

2299 1755 2485 1822 unius
2518 1775 2600 1821 ex
2632 1755 3140 1842 Apostolicarum
3171 1755 3733 1822 Caeremoniarum
3767 1754 3887 1819 ua·
4005 1819 4007 1836 ,

2300 1842 2540 1932 gistris,
2588 1843 2906 1911 sententia
2949 1843 3203 1930 scriptis
3235 1842 3483 1911 reddita
3529 1842 3888 1931 praeloque
4005 1845 4007 1884 ¹

2302 1951 2471 2015 cusa,
2506 1931 2582 1998 ad
2617 1929 2995 1999 relationem
3028 1931 3170 2000 Emi
3202 1943 3270 2000 et
3302 1931 3440 1999 Rmi
3473 1929 3720 1997 Domini
3748 1935 3895 1998 car·
4005 1979 4007 2016 ;

2301 2020 2524 2087 dinalis
2549 2019 2754 2087 caroli
2776 2019 3145 2087 Odescalcbi
3170 2020 3493 2103 Ponentis,
3527 2018 3891 2086 rescriben-

2298 2107 2454 2175 dum
2501 2118 2892 2176 censuerunt
2936 2108 3055 2174 sub
3084 2108 3195 2174 die
3225 2111 3308 2175 22
3340 2107 3542 2175 Martii
3572 2107 3894 2173 vertentis

2296 2196 2467 2263 anni:
2496 2217 2533 2261 11
2558 2197 2655 2264 Ad
2680 2196 3018 2265 Dominum
3053 2195 3484 2266 secretarium
3513 2214 3662 2263 cum
3685 2197 3891 2263 ssmo

2299 2284 2471 2351 iuxta
2519 2296 2807 2352 mentem
2841 2307 2905 2352 ».

2429 2373 2667 2440 Placuit
2699 2383 2914 2440 autem
2944 2377 3136 2442 SSmo
3179 2373 3442 2441 Domino
3471 2376 3695 2441 Nostro
3733 2375 3894 2438 Leo·

2297 2461 2363 2529 61
2385 2463 2494 2530 xn
2525 2464 2709 2528 Pont.
2737 2466 2896 2529 Max.
2923 2482 3102 2529 suam
3132 2473 3417 2529 montem
3447 2480 3574 2529 non
3597 2459 3888 2550 aperire,

2296 2549 2746 2635 mandavitque
2792 2549 2913 2617 sub
2950 2551 3057 2618 die
3088 2555 3174 2619 26
3204 2551 3503 2618 1666631ιί
3545 2550 3788 2617 mensis
3821 2560 3890 2615 61

2297 2638 2468 2720 6661,
2501 2648 2572 2704 61
2614 2638 2851 2706 1161661
2880 2649 3352 2727 616666616161
3378 2640 3447 2707 16
3475 2638 3795 2728 proxima.

2426 2725 2728 2795 mandatis
2782 2726 2957 2797 88611
3011 2726 3459 2816 6111661661663
3509 2725 3890 2814 praedictus

2293 2816 2606 2886 Parocbus
2638 2814 2872 2882 iterum
2903 2818 2970 2883 S.
2992 2819 3067 2884 R.
3092 2820 3165 2884 c.
3191 2817 3413 2901 adivit,
3439 2813 3736 2884 adhibitis
3764 2834 3892 2902 per

2292 2908 2773 2973 Procuratorem
2835 2903 3012 2970 novis
3069 2904 3572 2995 Allegationibus
3631 2913 3692 2969 et
3759 2906 3890 2971 Re·

2292 2992 2757 3081 sponsionibus.
2787 2997 3016 3061 iterato
3048 2993 3262 3082 itaque
3294 2993 3587 3062 omnibus
3613 2991 3884 3076 sedulo,

2292 3093 2541 3148 mature
2572 3081 3054 3170 diligenterque
3088 3083 3446 3171 perpensis,
3476 3081 3612 3149 Emi
3633 3090 3700 3147 et
3733 3081 3886 3147 ani

2290 3174 2433 3253 ΡΡ.,
2459 3169 2534 3236 611
2563 3171 2933 3237 Vaticanum
2967 3171 3029 3238 in
3059 3172 3389 3239 Ordinario
3413 3174 3612 3238 coetu
3640 3170 3887 3238 666116-
4003 3176 4004 3245 ζ

2287 3261 2442 3341 6611,
2480 3257 2819 3346 6166631113
2849 3257 3059 3326 dubiis
3104 3259 3442 3327 collective
3479 3259 3883 3347 responden·
4003 3322 4004 3335 ,

2291 3347 2446 3415 11616
2507 3356 2934 3413 censuerunt:
2985 3368 3024 3412 ι
3057 3352 3125 3415 16
3169 3368 3315 3416 6636
3361 3348 3447 3416 116
3490 3366 3616 3434 1166
3658 3347 3886 3435 agitur
4003 3378 4004 3423 1

2284 3436 2659 3503 servandam
2684 3455 2824 3503 esse
2845 3437 3400 3522 consuetudinem,
3420 3447 3682 3523 excepto
3712 3447 3886 3505 tem-
4003 3488 4004 3507 1

2286 3544 2444 3614 pore
2505 3523 2929 3611 Expositionis
2982 3525 3403 3611 Quadraginta
3460 3529 3772 3592 Horarum
3805 3549 3880 3591 ».
4003 3534 4004 3581 l

2284 3613 2396 3681 Die
2445 3617 2526 3680 27
2575 3611 2972 3699 Septembris
3020 3616 3210 3680 1828.
3775 3612 3784 3619 ’
4003 3624 4004 3665 1

2414 3705 2596 3767 Facta
2641 3712 2859 3767 autem
2918 3700 3133 3768 denuo
3192 3706 3388 3772 88616
3437 3701 3694 3770 0661166
3746 3704 3879 3769 No·

2282 3800 2415 3857 stro
2459 3789 2653 3856 Leoni
2685 3791 2794 3856 ΧΠ
2840 3791 3019 3857 Ρ661.
3048 3793 3210 3857 11611.
3248 3810 3368 3879 661
3396 3790 3878 3877 inu-ascriptum

2283 3876 2711 3946 secretarium
2755 3878 3090 3962 relatione,
3134 3879 3437 3946 Sanctitas
3483 3883 3602 3947 Sua
3639 3880 3874 3947 Sacrae

2284 3964 2805 4054 congregationis
2821 3969 3217 4055 Responsum
3240 3967 3609 4056 approbavit
3631 3978 3695 4034 et
3724 3988 3874 4035 con-
4003 3974 4004 4037 l

2283 4053 2581 4137 firmavit,
2614 4065 2805 4142 atque
2837 4054 2921 4121 ita
2955 4057 3017 4121 in
3049 4056 3327 4123 Ecclesia
3375 4057 3721 4143 collegiata
3755 4061 3872 4125 ca·

2278 4142 2679 4208 striveterani
2708 4143 3067 4231 supradicta
3095 4145 3334 4211 servari
3367 4143 3705 4212 mandavit.
3754 4149 3870 4214 ca·

2283 4229 2489 4297 lendis
2531 4229 2816 4298 Octobris
2864 4232 3152 4301 eiusdem
3200 4232 3363 4300 Anni
3416 4237 3606 4303 1828.

2281 4370 2541 4441 2665.
2912 4374 3227 4440 11161611.
3627 4374 3863 4461 (aeto)

2410 4496 2843 4586 Capitulorum
2876 4507 2941 4564 et
2963 4498 3455 4586 collegiatarum
3487 4498 3863 4588 postulatio-

2277 4584 2461 4651 nibus
2508 4605 2634 4652 666
2679 4586 2883 4654 361661
2931 4597 3303 4673 annuentes,
3343 4586 3601 4655 Romani
3646 4587 3864 4654 Ponti-

2275 4674 2426 4739 fices
2474 4674 2578 4740 vel
2626 4674 2702 4740 ab
2747 4675 3188 4742 vetustissimis
3249 4675 3646 4764 temporibus
3697 4694 3858 4742 non·

2274 4762 2446 4828 nulla
2480 4762 2738 4830 honoris
2767 4772 2960 4850 atque
2990 4762 3408 4831 distinctionis
3447 4762 3714 4851 insignia
3743 4782 3858 4852 pe—

2275 4849 2496 4917 culiari
2541 4850 2624 4918 de
2673 4871 2882 4918 caussa
2928 4851 3254 4919 Canonicis
3308 4853 3667 4920 concedere
3713 4870 3862 4919 con-

2275 4950 2646 5007 sueverunt.
2695 4942 3178 5007 Percrescentes
3223 4958 3377 5006 vero
3407 4942 3520 5008 1166
3553 4957 3751 5025 36661
3779 4958 3854 5005 16

2273 5024 2503 5092 6116363
2550 5028 2659 5115 1161
2707 5027 2872 5094 l'orte
2905 5027 3210 5115 temporis
3241 5027 3662 5096 diuturnitate
3692 5029 3856 5095 irre·

2321 5124 2568 5199 serunt,
2596 5116 2851 5204 penitus
2884 5118 3250 5185 convellere
3283 5127 3619 5205 curarunt;
3657 5116 3851 5202 idque

2297 5212 2507 5269 actum
2554 5202 2943 5290 conspicitur
2985 5205 3312 5274 veteribus
3375 5224 3578 5294 aeque
3628 5225 3696 5272 ac
3747 5222 3850 5270 16-

2270 5289 2658 5358 centioribus
2689 5292 3021 5360 aetatibus.
3072 5293 3228 5363 Hinc
3259 5295 3567 5362 Generale
3599 5294 3846 5362 editum

2271 5386 2367 5443 est
2401 5382 2745 5448 Decretum
2779 5401 2941 5451 anno
2979 5384 3171 5469 1822,
3206 5403 3333 5472 1166
3364 5384 3662 5451 statuitur
3688 5380 3840 5470 quid
