4042 5950
1530 273 1999 352 -181-

264 441 319 497 et
349 430 675 517 Capitulis
708 430 1159 502 &desim-m
1178 435 1565 498 vacantium
1601 433 1713 497 Ra-

242 522 373 604 -φιί
420 522 769 603 utriusque
813 519 1111 586 Siciliae.

586 727 597 738 ,
672 661 841 726 PIUS
902 662 1013 724 PP.
1067 660 1175 728 vll

318 796 710 864 venerabiles
739 796 785 863 Ρ
791 801 990 863 ratres
1019 812 1097 862 ao
1128 795 1343 862 Dilecti
1383 796 1529 875 Filii,

172 901 179 912 ·
240 893 501 961 Salutem
545 897 613 960 et
653 892 1056 978 apostolicam
1102 890 1611 961 Benedictionem.

268 1049 563 1112 Paternae
610 1045 923 1131 charitati,
969 1066 1092 1133 qua
1140 1044 1603 1116 christifideles
1648 1066 1713 1112 o-

160 1153 313 1200 mnes
351 1133 416 1199 in
458 1133 728 1200 Domino
775 1133 1308 1236 complectimur,
1360 1133 1523 1200 illud
1585 1154 1714 1201 ma-

162 1222 307 1288 xime
349 1233 848 1289 consentaneum
894 1223 1176 1305 videtur,
1209 1231 1282 1288 nt
1327 1221 1484 1288 dum
1529 1222 1714 1311 spiri-

162 1310 290 1375 tuali
332 1309 725 1396 populorum
766 1309 1024 1376 utilitati
1068 1309 1516 1410 prospicimus,
1553 1323 1713 1377 tem-

162 1397 457 1484 poralibus
483 1413 712 1463 eorum
743 1398 1218 1491 necessitatibus
1251 1410 1611 1485 opportune
1642 1417 1713 1463 ac

161 1485 467 1551 salubriter
497 1504 623 1572 pro
653 1495 1019 1571 temporum
1051 1505 1119 1551 ac
1152 1486 1439 1552 locorum
1467 1486 1712 1551 ratione

160 1572 476 1658 providere
536 1592 668 1638 non
729 1591 1129 1639 recusemus„
1196 1572 1303 1639 Bis
1366 1571 1564 1661 igitur
1632 1573 1713 1638 de

163 1660 334 1725 causis
380 1678 708 1747 propenso
779 1678 934 1727 exce
988 1662 1149 1726 imus
1216 1659 1426 1727 animo
1489 1679 1713 1760 preces

163 1746 434 1814 carissimi
479 1748 546 1813 in
591 1746 842 1814 Christo
939 1749 1027 1815 ilii
1075 1746 1283 1815 Nostri
1330 1747 1710 1814 Ferdmandi

164 1835 317 1919 regni
358 1834 697 1920 utriusque
743 1834 995 1903 Siciliae
1037 1835 1225 1923 Regis
1268 1835 1556 1919 illustris,
1606 1834 1714 1922 qui

163 1940 286 1986 cum
324 1941 358 1987 a
400 1923 659 1990 dierum
718 1923 1068 2008 festorum,
1114 1941 1357 1989 summa
1414 1923 1566 1990 licet
1618 1943 1712 1988 saffi-

164 2009 371 2108 pientia
416 2021 479 2077 et
539 2027 763 2097 magna
825 2031 970 2078 cum
1030 2012 1379 2077 animarum
1440 2009 1719 2078 utilitate

164 2115 263 2161 iam
302 2096 365 2163 in
411 2097 693 2165 Ecclesia
740 2100 1177 2167 institutorum
1206 2147 1223 2182 ,
1274 2098 1338 2165 in
1383 2098 1513 2165 suis
1557 2098 1713 2164 citra

165 2195 217 2249 et
242 2196 397 2252 trans
441 2185 714 2252 Pharum
761 2186 1109 2255 ditionibus
1152 2205 1445 2272 numero,
1478 2187 1714 2252 sensim

167 2283 336 2339 tractu
382 2275 693 2360 temporis
737 2275 1035 2360 adaucto,
1085 2293 1212 2341 non
1259 2274 1424 2340 levia
1477 2273 1714 2340 incom-

164 2361 319 2426 moda
348 2363 552 2448 quoad
582 2361 988 2429 subditorum
1032 2381 1294 2429 suorum
1340 2361 1715 2447 temporalia

164 2450 408 2534 negotia,
438 2452 875 2539 praesentium
911 2463 1276 2536 temporum
1308 2449 1542 2538 inopia,
1566 2469 1714 2537 pro-

164 2533 278 2602 dire
318 2537 576 2621 videat,
627 2537 721 2605 eis
763 2557 885 2626 pro
930 2557 1045 2604 suo
1107 2539 1173 2604 in
1230 2537 1548 2605 subiectos
1592 2537 1717 2604 sibi

233 2625 405 2709 pulos
444 2626 665 2692 studio
710 2627 1050 2693 consulere
1095 2627 1399 2714 cupiens,
1447 2647 1479 2691 a
1524 2624 1715 2692 Nobis

166 2642 437 2797 ffigitavu
462 2726 534 2780 ut
569 2714 829 2781 eosdem
860 2735 891 2778 a
924 2715 1383 2784 nonnullorum
1406 2716 1713 2782 festorum

166 2797 387 2867 dierum
429 2813 777 2890 praecepto
822 2802 1065 2868 solutos
1109 2802 1366 2868 omnino
1412 2821 1578 2880 esse,
1615 2801 1715 2868 iis-

166 2904 272 2970 que
310 2889 535 2956 diebus
583 2889 907 2957 laboriosis
964 2890 1526 2958 exercitationibus
1584 2909 1715 2955 ser·

165 2959 494 3064 vilibusque
531 2978 833 3067 operibus
860 2999 1081 3045 vacare
1112 2997 1323 3066 posse,
1357 2978 1712 3065 Apostolica

166 3066 504 3134 auctoritate
534 3070 781 3153 Nostra,
806 3065 1279 3154 indulgeamus.
1311 3072 1525 3154 ltaque
1551 3067 1714 3133 eius-

166 3149 294 3216 dem
334 3155 517 3240 Regis
567 3156 754 3237 votis,
802 3165 1108 3241 quantum
1152 3155 1217 3222 in
1261 3155 1525 3221 Domino
1571 3173 1714 3240 pos-

166 3257 380 3325 sumus,
407 3244 675 3330 obsequi
698 3243 1178 3330 ac·populorum
1202 3242 1711 3328 necessitatibus,

167 3335 221 3389 ct
252 3332 668 3401 conscientiae
728 3333 1063 3398 consulere
1118 3332 1438 3414 volentes,
1491 3329 1710 3414 Vobis,

167 3417 542 3487 venerabiles
581 3424 828 3486 Fratres
860 3439 929 3484 ac
964 3414 1192 3485 Dilecti
1226 3418 1389 3500 Filii,
1424 3418 1713 3484 commit·

168 3502 330 3569 timus
373 3520 435 3573 et
479 3509 849 3574 mandamus
892 3516 965 3573 ut
1012 3506 1076 3572 in
1123 3508 1419 3594 praefatis
1449 3504 1709 3572 Ditioni-

168 3588 299 3676 bus,
355 3596 788 3682 unusquisqne
849 3595 914 3661 in
969 3613 1080 3660 sua
1135 3594 1418 3661 Dioecosi
1481 3611 1709 3660 novam

167 3675 301 3746 hanc
343 3682 422 3749 de
468 3683 644 3753 festis
689 3684 916 3751 diebus
960 3702 1031 3749 ac
1076 3683 1161 3749 de
1206 3681 1437 3768 vigiliis
1492 3681 1705 3746 obser·

165 3767 359 3834 vandis‘
396 3772 634 3859 legem,
684 3770 749 3836 in
794 3788 981 3857 quam
1042 3781 1289 3837 maturo
1334 3767 1594 3835 consilio
1641 3786 1711 3833 ac

168 3859 464 3940 perpensis
506 3857 796 3926 omnibus
843 3860 1313 3941 descendimus,
1340 3855 1711 3923 auctoritate

168 3941 354 4007 Nostra
398 3945 759 4035 Apostolica
803 3946 1105 4017 enunciet
1152 3966 1221 4012 ac
1270 3946 1503 4013 edicat.

208 4115 218 4125 .
277 4033 680 4102 Retineantur
739 4052 1015 4120 nempe,
1066 4045 1323 4123 praeter
1377 4034 1711 4100 universos

171 4114 285 4212 (llos
312 4123 657 4190 Dominicos
686 4142 807 4209 per
837 4141 1097 4206 annum,
1133 4128 1311 4189 Festa
1342 4120 1709 4208 sequentia:

171 4202 457 4295 videlicet,
506 4210 1012 4279 circumcisionis
1051 4210 1301 4276 Domini
1329 4208 1538 4276 Nostri
1569 4213 1709 4277 lesu

170 4291 408 4380 Christi,
456 4299 846 4386 Epiphaniae
910 4298 1199 4381 Domini,
1258 4296 1713 4365 purificationis

174 4379 529 4474 Beatissimae
576 4386 854 4488 Virginis
901 4388 1154 4469 Mariae,
1203 4383 1712 4452 Annuntiationis

176 4469 424 4564 myndam
469 4476 869 4541 Beatissimae
902 4474 1204 4562 Virginis,
1247 4477 1315 4543 S.
1347 4473 1574 4559 loseph
1605 4476 1711 4536 Pa-

179 4558 465 4646 tnarchae,
525 4563 924 4629 Ascensionis
979 4564 1227 4630 Domini
1288 4565 1349 4628 in
1411 4560 1712 4639 coelum3

177 4638 512 4737 solemnitas
542 4649 838 4736 Corporis
868 4651 1140 4735 Domini,
1166 4654 1421 4718 Festum
1451 4651 1521 4717 S.
1542 4655 1712 4716 loan-

178 4743 254 4791 ms
289 4736 608 4822 Baptistae,
642 4740 1017 4805 Sanctorum
1067 4738 1518 4825 Apostolorum
1549 4738 1714 4804 Petri

180 4824 232 4912 0}
268 4821 452 4915 Pauli,
501 4826 969 4911 Assumptionis
1012 4832 1240 4894 Beatae
1302 4827 1524 4892 Mariae
1574 4826 1711 4892 Vir·

181 4917 312 5004 ἕψε
356 4911 417 4979 in
457 4913 755 4997 coelum,
804 4914 1155 4980 Nativitatis
1212 4914 1503 4981 eiusdem
1565 4918 1718 4980 Bea-

182 4996 415 5066 tissimae
444 5000 747 5087 Virginis,
782 5002 1077 5069 Omnium
1123 5004 1521 5086 Sanctorum,
1557 5006 1717 5070 Con-

181 5082 451 5180 ceptionis
496 5089 896 5156 Beatissimae
930 5089 1205 5178 Virginis
1253 5089 1479 5155 Mariae
1513 5099 1579 5156 et
1607 5092 1719 5155 Na-

183 5174 397 5240 tivitatis
424 5178 667 5244 Domini
697 5178 904 5245 Nostri
938 5183 1077 5245 lesu
1110 5178 1368 5246 Christi.
1400 5182 1517 5243 Pro
1548 5178 1718 5245 Urbe

182 5270 307 5321 Vero
363 5266 649 5357 Neapolis
718 5277 1005 5351 tantum,
1078 5266 1473 5333 retineantur
1538 5271 1719 5333 Festa

186 5341 275 5408 SS.
317 5349 561 5421 lanuarii
627 5364 692 5420 et
735 5354 990 5421 Antonii
1052 5355 1136 5421 de
1192 5355 1433 5435 Padua;
1482 5373 1550 5420 ac
1601 5372 1717 5443 pro

1814 430 1983 497 Urbe
2029 430 2340 513 Panormi,
2394 436 2650 500 Festum
2681 435 2746 500 S.
2783 434 3395 525 {toalias-Virginis.

1815 522 1996 586 Festa
2051 528 2266 585 autem
2320 523 2731 588 Patronorum
2775 521 3226 611 principalium
3273 526 3400 591 sin-

1756 631 1765 640 ·
1814 608 2108 691 gularum
2139 607 2505 692 Civitatum,
2533 608 2929 697 Oppidorum
2961 622 3027 677 et
3060 615 3397 695 Locorum,

1814 692 2046 779 quibus
2075 692 2447 762 adiunctum
2477 695 2561 761 sit
2591 708 3008 783 praeceptum
3043 699 3400 767 abstinendi

1815 783 1891 849 ab
1955 780 2257 869 operibus
2315 783 2690 867 servilibus,
2741 784 3197 854 transferantur
3251 807 3398 855 cum

1815 873 2167 956 respectiva
2212 870 2577 937 officiorum
2623 881 2686 937 et
2733 874 3058 939 Hissarum
3113 873 3397 941 celebra-

1816 956 1988 1024 tione
2022 958 2100 1023 ad
2135 957 2496 1044 proximum
2529 958 2700 1025 diem
2732 961 3156 1046 Dominicum,
3190 979 3401 1048 eoque

1816 1044 2153 1133 impedito,
2203 1045 2280 1112 ad
2326 1046 2499 1113 diem
2542 1047 2944 1115 Dominicum
2975 1049 3269 1133 proxime
3301 1069 3399 1118 se·

1815 1144 2147 1218 quantem.
2199 1137 2268 1198 lu
2299 1134 2636 1219 praedictis
2670 1135 2867 1222 igitur
2899 1125 3194 1204 omnibus
3224 1137 3401 1204 festis

1814 1218 2068 1304 diebuS,
2117 1239 2235 1306 pro
2280 1224 2488 1288 veteri
2536 1223 2858 1289 Ecclesiae
2906 1223 3265 1292 Catholicae
3306 1225 3401 1293 in·

1812 1307 2062 1392 stituto,
2111 1307 2575 1375 Christitideles
2619 1310 2820 1377 Sacris
2852 1312 3077 1378 adesse
3108 1324 3172 1377 ot
3203 1333 3237 1378 a
3266 1332 3399 1379 ser-

1815 1394 2048 1461 vilibus
2080 1395 2384 1482 operibus
2413 1396 2732 1464 abstinere
2763 1392 3016 1465 omnino
3042 1398 3394 1468 debebunt.

1946 1486 2078 1549 Lex
2125 1494 2335 1549 autem
2382 1483 2601 1552 ieiunii
2649 1486 2712 1551 in
2757 1485 3108 1554 Ditionibus
3148 1487 3301 1554 citra
3334 1498 3401 1554 et

1818 1583 1983 1638 trans
2041 1570 2310 1636 Pharum
2334 1623 2350 1656 ,
2399 1583 2656 1659 praeter
2714 1575 2957 1652 Quadra
3007 1572 3266 1642 esimam
3335 1586 3398 1642 et

1816 1669 2092 1745 quatuor
2135 1658 2276 1724 anni
2325 1663 2662 1748 Tempora,
2713 1661 2976 1728 observa
3023 1661 3152 1729 itur
3196 1663 3261 1730 in
3292 1662 3397 1729 Vi-

1816 1746 1983 1834 giliis
2032 1750 2462 1831 pentecostes,
2497 1750 2562 1815 S.
2599 1749 2840 1816 loannis
2878 1751 3213 1838 Baptistae,
3250 1754 3397 1819 San-

1817 1845 2067 1901 ctorum
2113 1835 2561 1920 Apostolorum
2607 1838 2775 1910 Petri
2821 1849 2887 1903 et
2918 1837 3112 1923 Pauli,
3145 1841 3399 1905 Assum-

1815 1922 2049 2010 ptionis
2108 1921 2508 1992 Beatissimae
2567 1925 2846 2009 Virginis
2901 1926 3123 1992 Mariae
3150 1973 3168 2006 ‚
3227 1926 3399 2004 Festi

1815 2012 2531 2095 omniamsanctorum‚
2558 2013 2906 2080 Nativitatis
2930 2012 3176 2080 Domini
3192 2013 3397 2081 Nostri

1817 2104 1955 2165 lesu
1982 2097 2216 2166 Christi
2234 2113 2253 2175 ;
2271 2107 2353 2163 aet
2383 2098 2449 2164 in
2472 2098 2763 2168 universa
2787 2112 2969 2200 parte
2993 2101 3195 2187 Regni
3230 2113 3403 2167 trans

1816 2185 2114 2270 Pharum,
2151 2185 2214 2252 in
2245 2184 2457 2271 vigilia
2503 2189 2952 2272 conceptionis
3005 2192 3078 2255 B.
3128 2192 3209 2255 Μ.
3259 2188 3398 2256 Vir-

1816 2274 2003 2361 ginis.
2033 2279 2120 2340 'ln
2168 2273 2427 2358 reliquis
2475 2294 2629 2341 vero
2676 2274 2873 2342 Festis
2916 2295 3107 2364 supra
3137 2296 3264 2344 non
3297 2296 3398 2343 re-

1815 2361 2095 2446 censitis,
2130 2380 2257 2428 non
2296 2363 2504 2429 solum
2553 2363 2888 2430 laboriosas
2932 2365 3165 2431 artium
3212 2382 3396 2431 exer-

1813 2449 2150 2517 citationes
2188 2461 2254 2516 et
2298 2451 2551 2517 servilia
2597 2471 2788 2539 opera
2834 2452 3266 2539 permittimus
3323 2462 3399 2518 et

1816 2538 2250 2627 indulgemus,
2297 2539 2412 2605 sed
2460 2538 2724 2627 insuper
2770 2540 3031 2607 eosdem
3089 2539 3397 2611 christifi-

1814 2626 1995 2693 deles
2023 2625 2103 2691 ab
2131 2626 2516 2713 obligatione
2539 2626 2841 2696 audiendi
2865 2628 3106 2695 Missam
3126 2630 3191 2697 in
3215 2647 3398 2716 prae-

1815 2714 2002 2780 dictis
2050 2714 2273 2798 Fastis,
2310 2724 2373 2778 et
2403 2713 2723 2782 ieiunandi
2764 2716 2829 2782 in
2877 2716 3107 2784 diebus
3138 2735 3397 2805 praece·

1814 2801 2115 2869 dentibus
2145 2821 2260 2868 seu
2291 2801 2526 2887 vigiliis
2573 2803 2951 2891 (dummodo
2998 2805 3253 2873 aliunde
3290 2804 3397 2872 vel

1816 2889 2058 2957 ratione
2101 2890 2627 2976 Quadragesimae
2673 2893 2778 2958 vel
2826 2892 3068 2958 ratione
3125 2901 3399 2980 quatuor

1814 2983 2202 3066 'temporum
2249 2978 2560 3045 ieiunium
2606 2999 2734 3045 non
2781 2979 3263 3068 praecipiatur),
3312 2980 3394 3046 de

1813 3065 2215 3154 Apostolicae
2253 3066 2656 3151 benignitatis
2688 3067 3165 3154 dispensatione
3194 3068 3398 3134 absol-

1815 3156 2022 3221 vimus
2069 3165 2135 3220 et
2178 3154 2547 3221 liberamus.

1946 3242 2072 3310 Sed
2109 3240 2427 3329 quoniam,
2463 3242 2618 3309 dum
2648 3244 3038 3330 populorum
3069 3242 3397 3309 conscien-

1818 3332 1939 3398 tiae
2004 3329 2432 3411 consulimus,
2487 3339 2552 3395 et
2598 3349 2821 3397 eorum
2883 3330 2993 3418 qui
3040 3329 3105 3398 in
3159 3330 3395 3398 sudore

1816 3422 2032 3485 vultus
2089 3418 2188 3483 aui
2251 3435 2481 3502 panem
2548 3417 2945 3503 comedunt,
3007 3417 3395 3506 indigentiae

1813 3506 2263 3595 providemus„
2322 3507 2695 3572 Sanctorum
2772 3507 3252 3573 venerationem
3331 3517 3398 3573 et

1814 3596 2155 3661 salutarem
2197 3592 2721 3662 christifidelium
2814 3593 3225 3661 oenitentiam
3279 3594 3395 3661 mi-

1815 3701 2014 3749 nuere
2062 3700 2190 3747 non
2235 3681 2664 3767 intendimus;
2717 3682 2734 3748 i
2783 3702 2860 3749 eo
2907 3686 3280 3751 Sanctorum
3326 3699 3398 3748 ac

1819 3769 2303 3839 Solemnitatum
2347 3767 2557 3835 Officia
2604 3782 2670 3836 et
2718 3771 2950 3856 Missas,
3003 3781 3128 3837 tam
3175 3770 3240 3837 in
3295 3769 3397 3836 iis-

1815 3860 1966 3925 dem
2012 3856 2328 3949 abrogatis
2373 3857 2574 3923 Festis
2616 3877 2807 3943 quam
2853 3859 2916 3924 in
2967 3875 3192 3937 eornm
3226 3857 3401 3943 Vigi-

1818 3947 1916 4013 liis
1962 3943 2226 4011 retineri
2274 3955 2362 4029 et,
2409 3945 2573 4011 sicut
2616 3947 2831 4033 priuS,
2883 3945 2948 4013 in
2993 3964 3396 4033 quacumque

1817 4034 2097 4101 Ecclesia
2143 4033 2451 4099 celebrari
2500 4034 2898 4100 mandamus.
2947 4037 3209 4102 Sacrum
3242 4052 3397 4100 vero

1816 4122 2154 4205 ieiunium,
2188 4120 2360 4207 quod
2410 4121 2473 4186 in
2517 4121 2860 4206 praedictis
2889 4121 3133 4209 Vigiliis
3166 4132 3231 4187 et
3261 4120 3400 4185 aliis

1815 4210 2052 4296 pariter
2081 4227 2202 4295 per
2230 4218 2632 4295 praesentem
2663 4210 2976 4297 abrogatis
3020 4206 3394 4291 habebatur,

1816 4299 1881 4364 in
1926 4298 2208 4384 singulas
2260 4295 2468 4363 Ferias
2524 4306 2734 4361 sextas
2792 4308 2856 4362 et
2916 4297 3176 4365 Sabbata
3238 4296 3395 4361 sacri

1820 4387 2147 4452 Adventus
2177 4384 2710 4467 transferendum,
2742 4384 3107 4471 ibidemque
3132 4393 3397 4470 quotan-

1817 4473 1913 4540 nis
1959 4472 2339 4538 servandum
2387 4471 2699 4538 edicimus
2747 4484 2811 4537 et
2851 4470 3323 4565 constituimus.

1950 4564 2031 4626 Ut
2076 4571 2461 4627 autem-non
2506 4559 2714 4626 solum
2760 4559 2990 4629 Clerici
3040 4570 3101 4625 et
3163 4559 3396 4626 divites

1793 4650 2108 4726 >homines
2163 4649 2521 4731 seculares,
2582 4647 2690 4733 qui
2750 4648 2938 4715 etiam
3000 4646 3226 4716 diebus
3270 4667 3397 4713 non

1817 4738 2057 4805 festivis
2105 4741 2510 4805 sacrosancto
2557 4735 2775 4802 Missae
2821 4734 3135 4803 Sacrificio
3181 4754 3247 4801 ac
3296 4734 3397 4801 Di-

1817 4825 1978 4892 vinis
2034 4822 2302 4904 Officiis,
2349 4823 2521 4910 quod
2591 4823 3009 4890 vehementer
3077 4822 3395 4909 cupimus,

1816 4914 2037 4979 adesse
2085 4920 2385 4998 possunt,
2433 4910 2547 4977 sed
2596 4911 2786 4977 etiam
2849 4911 2928 4994 ii,
2980 4911 3086 4998 qui
3146 4908 3401 4976 rusticis

1820 4997 2065 5066 detenti
2134 4996 2453 5077 laboribus
2505 4998 2832 5065 Ecclesias.
2878 4998 3101 5066 diebus
3151 5006 3393 5065 tantum

1823 5086 1996 5155 festis
2052 5087 2331 5169 adeunt,
2383 5088 2757 5153 Sanctorum
2820 5086 3272 5173 Apostolorum
3328 5103 3398 5149 ac

1823 5178 2202 5264 Martyrum,
2263 5192 2537 5260 quorum
2601 5176 3044 5243 Solemnitates
3107 5173 3399 5262 superius

1822 5268 2264 5355 abrogavimus
2288 5312 2306 5349 ,
2353 5265 2725 5330 memoriam
2785 5276 3048 5331 servent
3089 5280 3158 5330 ac
3206 5279 3399 5331 vene·

1822 5366 2087 5438 rentur;
2134 5354 2433 5422 volumus
2477 5372 2547 5419 ac
2591 5352 3036 5441 praecipimus,
3070 5360 3143 5418 ut
3172 5350 3276 5420 die
3307 5349 3400 5417 vi·
