4042 5950
1535 281 1639 298 —
1697 234 2010 317 355—

159 398 426 476 llissam3
489 415 568 463 an
625 392 836 482 potius
896 415 1036 463 eam
1098 393 1466 482 relinquere
1526 414 1722 483 super

158 484 514 639 Corporaele,
581 493 646 552 et
709 502 900 572 agere
946 495 1019 552 ut
1079 483 1145 551 in
1191 482 1364 549 Missa
1424 502 1544 570 pro
1602 488 1721 550 De-

162 573 371 641 functis

275 664 335 728 7.
382 664 607 729 Utrum
657 661 719 727 in
768 660 945 726 Missa
993 660 1276 727 Solemni
1325 670 1450 725 tam
1491 660 1575 727 de
1607 662 1721 726 Fe-

155 762 264 832 sto,
310 768 494 835 quam
527 749 611 816 de
641 748 983 834 Requiem,
1016 747 1175 815 dum
1208 748 1550 833 Sequentia
1580 766 1722 814 can-

159 848 307 904 tatur
349 835 414 902 in
459 837 691 920 Choro,
741 835 968 903 eadem
1013 836 1318 903 submissa
1358 854 1519 902 voce
1561 836 1723 901 reci-

155 925 257 991 tari
287 925 515 992 debeat
545 946 578 990 a
608 924 745 991 solo
776 924 1192 1011 Celebrante;
1241 943 1318 990 an
1363 922 1737 990 alternatim.

156 1034 184 1079 a
224 1011 598 1082 celebrante
646 1030 794 1080 cum
839 1012 1041 1079 Sacris
1085 1008 1426 1079 Ministris'?

272 1106 333 1170 8.
380 1100 638 1178 Quoties
684 1101 749 1168 in
792 1098 1245 1188 Rogationibus
1289 1099 1613 1166 Processio
1662 1099 1726 1166 in

155 1190 409 1275 aliquam
438 1188 802 1274 ingreditur
831 1188 1205 1273 Ecclesiam,
1239 1185 1396 1273 quin
1428 1187 1515 1254 ibi
1547 1187 1722 1254 Missa

158 1276 533 1361 celebretur,
580 1277 828 1344 canitur
865 1275 1222 1363 Antiphona
1255 1276 1336 1342 de
1368 1277 1595 1343 Sancto
1626 1275 1726 1342 Ti-

160 1364 353 1431 tulari.
388 1366 571 1431 Nunc
603 1364 964 1450 quaeritur:
1010 1363 1206 1431 Cuius
1235 1361 1466 1430 coloris
1496 1362 1728 1430 debeat

161 1472 282 1520 esse
325 1451 594 1540 pallium
637 1452 866 1519 Altaria
900 1462 968 1519 et
1007 1454 1413 1540 conopaeum
1460 1450 1728 1519 Sanctis-

160 1540 286 1607 simi
342 1542 769 1627 sacramenti,
818 1540 901 1608 de
950 1544 1133 1607 Festo
1185 1539 1473 1622 scilicet,
1520 1558 1599 1604 an
1645 1540 1729 1607 de

158 1627 593 1717 Rogationibus
640 1629 743 1695 vel
793 1628 876 1695 de
910 1632 1135 1697 Sancto
1167 1629 1348 1696 cuius
1387 1626 1731 1715 antiphona

160 1717 518 1784 decantatur
563 1735 709 1784 cum
752 1715 1045 1785 Oratione
1061 1713 1094 1781 ’ἓ
1423 1798 1429 1802 .

275 1807 339 1872 8.
389 1805 558 1870 Num
610 1804 1001 1872 conveniens
1043 1803 1125 1871 sit
1169 1804 1340 1892 quod
1395 1805 1733 1870 Caeremo-

160 1891 376 1959 niarius
423 1892 528 1958 vel
575 1891 1035 1960 Thuriferarius
1082 1892 1368 1959 incenset
1413 1890 1735 1959 Sanctissi-

160 1981 325 2047 mum
372 1979 803 2048 Eucharistiae
849 1983 1326 2048 Sacramentum
1378 1997 1577 2066 quum
1622 1998 1736 2068 po-

161 2069 302 2155 pulo
361 2067 729 2135 benedictio
778 2068 1185 2156 impertitur,
1232 2069 1327 2135 uti
1375 2068 1446 2136 fit
1490 2065 1557 2134 in
1604 2070 1737 2133 ele-

162 2156 397 2311 lvatione?
429 2155 826 2331 ‹S3nctissimi
875 2155 1263 2225 sacramenti
1312 2155 1376 2225 in
1420 2155 1599 2224 Missa
1639 2174 1740 2220 so-

190 2245 349 2313 emni
465 2248 496 2311 1

286 2336 389 2401 10.
441 2333 608 2398 Num
654 2331 720 2399 in
754 2334 929 2402 Missa
961 2336 1047 2403 de
1076 2333 1413 2419 Requiem,
1448 2331 1739 2419 quamvis

160 2440 278 2488 non
322 2421 648 2488 osculatur
691 2424 1140 2510 Evangelium,
1175 2421 1427 2490 recitari
1467 2422 1744 2489 debeant

160 2507 339 2575 verba
382 2512 514 2575 Per
557 2510 946 2596 Euangeliou
989 2510 1213 2579 dicta?

280 2600 449 2677 Quae
503 2598 770 2685 quidem
816 2600 1003 2669 dubia
1047 2621 1081 2666 a
1111 2597 1465 2667 secretario
1508 2615 1746 2684 propo-

166 2686 269 2752 sita
326 2686 680 2773 diligenter
740 2687 825 2753 de
882 2706 1064 2757 more
1126 2687 1500 2786 expendens
1558 2688 1741 2752 Sacra

165 2774 585 2930 congregatio
627 2775 912 2861 Rittium,
962 2775 1037 2843 ad
1075 2773 1392 2855 Quirinale
1441 2771 1745 2840 hodierna

167 2862 263 2929 die
290 2882 399 2929 coa
453 2872 641 2931 unata
669 2863 733 2930 in
765 2862 1105 2932 ordinariis
1135 2861 1446 2945 comitiis,
1482 2878 1745 2948 respon-

169 2950 452 3019 dendum
499 2950 785 3019 censuit:

286 3040 383 3108 Ad
439 3044 500 3106 1.
550 3060 588 3104 ‹
622 3039 1043 3120 Affirmative;
1099 3050 1165 3106 et
1224 3037 1546 3127 ponendas
1607 3053 1745 3102 esse

168 3137 301 3215 post
345 3146 609 3195 versum
650 3125 709 3194 A·
748 3129 1013 3213 sulpura
1054 3137 1115 3195 et
1163 3134 1522 3212 tempestate
1553 3147 1618 3191 a.

171 3302 182 3315 ⁶
288 3215 386 3316 Ad
423 3219 492 3281 2.
525 3235 566 3280 ι
589 3215 1051 3285 Dimittendum
1073 3233 1271 3303 super
1292 3212 1578 3299 scapulas
1611 3219 1751 3300 post

172 3303 642 3390 impositionem
673 3326 740 3370 »-

295 3392 388 3458 Ad
443 3395 513 3458 3.
559 3412 600 3457 ι
630 3395 821 3459 Extra
868 3411 1084 3460 casum
1130 3387 1576 3472 Processionis,
1624 3387 1752 3454 sul-

170 3477 355 3548 ficere
405 3499 631 3548 versus
658 3481 1120 3548 Benedicamm
1150 3482 1530 3545 Patrem...
1566 3479 1754 3542 Bene-

170 3567 380 3634 dictus
437 3588 655 3648 sam„
708 3570 973 3636 Domine
1027 3568 1308 3647 exaudi,
1370 3585 1513 3634 cum
1571 3562 1754 3630 unica

172 3654 461 3722 Oratione
510 3657 699 3738 Kaous,
749 3660 943 3724 catius
988 3654 1464 3723 misericordiae
1495 3674 1558 3718 iv.
1783 3732 1792 3741 ι

178 3830 215 3897 d
294 3744 394 3812 Ad
444 3747 512 3811 4.
564 3763 602 3807 α
639 3747 787 3812 Esse
832 3746 910 3812 ab
938 3740 1440 3812 Hebdomadario
1471 3740 1756 3807 intonan-

220 3848 319 3897 am
349 3853 417 3896 ι».

300 3920 397 3988 Ad
447 3926 512 3989 δ.
564 3941 602 3985 ‹
636 3920 969 4008 Negative,
1018 3921 1187 3988 iuxta
1219 3920 1366 3987 alias
1398 3918 1660 3985 decreta
1690 3936 1754 3982 iv.

182 4105 204 4161 t
302 4007 401 4076 Ad
453 4012 520 4075 6.
570 4029 608 4073 α
642 4009 1091 4077 sustinendam
1135 4026 1273 4074 esse
1321 4006 1405 4073 de
1436 4023 1618 4075 more
1653 4010 1760 4072 Pa·

209 4113 389 4164 enam
424 4118 491 4161 a,

305 4184 406 4252 ad
457 4187 521 4252 7.
577 4205 614 4248 «
645 4186 699 4250 Α
742 4187 879 4253 solo
924 4182 1302 4252 celebrante
1335 4205 1397 4249 ».

305 4273 406 4340 Ad
454 4274 523 4339 8.
570 4293 608 4337 α
643 4277 821 4340 luxta
866 4270 1187 4339 Ecclesiae
1231 4268 1519 4338 Officium
1552 4290 1614 4336 ιν.

308 4359 409 4427 Ad
455 4363 523 4429 9.
573 4381 611 4425 ‹
644 4362 781 4447 Non
827 4358 1266 4448 praescribi».

311 4448 412 4515 Ad
467 4451 573 4516 10.
620 4469 661 4514 ‹
691 4448 998 4534 Negative
1031 4470 1093 4514 ».

311 4536 525 4622 Atque
549 4535 634 4602 ita
664 4535 1016 4603 rescribere
1047 4544 1176 4602 rata
1199 4547 1299 4601 est
1323 4544 1390 4601 et
1419 4533 1767 4602 declarare.

313 4623 433 4690 Die
484 4628 556 4691 11
607 4621 1004 4711 Septembris
1052 4627 1243 4692 1847.

187 4782 443 4851 295⁷.
778 4783 1184 4850 ARIMINEN.

527 4929 683 4993 Rme
734 4922 1020 5008 Domine,
1067 4921 1163 4990 uti
1206 4923 1448 4988 Frater.

1542 4775 1771 4864 (siis)

334 5062 792 5155 amplitudinis
845 5067 1011 5131 Tuae
1066 5060 1400 5129 consilium
1460 5076 1787 5144 exequens

202 5155 510 5224 Sacerdos
556 5151 862 5220 nai-ianus
893 5150 1068 5218 Cerri
1111 5148 1424 5216 Parochus
1466 5146 1789 5214 Ecclesiae

349 5351 435 5424 (l)
466 5352 530 5411 R.
564 5350 708 5409 nub.
746 5350 815 5409 lo
846 5355 902 5407 et
939 5347 1022 5405 11.

1821 398 2086 463 Sanctae
2131 396 2360 462 Mariae
2389 399 2465 464 in
2500 398 2684 464 Corte
2715 394 2893 465 istius
2920 394 3278 467 Ariminen.
3312 394 3413 469 ci-

1824 484 2072 567 vitatis,
2121 486 2373 552 Sacram
2435 484 2596 551 hanc
2648 486 2909 553 Rittium
2956 488 3412 574 Congregatio·

1822 590 1971 638 nem
2016 572 2292 659 supplex
2322 571 2520 640 adivit
2565 572 2885 659 enixeque
2917 575 3162 662 rogavit
3197 586 3272 641 ut
3301 576 3412 644 de-

1823 659 2065 726 clarare
2110 659 2521 746 dignaretur:
2585 664 2751 741 Num
2803 661 3111 729 servanda
3161 662 3243 728 sit
3295 663 3413 729 im-

1826 746 2255 814 memorabilis
2296 748 2695 815 consuetudo
2742 749 2806 815 in
2843 749 3070 816 eadem
3102 750 3411 836 Ecclesia,

1825 834 1978 902 olim
2022 836 2274 903 Ordinis
2316 836 2863 923 Praedicatorum,
2918 855 3167 905 summo
3228 857 3415 905 mane

1826 921 2169 990 cuiuslibet
2199 922 2328 990 diei
2361 924 2670 991 recitandi
2703 925 3201 992 sacratissimum
3228 930 3416 993 Rosa·

1826 1011 1993 1077 rium
2041 1015 2269 1081 Beatae
2314 1010 2535 1077 Mariae
2583 1012 2858 1098 Virginis
2903 1023 2969 1081 et
3015 1023 3158 1101 post
3204 1014 3416 1101 ipsum

1826 1097 2196 1166 dimittendi
2255 1100 2567 1187 populum
2624 1099 2888 1168 fidelem
2948 1121 3095 1169 cum
3152 1102 3416 1170 benedi·

1832 1188 2043 1254 ctione
2089 1185 2474 1255 Sanctissimi
2521 1189 2906 1256 Sacramenti
2963 1188 3026 1257 in
3072 1191 3257 1258 Sacra
3302 1195 3417 1279 Py-

1834 1275 1981 1342 xide
2027 1274 2291 1359 acclusi,
2341 1274 2494 1360 imo,
2529 1275 2593 1343 in
2622 1277 2847 1361 Fastis,
2883 1298 3029 1345 cum
3058 1278 3418 1349 Ostensorio

1830 1363 2003 1451 quod
2067 1362 2133 1430 in
2178 1363 2542 1430 summitate
2601 1384 2730 1432 non
2784 1365 3008 1433 habeat
3066 1370 3340 1435 Crucem
3386 1389 3420 1435 a

1831 1449 2120 1520 Rubricis
2182 1451 2588 1538 i·equisitam;
2655 1453 2810 1539 quin
2864 1467 3093 1521 neutro
3151 1455 3215 1523 in
3274 1477 3420 1524 casu

1834 1543 2314 1608 Sacramentum
2369 1538 2578 1629 ipsum
2627 1541 2763 1608 sive
2809 1542 2875 1610 in
2921 1543 3158 1631 Pyxide
3212 1546 3420 1613 reclu-

1833 1626 2199 1785 sum,?sive
2252 1629 2316 1695 in
2359 1629 2723 1696 Ostensorio
2775 1647 3082 1719 apparens
3105 1681 3123 1717 ,
3171 1632 3422 1701 thurifi-

1838 1729 2021 1785 cetur

1963 1805 2133 1883 Quae
2167 1804 2418 1891 singula
2464 1804 2622 1872 dum
2669 1805 2950 1875 fideliter
2995 1810 3079 1878 de
3111 1827 3292 1875 more
3322 1828 3424 1876 re·

1839 1892 2060 1959 tulerit
2108 1894 2170 1959 in
2214 1890 2556 1961 ordinariis
2588 1897 2924 1961 Sacrorum
2972 1896 3234 1964 Rituum
3263 1899 3425 1964 Gon·

1839 1980 2226 2067 gregationis
2267 1979 2552 2048 Comitiis
2597 1982 2674 2050 ad
2718 1982 3037 2060 Quirinale
3082 1984 3275 2052 hodie
3319 1985 3426 2052 ha-

1839 2067 1986 2137 bitis
2030 2068 2272 2137 subscri
2322 2077 2424 2135 tus
2476 2069 2889 2157 Secretarius,
2924 2070 3424 2139 Eminentissimi

1842 2167 1906 2223 et
1952 2158 2247 2223 Reveren
2295 2154 2493 2222 issimi
2533 2160 2745 2224 Patres
2789 2159 2992 2225 Sacris
3038 2159 3292 2226 tuendis
3325 2160 3427 2226 Ri-

1840 2244 2008 2310 tibus
2041 2244 2409 2333 praepositi,
2435 2245 2720 2330 quamvis
2744 2258 3239 2332 praenoscerent
3271 2248 3428 2317 haec

1840 2332 2087 2420 singula
2150 2333 2226 2398 ab
2273 2331 2585 2400 ordinaria
2632 2333 2928 2402 facultate
2971 2334 3430 2424 Amplitudinis

1843 2425 2013 2488 Tuae
2060 2419 2375 2510 pendere,
2406 2431 2693 2487 attamen
2739 2421 2929 2489 satius
2959 2423 3283 2491 duxerunt
3327 2444 3430 2492 re-

1842 2510 2204 2599 spondere:
2270 2527 2308 2570 (
2355 2506 2679 2575 Scribatur
2741 2510 3055 2599 Episcopo
3114 2509 3191 2576 ad
3247 2531 3429 2579 men·

1846 2609 1978 2664 tem
2010 2618 2072 2663 ιν.
2138 2598 2310 2663 tiens
2366 2597 2580 2681 itaque
2633 2599 2858 2664 Sacrae
2909 2600 3433 2684 congregationis

1847 2696 1983 2753 est:
2034 2706 2072 2749 α
2105 2687 2185 2751 Ut
2229 2683 2351 2749 Ain
2399 2682 2606 2752 litudo
2651 2688 2782 2751 'l'ua
2811 2685 3060 2770 quoties
3091 2685 3181 2753 nil
3217 2687 3429 2754 incon-

1847 2772 2112 2841 veniens
2142 2772 2349 2858 depre
2397 2770 2614 2856 endat,
2648 2773 2855 2858 quoad
2889 2773 3107 2840 horam
3147 2794 3434 2863 praeser-

1850 2860 1963 2928 tim
2011 2859 2289 2947 hyemali
2341 2869 2658 2946 tempore,
2725 2860 3053 2947 permittat
3111 2864 3434 2930 continua-

1849 2948 2093 3016 tionem
2154 2946 2515 3015 huiusmodi
2569 2947 2823 3035 piorum
2870 2948 3325 3019 exercitiorum
3371 2949 3438 3018 in

1850 3035 2153 3124 Deiparae
2200 3036 2552 3115 honorem;
2599 3053 2745 3102 nam
2778 3037 3032 3103 omissio
3062 3037 3435 3106 incensatio·

1852 3125 1948 3193 nis
1994 3122 2382 3191 conformior
2426 3130 2525 3188 est
2569 3122 2883 3190 Ecclesiae
2933 3125 3111 3213 praxi
3143 3125 3208 3192 in
3238 3126 3435 3193 bene-

1853 3211 2137 3282 dictione
2181 3229 2327 3279 cum
2374 3212 2558 3277 Sacra
2602 3209 2879 3311 Pyxide5
2941 3211 3295 3297 requiritur
3350 3224 3436 3279 ta-

1856 3318 2005 3367 men
2063 3299 2323 3367 omnino
2381 3316 2580 3384 quum
2645 3298 3015 3386 impertitur
3073 3299 3436 3367 benedictio

1856 3403 2002 3457 cum
2056 3384 2418 3454 Ostensorio
2440 3434 2457 3469 ,
2522 3405 2591 3453 ac
2646 3386 2917 3475 proinde
2980 3386 3151 3454 illam
3198 3387 3318 3455 hoc
3373 3388 3439 3455 in

1854 3495 2000 3546 casu
2047 3469 2297 3562 exigam
2357 3493 2428 3540 ac
2490 3474 2725 3562 pariter
2772 3474 2984 3576 exigat
3038 3484 3109 3542 ut
3161 3474 3226 3542 in
3268 3494 3440 3544 sum·

1855 3564 2073 3632 mitate
2117 3561 2458 3630 ostensorii
2515 3565 2688 3631 Crux
2731 3562 2996 3630 visibilis
3043 3573 3396 3651 apponatur
3421 3612 3438 3647 ,

1857 3652 2030 3739 quod
2095 3649 2431 3736 requirunt
2493 3649 2954 3718 ecclesiasticae
3022 3650 3243 3736 leges,
3312 3667 3441 3719 non

1859 3741 2149 3808 obstante
2214 3737 2679 3804 consuetudine
2747 3737 2994 3806 Ordinis
3053 3738 3442 3806 Praedicato-

1864 3847 2050 3913 rum,
2100 3824 2201 3892 cui
2250 3823 2587 3912 peculiaris
2633 3834 2730 3890 est
2781 3824 2940 3892 ritus
2999 3826 3064 3891 in
3111 3823 3445 3912 explendis

1861 3915 2067 3985 Sacris
2097 3911 2522 3983 caeremoniis
2557 3932 2618 3978 iv.
2666 3913 2838 3991 Quae
2866 3912 3113 3998 singula
3143 3911 3299 3979 dum
3330 3931 3445 3978 no-

1863 4005 2038 4072 mine
2112 4006 2336 4071 Sacrae
2422 4001 2944 4087 congregationis
3017 3999 3444 4086 Amplitudini

1864 4096 2033 4160 Tuae
2091 4087 2488 4157 communico
2514 4135 2534 4172 ,
2596 4087 2710 4154 diu
2767 4087 2922 4154 felix
2985 4099 3051 4154 et
3111 4086 3445 4154 incolumis

1863 4179 2061 4247 vivat.

1997 4269 2234 4332 Romae
2284 4268 2361 4331 11
2411 4263 2808 4353 Septembris
2860 4267 3052 4332 1847.

1876 4403 2136 4477 2958.
2495 4410 2833 4477 ennom.
3221 4405 3449 4496 (siis)

2003 4535 2074 4599 ln
2120 4535 2388 4599 Decreto
2433 4529 2697 4599 concilii
2743 4530 3008 4598 secundi
3047 4530 3452 4598 Provincialis

1874 4618 2342 4688 Hechliniensis
2387 4641 2419 4686 a
2465 4617 2634 4686 Sede
2680 4618 3038 4706 Apostolica
3081 4618 3450 4707 approbato,

1873 4707 1976 4774 tit.
2016 4711 2121 4793 13,
2155 4728 2294 4796 cap.
2323 4710 2389 4793 6,
2424 4705 2694 4775 habetur
2724 4729 2741 4772 i
2790 4725 2828 4768 α
2861 4705 2925 4773 Si
2956 4709 3213 4773 Festum
3245 4706 3452 4773 Sancti

1877 4795 2065 4862 Marci
2110 4793 2622 4862 transferendum
2666 4793 2749 4860 sit
2795 4803 2937 4893 post
2981 4793 3232 4877 Pascha,
3266 4792 3338 4860 fit
3370 4792 3454 4859 de

1880 4900 1958 4949 eo
2014 4900 2163 4950 cum
2221 4880 2478 4948 Litaniis
2537 4890 2603 4947 et
2661 4880 3042 4947 abstinentia
3080 4900 3116 4946 a
3172 4878 3458 4947 carnibus

1881 4968 2061 5037 Feria
2093 4972 2170 5038 lV
2215 4980 2359 5058 post
2405 4966 2792 5034 Dominicam
2837 4966 2906 5034 in
2947 4966 3146 5034 Albis.
3197 4966 3377 5046 Quod
3408 4967 3460 5033 si

1887 5058 1951 5124 in
2004 5056 2238 5125 dictam
2298 5055 2544 5123 Feriam
2604 5057 2684 5122 lV
2743 5053 2980 5122 incidat
3040 5057 3295 5121 Festum
3353 5055 3461 5121 vel

1892 5149 2267 5215 Sanctorum
2309 5142 2762 5231 Apostolorum
2806 5141 3078 5231 Philippi
3122 5154 3190 5209 et
3231 5140 3460 5230 lacobi,
