4042 5950
1988 257 2454 352 ...124-

583 427 893 495 neficiatis
948 443 1013 495 et
1071 431 1331 496 clericis
1392 429 1793 496 Beneficiatis
1840 432 2164 516 praefixit,

582 535 709 600 quo
771 519 985 602 elapso
1049 528 1435 603 perpetuum
1510 519 1734 584 iisdem
1807 538 2167 604 eorumque

580 608 1050 671 successoribus
1095 606 1422 671 silentium
1471 607 1798 691 imposuit.

714 694 1015 759 Deductis
1066 705 1404 780 propterea
1439 697 1628 762 modo
1661 714 1780 781 per
1811 694 2018 759 dictos
2052 700 2165 760 Be-

579 781 904 846 neficiatos
952 794 1014 846 et
1061 781 1341 847 Clericos
1389 781 1806 848 Beneficiatos
1852 785 1981 847 suis
2014 783 2165 847 iuri-

583 868 722 952 bus,
776 879 1041 954 utraque
1089 883 1270 955 parte
1319 869 1697 936 informante
1747 883 1871 935 tam
1924 871 2167 957 scripto

580 977 770 1040 quam
840 977 1034 1040 voce,
1106 969 1631 1045 reassumptoque
1693 959 2166 1044 praedictorum

580 1045 924 1112 dubiorum
973 1056 1218 1110 maturo
1285 1047 1615 1127 examine,
1667 1048 1741 1111 ad
1792 1047 2165 1111 relationem

583 1132 820 1216 pariter
866 1133 1255 1216 praelaudati
1308 1133 1445 1198 Emi
1495 1146 1558 1198 et
1605 1136 1741 1199 Rmi
1786 1139 1969 1199 Dom.
2019 1137 2165 1199 Car·

579 1221 805 1286 dinalis
853 1219 1011 1285 Galli
1059 1221 1353 1286 Ponentis
1409 1222 1734 1309 proposito
1783 1222 2017 1287 dnbio:
2072 1225 2163 1286 An

579 1309 657 1374 sit
701 1309 999 1374 standum
1047 1309 1149 1374 vel
1200 1311 1638 1376 recedendum
1686 1333 1715 1373 a
1764 1309 2036 1376 decisis?

710 1399 775 1461 S.
828 1396 1053 1462 eadem
1099 1402 1172 1462 R.
1211 1401 1311 1480 C.,
1349 1398 1624 1463 unanimi
1674 1397 1960 1463 omnium
1994 1397 2165 1462 Emi-

579 1482 1094 1549 nentissimorum
1162 1497 1222 1549 et
1285 1485 1981 1552 Reverendissimorum
2047 1489 2163 1550 De·

581 1571 899 1637 minorum
969 1572 1394 1644 cardinalium
1470 1573 1944 1658 suffragantium
2017 1593 2164 1638 con-

578 1679 798 1741 sensu,
835 1661 1202 1746 respondit:
1237 1682 1274 1722 ‹
1306 1663 1367 1725 ln
1400 1660 1664 1738 decisis3
1703 1672 1767 1725 et
1796 1662 2068 1748 amplius
2098 1683 2162 1724 ».

579 1751 656 1811 Et
704 1746 783 1810 ita
831 1747 1122 1812 decrevit
1170 1750 1470 1832 atquein
1521 1749 1839 1834 praedicta
1875 1749 2164 1814 Vaticana

577 1834 834 1900 Basilica
900 1835 1137 1899 servari
1207 1837 1551 1901 mandavit.
1624 1837 1735 1901 Die
1804 1840 1888 1902 28
1946 1839 2163 1922 Augu·

577 1923 655 1987 sti
708 1926 902 1988 1702.

577 2063 838 2133 2468.
1207 2067 1518 2130 tMOLEN.
1930 2065 2160 2151 (4314)

707 2186 919 2252 Delata
963 2190 1279 2274 quondam
1312 2190 1389 2255 ad
1422 2192 1594 2255 8:11.
1623 2192 1694 2256 C.
1733 2190 2166 2256 controversia

577 2275 745 2341 inter
791 2276 1201 2363 Presbyteros
1249 2277 1660 2343 consortiales
1698 2276 2168 2343 communitatis

576 2363 1224 2451 Archipresbyteralis
1257 2366 1578 2430 Ecclesiae
1628 2369 1693 2438 S.
1730 2366 1899 2432 Pauli
1934 2370 2166 2430 Terrae

574 2455 806 2515 Massae
854 2452 1420 2537 Longobardorum
1467 2454 1787 2519 Dioecesis
1820 2454 2052 2522 lmolae
2086 2472 2162 2517 ex

574 2559 731 2620 una,
797 2552 988 2623 atque
1058 2544 1306 2605 Fratres
1370 2541 1621 2606 Ordinis
1681 2544 1744 2605 S.
1801 2541 2022 2606 Mariae
2087 2541 2169 2605 de

574 2630 786 2691 Monte
860 2628 1151 2694 Carmelo
1231 2630 1292 2692 in
1360 2628 1526 2692 dicta
1594 2632 1784 2693 'l'erra
1853 2630 2166 2714 degentes

574 2731 655 2776 ex
701 2715 895 2778 altera
946 2715 1252 2800 partibuS,
1302 2734 1502 2802 super
1562 2717 1807 2782 dubio:
1865 2721 1960 2780 An
2008 2715 2160 2781 dicti

577 2803 820 2864 Fratres
881 2801 944 2883 ip
1001 2801 1227 2866 diebus
1286 2804 1745 2889 Rogationum,
1812 2808 1875 2870 in
1937 2804 2168 2889 quibus

572 2888 1070 2975 supplicationes
1115 2900 1544 2977 peraguntur,
1588 2904 1651 2958 et
1691 2892 2067 2981 praesertim
2104 2892 2165 2955 in

574 2994 793 3040 earum
842 2979 1019 3043 Feria
1070 2981 1171 3061 Ill,
1207 2979 1522 3045 accedere
1557 2992 1938 3047 tenerentur
1968 2982 2042 3046 ad
2079 2980 2168 3045 di-

572 3075 737 3129 ctam
789 3066 1134 3132 Ecclesiam
1176 3068 1913 3155 Archipresbyteralem,
1964 3089 1996 3131 a
2043 3088 2163 3151 qua

573 3155 892 3219 Processio
939 3153 1223 3235 ducitur,
1272 3156 1376 3220 vel
1439 3158 1651 3242 potius
1713 3177 1793 3222 ex
1840 3156 1936 3223 dis
1987 3176 2163 3220 ensa-

575 3239 744 3305 tione
794 3241 1020 3309 iisdem
1074 3243 1394 3310 Fratribus
1454 3244 1531 3308 ab
1588 3245 1933 3329 Arcbipres
1981 3256 2166 3329 ytero

574 3332 833 3414 proprio
884 3341 1083 3395 marte
1129 3350 1453 3415 concessa,
1509 3332 1759 3416 liceret,
1796 3333 1902 3397 vel
1940 3332 2165 3397 iisdem

570 3418 1079 3483 processionibus
1137 3436 1263 3484 non
1329 3421 1676 3503 interesse,
1739 3422 1841 3485 vel
1902 3420 2163 3485 easdem

570 3507 1010 3570 Processiones
1059 3519 1400 3590 expectare
1450 3528 1521 3573 ac
1565 3510 1876 3595 excipere
1935 3511 1998 3573 in
2048 3511 2164 3571 Ec-

573 3591 757 3657 clesia
809 3611 1032 3657 eorum
1082 3594 1358 3680 propria,
1411 3596 1472 3661 in
1524 3616 1593 3661 ea
1631 3598 2013 3682 praesertim
2045 3599 2165 3660 Ro·

493 3690 498 3697 ·
570 3679 898 3764 gationum
948 3682 1120 3745 Feria
1171 3682 1233 3746 in
1282 3702 1402 3767 qua
1444 3685 1642 3749 Statio
1678 3686 1737 3749 in
1774 3684 1905 3768 ipsa
1937 3701 2163 3748 eorum

573 3766 850 3830 Ecclesia
903 3767 1131 3833 haberi
1180 3770 1382 3858 solet3
1443 3774 1741 3837 eamdem
1791 3782 2165 3836 controver-

568 3854 720 3917 siam
749 3856 1007 3940 penitus
1040 3857 1376 3923 diremisse
1403 3859 1741 3925 videbatur
1774 3858 1902 3923 litis
1928 3878 2164 3923 renun-

570 3942 756 4007 ciatio
789 3963 908 4007 uua
944 3963 1088 4008 cum
1122 3945 1554 4012 declaratione
1592 3947 2165 4013 iudicialiter‘sacta

567 4054 596 4095 a
648 4029 858 4095 Priore
909 4034 1301 4114 ConventuS,
1340 4035 1601 4100 nomine
1649 4046 1775 4100 tam
1825 4055 1939 4099 suo
1975 4051 2166 4119 quam

568 4120 856 4184 omnium
903 4121 1174 4186 aliorum
1223 4126 1514 4188 Fratrum
1565 4123 1719 4189 dicti
1768 4128 2162 4204 Conventus»,

566 4207 915 4273 accedendi
956 4208 1019 4273 in
1053 4209 1347 4295 praefatis
1380 4211 1580 4275 Feriis
1612 4210 2063 4297 negationum,
2098 4228 2165 4272 ac

571 4297 945 4382 praesertim
977 4298 1157 4363 Feria
1191 4301 1290 4379 111,
1327 4282 1404 4364 ad
1441 4298 1792 4365 Ecclesiam
1825 4298 2168 4382 Archipre·

569 4384 958 4470 sbyteralem
1022 4386 1098 4451 ad
1161 4384 1461 4451 effectum
1525 4386 1999 4452 interveniendi
2051 4403 2170 4470 pu-

569 4473 747 4539 blicis
795 4474 1334 4539 Processionibus,
1403 4475 1614 4541 Nihilo
1685 4488 1895 4540 tamen
1958 4473 2169 4539 minus

569 4562 841 4626 ulterius
889 4559 1358 4648 postulantibus
1402 4563 1589 4628 dictis
1621 4562 2020 4649 Presbyter-is
2056 4558 2169 4625 de‘-

569 4649 838 4715 clarari:
907 4655 1003 4715 An
1054 4651 1237 4715 liceat
1288 4649 1866 4737 Archipresbytero
1912 4648 2170 4734 propria

566 4740 943 4803 auctoritate
991 4740 1361 4823 dispensare
1411 4740 1762 4825 Regulares
1805 4741 1879 4804 ab
1914 4757 2172 4803 accessu

566 4826 641 4890 ad
675 4825 908 4889 dictam
943 4828 1284 4892 Ecclesiam
1332 4827 2020 4914 archipresbyteralem
2065 4846 2167 4889 oc·

568 4911 816 4977 casione
873 4914 1270 4998 publicarum
1320 4913 1923 5000 supplicationum?

699 5004 764 5064 S.
803 5003 872 5065 R.
914 5004 1015 5082 C.,
1055 5001 1260 5066 habita
1309 5004 1488 5089 prius
1534 5009 1697 5070 Rev.
1741 5004 2036 5091 Episcopi
2077 5006 2169 5066 in-

569 5087 976 5168 formatione,
1016 5100 1077 5151 et
1128 5110 1194 5152 re
1247 5102 1492 5156 mature
1542 5114 1610 5157 ac
1654 5094 1825 5157 serio
1859 5092 2163 5172 discussa,

569 5175 644 5239 ad
696 5174 1074 5238 relationem
1127 5178 1262 5240 Emi
1314 5190 1378 5242 et
1426 5181 1562 5244 Rrhi
1601 5184 1779 5242 Dom.
1820 5179 2165 5246 cardinalis

719 5372 797 5445 (l)
835 5373 895 5430 E.
937 5372 1076 5429 Dub.
1117 5375 1145 5429 1
1185 5382 1238 5429 ct
1276 5374 1328 5428 ὅ.

2272 432 2531 498 Fert-oni
2583 433 2787 498 dictae
2833 436 2901 499 S.
2937 435 3010 498 C.
3061 431 3368 502 Praefecti
3424 440 3491 495 et
3541 429 3848 509 PonentiS,

2272 520 2515 585 censuit
2568 520 3099 586 rescribendumz
3152 543 3189 583 α
3224 523 3359 586 Non
3420 517 3705 606 potuisse
3751 520 3849 581 Ar·

2271 607 2832 694 chipresbyterum
2878 609 3276 696 dispensare,
3313 608 3683 674 inconsulte
3726 606 3853 690 Epi-

2270 714 2463 781 scopo
2491 718 2553 759 ν.
2592 699 2670 760 Et
2705 696 2786 760 ita
2820 698 3109 762 decrevit
3141 717 3211 760 ac
3241 697 3485 761 servari
3516 692 3850 758 mandavit.

2270 783 2382 848 Die
2425 787 2498 848 11
2534 783 2905 849 Decembris
2960 788 3151 850 1762.

2274 922 2536 990 2469.
2874 923 3250 990 amenum.
3643 919 3853 1006 (4315)

2406 1045 2659 1109 Exortis
2726 1046 2894 1110 inter
2955 1043 3319 1131 Capitulum
3389 1053 3457 1108 et
3524 1041 3859 1108 canonicos

2275 1131 2597 1228 Eccjesiae
2644 1132 3038 1198 cathedralis
3087 1133 3426 1198 Amerinae
3480 1150 3565 1196 ex
3600 1148 3745 1212 una,
3778 1141 3855 1191 at-

2269 1240 2395 1304 que
2428 1222 2739 1286 Parochos
2788 1224 2852 1287 S.
2890 1221 3145 1308 Lupiae,
3188 1223 3255 1284 S.
3292 1219 3530 1284 Mariae
3566 1218 3653 1283 de
3686 1221 3859 1282 Portu

2271 1321 2329 1372 et
2382 1310 2450 1373 S.
2487 1310 2710 1373 Mariae
2756 1309 2832 1374 ad
2883 1310 3143 1373 Ulmum
3191 1308 3401 1373 dictae
3452 1305 3744 1373 Civitatis
3789 1323 3858 1368 ex

2267 1396 2465 1461 altera
2506 1397 2815 1482 partibus,
2867 1395 3320 1462 controversiis
3363 1414 3585 1481 «super
3632 1393 3861 1457 iuribus

2271 1484 2734 1568 parochialibus
2772 1486 3038 1568 aliisque
3070 1481 3607 1569 praeeminentiis
3640 1480 3703 1546 in
3735 1480 3860 1544 fun·

2272 1571 2584 1637 ctionibus
2632 1572 3075 1638 ecclesiasticis
3132 1571 3565 1658 peragendiS,
3616 1567 3861 1651 illisque

2271 1661 2344 1724 ad
2382 1662 2446 1724 S.
2476 1664 2548 1725 R.
2580 1663 2650 1725 C.
2682 1661 2941 1743 delatis3
2980 1658 3372 1746 infrascripta
3402 1656 3633 1740 dubia,
3663 1672 3861 1724 coram

2276 1751 2429 1811 Eme
2465 1759 2530 1811 et
2560 1752 2717 1812 Rmo
2744 1752 2928 1813 Dom.
2954 1747 3145 1812 Card.
3172 1747 3435 1812 Ferroni
3473 1745 3689 1811 dictae
3712 1737 3855 1808 S.C.

2268 1835 2595 1900 Praefecto
2662 1847 2726 1899 et
2789 1841 3023 1901 Causae
3082 1838 3376 1900 'Ponente
3442 1832 3859 1908 concordata,

2270 1922 2627 1988 decidenda
2658 1923 2985 2009 proposita
3019 1922 3309 2003 luerunt,
3358 1939 3609 2008 nempe
3638 1943 3654 1984 ε
3692 1918 3783 2004 (1)

2408 2015 2464 2075 1.
2516 2012 2612 2075 An
2660 2011 2957 2076 omnibus
3004 2010 3321 2090 Parocbis,
3357 2008 3460 2074 vel
3516 2008 3735 2096 potius
3767 2008 3860 2068 Pa-

2271 2096 2466 2163 rocho
2518 2100 2856 2164 tumulanti
2906 2107 3179 2179 tantum,
3229 2098 3497 2163 absente
3547 2093 3857 2179 Capitulo,

2269 2194 2592 2274 competat
2639 2207 2790 2253 usus
2832 2188 3074 2270 Stolae,
3127 2186 3458 2251 occasione
3507 2199 3647 2270 qua·
3684 2182 3860 2247 [unus

2269 2275 2530 2339 ducitur
2572 2275 2649 2341 ad
2687 2276 2918 2341 dictam
2951 2273 3399 2340 cathedralem
3431 2277 3537 2337 vel
3577 2271 3654 2336 ad
3688 2267 3860 2365 aliam

2270 2362 2642 2445 Ecclesiam,
2682 2364 2744 2427 in
2786 2362 3052 2427 transitu
3088 2381 3204 2447 per
3235 2362 3603 2428 Parochiam
3645 2355 3862 2424 Priorts

2269 2450 2478 2516 dictae
2528 2450 2950 2527 CathedraliS,
2988 2460 3053 2513 et
3088 2451 3148 2513 in
3183 2447 3409 2514 eadem
3457 2440 3866 2539 cathedrali?

2402 2541 2465 2602 2.
2512 2540 2634 2621 An,
2684 2538 3159 2603 interveniente
3206 2536 3530 2623 capitulo,
3582 2530 3860 2600 funebris

2270 2626 2513 2692 iunctio
2575 2626 2969 2692 conficienda
3016 2626 3098 2690 sit
3142 2624 3218 2689 ab
3265 2626 3468 2690 altero
3529 2643 3615 2689 ex
3672 2624 3858 2688 Cano-

2246 2713 2424 2778 ·nicis
2485 2714 2637 2779 dicti
2699 2714 3022 2800 Capituli-3
3087 2713 3192 2777 vel
3243 2714 3456 2798 potius
3505 2735 3541 2778 a
3592 2705 3857 2776 Parocho

2268 2801 2613 2867 defuncti?
2659 2814 2721 2867 et
2769 2814 3085 2888 quatenus
3130 2822 3161 2865 a
3209 2801 3554 2884 Canonieo,
3784 2880 3794 2891 ·

2401 2896 2463 2956 3.
2502 2895 2597 2955 An
2630 2891 2806 2955 dicto
2837 2890 3152 2956 canonico
3199 2888 3547 2954 funebrem
3600 2886 3860 2953 functio-

2270 2998 2419 3045 nem
2466 2979 2891 3062 conficiente,
2944 2978 3170 3044 induto
3230 2977 3497 3063 pluviali
3548 2988 3617 3041 et
3666 2970 3855 3048 Stola,

2269 3068 2440 3132 Stola
2492 3067 2682 3131 etiam
2728 3067 2970 3133 deferri
3022 3067 3219 3150 possit
3263 3086 3295 3128 a
3338 3084 3413 3130 su
3464 3063 3731 3131 radictis
3763 3062 3860 3122 Pa·

2273 3154 2507 3237 rochis,
2559 3158 2657 3220 vel
2708 3176 2739 3219 a
2787 3153 3067 3220 Parocho
3115 3086 3461 3220 defunctig
3704 3234 3716 3246 ·

2401 3246 2463 3306 4.
2503 3248 2597 3307 An
2633 3242 2829 3309 iidem
2862 3239 3121 3307 Parochi
3158 3250 3500 3306 teneantur
3532 3236 3858 3331 publicare

2272 3329 2694 3414 Matrimonia,
2760 3344 2823 3396 et
2885 3329 3168 3395 decimas
3240 3330 3506 3415 exigere
3575 3329 3641 3393 in
3701 3324 3857 3388 dicta

2265 3417 2653 3507 Cathedrali‚
2690 3420 2793 3484 vel
2846 3417 3057 3505 potius
3092 3416 3194 3481 illa
3233 3415 3562 3503 publicare
3600 3410 3856 3502 possint,

2269 3518 2333 3572 et
2366 3506 2647 3572 decimas
2694 3506 2961 3593 exigere
3011 3506 3074 3571 in
3121 3504 3400 3592 propriis
3432 3495 3782 3569 Ecclesiis‘?

2399 3599 2462 3661 ὅ.
2501 3597 2595 3659 An
2630 3594 2821 3661 iidem
2873 3592 3129 3658 Parochi
3182 3603 3523 3657 teneantur
3574 3601 3857 3672 tempore

2267 3682 2543 3747 Pascbali
2592 3684 2992 3748 Sacramenta
3042 3681 3477 3746 Poenitentiae
3524 3692 3591 3744 et
3627 3673 3855 3772 Eucha-

2271 3770 2482 3834 ristiae
2543 3770 2904 3835 ministrare
2972 3768 3246 3855 propriis
3310 3768 3534 3832 ovibus
3585 3768 3652 3833 in
3701 3762 3855 3827 dicta

2269 3854 2685 3924 Cathedrali?
3370 3920 3381 3935 ,

2400 3950 2463 4010 6.
2507 3951 2604 4012 An
2637 3946 2833 4013 iidem
2869 3945 3128 4013 Parochi
3167 3954 3509 4010 teneantur
3555 3941 3854 4034 incedere

2270 4035 2330 4099 in
2380 4035 2788 4099 Processione
2836 4033 3013 4100 Ssmi
3062 4034 3363 4117 Corporis
3398 4032 3657 4114 Christi,
3704 4028 3856 4117 aliis-

2270 4141 2394 4207 que
2450 4122 3001 4204 Processionibus,
3063 4132 3381 4206 quatenus
3440 4116 3854 4185 interveniant

2266 4208 2549 4274 vestibus
2596 4210 2788 4273 sacris
2838 4208 3044 4276 induti
3080 4219 3273 4295 prout
3306 4209 3409 4272 alii
3446 4210 3854 4275 Sace1·dotes;

2271 4297 2373 4361 vel
2436 4297 2645 4383 potius
2706 4299 2950 4384 possint
3014 4297 3319 4362 incedere
3377 4314 3524 4361 cum
3583 4307 3748 4360 cotta
3795 4299 3854 4353 et

2271 4385 2471 4467 Stola,
2524 4396 2587 4449 et
2636 4386 2715 4451 in·
2746 4405 2874 4469 quo
2926 4382 3121 4450 loco?

2402 4477 2479 4537 Et
2535 4476 2602 4537 S.
2651 4478 2723 4538 R.
2776 4477 2878 4553 C.,
2933 4483 3207 4558 utraque
3274 4484 3453 4558 parte
3513 4470 3752 4558 scripto
3797 4473 3854 4526 et

2271 4582 2428 4625 voce
2462 4562 2655 4646 prius
2673 4562 2885 4626 audita
2925 4562 3209 4646 visisque
3256 4563 3499 4627 iuribus
3534 4560 3681 4624 hinc
3716 4553 3854 4649 inde

2270 4648 2595 4732 deductis,
2629 4650 2703 4713 ad
2737 4651 3117 4714 relationem
3155 4648 3443 4715 eiusdem
3472 4648 3609 4712 Emi
3637 4660 3702 4711 et
3727 4648 3851 4710 Bm!

2268 4738 2513 4803 Domini
2572 4736 2918 4803 Cardinalis
2973 4736 3306 4821 Ponentis,
3380 4735 3853 4801 rescribendum

2272 4837 2562 4891 censuit:

2401 4914 2495 4980 Ad
2537 4918 2596 4977 1.
2632 4936 2669 4976 ι
2698 4917 2893 4980 Usum
2930 4914 3145 4980 Stolae
3180 4926 3553 4999 competere
3587 4907 3850 4976 Parocho

2273 5001 2611 5066 tumulanti
2666 5014 2909 5068 tantum
2947 5026 3007 5067 ι.

2407 5091 2499 5156 Ad
2536 5096 2600 5155 2.
2638 5113 2675 5153 αι
2706 5091 3124 5172 Affirmative,
3161 5092 3238 5156 ad
3273 5090 3540 5176 primam
3576 5100 3843 5174 partem

2273 5176 2607 5263 Negative,
2643 5179 2720 5244 ad
2755 5180 3137 5264 secundam;
3196 5184 3364 5244 iuxta
3414 5175 3675 5243 solitum
3712 5198 3769 5238 ν.
