4042 5950
1510 279 1980 358 —335—

133 460 247 508 non
288 460 484 530 parvo
527 458 820 524 numero,
854 450 1173 526 utsupra,
1208 436 1366 505 haec
1399 436 1699 525 paulatim
1798 438 2037 520 coetu,
2078 437 2405 518 referente
2452 433 2810 524 subscripto
2856 433 3241 520 secretario,
3291 438 3389 502 re·-

131 530 258 596 loco
303 529 572 596 aliorum
621 548 748 595 non
794 535 1306 594 consecratorum
1354 534 1701 612 ponantur,

129 638 193 683 ac
216 617 460 708 sublata
492 617 726 684 iterum
759 625 1265 693 consecrentur;
1318 624 1380 680 et
1428 613 1583 680 haec
1614 616 1702 679 sic

1801 525 2253 610 spondendum
2302 522 2596 591 censuit:
2652 545 2690 587 ς
2721 526 2930 604 Οιιιιιιι
2993 523 3151 591 nibil
3209 542 3389 613 prae·

1800 612 2111 681 scribatur
2181 612 2244 679 in
2311 611 2647 679 enunciato
2727 611 3094 699 Apostolico
3163 611 3387 694 Brevi,

129 723 456 793 perperam
501 703 820 770 habilitata
878 704 956 771 ad
1012 705 1279 785 Sacrum
1340 701 1701 770 iaciendum
1798 702 2191 787 praecedere
2260 699 2459 767 debet
2533 700 3054 767 commemoratio
3133 710 3389 768 octavae

128 792 401 879 dignosci
451 802 758 881 poterunt
801 791 906 856 vel
948 810 1029 857 ex
1061 790 1367 876 qualitate
1395 791 1558 876 signi
1591 809 1702 856 no·

129 883 283 947 viter
329 880 620 967 impressi
670 879 774 946 vel
825 899 904 945 ex
954 878 1159 946 Diario
1208 880 1434 946 Sacrae
1481 878 1701 946 visita·

130 969 329 1053 tionis,
379 968 552 1056 quod
601 979 781 1035 certe
825 967 1075 1035 referre
1134 966 1332 1035 debet
1378 967 1591 1033 locum
1638 975 1705 1033 et

128 1059 331 1124 Altare
379 1056 489 1124 tali
537 1057 725 1125 modo
773 1055 1030 1122 noviter
1087 1054 1490 1141 dispositum.
1540 1058 1704 1121 Haec

129 1144 500 1213 Sanctissimi
550 1144 856 1232 Principis
906 1144 1198 1210 mandata
1256 1143 1414 1211 dum
1460 1141 1702 1230 Ampli-

127 1233 320 1301 tudini
368 1237 542 1300 Tnae
587 1232 1015 1316 communico,
1057 1231 1424 1299 diuturnam
1456 1230 1590 1297 'l'ibi
1625 1250 1703 1297 ex

126 1322 324 1389 auimo
370 1331 611 1409 exopto
654 1320 1055 1387 felicitatem.

129 1463 364 1535 2912.
763 1461 1046 1528 SENEN.

245 1588 452 1666 Quum
507 1587 762 1673 Equites
808 1592 1050 1656 Marcus
1099 1597 1162 1654 et
1197 1585 1566 1653 Alexander
1598 1586 1702 1651 Sa·

131 1675 308 1742 racini
356 1677 422 1743 in
467 1675 719 1764 Oppido
767 1676 1118 1742 Castrinovi
1168 1674 1364 1760 vulgo
1395 1673 1562 1740 della
1593 1674 1704 1736 Be-

127 1764 431 1849 rardenqa
483 1766 545 1831 in
590 1763 1067 1831 Archidioecesi
1117 1761 1381 1830 Senensi
1414 1781 1449 1828 e
1484 1760 1706 1827 funda-

127 1853 345 1918 mentis
379 1852 720 1920 excitarint
747 1853 1182 1937 parochialem
1214 1849 1599 1928 Ecclesiam;
1633 1858 1704 1915 ιιι

126 1938 565 2007 ecclesiasticas
611 1940 965 2007 sanctiones
1017 1939 1372 2025 adimplere
1418 1937 1704 2004 adamus·

125 2028 234 2093 sim
256 2028 529 2113 valeant,
556 2031 808 2097 Sacram
831 2029 1092 2096 Rituum
1126 2025 1704 2113 Congregationem

129 2116 307 2183 enixe
373 2127 712 2204 rogarunt,
763 2127 833 2184 ut
894 2116 1223 2183 declarare
1282 2115 1702 2201 dignaretur:

128 2206 281 2270 Num
322 2224 527 2292 super
570 2204 742 2272 omni
787 2205 1030 2289 Altare,
1082 2205 1145 2271 in
1191 2223 1320 2289 quo
1378 2201 1704 2272 Sanctissi-

129 2311 293 2358 mum
352 2295 838 2360 Sacramentum
901 2303 1294 2377 asservatur,
1356 2291 1590 2380 apponi
1641 2310 1707 2354 o·

129 2380 334 2448 mnino
382 2380 618 2449 debeat
663 2379 1170 2448 Baldachinum‘?

248 2472 324 2535 Et
371 2472 560 2536 Sacra
605 2469 866 2537 Rituum
911 2468 1363 2556 Congregatio,
1412 2467 1476 2533 in
1522 2466 1703 2534 Ordi-

127 2555 288 2623 nario
349 2561 556 2624 coetu
617 2556 692 2623 ad
742 2556 1115 2624 Vaticanum
1175 2555 1539 2643 subsignata
1600 2555 1705 2622 die

129 2645 491 2728 coadunata,
541 2644 866 2711 referente
912 2644 1270 2732 subscripto
1323 2643 1704 2726 Secretario,

132 2735 525 2821 comperiens
585 2751 791 2819 usque
847 2731 925 2798 ab
980 2752 1142 2799 anno
1199 2736 1363 2802 1697
1421 2733 1539 2800 sub
1596 2731 1704 2799 die

131 2824 204 2887 27
233 2820 469 2907 Aprilis
502 2819 565 2886 in
605 2840 726 2887 una
757 2824 1105 2889 Cotronen.
1140 2821 1452 2888 sancitum
1482 2819 1702 2903 fuisse,

134 2919 197 2974 ut
252 2908 708 2978 Baldachinum
773 2910 1032 2977 omnino
1098 2920 1454 2998 apponatur
1510 2927 1707 2996 super

133 2997 359 3082 Altare,
390 2998 464 3065 in
493 3018 620 3084 quo
659 3000 1177 3085 augustissimum
1224 3001 1704 3066 Sacramentum

132 3097 479 3154 asservatur
541 3085 1022 3155 rescribendum
1082 3086 1377 3153 censuit:
1436 3109 1474 3152 c
1509 3090 1707 3152 Detur

133 3177 465 3324 Pecretum
526 3178 590 3242 in
647 3195 766 3243 una
814 3179 1163 3246 Cotronen.
1213 3175 1341 3243 diei
1392 3180 1477 3243 27
1522 3174 1702 3263 Apri·

158 3262 202 3326 is
250 3266 412 3332 1697
453 3287 519 3331 ».

253 3355 468 3439 Atque
512 3354 593 3419 ita
641 3352 997 3440 rescripsit.
1045 3352 1156 3419 Die
1204 3357 1287 3420 23
1337 3352 1470 3418 Maii
1510 3353 1701 3419 1846.

137 3493 366 3563 2913.
639 3495 1181 3562 smcusitNA.
1478 3493 1705 3580 (5045)

256 3621 347 3683 Ex
394 3615 776 3705 Apostolicis
820 3616 1075 3683 Litteris
1122 3618 1186 3683 in
1228 3619 1431 3683 forma
1494 3616 1707 3683 Brevis

137 3723 326 3790 nsque
373 3705 450 3772 ab
495 3723 660 3770 anno
726 3709 893 3773 1818
947 3704 1053 3771 die
1107 3708 1183 3773 10
1231 3704 1465 3794 Aprilis
1513 3722 1707 3790 expe-

138 3792 274 3859 ditis
316 3812 513 3882 super
557 3793 934 3861 reductione
995 3795 1326 3860 Fastorum
1371 3794 1438 3860 in
1483 3797 1705 3879 Regno

138 3882 463 3968 utriusque
493 3881 771 3967 Siciliae,
803 3902 856 3947 s.
887 3899 977 3947 m.
1003 3880 1149 3948 Pius
1177 3884 1336 3967 Papa
1370 3885 1472 3950 Vll
1507 3881 1706 3949 edixit

139 3979 203 4034 ut
243 3969 459 4037 Officio
490 3990 560 4037 ac
591 3970 807 4035 Missae
841 3972 1214 4037 Sanctorum
1253 3970 1706 4058 Apostolorum

138 4057 288 4122 Petri
338 4068 404 4124 et
450 4058 625 4125 Pauli
670 4057 776 4125 die
822 4060 908 4124 ,29
957 4057 1112 4124 lunii
1159 4058 1507 4126 adderetur
1535 4077 1706 4124 com·

138 4146 499 4212 memoratio
534 4146 820 4212 omnium
852 4148 1224 4213 Sanctorum
1254 4146 1705 4233 Apostolorum

141 4244 199 4297 et
253 4234 538 4301 omnium
596 4237 966 4301 Sanctorum
1031 4236 1404 4320 Martyrum.
1468 4238 1708 4302 Verum

139 4339 327 4405 quum
391 4323 714 4391 interdum
774 4323 893 4390 hoc
947 4324 1320 4389 Sanctorum
1374 4323 1706 4410 Apostolo-

139 4428 273 4476 rum
318 4414 578 4478 Festum
625 4420 915 4477 occurrat
962 4411 1093 4496 ipsa
1140 4409 1246 4477 die
1295 4422 1509 4477 octava
1556 4413 1706 4478 San-

140 4497 386 4566 ctissimi
446 4498 744 4587 Corporis
803 4499 1068 4580 Christi,
1115 4498 1707 4566 Reverendissimus

139 4587 498 4674 syracusan.
565 4587 848 4654 Antiates
907 4589 1158 4654 Sacram
1226 4587 1484 4654 Rituum
1547 4589 1707 4654 Con-

1469 1459 1699 1547 (5044)

139 4675 567 4760 gregationem
618 4676 806 4742 enixe
852 4673 1122 4761 rogavit,
1163 4685 1232 4741 ut
1263 4675 1585 4743 declarare
1617 4676 1711 4742 di-

139 4776 455 4850 gnaretur,
489 4781 646 4831 num
682 4761 1044 4831 huiusmodi
1081 4762 1146 4829 in
1177 4783 1470 4847 occursu,
1506 4782 1705 4830 enun-

138 4850 285 4915 ciata
316 4852 832 4919 commemoratio
857 4854 1234 4919 Sanctorum
1258 4850 1707 4940 Apostolorum

140 4947 200 5002 et
229 4940 595 5028 Martyrum,
630 4949 856 5027 utpote
902 4943 1087 5006 Festo
1120 4942 1495 5007 Sanctorum
1541 4941 1708 5030 Apo·

138 5025 438 5095 stolorum
482 5028 650 5095 Petri
684 5038 751 5094 et
778 5028 953 5096 Pauli
980 5029 1270 5110 adnexa,
1302 5025 1443 5095 fieri
1476 5027 1709 5096 debeat

140 5125 276 5182 ante
307 5116 975 5184 commemorationem
1001 5116 1130 5187 diei
1161 5128 1416 5184 octavae
1441 5117 1709 5183 Sanctis·

139 5200 269 5269 simi
300 5207 595 5292 corporis
632 5204 864 5273 Christi
884 5203 919 5274 ’ἓ

264 5295 340 5358 Ει
371 5296 554 5362 Sacra
586 5292 845 5362 Rittium
882 5293 1330 5383 Congregatio,
1357 5294 1433 5362 ad
1467 5296 1710 5362 Vatica-

143 5396 285 5446 num
344 5380 647 5449 hodierna
704 5381 807 5448 die
871 5382 1214 5451 coadunata
1272 5384 1336 5450 in
1380 5382 1710 5451 ordinario

1804 789 2190 858 Sanctissimi
2259 791 2383 855 Cor
2432 788 2558 855 oris
2625 787 2960 855 Christi».
3029 791 3242 873 Atque
3310 788 3390 854 ita

1803 879 2186 944 servandum
2233 896 2378 945 man
2425 877 2577 943 avit.
2626 876 2737 943 Die
2786 880 2870 945 23
2917 876 3052 943 Maii
3105 880 3302 944 1846.

1807 1018 2055 1088 2914.
2365 1018 2817 1085 GANDAVEN.
3158 1016 3386 1106 (5049)

1936 1146 2018 1210 Ut
2067 1143 2130 1210 in
2175 1140 2611 1209 Ecclesiastic'a
2656 1141 2938 1228 Liturgia
2980 1162 3052 1209 ea
3084 1141 3391 1210 habeatur

1807 1242 1978 1299 certa
2028 1231 2416 1316 indubiaque
2462 1229 2726 1317 regula,
2774 1249 2937 1316 quae
2996 1229 3390 1298 uniformita-

1807 1332 1941 1388 tem
1991 1319 2251 1386 inducat
2298 1337 2367 1384 ac
2413 1316 2675 1405 privatis
2727 1317 3130 1403 opinionibus
3179 1320 3387 1386 locum

1807 1408 2043 1476 adimat
2072 1407 2357 1490 omniuo,
2393 1405 2701 1474 Sacerdos
2733 1408 3132 1492 De·Mulder,
3166 1405 3393 1475 cathe-

1807 1496 2002 1563 dralis
2034 1495 2458 1562 Gaudaveusis
2489 1494 2812 1561 Ecclesiae
2843 1495 3196 1564 Canonicus
3225 1516 3295 1562 ac
3329 1495 3392 1562 in

1807 1584 2167 1671 Episcopali
2215 1583 2561 1651 Seminario
2608 1585 2831 1650 Sacrae
2886 1585 3208 1673 Lituigiae
3246 1587 3393 1650 Pro·

1806 1673 2034 1756 sessor,
2087 1675 2335 1739 Sacram
2374 1671 2634 1738 Rituum
2669 1672 3245 1760 congregationem
3279 1671 3393 1739 hu-

1809 1759 2099 1828 millimis
2143 1759 2443 1847 precibus
2489 1760 2707 1828 adiens
2755 1761 2943 1827 enixe
3007 1760 3274 1847 rogavit,
3324 1770 3394 1828 ut

1809 1868 2009 1937 super
2055 1849 2367 1917 exhibitas
2411 1846 2813 1934 quaestiones
2874 1861 3160 1917 mentem
3215 1869 3392 1916 suam

1808 1936 2063 2023 aperire
2109 1957 2179 2003 ac
2225 1935 2414 2003 dubia
2460 1936 2610 2003 inde
2659 1937 2991 2024 sequentia
3024 1937 3278 2005 diluere
3325 1957 3393 2004 ac

1811 2029 1931 2092 rite
1978 2024 2253 2094 desinire
2298 2024 2714 2115 dignaretur;
2763 2026 3111 2092 nimirum:

1944 2117 1989 2181 l.
2038 2117 2245 2193 Quum
2290 2134 2342 2179 s.
2379 2128 2466 2179 m.
2521 2115 2663 2179 Pius
2705 2117 2869 2200 Papa
2901 2117 2977 2182 vt
3026 2133 3188 2182 anno
3228 2117 3394 2182 1798

1810 2202 2065 2271 decimo
2111 2203 2336 2288 quinto
2382 2201 2692 2270 Calendas
2727 2201 2887 2269 lunii
2921 2201 3288 2287 indulserit,
3323 2214 3395 2270 ut

1811 2292 1877 2358 in
1921 2295 2107 2358 Festo
2164 2294 2536 2357 Sanctorum
2596 2290 3051 2378 Apostolorum
3113 2291 3281 2358 Petri
3328 2301 3392 2358 et

1810 2378 1981 2446 Pauli
2028 2379 2221 2446 tertio
2266 2379 2569 2445 Calendas
2615 2379 2757 2446 Iulii
2813 2379 3164 2447 adderetur
3221 2398 3391 2447 com-

1808 2467 2184 2534 memoratio
2216 2466 2501 2533 omnium
2535 2470 2909 2535 Sanctorum
2939 2468 3393 2555 Apostolorum

1807 2556 1872 2623 in
1903 2556 2229 2643 vesperis,
2261 2554 2579 2623 Laudibus
2622 2575 2690 2622 ac
2739 2555 2950 2643 Missa3
2999 2567 3193 2643 atque
3223 2575 3394 2623 com-

1809 2644 2188 2711 memoratio
2257 2644 2544 2710 omnium
2612 2647 2982 2712 Sanctorum
3051 2647 3393 2732 Martyrum

1809 2745 2242 2821 apponeretur
2291 2733 2355 2798 in
2399 2732 2616 2799 Officio
2666 2744 2729 2799 et
2777 2732 2950 2798 Missa
2999 2733 3205 2801 Sancti
3253 2736 3393 2801 Ste-

1810 2820 1997 2910 phani
2060 2820 2544 2907 Protomartyris
2608 2821 2881 2907 septimo
2944 2823 3251 2891 Calendas
3311 2826 3393 2889 la-

1808 2909 2058 2990 nuarii;
2131 2910 2193 2975 in
2254 2909 2474 2996 Belgio
2538 2910 2704 2977 varia
2764 2919 2861 2976 est
2918 2911 3133 2997 praxis
3186 2911 3390 2998 quoad

1810 3010 2187 3066 memoratas
2256 2998 2931 3065 commemorationes.
3011 3000 3132 3066 Alii
3202 2999 3395 3087 siqui·

1808 3088 1956 3154 dem
2009 3088 2410 3154 contendunt
2457 3085 2772 3153 faciendas
2820 3105 2958 3152 esse
3004 3087 3123 3154 sub
3183 3090 3391 3173 unica,

1808 3174 1913 3242 alii
1973 3174 2092 3242 sub
2155 3175 2407 3242 diversa
2476 3174 2928 3254 conclusione3
2992 3175 3393 3262 proindeque

1808 3263 2173 3351 quaeritur:
2211 3265 2305 3330 An
2337 3263 2402 3330 in
2436 3262 2778 3352 praedictis
2809 3262 3007 3329 Festis
3035 3264 3244 3331 Oratio
3275 3284 3393 3352 pro

1809 3352 2420 3420 commemoratione
2467 3349 2633 3418 uniri
2665 3350 2901 3419 debeat
2945 3351 3013 3418 in
3043 3352 3217 3419 Missa
3249 3355 3395 3419 Ora·

1806 3440 1965 3508 tioni
2009 3439 2388 3507 Festivitatis
2432 3440 2551 3507 sub
2589 3439 2772 3507 unica
2805 3440 3251 3527 conclusione,
3286 3440 3391 3506 vel

1806 3529 2020 3618 potius
2050 3528 2320 3596 dicenda
2350 3527 2432 3594 sit
2461 3529 2579 3595 sub
2611 3528 2904 3596 distincta
2938 3525 3396 3597 conclusione?

1939 3619 2013 3682 ll.
2043 3617 2115 3685 vi
2144 3616 2374 3684 indulti
2400 3615 2790 3685 reductionis
2812 3619 3147 3685 Festorum
3171 3618 3394 3704 quinto

1810 3707 1953 3774 Idus
1985 3705 2220 3792 Aprilis
2250 3706 2394 3772 anni
2434 3708 2599 3774 1802
2630 3702 2883 3793 signati,
2934 3705 3127 3773 etiam
3158 3707 3219 3773 in
3254 3708 3394 3773 Bel-

1809 3794 1916 3882 gio
1936 3793 2373 3880 ‚quorumdam
2403 3798 2738 3862 Festorum
2775 3795 3144 3862 solemnitas
3174 3794 3252 3863 ad
3284 3797 3398 3861 Do-

1812 3882 2106 3949 minicam
2151 3882 2444 3969 proxime
2509 3894 2891 3970 sequentem
2953 3885 3244 3950 translata
3301 3894 3395 3949 est

1811 3990 1959 4039 cum
2017 3970 2194 4037 Missa
2253 3969 2524 4038 solemni
2585 3973 2668 4040 de
2731 3976 2918 4038 Festo
2975 3972 3271 4038 translato
3334 3972 3396 4038 in

1812 4058 2105 4126 omnibus
2164 4059 2468 4127 Ecclesiis
2528 4059 2987 4127 parochialibus
3045 4078 3224 4126 more
3287 4080 3395 4128 vo·

1812 4145 1943 4214 tivo
1989 4163 2139 4214 cum
2185 4147 2367 4214 unica
2424 4146 2743 4216 Oratione.
2800 4148 2958 4216 Hinc
3015 4149 3390 4235 quaeritur3

1817 4240 1875 4302 1.
1945 4238 2039 4302 An
2110 4235 2476 4303 huiusmodi
2545 4236 2722 4304 Missa
2795 4237 3100 4303 solemnis
3161 4237 3396 4304 cantari

1811 4323 2001 4390 etiam
2047 4323 2307 4408 debeat,
2343 4325 2445 4390 vel
2480 4324 2707 4392 saltem
2803 4325 2980 4408 ossit,
3013 4324 3081 4392 in
3111 4326 3394 4393 Ecclesia

1811 4411 2224 4500 Regularinm
2275 4423 2339 4478 et
2387 4412 2750 4481 Honialium
2850 4424 2914 4479 et
2961 4423 3276 4501 quatenus
3307 4414 3396 4482 al'·

1811 4500 2167 4585 firmative,
2216 4500 2546 4587 quaeritur
2591 4506 2655 4568 2.
2697 4505 2796 4569 An
2850 4501 3128 4590 praefata
3189 4501 3396 4569 Domi·

1811 4588 1950 4654 nica
1997 4587 2064 4654 in
2100 4590 2196 4657 his
2227 4590 2823 4676 communitatibus,
2861 4593 2924 4657 in
2955 4589 3187 4675 quibus
3217 4590 3397 4658 Missa

1812 4677 2262 4744 Conventualis
2309 4678 2583 4766 legitur,
2633 4697 2763 4747 non
2819 4689 3034 4745 autem
3081 4689 3394 4764 cantatur,

1811 4765 1969 4832 haec
2037 4764 2212 4831 Missa
2281 4766 2730 4834 conventualis
2799 4766 2931 4853 legi
2996 4765 3228 4833 debeat
3289 4771 3395 4835 vel

1812 4852 2010 4938 possit
2054 4854 2136 4922 de
2184 4855 2649 4933 solemnitat03
2701 4855 2806 4923 vel
2853 4852 3064 4944 potius
3111 4854 3236 4921 dici
3286 4856 3398 4924 de·

1815 4940 1958 5006 beat
2003 4941 2089 5009 de
2132 4941 2347 5009 Officio
2395 4941 2831 5010 occurrente?

1943 5031 2046 5095 111.
2079 5029 2299 5097 Plures
2329 5030 2588 5097 Parochi
2621 5030 2685 5098 in
2715 5030 3001 5099 Dioecesi
3031 5031 3392 5100 Gandaven.

1809 5114 2188 5205 primarium
2254 5138 2403 5185 suae
2471 5118 2794 5186 Ecclesiae
2868 5119 3216 5187 'titularem
3289 5123 3393 5190 vel

1815 5203 2003 5273 etiam
2058 5210 2399 5274 Patronum
2462 5206 2884 5296 praecipuum
2951 5207 3187 5278 babent
3247 5212 3397 5278 San·

1813 5305 1990 5361 ctum
2037 5297 2332 5362 loannem
2377 5295 2747 5383 Baptistam,
2793 5297 2973 5365 cuius
3017 5299 3396 5366 Solemnitas

1814 5383 1877 5449 vi
1944 5384 2292 5472 praenotati
2366 5384 2598 5454 indulti
2668 5383 2747 5452 ab
2809 5398 3032 5453 octavo
3089 5386 3396 5456 Calendas
