4042 5950
2013 269 2489 349 —170—

600 427 928 511 brantem,
981 426 1355 514 praesertim
1414 425 1464 493 si
1523 425 1786 493 Ministri
1844 427 1969 493 sint
2034 447 2184 516 prae

602 515 981 583 celebrante
1024 515 1260 616 gradus
1305 512 1675 581 inferioris?

732 609 795 669 3.
848 605 944 671 An
990 602 1285 671 canonici
1332 602 1747 688 cathedralis,
1783 605 1865 671 de
1912 623 2036 689 qua
2081 623 2184 669 su-

602 712 736 791 pra,
787 693 880 757 uti
926 692 1170 792 possint
1222 691 1593 778 palmatoria
1642 690 1705 756 in
1753 692 2185 765 celebratione

602 781 843 863 Missae,
894 781 1083 846 etiam
1131 779 1385 865 quando
1448 779 1777 846 celebrant
1838 791 2012 845 extra
2074 783 2182 846 Ca-

602 866 1016 936 thedralem‘?
1073 867 1381 936 Similiter
1440 868 1502 933 in
1568 866 1703 931 aliis
1754 867 2183 933 functionibus

599 955 1067 1038 ecclesiasticis,
1092 955 1416 1042 vesperis,
1439 954 1998 1022 Benedictionibus
2026 964 2178 1021 etc:
2136 1001 2181 1032 .,

599 1045 824 1198 saltim
860 1064 940 1200 ιιι
975 1054 1313 1133 praetextu
1347 1042 1791 1111 obscuritatis
1775 1063 1841 1109 ιιι
1870 1042 2187 1129 aliquibus

605 1152 724 1198 cast
775 1152 848 1198 us

731 1222 794 1286 4.
834 1224 905 1287 [n
933 1221 1161 1288 eadem
1187 1219 1579 1304 Cathedrali,
1615 1218 1870 1305 quando
1900 1218 2185 1285 celebrat

597 1310 991 1393 Canonicus,
1062 1311 1369 1375 ciaconus
1435 1319 1501 1375 et
1570 1307 2008 1375 subdiaconus
2072 1307 2182 1372 ali·

596 1398 848 1482 quando
894 1408 1041 1463 sunt
1085 1395 1406 1463 inferioris
1454 1396 1740 1462 ordinis:
1803 1393 2176 1481 quaeritur.

599 1491 693 1551 An
724 1485 877 1554 haec
913 1483 1310 1551 consuetudo
1347 1485 1609 1550 retineri
1643 1482 1891 1571 possit?
1936 1494 2000 1548 et
2033 1503 2182 1570 qua-

603 1584 787 1639 tenus
817 1571 1232 1640 affirmative:
1284 1574 1382 1638 An
1413 1572 1638 1638 deceat
1670 1571 2053 1638 canonicum
2087 1589 2188 1636 ce·

600 1660 958 1728 lebrantem
991 1679 1128 1727 esse
1178 1662 1239 1726 in
1286 1673 1654 1746 paramento
1688 1661 1995 1745 pretiose,
2049 1658 2185 1725 Dia-

598 1768 830 1848 conum
877 1761 942 1816 et
990 1749 1463 1816 Subdiaconum
1516 1760 1765 1836 paratos
1821 1768 1959 1814 esse
2021 1747 2182 1815 infe-

595 1836 749 1903 riori
795 1836 1129 1904 Dalmatica
1181 1846 1245 1903 et
1291 1835 1668 1904 Tunicella?

729 1928 796 1991 ὅ.
845 1926 965 2009 Αιι,
1017 1925 1380 1992 celebrante
1412 1926 1723 1991 canonico
1755 1923 2178 2008 cathedralis,

596 2014 903 2080 Diaconus
949 2013 1171 2082 itidem
1215 2014 1591 2098 canonicuS,
1638 2013 2027 2102 porrigendo
2074 2032 2179 2077 co-

596 2103 836 2186 chlear,
886 2104 1204 2187 Patenam,
1247 2101 1547 2185 Calicem,
1585 2113 1878 2168 teneatur
1909 2100 2180 2168 osculari

597 2210 854 2258 manum
897 2189 1322 2268 celebrantis;
1351 2193 1453 2256 vel
1537 2191 1726 2275 otius,
1761 2190 1906 2276 quia
1942 2201 2037 2255 est
2069 2194 2179 2256 ca-

594 2283 885 2361 nonicuS,
936 2280 1148 2345 oscula
1196 2279 1489 2346 huiusmo
1543 2277 1558 2341 i
1608 2280 1732 2345 sint
1774 2276 2178 2345 omittenda?

723 2369 788 2435 6.
838 2373 934 2434 An
987 2365 1281 2434 canonici
1337 2366 1737 2455 supradictae
1784 2364 2179 2433 Cathedralis

595 2465 932 2524 teneantur
979 2456 1184 2521 Missas
1230 2454 1560 2520 celebrare
1607 2464 1677 2519 ut
1719 2453 1987 2555 quilibet
2019 2454 2178 2520 alius

593 2540 901 2612 Sacerdos
963 2543 1287 2644 simple-13
1360 2544 1465 2608 vel
1537 2542 1748 2630 potius
1794 2542 1943 2627 ipsis
1993 2542 2231 2626 liceat,

591 2652 827 2720 cogere
878 2631 1158 2700 Clericos
1195 2631 1614 2696 inservientes
1645 2640 1714 2695 ut
1745 2630 2037 2697 deferant
2067 2635 2181 2697 ca—

594 2722 786 2788 licem
831 2723 907 2790 ad
954 2721 1191 2803 Altare,
1241 2721 1316 2785 ab
1366 2739 1441 2786 eo
1492 2730 1845 2821 reportent,
1884 2737 2034 2784 eum
2066 2719 2178 2786 de-

594 2820 814 2894 tegant
863 2821 935 2964 ef}
972 2810 1342 2897 cooperiant
1377 2807 1440 2875 in
1472 2809 1675 2892 Missa,
1720 2808 2005 2894 aperiant
2039 2809 2179 2873 Mis-

592 2899 724 2965 sale
770 2910 873 2965 etc

725 2993 813 3054 7.-
839 2991 934 3054 An
998 2981 1428 3088 concionator,
1500 2985 1760 3053 absente
1830 2985 2174 3086 Episcopo,

593 3085 733 3163 post
796 3076 1220 3143 reverentiam
1281 3075 1653 3162 generalem
1695 3076 1936 3141 factam
1995 3074 2178 3175 capi·

595 3165 728 3232 tulo
763 3175 828 3230 et
858 3164 1097 3232 deinde
1128 3164 1430 3265 po,pulo
1485 3175 1800 3244 teneatur,
1852 3164 1960 3227 vix
2007 3163 2178 3229 ince-

591 3265 698 3341 pta
746 3254 1077 3339 concione,
1126 3252 1361 3319 iterum
1409 3252 1658 3318 veniam
1708 3251 2015 3317 exhibere
2062 3268 2178 3315 sen

591 3342 914 3430 postulare
948 3363 979 3407 a
1014 3341 1382 3425 canonicis3
1430 3342 1600 3428 quia,
1639 3353 1708 3406 ιιι
1737 3339 1937 3423 aiunt,
1974 3357 2175 3406 unum

591 3438 738 3497 sunt
786 3448 931 3496 cum
981 3427 1348 3543 Episcopo?
1666 3428 1678 3434 “

721 3519 788 3582 8.
822 3522 918 3583 An
955 3517 1245 3602 Magister
1275 3516 1833 3584 caeremoniarum
1862 3527 2031 3581 stare
2064 3517 2177 3584 de·

595 3608 738 3674 beat
789 3624 1079 3704 semper,
1134 3605 1395 3704 reliquis
1455 3606 1718 3673 Clericis
1779 3618 1842 3671 et
1897 3604 2178 3691 Acolytis

591 3691 1038 3776 sedentibus,
1023 3712 1087 3759 ιιι
1123 3692 1443 3779 vesperis,
1480 3692 1797 3786 matutinis
1845 3704 1910 3759 et
1956 3693 2178 3760 Laudi-

595 3785 710 3850 bus
753 3779 1203 3848 solemnibus‘?
1368 3812 1379 3819 -

722 3872 788 3937 9.
850 3874 942 3937 An
1012 3868 1451 3937 authenticum
1522 3869 1603 3934 sit
1673 3874 2015 3937 Decretum
2081 3871 2174 3935 bis

593 3957 802 4026 verbis
835 3971 1256 4047 conceptum:
1291 3958 1586 4044 Magistro
1617 3959 2179 4027 caeremoniarum

592 4048 843 4114 nullum
892 4059 1263 4135 competere
1313 4049 1526 4113 locum
1584 4047 1647 4113 in
1700 4049 2013 4132 sedendo,
2063 4048 2176 4114 sed

586 4148 753 4205 stare
801 4136 1081 4220 debere,
1131 4137 1285 4205 dum
1334 4156 1567 4203 munus
1625 4155 1813 4202 suum
1880 4147 2171 4219 exercet,

588 4225 761 4290 iuxta
821 4225 1307 4311 dispositionem
1369 4223 1856 4291 caeremonialis
1917 4184 2173 4312 Episco:

585 4331 846 4402 porum.
890 4314 983 4401 (1)

725 4403 828 4468 10.
864 4406 961 4469 Αιι
994 4421 1214 4469 omnes
1248 4401 1639 4502 Capitulares
1667 4412 2003 4468 teneantur
2029 4402 2175 4468 obe·

590 4492 734 4559 dire
779 4492 1335 4558 caeremoniarum
1398 4490 1691 4578 Magistro
1737 4489 1814 4555 ab
1860 4492 2176 4590 Episcopo

591 4582 801 4647 electo
849 4579 910 4645 in
958 4579 1055 4648 his
1100 4599 1260 4667 quae
1323 4579 1615 4646 divinum
1674 4579 1923 4644 cultum
1976 4579 2178 4665 respi-

593 4670 805 4747 ciunt;
832 4669 935 4735 vel
971 4669 1183 4769 potius
1221 4669 1607 4735 considerari
1641 4665 1750 4732 ille
1785 4667 2016 4733 debeat
2048 4678 2179 4732 tan-

588 4775 779 4844 quam
825 4756 1280 4844 capitularium
1323 4752 1649 4824 famulus?

725 4849 825 4912 11.
882 4850 946 4911 ln
994 4845 1271 4932 praefata
1314 4844 1671 4914 cathedrali
1736 4857 2029 4932 tempore
2077 4844 2174 4910 di·

587 4933 716 4999 vini
764 4932 958 5000 Officii
1008 4935 1352 5020 exponitur
1398 4934 1674 5034 Lignum
1721 4938 1981 5002 Sanctae
2015 4936 2171 4999 cru·-

586 5019 699 5103 cis,
754 5020 878 5086 tam
939 5020 1000 5084 in
1064 5027 1247 5088 Festo
1305 5023 1688 5089 inventionis
1736 5041 1926 5122 quam
1976 5020 2040 5085 in
2088 5019 2173 5084 al·

589 5120 727 5175 tero
775 5109 1232 5175 Exaltationis.
1285 5109 1345 5175 in
1396 5114 1578 5176 Festo
1636 5108 2026 5176 inventionis
2071 5128 2174 5177 ce—

588 5198 791 5264 lebrat
837 5197 1189 5264 canonicus
1232 5208 1297 5263 et
1344 5216 1492 5264 cum
1542 5198 1650 5266 illo
1690 5200 1931 5287 populo
1980 5195 2174 5264 bene·

726 5391 807 5465 (1)
843 5393 903 5449 Ε.
941 5390 1080 5449 Dub.
1124 5392 1205 5449 10.

2295 428 2638 497 dictionem
2687 429 2977 530 impertit
3021 439 3358 516 antequam
3401 440 3780 516 reponatur:
3821 431 3881 498 in

2291 518 2605 601 secundo,
2669 518 2812 603 quia
2873 516 3156 583 celebrat
3215 517 3675 601 Beneficiatus,
3741 518 3880 586 sine

2294 604 2421 671 ulla
2456 606 2677 706 populi
2726 605 3181 673 benedictione
3215 606 3598 673 transfertur
3630 566 3746 706 p¹er
3778 611 3884 676 Sa-

2291 693 2545 759 cristam
2609 693 2672 760 in
2725 713 2915 760 suum
2973 694 3454 780 repositorium.
3504 695 3880 772 Quaeritur.

2292 783 2389 846 Αιι
2437 782 2594 848 haec
2642 781 2968 850 distinctio
3014 782 3406 849 attendenda
3451 783 3581 867 sit;
3638 784 3741 849 rel
3773 801 3882 869 po-

2295 868 2417 934 tius
2464 870 2744 969 populus
2790 868 2873 935 sit
2922 869 3406 937 benedicendus
3452 831 3645 937 etia’m
3679 870 3747 935 in
3779 875 3886 938 Fe-

2289 967 2387 1021 sto
2421 957 2856 1041 Exaltationis,
2907 958 2971 1022 in
3021 977 3147 1043 quo
3195 977 3325 1024 non
3369 958 3655 1025 celebrat
3687 961 3885 1025 Gano-

2291 1044 2470 1111 nicus
2515 1046 2630 1113 sed
2680 1044 3156 1112 Beneficiatus‘?

2428 1136 2532 1199 12.
2583 1139 2651 1202 Ιιι
2698 1133 2925 1200 eadem
2972 1134 3332 1202 cathedrali
3390 1134 3659 1221 singulis
3705 1136 3881 1202 annis
4001 1203 4002 1236 Τ

2290 1220 2654 1290 celebratur
2698 1220 3219 1289 Anniversarium
3267 1239 3384 1309 pro
3441 1223 3644 1289 anima
3655 1272 3877 1289 .....

2288 1312 2533 1377 Summi
2582 1309 2948 1396 Pontificis;
3015 1310 3078 1376 in
3125 1311 3244 1377 boc
3292 1311 3742 1378 Anniversario
3805 1311 3878 1376 ad

2290 1400 2611 1466 tumulum
2660 1408 3075 1485 exponuntur
3123 1398 3390 1485 insignia
3437 1398 3614 1465 rubri
3648 1400 3885 1465 coloris

2287 1505 2440 1551 auro
2511 1487 2792 1568 intexta,
2871 1486 3057 1552 sicuti
3136 1487 3559 1572 Triregnum,
3631 1488 3882 1570 Casula,

2288 1575 2460 1640 Stola
2527 1586 2656 1641 etc.
2726 1575 3007 1641 Ulterius
3074 1593 3193 1674 pro
3264 1575 3499 1641 eodem
3569 1574 3884 1640 Anniver·

2286 1663 2446 1727 sario
2505 1663 2743 1729 dicitur
2814 1661 3307 1746 {nvitatorium,·
3346 1682 3546 1730 unum
3615 1665 3882 1729 Noctur-

2290 1769 2485 1835 num,
2538 1762 2608 1817 ut
2669 1750 2731 1817 in
2790 1749 3089 1817 secundis
3131 1750 3329 1815 Feriis
3392 1762 3689 1838 tempore
3756 1750 3884 1815 Ad·

2289 1849 2517 1905 ventus
2565 1851 2628 1906 et
2673 1837 3247 1938 Quadragesimae·
3315 1859 3383 1904 ac
3435 1840 3694 1906 tandem
3745 1857 3884 1905 can·

2291 1936 2461 1991 tatur
2528 1927 2740 2007 Missa,
2810 1928 3024 1993 tertia
3062 1925 3127 1991 in
3198 1926 3459 2009 ordine,
3523 1944 3672 1992 cum
3741 1931 3884 1993 Ora·

2288 2013 2496 2081 tione.
2565 2019 2729 2082 Deus
2793 2016 3364 2100 indueyentiamm
3424 2017 3696 2081 Domine
3757 2025 3879 2080 etc.

2284 2104 2621 2180 Quaeritur
2674 2109 2730 2170 1.
2770 2108 3027 2171 Utrum
3048 2103 3200 2169 haec
3252 2103 3522 2189 insignia
3568 2102 3752 2168 rubri
3789 2123 3886 2167 co·

2290 2191 2439 2257 loris
2485 2193 2716 2280 apponi
2765 2189 3064 2291 possint?
3107 2194 3175 2255 2.
3211 2195 3306 2256 An
3341 2193 3399 2256 in
3438 2209 3582 2256 casu
3615 2189 3882 2257 dicendi

2285 2280 2409 2346 sint
2473 2291 2600 2345 tres
2657 2279 2961 2346 Nocturni
3003 2291 3086 2344 et
3145 2279 3526 2365 antiphonae
3581 2279 3711 2345 sint
3757 2280 3882 2344 du-

2282 2367 2670 2521 plicandeae‘?
2715 2373 2781 2435 3.
2816 2371 2915 2433 An
2961 2365 3128 2434 dicta
3167 2366 3341 2432 Missa
3390 2379 3455 2433 et
3499 2368 3710 2434 Oratio
3747 2367 3882 2452 legi

2288 2458 2490 2543 possit

2647 2597 2876 2664 DUBIA
2927 2598 3494 2665 ADDtTtoNALtA.

2419 2725 2478 2785 1.
2532 2722 2626 2785 An
2681 2721 2977 2787 canonici
3035 2721 3429 2790 cathedralis
3487 2722 3548 2787 in
3603 2723 3879 2790 admini-

2281 2809 2587 2874 stratione
2635 2811 3216 2892 Sacramentorum,
3268 2820 3392 2875 tam
3461 2811 3625 2876 intra
3684 2831 3879 2897 quam

2283 2909 2462 2962 extra
2495 2897 2943 2964 cathedralem
2974 2897 3348 2982 Ecclesiam,
3387 2908 3729 2965 teneantur
3761 2901 3886 2966 de-

2282 3004 2529 3073 ponere
2575 3005 2838 3073 cappam
2900 3000 3090 3073 atque
3137 2988 3229 3052 uti
3277 2987 3758 3076 superpelliceo
3818 3002 3881 3055 et

2282 3075 2478 3159 Stola,
2530 3076 2700 3140 iuxta
2748 3075 2999 3142 Rituale
3047 3079 3402 3142 Romanum
3432 3073 3465 3141 ⁸?

2412 3167 2476 3229 2.
2533 3165 2627 3228 An
2677 3173 3013 3230 teneantur
3060 3163 3213 3231 dicti
3261 3165 3556 3232 canonici
3608 3185 3880 3253 cappam

2282 3252 2634 3338 deponere,
2689 3260 2813 3318 tam
2863 3253 3024 3318 intra
3073 3270 3264 3337 quam
3308 3262 3488 3317 extra
3533 3253 3882 3321 cathedra·

2288 3341 2443 3421 lem,
2477 3339 2633 3406 dum
2667 3339 2942 3407 verbum
2990 3340 3099 3406 Dei
3148 3339 3547 3426 praedicant,
3583 3341 3687 3406 vel
3723 3342 3885 3409 dum

2286 3386 2564 3494 offic’ium
2598 3429 2957 3496 Sacerdotis
3003 3428 3350 3494 assistentis
3400 3429 3463 3493 in
3511 3428 3693 3495 Missa
3725 3431 3879 3496 novi

2282 3517 2680 3584 Celebrantis
2725 3517 3004 3603 aliasque
3052 3535 3492 3602 quascumque
3532 3536 3659 3584 non
3707 3518 3882 3605 capi·

2284 3605 2517 3670 tulares
2565 3605 2923 3675 functiones
2971 3602 3336 3671 exercent?

2415 3695 2478 3759 3.
2532 3695 2626 3759 An
2688 3694 2780 3758 ιιιί
2829 3693 3068 3780 possint
3115 3692 3379 3759 Clericis
3429 3702 3493 3759 et
3541 3697 3884 3760 caeremo-

2281 3782 2479 3849 niario
2526 3792 2707 3848 teste
2754 3780 3031 3847 violacea
3052 3779 3329 3862 ¹indutis,
3368 3800 3608 3882 eosque
3642 3801 3884 3868 cogere

2279 3872 2356 3938 ad
2406 3868 2524 3935 sibi
2570 3870 2660 3936 sic
2710 3870 2964 3937 indutos
3025 3870 3444 3937 serviendum
3495 3872 3557 3936 in
3607 3870 3882 3937 admini-

2280 3959 2583 4025 stratione
2631 3961 3188 4025 Sacramentorum
3221 3968 3413 4044 atque
3463 3959 3526 4024 in
3574 3958 3715 4023 aliis
3745 3959 3884 4046 qui-

2287 4048 2686 4133 buscumque
2747 4045 3181 4114 functionibus
3241 4046 3690 4112 ecclesiasticis
3750 4065 3882 4114 uon

2282 4135 2758 4223 capitularibus,
2813 4147 2940 4200 tam
2985 4135 3144 4200 intra
3193 4153 3383 4220 quam
3434 4145 3616 4200 extra
3649 4136 3880 4202 Cathe·
4001 4144 4002 4153 ’

2280 4222 2583 4292 dralem‘?

2413 4315 2487 4377 Et
2536 4315 2598 4378 S.
2629 4316 2703 4379 R.
2730 4315 2801 4378 C.
2817 4310 3179 4397 ,exquisito
3210 4310 3389 4397 prius
3421 4322 3571 4377 voto
3605 4313 3877 4378 alterius

2280 4421 2360 4466 ex
2391 4401 2903 4486 Apostolicarum
2948 4398 3508 4466 caeremoniarum
3559 4399 3872 4486 magistris

2278 4489 2516 4576 scripto
2566 4499 2820 4555 exarato
2873 4493 3168 4575 typisque
3210 4487 3534 4576 evulgem,
3587 4489 3665 4555 ad
3717 4489 3880 4554 relae

2283 4578 2525 4643 tionem
2575 4576 2711 4642 Emi
2747 4588 2812 4642 et
2842 4578 2978 4643 Rmi
3030 4580 3211 4642 Dom.
3248 4576 3434 4642 card.
3476 4575 3877 4661 cacciapiatti

2282 4666 2601 4749 PonentiS,
2651 4666 3142 4732 rescribendum
3189 4664 3481 4732 censuit.

2408 4754 2503 4821 Ad
2558 4757 2614 4818 1.
2670 4774 2709 4816 ‹
2741 4754 3073 4839 Negative,
3109 4753 3200 4819 ad
3252 4754 3527 4839 primam
3578 4763 3867 4841 partem3

2279 4840 2695 4926 Affirmative,
2747 4842 2822 4909 ad
2869 4842 3214 4913 secundam
3250 4865 3315 4906 ν.

2408 4932 2503 4996 Ad
2539 4936 2602 4997 2.
2640 4952 2679 4994 ‹
2707 4930 3121 5013 Affirmative,
3158 4931 3235 4997 ad
3271 4930 3541 5015 primam
3573 4942 3867 5014 partem·
3851 4977 3869 5013 ,

2279 5018 2607 5105 Negative,
2657 5019 2733 5087 ad
2781 5019 3173 5085 secundam.
3228 5030 3292 5083 et
3335 5019 3690 5084 servandus
3742 5036 3871 5083 mo·

2279 5110 2400 5176 dus
2445 5110 2875 5194 praescriptus
2921 5107 2984 5174 in
3029 5104 3486 5174 caeremoniali
3523 5106 3866 5195 Episcopo-

2287 5195 2594 5264 rumlib.
2632 5198 2698 5280 2,
2735 5215 2876 5284 cap.
2917 5200 2980 5280 3,
3018 5199 3227 5277 5¹».
