4042 5950
1469 269 1939 351 —177-

117 429 425 518 iisdemque
488 449 727 499 novum
784 441 977 515 atque
1044 428 1329 497 stabilius
1393 429 1650 496 inviola-

118 519 233 586 bilis
262 519 678 607 -Apostolicae
744 515 1059 584 firmitatis
1128 536 1198 583 ac
1264 517 1654 585 auctoritatis

118 606 275 672 robur
315 607 675 676 adiicimus:
723 605 899 673 hisce
952 616 1291 690 praeterea
1347 604 1653 693 significa·

117 714 231 760 mus
268 715 333 761 ac
375 695 666 762 omnibus
713 711 1015 781 expresse
1077 702 1430 780 aperteque
1484 692 1651 759 indi-

119 783 306 865 cimus,
350 803 421 848 ea
466 781 878 864 Titularium,
927 780 1010 846 de
1074 779 1307 865 quibus
1360 801 1466 847 res
1526 790 1647 864 est,

116 869 648 938 protonotariomm
723 878 905 937 extra
978 866 1216 935 Urbem
1293 867 1652 956 privilegia,

116 958 332 1041 quaein
364 958 699 1045 exscriptis
744 956 868 1025 illis
916 956 1208 1023 eiusdem
1255 955 1653 1044 particularis

116 1046 591 1133 congregationis
634 1045 921 1112 Decretis
967 1043 1281 1111 recensita
1324 1064 1453 1111 non
1515 1046 1654 1111 lue·

117 1132 238 1215 rint,
283 1143 593 1220 tamquam
640 1131 1078 1201 intolerabiles
1122 1131 1350 1199 abusus
1396 1153 1427 1197 a
1458 1131 1653 1200 Nobis

116 1222 269 1305 plane
308 1221 666 1304 interdicta,
714 1219 917 1304 irrita,
964 1219 1179 1290 deleta
1235 1231 1301 1287 et
1357 1219 1654 1307 abrogata

119 1308 349 1393 intelligi
390 1319 586 1394 atque
630 1308 910 1391 definiri,
960 1327 1086 1376 non
1130 1328 1317 1375 secus
1358 1328 1431 1375 ac
1489 1308 1654 1374 sole-

118 1395 316 1462 mniter
373 1395 854 1482 interdicimus,
903 1396 1233 1479 delemuS,
1283 1397 1655 1482 abrogamus

118 1496 167 1547 et
192 1483 342 1550 irrita
374 1503 509 1550 esse
555 1483 856 1551 iubemus
900 1504 971 1550 ac
1016 1482 1385 1551 definimus.
1431 1487 1652 1561 Quam-

118 1572 303 1637 obrem
345 1573 497 1639 baec
543 1573 754 1640 omnia
800 1573 979 1638 novis
1024 1591 1155 1638 non
1202 1572 1398 1639 modo
1451 1573 1655 1660 impo-

118 1669 318 1726 sterum
359 1660 825 1748 renuntiandis,
870 1661 986 1727 sed
1036 1658 1227 1726 etiam
1275 1661 1652 1747 iampridem

118 1747 443 1813 renuntiatis
491 1756 554 1814 et
602 1759 746 1814 actu
800 1747 1217 1815 existentibus
1270 1747 1655 1816 Titularibus

119 1833 430 1901 huiusmodi
476 1835 967 1920 ProtonotariiS,
1017 1836 1326 1901 contraria
1373 1836 1658 1923 qualibet

119 1941 171 1986 ac
208 1921 593 2006 quantumvis
638 1924 893 2009 antiqua
941 1924 1367 2011 possessione,
1417 1945 1537 1992 usu
1567 1935 1656 1990 at-

119 2027 217 2093 que
256 2011 717 2078 consuetudine
762 2011 1020 2099 penitus
1062 2011 1385 2098 abrogata,
1419 2012 1658 2080 iterum

120 2097 435 2183 iterumque
482 2098 757 2166 solemni
792 2099 905 2166 hac
950 2101 1211 2166 Nostrae
1256 2101 1656 2187 Apostolicae

118 2183 457 2252 auctoritatis
488 2185 952 2272 significatione
982 2207 1151 2256 nunc
1182 2187 1654 2272 interdicimus,

117 2273 417 2340 auferimus
449 2283 513 2339 et
544 2273 1003 2359 subindicamus,
1036 2297 1105 2343 ac
1136 2274 1213 2340 ab
1243 2275 1377 2362 ipsa
1406 2278 1655 2343 Nostra-
1764 2291 1777 2305 ⁸

118 2377 231 2427 rum
280 2362 495 2429 barum
540 2362 930 2431 Litterarum
977 2364 1502 2465 promulgationis
1547 2365 1657 2433 die
1744 2369 1753 2376 “

119 2449 218 2514 illis
251 2451 493 2518 nonnisi
538 2450 637 2517 uti
683 2471 871 2537 posse
917 2452 1296 2540 Privilegns,
1327 2455 1660 2540 Praeroga-

118 2535 254 2619 tiris,
293 2538 514 2605 Habitu
562 2538 828 2607 demum
875 2550 940 2606 et
984 2539 1363 2626 insignibus,
1396 2560 1557 2626 quae
1592 2543 1658 2609 in

118 2624 407 2713 exscriptis
436 2626 726 2693 Decretis
759 2625 1060 2715 explicite
1090 2648 1125 2694 a
1171 2630 1431 2714 probata
1458 2642 1522 2695 et
1547 2649 1658 2696 ex-

116 2729 296 2795 presse
350 2713 662 2780 recensita
722 2716 1055 2803 leguntur.
1167 2735 1282 2782 uae
1334 2737 1528 2805 porro
1574 2737 1657 2785 ne

116 2799 174 2865 ab
199 2799 267 2866 ali
355 2822 391 2868 o
420 2803 528 2868 vel
564 2801 944 2890 ignorentur
973 2804 1078 2870 vel
1110 2802 1229 2870 sub
1259 2805 1463 2874 fucata
1492 2816 1560 2872 et
1592 2806 1659 2873 fi-

118 2896 192 2952 cta
220 2908 249 2954 e
335 2889 421 2978 gii
450 2898 561 2957 aut
603 2890 1142 2980 tergiversationis
1172 2891 1387 2978 specie
1419 2893 1656 2961 violare

116 2976 425 3064 audeatur;
491 2979 977 3049 venerabilibus
1039 2979 1359 3048 Fratribus
1417 2983 1659 3049 Nostris

116 3064 467 3150 Patriarcbis,
492 3066 1007 3156 Archiepiscopis
1037 3079 1102 3133 et
1126 3068 1480 3155 Episcopis,
1510 3078 1659 3136 tam·

115 3167 273 3233 quam
312 3152 387 3218 ab
430 3155 793 3241 Apostolica
840 3156 1009 3223 Sede
1045 3154 1382 3241 delegatis,
1417 3155 1660 3244 ubique

117 3236 304 3306 insuis
346 3240 757 3309 Dioecesibus
802 3242 1172 3335 plenissime
1218 3244 1547 3331 implenda
1591 3255 1658 3310 et

115 3330 453 3413 exequenda
485 3330 864 3398 deferimus.
910 3334 1078 3409 Quae
1109 3332 1427 3417 profecto,
1462 3331 1661 3418 quali-

118 3412 201 3478 bet
234 3417 536 3485 contraria
585 3419 843 3507 penitus
883 3418 1122 3487 sublata
1170 3420 1656 3506 consuetudine,

116 3502 317 3590 ubique
359 3506 587 3593 vigere
632 3526 701 3572 ac
743 3507 808 3574 in
851 3525 970 3574 usu
1018 3525 1157 3573 esse
1204 3506 1470 3592 debere,
1504 3510 1662 3593 quin

117 3607 141 3652 a
164 3592 397 3663 nemine
443 3614 569 3662 nec
609 3595 688 3661 ab
717 3593 870 3685 ipsis
916 3594 1106 3661 etiam
1151 3596 1435 3662 locorum
1479 3597 1661 3664 Ordi-

116 3678 269 3744 nariis
314 3683 538 3753 eadem
586 3683 839 3750 valeant
868 3682 1003 3750 ullo
1036 3684 1228 3751 modo
1267 3683 1659 3771 praepediri,

118 3763 533 3839 demandamus
586 3772 778 3839 etiam
823 3789 890 3836 ac
939 3769 1302 3838 definimust

220 3859 643 3927 Decernentes
691 3859 945 3927 easdem
992 3870 1363 3945 praesentes
1422 3860 1661 3929 Literas

119 3938 320 4029 firmas,
363 3948 605 4015 validas
654 3956 719 4014 et
766 3946 1052 4014 efficaces
1100 3946 1376 4014 existere
1425 3958 1491 4013 et
1521 3948 1659 4015 iore

120 4047 351 4129 suosque
395 4033 719 4122 plenarios
766 4045 833 4100 et
877 4033 1162 4123 integros
1210 4037 1473 4103 effectus
1529 4057 1662 4102 sor-

124 4122 203 4180 tiri
243 4130 300 4185 et
342 4123 674 4209 obtinere,
722 4142 791 4189 ac
853 4123 1018 4207 illis,
1065 4123 1143 4190 ad
1205 4142 1362 4208 quos
1415 4134 1659 4209 spectat

58 4282 61 4289 ‚
121 4212 172 4266 et
194 4223 295 4290 pro
325 4221 617 4297 tempore
656 4209 992 4299 spectabit,
1027 4212 1090 4277 in
1123 4211 1416 4279 omnibus
1448 4222 1513 4278 et
1540 4231 1662 4300 per

122 4293 291 4387 omnia
335 4299 727 4384 plenissime.
752 4299 1082 4386 suffragari
1112 4308 1176 4364 et
1206 4300 1283 4366 ab
1314 4300 1407 4365 eis
1454 4318 1666 4387 respe-

121 4386 259 4480 cttve
287 4383 738 4455 inviolabiliter
762 4386 1082 4453 observari
1110 4402 1127 4466 ;
1154 4386 1374 4473 sicque
1400 4387 1465 4452 in
1488 4407 1661 4474 prae·

122 4479 288 4537 missis
331 4493 445 4560 per
490 4492 929 4561 quoscumque
974 4475 1256 4554 ludices,
1302 4474 1663 4543 ordinarios

124 4561 174 4615 et
210 4559 554 4655 Delegatos,
606 4562 795 4629 etiam
842 4567 1183 4632 Causarum
1232 4561 1444 4629 Palatii
1498 4564 1664 4651 Apo-

124 4641 293 4741 stolici
324 4651 666 4717 Auditores
711 4650 972 4717 iudicari
1008 4660 1073 4717 et
1105 4649 1356 4719 deliniri
1389 4650 1660 4738 debere,

125 4744 178 4789 ae
216 4732 447 4807 irritum
496 4749 562 4805 et
607 4739 794 4805 inane
819 4785 837 4822 ,
886 4736 937 4804 si
991 4757 1177 4805 secus
1235 4758 1459 4826 super,
1489 4739 1589 4807 his
1630 4761 1663 4805 a

126 4828 400 4907 quoquam
426 4874 444 4911 ,
506 4826 729 4912 quavis
785 4825 1161 4893 auctoritate
1220 4827 1497 4893 scienter
1557 4830 1664 4896 vel

126 4913 449 5000 &notanter
494 4913 839 5000 contigerit
882 4914 1198 4982 attentari.
1248 4917 1383 4981 Non
1416 4916 1667 4984 obstan-

126 4990 260 5058 tibus
280 5000 847 5073 constitutionibus
873 5012 938 5068 et
966 5002 1475 5069 ordinationibus
1499 5005 1668 5093 Apo-

124 5078 325 5151 stolicis
355 5089 719 5176 ceterisque
758 5091 1086 5157 contrariis
1131 5090 1661 5181 quibuscumque.

228 5173 528 5268 Volumus
573 5187 813 5260 autem,
848 5180 1021 5265 quod
1068 5178 1436 5248 earumdem
1480 5200 1667 5268 prae-

126 5267 363 5329 sentium
399 5262 837 5352 transumptis,
872 5266 1063 5333 etiam
1098 5266 1441 5355 impressis,
1475 5289 1667 5337 manu

127 5350 303 5411 tamen
347 5351 583 5419 Notarii
629 5352 871 5440 publici
917 5355 1284 5441 subscriptis
1331 5367 1396 5423 et
1453 5357 1665 5443 sigillo

172 5470 185 5481 ⁸
304 5485 514 5536 umet·
541 5489 856 5536 authentica
884 5494 934 5535 s,
962 5492 1024 5536 ιι.
1051 5494 1104 5537 c.
1132 5514 1183 5524 -
1210 5491 1319 5537 vot.
1348 5495 1409 5537 11.

1755 423 2019 496 alicuius
2068 429 2378 496 Personae
2436 428 2500 496 in
2554 427 2978 497 ecclesiastica
3021 426 3085 497 di
3135 427 3333 498 nitate

1757 517 2135 585 constitutae
2183 517 2468 602 munitis,
2503 517 2728 584 eadem
2773 535 3034 602 prorsus
3126 517 3241 584 des
3272 518 3338 584 in

1756 603 1989 671 iudicio
2023 615 2090 670 et
2122 615 2300 671 extra
2347 604 2506 671 illud
2555 605 2958 688 adhibeatur,
2993 624 3153 692 quae
3190 606 3337 693 ipsis

1754 690 2191 779 praesentibus
2237 691 2671 777 adhiberetur,
2706 692 2758 758 si
2790 692 3182 779 originaliter
3226 713 3338 760 ex-

1753 779 1993 846 hibitae
2040 780 2249 848 forent
2299 782 2401 848 vel
2448 791 2766 848 ostensae.

1887 868 2057 934 Nulli
2108 887 2263 956 ergo
2311 868 2569 938 omnino
2617 867 2949 936 hominum
2995 870 3185 937 liceat
3227 888 3336 955 pa-

1755 954 1969 1108 ginam
2016 955 2175 1023 banc
2221 959 2586 1028 Nostrarum
2631 956 3138 1057 approbationis,
3186 976 3338 1024 con-

1800 1043 2153 1127 rmationis,
2203 1043 2470 1127 roboris,
2518 1044 2911 1128 adiectionis,
2947 1043 3334 1129 indictionis,

1756 1130 2220 1198 interdictionis
2235 1182 2252 1216 ,
2301 1132 2719 1219 abrogationis
2740 1180 2757 1218 ,
2815 1131 3296 1201 abiudicationis
3315 1181 3334 1218 ,

1756 1219 2231 1305 declarationis,
2280 1220 2691 1304 definitionis,
2727 1221 3028 1304 mandati,
3063 1220 3334 1304 decreti,

1756 1307 2186 1408 derogationis
2234 1319 2298 1407 et
2344 1308 2684 1374 voluntatis
2726 1307 3103 1396 infringere,
3138 1308 3244 1375 vel
3277 1309 3335 1375 ei

1754 1414 1908 1461 ausu
1978 1405 2319 1462 temerario
2377 1396 2754 1480 contrairet,
2795 1397 2847 1463 si
2917 1397 3058 1482 quis
3115 1406 3335 1465 autem

1756 1484 1873 1550 hoc
1912 1493 2236 1560 xattentare
2282 1485 2806 1571 praesumpserit,
2839 1484 3335 1572 indignationem

1753 1571 2217 1656 omnipotentis
2247 1572 2360 1638 Dei
2398 1592 2469 1638 ac
2497 1577 2831 1639 Beatorum
2864 1573 3032 1639 Petri
3065 1583 3134 1638 et
3160 1572 3334 1641 Pauli

1755 1659 2210 1746 Apostolorum
2244 1659 2383 1725 eius
2413 1679 2481 1726 se
2513 1660 2769 1726 noverit
2812 1659 3243 1727 incursurum.

1886 1750 2113 1814 Datum
2172 1751 2404 1814 Romae
2475 1748 2642 1833 apud
2716 1751 3005 1816 Sanctam
3085 1749 3336 1815 Mariam

1758 1834 2056 1902 Maiorem
2089 1882 2106 1917 ,
2184 1838 2367 1902 Anno
2445 1836 2891 1902 lncarnationis
2971 1835 3338 1903 Dominicae

1755 1925 2232 2006 uncccxvul,
2265 1922 2480 1989 Idibus
2512 1923 2902 2007 Decembris,
2937 1923 3339 1991 Pontificatus

1758 2012 1965 2077 Nostri
2012 2015 2194 2077 Anno
2239 2015 2407 2078 xlx.

2271 2155 2347 2218 A.
2397 2154 2627 2221 CARI).
2678 2156 3280 2222 PRO-DATARIUS.

2273 2261 2353 2326 11.
2401 2260 2629 2326 CARI).
2682 2260 3157 2327 CONSALVUS.

2075 2401 2218 2466 Visa
2267 2401 2339 2468 de
2388 2403 2596 2468 Curia

2154 2509 2225 2572 D.
2278 2509 2507 2572 Tssrs.

1848 2628 2013 2693 Loco
2039 2635 2126 2706 ff*
2162 2627 2412 2695 Plumbi

2592 2740 2662 2802 F.
2714 2740 3158 2803 strzzanms.

2053 2914 3047 3083 CAPPELLAQSNTIRCIAE.

1890 3156 2220 3243 Proposito
2265 3157 2331 3222 in
2377 3159 2444 3224 S.
2493 3160 2567 3223 R.
2616 3160 2689 3224 G.
2739 3155 2975 3225 dubio:
3038 3160 3135 3223 An
3193 3162 3340 3223 Pre-

1760 3244 1980 3333 sbyter
2037 3244 2247 3330 graeci
2307 3244 2507 3329 ritus,
2569 3246 2733 3310 alter
2798 3263 2880 3310 ex
2943 3244 3164 3310 electis
3219 3263 3340 3331 pro

1760 3334 2049 3401 uandato
2096 3332 2314 3398 Feriae
2361 3335 2414 3399 V
2460 3333 2525 3398 in
2572 3334 2781 3400 Coena
2825 3330 3100 3414 Domini,
3143 3331 3340 3417 possit

1763 3433 1829 3489 et
1872 3420 2108 3487 debeat
2154 3422 2335 3487 Sacra
2383 3419 2560 3487 refici
2605 3418 2994 3488 Eucharistia
3022 3438 3168 3485 cum
3203 3418 3342 3485 aliis

1760 3508 2107 3577 duodecim
2170 3507 2300 3574 ritu
2357 3508 2551 3573 latino
2608 3508 2674 3574 in
2717 3504 3011 3596 Azymo?
3052 3506 3129 3573 ad
3176 3506 3344 3575 reia-2

1765 3599 2005 3665 tionem
2039 3596 2180 3661 Emi
2214 3608 2279 3663 et
2305 3596 2448 3664 Rmi
2480 3595 2727 3662 Domini
2756 3594 3097 3663 cardinalis
3128 3594 3342 3661 Mattei

1762 3685 1932 3753 Sacri
1965 3683 2236 3771 collegii
2279 3684 2535 3767 Decani,
2572 3685 2713 3750 loco
2759 3684 2899 3750 Emi
2939 3694 3006 3749 et
3036 3684 3177 3750 lami
3219 3688 3339 3749 Do-

1764 3774 1917 3841 mini
1948 3772 2297 3841 Cardinalis
2327 3771 2471 3838 Iulii
2500 3770 2720 3838 Mariae
2754 3773 2837 3840 de
2860 3772 3128 3841 Somalia
3159 3775 3342 3837 Prae-

1762 3862 1913 3929 fecti
1962 3870 2030 3925 et
2064 3858 2383 3942 Ponentis,
2420 3860 2644 3927 eadem
2687 3862 2873 3926 Sacra
2916 3860 3342 3946 congregatio

1762 3947 2132 4036 respondit:
2182 3970 2220 4013 α
2253 3953 2322 4015 ln
2370 3967 2538 4031 casu,
2573 3948 2659 4015 de
2692 3967 2830 4033 .quo
2875 3948 3112 4033 agitur,
3160 3946 3341 4014 Affir-

1762 4037 2030 4115 mative3
2067 4046 2133 4103 et
2161 4037 2238 4103 ad
2271 4035 2697 4104 secretarium
2729 4055 2876 4103 cum
2905 4038 3097 4103 SSriio
3124 4058 3186 4100 ι.
3230 4036 3342 4101 Die

1765 4129 1848 4192 22
1896 4123 2166 4209 Augusti
2218 4127 2410 4190 1818.

1850 4217 2076 4279 ¹Facta
2119 4221 2334 4277 autem
2379 4228 2498 4296 per
2542 4228 2648 4276 me
2706 4210 3172 4299 infrascriptum
3229 4213 3340 4278 Se-

1763 4299 2108 4367 cretarium
2170 4297 2522 4382 relatione,
2570 4299 2874 4365 Sanctitas
2934 4301 3056 4366 Sua
3115 4301 3346 4366 Sacrae

1762 4386 2287 4475 Congregationis
2346 4405 2385 4448 ι
2417 4389 2758 4453 Decretum
2816 4385 3220 4472 approbavit,
3277 4396 3344 4451 et

1764 4486 2075 4562 quatenus
2135 4492 2294 4561 opus
2352 4474 2473 4558 sit,
2521 4473 2946 4574 dispensando
2973 4522 2990 4557 ,
3039 4473 3218 4539 iussit
3269 4482 3342 4538 ut

1764 4563 2103 4649 Presbyter
2148 4560 2357 4646 graeci
2406 4561 2589 4645 ritus,
2627 4581 2692 4628 in
2723 4580 2870 4628 casu
2899 4560 3226 4628 dumtaxat
3258 4563 3342 4628 de

1765 4669 1892 4735 quo
1925 4651 2157 4737 agitur,
2191 4652 2439 4716 Sacram
2473 4648 3163 4717 Eucharistiamsumat
3191 4667 3338 4715 cum

1766 4738 1903 4804 aliis
1949 4737 2294 4805 duodecim
2341 4736 2733 4822 Presbyteris
2763 4737 2826 4802 in
2858 4739 3193 4824 Azymoh».
3228 4735 3341 4802 Die

1762 2910 2019 2979 2584.
3056 2995 3060 2999 ⁴
3111 2910 3336 2999 (aare)

1743 4817 1851 4894 '25
1896 4824 2165 4913 Augusti
2220 4828 2414 4892 1818.

2447 4952 2706 5070 uuam⁸
3113 4962 3339 5092 ‹iilis›

2001 5053 2106 5176 ns
2153 5110 2535 5175 EPlSGOPIS
2579 5111 3111 5177 mensurnus.

1901 5271 2105 5347 Quum
2151 5287 2282 5335 non
2328 5287 2449 5335 una
2500 5232 2856 5354 eademque
2886 5270 2967 5336 sit
3000 5271 3342 5338 Auctorem

1770 5360 2031 5424 omnino
2075 5357 2392 5422 sententia
2436 5357 2519 5422 de
2557 5356 2910 5446 privilegiis
2941 5358 3174 5442 quibus
3199 5359 3346 5446 Epi-

1972 5528 2000 5569 s
2247 5498 2252 5507 ·
2545 5546 2550 5553 ‚
2981 5496 3033 5541 12

1768 5002 2000 5071 2585
