4042 5950
2081 258 2553 337 —316—

676 421 1026 507 praeloqne
1058 440 1234 503 cuso,
1262 419 1629 513 iterumque
1660 418 2004 506 propositis
2037 435 2259 486 recen-

675 508 810 574 sitis
842 508 1049 577 dubiis
1082 507 1159 574 ab
1188 507 1705 576 Eminentissimo
1740 519 1804 577 et
1836 505 2260 575 Reverendis-

676 596 835 663 simo
868 601 941 663 D.
980 596 1294 664 Cat-dinali
1335 597 1561 665 carolo
1592 598 1797 662 Acton
1838 596 2160 678 Relatore,
2196 593 2259 659 in

679 685 879 751 altero
903 684 1228 752 Ordinatio
1260 688 1597 754 Sacrorum
1629 685 1892 753 Rituum
1924 686 2263 750 Conventa

679 774 757 841 ad
801 773 1153 852 Quirinales
1202 774 1408 841 Aedes
1464 771 1986 861 subscripta-die
2031 770 2263 837 coadu-

679 873 866 945 nato,
917 861 1413 929 Eminentissimi
1463 872 1528 928 et
1572 857 2113 929 Reverendissimi
2157 862 2264 924 Pa·

679 960 806 1016 tres
853 951 1055 1017 Sacris
1101 950 1347 1017 Ritibus
1393 947 1773 1038 praepositi,
1823 947 2119 1016 omnibns
2164 964 2265 1012 ac-

677 1048 893 1106 curate
941 1038 1181 1106 libratis
1231 1040 1487 1125 riteque
1544 1035 1988 1120 consideratis»,
2038 1033 2267 1102 rescri-

678 1124 960 1194 bendum
1005 1146 1352 1193 censuere:
1402 1147 1439 1190 ‹
1473 1126 1668 1194 Dilata
1719 1139 1785 1191 et
1829 1126 1907 1193 ad
1949 1132 2264 1190 mentem.

676 1218 852 1283 Mens
882 1226 981 1282 est
1026 1227 1098 1281 ut
1127 1214 1677 1282 Eminentissimus
1707 1211 2058 1280 cardinalis
2083 1215 2265 1277 Prae-

679 1303 883 1370 fectus
930 1321 1077 1369 cum
1123 1303 1527 1371 sanctissimo
1572 1313 1714 1388 agat
1751 1301 1835 1368 de
1884 1299 2265 1368 necessitate

674 1389 1023 1479 supplendi
1091 1391 1205 1458 bac
1254 1391 1316 1458 in
1361 1402 1437 1458 re'
1479 1390 1765 1457 defectui
1824 1387 2265 1457 Caeremonia-

679 1468 753 1547 lis
785 1501 852 1545 ».
901 1480 1110 1567 Atque
1156 1479 1239 1545 ita
1287 1478 1636 1568 rescripsit.

809 1567 920 1634 Die
973 1572 1052 1635 16
1098 1565 1488 1655 Septembris
1542 1570 1732 1636 1843.

808 1660 1017 1743 Super
1069 1655 1362 1722 omnibus
1419 1654 1576 1723 facta
1639 1654 2050 1742 postmodum
2114 1657 2265 1722 San·

677 1745 952 1813 ctissime
998 1742 1262 1810 Domino
1293 1746 1521 1811 Nostro
1553 1743 1857 1828 Gregorio
1896 1747 2096 1831 Papae
2127 1745 2264 1810 XVI

675 1830 959 1900 Pontifici
1028 1831 1296 1899 Maximo
1357 1850 1476 1920 per
1542 1830 2138 1901 Eminentissimnm
2200 1842 2264 1896 et

675 1919 1301 1989 Reverendissimum
1346 1925 1527 1988 Dom.
1563 1920 1750 1989 card.
1800 1918 2098 1987 Carnium
2139 1921 2261 1986 Ma-

676 2007 831 2075 riam
877 2006 1156 2076 Pedicini
1189 2006 1577 2096 Episcopum
1621 2013 2066 2090 Portuensem,
2110 2010 2260 2075 San-

676 2107 813 2163 ctae
879 2095 1143 2163 Rufinae
1190 2107 1256 2163 et
1313 2097 1945 2180 centumcellarum,
1995 2098 2259 2163 Sanctae

676 2189 991 2252 Romanae
1020 2184 1343 2251 Ecclesiae
1380 2184 2027 2253 Vice-cancellarium
2061 2195 2125 2250 et
2157 2184 2264 2250 Sa-

674 2291 930 2340 crorum
985 2273 1248 2340 Rituum
1309 2272 1799 2360 congregationi
1862 2272 2263 2339 Praefectum

675 2362 851 2429 fideli
894 2361 1230 2446 relatione,
1265 2361 1370 2428 die
1402 2364 1443 2428 8
1474 2362 1850 2429 Novembris
1887 2359 2123 2426 eodem
2153 2378 2261 2424 an-

676 2468 757 2516 no
810 2453 1001 2529 1843,
1052 2450 1356 2517 Sanctitas
1404 2452 1526 2517 Sua
1564 2449 1844 2536 benigne
1890 2445 2144 2526 annuit3
2195 2456 2261 2514 et

675 2537 1000 2692 praedicto
1048 2536 1330 2604 defectui
1393 2537 1832 2625 supplendum
1895 2554 2035 2604 esse
2090 2554 2262 2601 man·

722 2625 849 2691 avit
918 2626 1090 2691 iuxta
1160 2624 1424 2691 modum
1484 2646 1517 2690 a
1566 2626 1857 2711 Magistro
1926 2628 2261 2701 caeremof

675 2712 924 2780 uiarum
971 2713 1036 2782 in
1080 2732 1195 2780 suo
1243 2722 1392 2780 voto
1438 2714 1862 2801 propositum,
1909 2711 2259 2779 videlicet:

675 2823 712 2866 ι
747 2800 1031 2869 Vicarius
1097 2800 1473 2887 capitularis
1544 2802 1849 2889 procedat
1902 2802 1979 2869 ad
2041 2799 2262 2867 Eccle-

673 2889 828 2956 siam
877 2888 1322 2956 cathedralem
1368 2899 1547 2957 veste
1595 2890 1772 2957 talari
1820 2889 2110 2971 indutus,
2153 2887 2260 2954 ubi

674 2977 837 3045 intra
883 2987 1133 3065 portam
1182 2976 1533 3066 recipietur
1600 2978 1676 3045 ab
1734 2980 2036 3046 universo
2076 2975 2263 3062 capi-

582 3131 587 3138 .
676 3066 834 3133 tulo.
886 3067 1091 3145 Quum
1139 3086 1215 3133 eo
1262 3067 1666 3152 pervenerit,
1713 3080 1991 3135 assumet
2031 3085 2262 3153 super-

675 3154 1023 3246 pelliceum
1069 3155 1173 3221 vel
1227 3156 1349 3225 alia
1399 3157 1666 3244 insignia
1724 3153 2161 3238 canonicalia,
2209 3152 2261 3220 si

671 3243 752 3309 sit
795 3243 1172 3327 canonicus,
1223 3245 1572 3332 eidemque
1616 3244 1895 3313 biretum
1930 3244 2265 3333 presbyte-

674 3333 808 3400 rale
838 3351 1030 3399 manu
1076 3334 1329 3401 tenenti
1361 3332 1618 3421 dignior
1645 3352 1727 3399 ex
1761 3332 2055 3419 capitulo
2091 3343 2262 3397 stans

674 3420 1100 3507 aspersorium
1135 3439 1255 3507 per
1280 3430 1642 3488 contactum
1675 3418 2029 3487 exhibebit.
2080 3423 2262 3486 Prae-

674 3509 950 3576 cedente
1018 3511 1222 3576 cruce
1289 3509 1679 3596 capitulari,
1745 3509 2111 3595 ceterisque
2178 3507 2262 3574 de

673 3596 891 3679 Clero,
927 3605 1095 3662 recta
1125 3597 1335 3664 statim
1386 3598 1553 3665 inter
1597 3598 1758 3665 duos
1803 3596 2134 3684 Digniores
2178 3614 2259 3662 ex

673 3682 964 3770 Capitulo
1010 3694 1241 3771 perget
1284 3685 1362 3751 ad
1411 3687 1729 3753 Sacellum
1778 3685 1886 3751 ubi
1934 3684 2261 3778 Sanctissi-

674 3787 854 3838 mum
913 3774 1390 3840 Sacramentum
1457 3786 1849 3857 asservatur,
1899 3786 2091 3858 atque
2150 3790 2260 3859 pa-

675 3859 824 3925 ratis
879 3879 1077 3948 super
1141 3860 1585 3959 genuflexorio
1642 3860 2083 3950 pulvinaribus
2135 3879 2260 3927 una

675 3965 823 4014 cum
866 3946 1209 4034 praedictis
1277 3948 1679 4035 Dignioribus
1727 3951 1790 4015 in
1834 3966 2044 4036 genua
2114 3967 2259 4036 pro-

674 4036 932 4104 volutus
971 4034 1195 4102 orabit.
1269 4039 1626 4123 Assurgens
1686 4037 1834 4104 inde
1894 4035 2260 4124 principem

676 4135 857 4212 petet
903 4127 1088 4191 Aram
1134 4134 1226 4209 et,
1262 4125 1440 4192 brevi
1487 4125 1773 4195 oratione
1811 4144 2008 4214 super
2039 4125 2260 4191 infimo

673 4213 875 4301 gradu
909 4223 1187 4300 peracta,
1214 4212 1465 4280 sedebit
1491 4213 1556 4279 in
1580 4212 1876 4280 camerali
1907 4212 2077 4280 Sede
2109 4222 2253 4278 ante

676 4304 836 4371 latus
881 4302 1202 4389 Epistolae
1246 4320 1443 4389 super
1488 4300 1716 4369 Altaris
1767 4301 2256 4404 suppedaneum

672 4404 1064 4478 praeparata,
1112 4390 1473 4477 ceterisque
1521 4390 1586 4456 in
1629 4390 1907 4479 propriis
1937 4388 2259 4455 subselliis

670 4478 1206 4562 consedentibus,
1255 4491 1322 4546 et
1369 4489 1558 4566 caput
1618 4479 1824 4547 bireto
1883 4476 2262 4565 cooperiens

674 4566 904 4653 tradet,
953 4567 1003 4633 si
1051 4566 1245 4633 moris
1311 4578 1446 4652 est,
1495 4567 1884 4635 cancellario
1941 4565 2259 4633 Visitatio·

670 4653 767 4722 nis
814 4654 1113 4723 Edictum
1148 4655 1528 4742 legendum,
1558 4666 1623 4722 et
1654 4655 1892 4724 deinde
1940 4663 2258 4742 proponet

671 4762 915 4811 caussas
960 4743 1275 4811 adventus
1318 4744 1411 4811 sui
1461 4756 1533 4811 ut
1579 4744 1850 4811 babetur
1898 4743 1961 4810 in
2007 4741 2260 4808 Pontifi-

672 4830 790 4898 cali
812 4836 1090 4900 Romano
1112 4832 1315 4917 (Ordo
1341 4834 1423 4899 ad
1446 4835 1814 4901 visitandas
1840 4832 2254 4917 Paracletus).

674 4919 781 4986 His
811 4920 1112 4988 absolutis
1141 4919 1219 4987 ab
1250 4920 1464 4987 Altare
1498 4921 1850 4991 descendet
1881 4932 1946 4988 et
1979 4922 2042 4986 in
2065 4920 2257 5008 plano

677 5015 855 5074 extra
900 5008 1064 5077 latus
1107 5008 1431 5098 Epistolae
1463 5021 1655 5094 stans,
1688 5030 1877 5097 supra
1922 5008 2258 5095 superpel-

677 5093 939 5179 liceum,
987 5098 1094 5164 vel
1145 5098 1510 5165 rochettum
1564 5098 1615 5164 si
1675 5118 1749 5165 eo
1799 5107 2038 5181 utatur,
2089 5096 2256 5163 Ami·

675 5194 888 5268 ctum,
952 5184 1191 5253 Stolam
1247 5196 1313 5251 et
1371 5186 1651 5273 pluviale
1716 5186 1976 5272 nigrum
2039 5183 2260 5251 induat

675 5269 863 5358 eique
896 5271 1024 5338 duo
1058 5273 1437 5341 Sacerdotes
1467 5273 1783 5340 assistent.
1834 5272 2095 5340 Interim
2145 5275 2253 5340 Se-

672 5361 787 5431 des
832 5361 910 5429 ab
952 5359 1169 5429 Altare
1213 5360 1639 5445 amovebitur,
1672 5360 1853 5428 cuius
1900 5360 2075 5427 frons
2120 5358 2252 5445 pal-

2361 415 2445 483 lio
2492 413 2712 484 itidem
2744 413 2928 502 nigro
2974 413 3339 500 obtegetur.
3389 412 3696 482 Visitator
3737 422 3937 480 autem

2361 504 2568 573 adbuc
2613 515 2784 571 stans
2813 503 2989 570 iuxta
3022 503 3235 569 Altare
3269 502 3333 569 in
3375 519 3578 569 cornu
3630 502 3936 588 Epistolae

2366 612 2585 659 versus
2649 593 2728 660 ad
2797 592 3112 681 populum
3183 590 3404 677 incipit
3468 589 3935 678 Antiphonam:

2366 683 2436 748 Si
2503 684 2916 765 iniquitates.
2996 683 3222 748 cetera
3290 690 3687 765 peragantur
3753 688 3825 745 ut
3887 679 3940 743 iu

2365 767 2710 836 Pontificali
2756 773 3063 850 Romano,
3115 768 3255 834 loco
3302 767 3492 834 citato
3526 774 3636 833 ».'

2492 857 2690 935 Quam
2724 856 3099 923 methodum
3143 854 3449 924 Sanctitas
3478 858 3607 922 Sua
3656 852 3940 920 firmitate

2367 966 2478 1012 sua
2522 943 2969 1013 communivit.

2369 1088 2629 1157 2865.
2945 1088 3381 1154 missuum.
3732 1085 3937 1173 (4975)

2498 1215 2617 1279 Pro
2651 1212 3041 1280 resolutione
3086 1209 3429 1278 dubiorum
3460 1228 3668 1296 super
3697 1228 3817 1275 usu
3846 1228 3939 1273 no-

2368 1319 2589 1368 varum
2612 1301 3021 1368 candelarum
3042 1318 3124 1364 ex
3150 1300 3463 1366 Stcarina
3487 1296 3933 1364 confectarum.

2494 1390 2873 1457 instantibus
2918 1388 3245 1455 nonnullis
3290 1385 3627 1474 Episcopis
3673 1384 3937 1472 permnl-

2369 1477 2578 1563 tisque
2636 1496 2971 1544 cereorum
3038 1474 3540 1545 Fabricatoribus
3605 1491 3758 1540 cum
3803 1476 3936 1538 Rmo

2369 1566 2682 1655 Episcopo
2727 1565 3066 1632 Massilien.
3091 1612 3109 1645 ,
3158 1585 3229 1632 ac
3277 1562 3607 1645 referente
3663 1559 3936 1629 Eminen-

2369 1653 2608 1721 tissimo
2657 1664 2720 1720 et
2779 1652 3335 1721 Reverendissimo
3402 1650 3680 1718 Domino
3749 1648 3936 1716 cardi·

2366 1741 2487 1809 nali
2520 1741 2770 1811 cosimo
2803 1741 2979 1809 corsi
3019 1745 3329 1823 Ponente,
3368 1738 3767 1827 rescriptum
3802 1736 3932 1804 fuit:

2365 1852 2405 1894 ι
2440 1831 2866 1899 consulantur
2909 1830 3223 1898 Rubricae
3258 1850 3326 1894 ι.

2496 1919 2608 1986 Die
2661 1920 2740 1985 16
2789 1917 3184 2006 Septembris
3235 1920 3427 1985 1843.

2368 2058 2632 2128 2866.

2493 2182 2698 2260 Quum
2767 2180 3367 2249 Reverendissimus
3431 2179 3760 2267 Oppiden.
3809 2175 3928 2263 Epi·

2363 2288 2594 2357 scopus
2626 2283 3000 2358 praenoscat
3033 2268 3114 2335 ob
3145 2285 3405 2354 gravem
3449 2287 3636 2334 suam
3687 2275 3930 2332 aetatem

2363 2376 2491 2423 non
2536 2359 2675 2424 sine
2708 2357 3148 2425 considerabili
3178 2357 3571 2425 valetudinis
3618 2351 3927 2443 dispendio

2366 2444 2686 2532 perficere
2733 2446 2902 2514 baud
2951 2464 3136 2534 posse
3182 2444 3357 2511 iuxta
3402 2444 3681 2511 formam
3707 2443 3773 2508 in
3800 2445 3928 2506 Pon·

2365 2533 2575 2600 tilicali
2624 2535 3079 2620 praescriptam
3121 2533 3569 2601 imminentem
3618 2535 3928 2600 consecra-

2363 2621 2606 2689 tionem
2670 2641 2873 2689 novae
2931 2642 3081 2689 suae
3152 2621 3547 2690 Catbedralis
3599 2617 3925 2696 Ecclesiae,

2362 2730 2433 2776 ac
2465 2709 2739 2798 proinde
2775 2711 3248 2779 sanctissimum
3279 2710 3623 2777 Dominum
3655 2710 3926 2773 Nostrum

2363 2797 2744 2884 Gregorium
2791 2802 2930 2868 XVI
2975 2799 3343 2866 Pontificem
3381 2797 3732 2864 Maximum
3761 2792 3927 2860 enixe

2364 2886 2603 2975 rogarit
2669 2886 2997 2955 indultum
3055 2887 3218 2955 hanc
3263 2888 3463 2974 ipsam
3509 2902 3754 2952 sacram
3799 2883 3926 2981 cae-

2363 2974 2711 3042 remoniam
2773 2977 3140 3062 exequendi
3208 2976 3461 3044 duobus
3528 2981 3926 3065 consecutivis

2361 3062 2624 3152 diebus3
2695 3064 3004 3134 Sanctitas
3065 3069 3187 3134 Sua
3209 3112 3230 3148 ,
3292 3064 3623 3131 referente
3680 3057 3924 3127 subsen-

2363 3163 2471 3239 pto
2543 3155 2765 3220 Sacrae
2821 3152 3083 3221 Rituum
3142 3150 3673 3240 congregationis
3730 3150 3924 3214 Secre-

2362 3240 2564 3306 tario:
2628 3263 2667 3308 ‹
2700 3246 2792 3308 De
2851 3241 3109 3330 speciali
3172 3241 3372 3328 gratia
3430 3238 3514 3306 ita
3574 3234 3794 3306 annuit
3837 3231 3923 3331 be·

2362 3326 2581 3415 aigne,
2608 3341 2680 3397 ut
2712 3349 2840 3397 uno
2875 3330 3237 3416 eodemque
3268 3328 3372 3396 die
3407 3338 3664 3416 peracta
3693 3335 3921 3420 omnmo

2361 3419 2839 3485 consecratione
2871 3418 3195 3485 Ecclesiae
3230 3428 3295 3482 et
3327 3414 3557 3482 Altaris
3589 3412 3833 3481 maioris
3859 3403 3921 3470 ab

2364 3505 2499 3590 ipso
2544 3506 2861 3604 Episcopo
2893 3555 2910 3587 ,
2959 3504 3197 3594 poterit
3243 3523 3361 3590 per
3405 3504 3599 3570 alium
3650 3495 3921 3569 Sacerdo-

2363 3603 2497 3660 tem
2544 3596 2722 3661 Missa
2791 3593 3136 3678 celebrari,
3187 3612 3307 3679 qua
3364 3592 3536 3659 linita
3597 3591 3918 3677 Episcopus

2358 3682 2736 3749 solemniter
2846 3684 3114 3770 opulum
3173 3681 3551 3763 benedicet,
3599 3673 3917 3760 Indulgen-

2358 3770 2513 3838 tiam
2557 3769 2815 3857 publica
2861 3769 2910 3837 it
2956 3780 3021 3838 et
3066 3771 3244 3838 diem
3310 3765 3793 3836 anniversariam
3852 3754 3914 3854 {d

2360 3858 2773 3926 recolendam
2818 3858 3361 3927 consecrationem
3398 3853 3760 3944 assignabit.
3805 3844 3915 3913 Alia

2362 3965 2513 4013 vero
2577 3948 2683 4014 die
2744 3965 3150 4034 quacumque
3218 3944 3575 4014 consecrari
3640 3941 3912 4040 poterunt

2362 4044 2575 4102 cetera
2618 4035 2890 4116 Altaria,
2937 4034 3208 4102 strictim
3253 4032 3516 4100 servatis
3574 4028 3912 4121 ommbusni

2358 4122 2705 4190 Pontificali
2739 4127 3019 4191 Romano
3053 4121 3460 4211 praescriptis
3491 4143 3553 4188 ».
3606 4122 3909 4188 contrariis

2360 4212 2874 4297 quibuscumque
2940 4208 3426 4300 disponentibus
3501 4210 3765 4278 minime
3824 4196 3909 4264 ol>

2361 4300 2701 4367 stantibus.

2491 4389 2605 4455 Die
2654 4392 2738 4456 24
2788 4388 2919 4455 Maii
2975 4392 3166 4456 1844.

2365 4529 2617 4599 286⁷.
3015 4529 3303 4597 LUCAN.
3716 4513 3902 4612 (4978)

2490 4652 2861 4742 cappellani
2906 4651 3272 4720 Beneficiati
3306 4651 3695 4742 collegiatae
3723 4641 3905 4714 Eccle-

2360 4742 2490 4809 siae
2536 4742 2745 4811 Sancti
2781 4740 3103 4809 Michaelis
3152 4743 3214 4808 in
3263 4745 3422 4808 Foro
3483 4739 3760 4809 civitatis
3807 4734 3902 4796 11⁰·

2365 4849 2549 4898 canae
2594 4832 2721 4898 alte
2792 4830 3000 4897 animo
3068 4830 3352 4897 defixum
3423 4827 3724 4896 babentes
3769 4828 3901 4903 Apo·

2362 4919 2507 4987 stoli
2542 4919 2892 5003 monitum,
2941 4930 3014 4985 ut
3058 4917 3363 4988 nimirum
3410 4916 3619 4983 omnia
3678 4911 3898 4983 honeste

2363 5024 2428 5074 et
2457 5008 2813 5100 secundum
2838 5007 3134 5075 ordinem
3158 5006 3307 5073 liant
3331 5005 3396 5071 in
3420 5004 3733 5087 omnibus,
3757 5007 3899 5087 prae·

2364 5096 2550 5184 cipue
2599 5115 2755 5164 vero
2786 5097 2995 5183 quoad
3043 5115 3114 5163 ea
3160 5114 3324 5181 quae
3368 5113 3571 5161 sacras
3605 5097 3894 5163 caeremo·

2364 5185 2496 5251 nias
2546 5184 2921 5272 respiciunt,
2956 5203 3077 5273 per
3105 5185 3466 5271 supplicem
3517 5181 3794 5251 libellum
3817 5171 3896 5237 8⁸·

2359 5290 2533 5340 cram
2578 5274 3154 5361 congregationem
3205 5271 3505 5362 legitimis
3556 5274 3895 5356 cognoscen-

2362 5361 2457 5428 dis
2487 5359 2730 5428 Ritibus
2764 5362 3186 5450 praepositam
3218 5360 3578 5430 humillime
3611 5353 3892 5446 rogarunt,

2990 2059 3342 2129 orrman.
3734 2053 3930 2140 (4976)
