4042 5950
1588 209 2061 355 „3654

162 432 293 505 vel
345 432 554 526 potius
601 434 872 526 Magistri
921 434 1039 526 ipsi
1086 445 1424 502 teneantur
1454 432 1635 521 sequi
1668 436 1779 500 Ca-

164 525 552 594 lendarium
590 527 963 595 earumdem
993 520 1422 592 Ecclesiamm
1468 521 1675 609 queis,
1708 532 1780 589 ut

162 634 403 703 supra,
451 611 858 683 inserviunt?

324 707 508 772 Sacra
553 705 815 773 Rituum
856 700 1308 789 Congregatio,
1348 698 1618 789 singulis
1650 717 1777 765 ma-

164 802 336 858 ture
381 792 743 881 perpensis,
787 788 1163 876 respondit:

319 880 416 947 Ad
471 885 534 947 1.
579 901 618 946 c
652 878 1043 947 Affirmative
1076 898 1139 945 ι.

320 968 417 1035 Ad
450 972 518 1036 2.
565 989 603 1032 c
628 966 1044 1050 Affirmative,
1078 967 1156 1034 ad
1187 964 1460 1056 primam
1488 975 1776 1053 partem;

166 1055 520 1145 Negative‚
572 1057 648 1124 ad
694 1055 1044 1123 secundam
1074 1075 1138 1118 ν.

316 1146 531 1230 Atque
576 1144 661 1211 ita
710 1142 1066 1228 rescribere
1109 1155 1240 1210 rata
1286 1154 1383 1209 est
1428 1162 1499 1210 ac
1540 1161 1777 1231 propo·

168 1232 300 1299 sita
345 1231 540 1300 dubia
584 1231 938 1299 declarare.

316 1319 431 1388 Die
479 1323 517 1388 7
567 1320 962 1409 Septembris
1016 1322 1206 1388 1850.

170 1462 440 1533 2981.
755 1463 1219 1543 as‘rumcsn.
1550 1459 1779 1548 (site)

316 1587 528 1665 Quum
586 1587 899 1653 Parochus
953 1585 1182 1675 Oppidi
1227 1585 1424 1672 vulgo
1473 1583 1782 1652 castrilio

169 1676 254 1741 de
301 1675 403 1741 las
448 1676 719 1742 Pinaros
764 1674 928 1741 intra
974 1673 1134 1742 fines
1179 1670 1495 1741 Dioecesis
1539 1671 1784 1738 Asturi-

172 1782 333 1830 cen.
385 1765 638 1830 Sacram
677 1763 940 1830 Rituum
971 1760 1548 1850 Congregationem
1591 1759 1780 1827 enixe

142 1851 513 1938 ,rogaverit
556 1861 629 1918 ut
673 1850 1003 1918 declarare
1047 1850 1425 1939 dignaretur
1451 1847 1781 1935 sequentia

173 1939 419 2026 dubia;
470 1939 814 2007 nimirum:

328 2032 388 2094 1.
437 2029 752 2106 Quaenam
808 2027 937 2094 sint
994 2025 1331 2094 Lectiones
1386 2024 1653 2092 secundi
1713 2035 1783 2092 et

176 2116 367 2184 tertii
411 2115 718 2183 Nocturni
762 2115 829 2182 in
862 2114 969 2182 die
999 2123 1218 2181 octava
1264 2116 1527 2182 Sanctae
1557 2113 1781 2182 uariae

174 2204 597 2293 Magdalenae
652 2202 718 2272 in
764 2204 838 2270 iis
886 2203 1040 2271 locis
1066 2252 1083 2287 ,
1131 2202 1242 2270 ubi
1290 2203 1515 2271 eadem
1561 2204 1782 2270 Sancta

172 2302 536 2359 veneratur
579 2311 701 2359 ceu
746 2295 1007 2358 Patrona
1051 2291 1155 2356 vel
1203 2287 1546 2356 Titularis‘?

325 2385 392 2448 2.
444 2383 541 2447 An
593 2380 660 2446 in
703 2378 1048 2467 parochiali
1094 2378 1301 2465 aliqua
1348 2378 1668 2463 Ecclesia,
1717 2378 1783 2445 in

176 2488 315 2556 qua
363 2473 621 2536 Festum
667 2467 1053 2535 Sanctissimi
1097 2467 1398 2551 corporis
1428 2465 1661 2535 christi
1692 2466 1784 2534 iu-

178 2557 480 2625 stituitur
524 2556 830 2623 alterutra
876 2574 959 2623 ex
990 2554 1472 2641 insequentibus
1504 2554 1785 2622 Domini·

180 2646 282 2714 cis
331 2665 412 2712 ex
447 2644 759 2713 ordinarii
790 2644 1000 2728 venia,
1035 2643 1252 2709 Missae
1285 2642 1595 2710 celebrari
1641 2662 1783 2731 pos·

180 2735 320 2802 sint
384 2733 681 2821 propriae
742 2732 1128 2801 sanctissimi
1188 2730 1615 2817 Sacramenti3
1678 2731 1783 2799 vel

182 2824 424 2890 saltem
468 2822 649 2889 unica
696 2821 875 2888 Missa
917 2818 1251 2903 solemnis,
1300 2839 1380 2887 ex
1413 2838 1489 2885 eo
1535 2819 1786 2909 potissi·

184 2929 417 2996 mum,
480 2909 626 2998 quia
685 2909 1066 2979 Dalmaticae
1117 2919 1182 2976 et
1230 2908 1598 2976 Tunicellae
1657 2928 1787 2976 non

185 3001 512 3070 hahentur
555 2997 818 3065 alterius
865 2998 1098 3065 coloris
1151 2996 1599 3084 respondentis
1642 2997 1785 3064 Offi-

190 3089 325 3173 cio,
372 3088 542 3175 quod
590 3084 1021 3176 persolvitur?
1065 3095 1131 3154 et
1176 3096 1490 3172 quatenus
1531 3084 1595 3151 id
1645 3085 1784 3152 fieri

188 3197 327 3245 non
373 3176 584 3260 liceat,
631 3175 946 3242 Parochus
975 3183 1186 3241 orator
1219 3193 1334 3263 pro
1365 3193 1476 3241 sua
1508 3174 1786 3240 Ecclesia

188 3264 634 3355 Apostolicum
693 3264 772 3331 ad
817 3264 880 3332 id
940 3263 1267 3331 indultum
1324 3261 1630 3329 instanter
1675 3281 1786 3329 ex-

290 3354 420 3420 'rit.

192 3374 395 3510 qm&
444 3443 543 3508 An
587 3442 892 3510 Sacerdos
937 3439 1049 3527 qui
1098 3459 1128 3505 a
1170 3437 1469 3506 fidelibus
1506 3439 1788 3505 eleemo-

190 3548 421 3620 synam
480 3530 725 3617 accepit
784 3528 861 3595 ad
925 3528 1368 3596 celebrandam
1430 3524 1675 3594 Missam
1724 3527 1790 3594 in

194 3621 512 3687 honorem
558 3617 824 3684 alicuius
870 3616 1081 3685 Sancti
1124 3617 1230 3682 vel
1278 3616 1362 3683 de
1409 3614 1622 3700 aliquo
1660 3618 1788 3702 My-

193 3707 422 3792 sterio,
469 3706 628 3772 dum
674 3706 832 3772 ritus
876 3723 1007 3774 non
1050 3703 1370 3791 permittit
1415 3702 1789 3770 celebratio-

194 3814 351 3862 nem
397 3795 611 3861 nissae
640 3792 917 3877 votivae,
950 3792 1150 3882 possit
1193 3802 1410 3859 tamen
1438 3792 1655 3858 nissae
1688 3811 1791 3859 oc-

194 3881 486 3952 currenti
547 3880 1219 3949 commemorationem
1279 3880 1521 3948 addere
1581 3880 1791 3948 Sancti

196 3971 398 4061 ipsius
444 3973 553 4037 vel
596 3967 922 4056 mysterii?

334 4064 399 4125 4.
439 4060 646 4137 Quum
691 4058 1002 4125 Pal-ochus
1045 4068 1277 4141 orator,
1327 4065 1584 4146 praeter
1610 4076 1786 4124 suam

194 4147 630 4237 parochialem
699 4144 1047 4212 Ecclesiam
1072 4192 1090 4228 ,
1160 4143 1332 4213 aliud
1399 4143 1787 4213 Beneficium

199 4241 505 4304 curatum
557 4235 904 4303 obtinuerit
951 4252 1096 4300 cum
1143 4233 1260 4300 alia
1291 4232 1537 4302 adnexa
1567 4233 1791 4301 Eccle-

199 4326 290 4392 sia
335 4322 723 4412 parochiali;
772 4321 1057 4407 quaerit:
1108 4323 1204 4387 An
1245 4320 1309 4387 in
1340 4322 1536 4388 Festis
1579 4321 1790 4410 adiga-

200 4424 309 4481 tur
355 4421 691 4498 utramque
738 4412 983 4477 nissam
1008 4456 1026 4492 ,
1073 4428 1260 4496 quam
1310 4408 1594 4478 celebrat
1615 4458 1633 4493 ,
1683 4427 1790 4496 ap-

198 4500 443 4590 plicare
489 4520 607 4588 pro
652 4498 935 4586 populo;
984 4499 1088 4565 vel
1138 4507 1432 4565 teneatur
1475 4497 1551 4565 ad
1591 4498 1793 4587 appli-

202 4588 516 4657 cationem
574 4606 693 4675 pro
750 4584 872 4653 sibi
925 4586 1272 4653 commissis
1326 4585 1550 4653 ovibus
1602 4586 1790 4653 unius

200 4685 449 4744 tantum
494 4675 577 4742 de
624 4675 873 4744 duobus
904 4673 1262 4758 sacrificiis,
1297 4672 1500 4742 veluti
1531 4673 1789 4741 Dioece·

199 4783 389 4831 sanus
423 4762 811 4849 ordinarius,
860 4762 965 4831 cui
1009 4760 1278 4831 dubium
1322 4762 1678 4852 proposuit,
1728 4761 1789 4828 ei

202 4851 534 4940 rescripsit
566 4851 689 4939 (1).

339 4943 404 5008 5.
454 4943 522 5006 ln
553 4938 941 5027 duplicibus,
993 4938 1057 5006 in
1088 4936 1318 5025 quibus
1363 4956 1490 5005 non
1521 4937 1787 5023 permit·

204 5038 435 5095 tuntur
480 5026 694 5095 Missae
730 5027 1016 5115 privatae
1048 5028 1131 5095 de
1161 5026 1495 5113 nequiora,
1546 5025 1789 5093 licitum

200 5135 286 5183 ne
335 5115 458 5182 erit
505 5134 733 5183 canere
776 5117 1167 5183 Nocturnum
1219 5133 1336 5203 pro
1369 5115 1695 5183 Defunctis
1726 5124 1792 5180 et

200 5215 421 5293 postea
468 5203 711 5270 Missam
756 5204 838 5271 de
884 5203 992 5271 die
1040 5199 1413 5271 celebrare?

342 5396 428 5470 (t)
463 5397 528 5454 Β.
570 5398 716 5455 nuh.
754 5398 810 5455 ες.

2014 436 2094 500 Et
2139 434 2321 500 Sacra
2367 432 2629 500 Rituum
2659 425 3108 519 congregatio,
3157 424 3467 499 hodierna

1883 520 1989 587 die
2037 521 2114 587 ad
2162 522 2531 589 Vaticanum
2562 519 2625 587 in
2656 519 2996 588 ordinariis
3031 519 3317 587 comitiis
3361 539 3465 587 co-

1880 607 2195 694 adunata,
2244 609 2457 676 audita
2512 607 2821 675 relatione
2866 627 2899 674 a
2946 606 3301 695 subscripto
3356 611 3466 677 Se·

1883 695 2153 764 cretario
2200 696 2386 782 facta,
2433 697 2959 785 respondendum
3004 697 3291 764 censuitt

2015 785 2113 852 Ad
2167 790 2228 852 1.
2277 807 2315 850 c
2348 784 2681 853 Lectiones
2729 785 2793 852 in
2825 804 2971 852 casu
3005 796 3338 852 sumantur
3385 804 3468 853 ex

1882 874 2207 941 Octavario
2236 879 2516 941 Romano
2538 892 2659 961 pro
2684 877 2868 941 Festo
2891 873 3079 940 huius
3110 875 3373 941 Sanctae
3399 896 3463 940 »-

2014 961 2111 1029 Ad
2160 967 2225 1029 2.
2273 983 2312 1029 ι
2347 967 2464 1030 Pro
2523 961 2721 1049 gratia
2779 960 2965 1029 unius
3027 962 3241 1028 Missae
3289 964 3470 1030 Sole·

1884 1049 2050 1117 mnis
2112 1049 2198 1116 de
2244 1050 2645 1120 sanctissimo
2690 1053 3095 1119 sacramento
3158 1050 3221 1116 in
3273 1050 3469 1118 intro—

1884 1138 2117 1228 scripta
2160 1138 2438 1207 Ecclesia
2487 1147 2732 1207 tantum
2766 1160 2827 1206 ι».

2016 1227 2116 1294 Ad
2164 1231 2232 1295 3.
2281 1248 2319 1291 c
2350 1230 2491 1296 Non
2537 1226 2738 1295 licere
2767 1249 2829 1295 ι.

2018 1315 2114 1382 Ad
2164 1320 2229 1384 4.
2278 1335 2317 1381 ι
2350 1319 2698 1401 Utramque
2730 1317 2971 1383 Missam
3010 1316 3333 1419 applicare
3376 1328 3471 1387 te·

1884 1413 2078 1557 &tur
2120 1424 2241 1507 pro
2285 1404 2528 1493 populo
2575 1405 2904 1493 utriusque
2943 1405 3060 1473 sibi
3098 1405 3469 1475 commissae

1966 1510 2215 1559 roeciae
2248 1516 2310 1558 ν.

2016 1579 2113 1647 Ad
2163 1584 2227 1646 5.
2277 1601 2316 1647 ‹
2350 1586 2420 1648 ln
2466 1601 2611 1648 casu
2659 1601 2848 1669 posse
2878 1605 2943 1649 ν.

2015 1671 2226 1755 Atque
2273 1668 2357 1735 ita
2403 1668 2733 1757 rescripsit
2784 1671 3233 1760 propositaque
3281 1671 3469 1741 dubia

1886 1767 2014 1822 rata
2062 1767 2160 1823 est
2204 1757 2555 1825 declarare.

2015 1846 2131 1912 Die
2177 1849 2213 1913 7
2261 1846 2658 1935 Septembris
2708 1851 2898 1917 1850.

1887 1986 2150 2056 2982.
2535 1989 2825 2057 cavan.
3242 1991 3476 2097 (σιω

2014 2110 2222 2188 Quum
2278 2110 2630 2179 hodiernus
2688 2112 3091 2180 Primicerius
3152 2115 3472 2186 Ecclesiae
3539 2105 3546 2112 ⁸

1883 2198 2276 2267 cathedralis
2319 2202 2554 2267 caven.
2603 2217 2721 2288 pro
2767 2211 3122 2290 opportuna
3154 2204 3472 2273 solutione

1885 2305 2162 2373 sequens
2205 2288 2614 2376 proposuerit
2650 2287 2918 2356 dubium
2951 2292 3174 2359 Sacrae
3210 2293 3472 2361 Rituum

1887 2376 2375 2463 congregationi
2398 2391 2418 2455 ;
2467 2376 2808 2444 nimirum:

2015 2466 2149 2547 Au,
2197 2464 2565 2533 celebrante
2609 2466 2716 2531 vel
2775 2466 3104 2534 assistente
3155 2466 3472 2571 Episcopo

1884 2551 2185 2640 vesperis
2217 2562 2285 2617 et
2313 2553 2531 2621 Missae
2561 2554 2862 2638 solemni,
2910 2563 3053 2644 post
3099 2555 3474 2624 incensatio-

1886 2658 2039 2707 nem
2084 2638 2282 2727 ipsius
2312 2652 2375 2708 et
2406 2642 2868 2710 Canonicorum
2896 2643 3345 2730 assistentium,
3379 2645 3472 2713 in-

1888 2728 2168 2795 censatio
2196 2728 2467 2797 aliorum
2499 2731 2562 2798 in
2597 2732 2911 2817 Dignitate
2957 2731 3471 2819 constitutorum,
3507 2728 3512 2745 '

1884 2816 1936 2882 si
1999 2815 2165 2883 forte
2225 2818 2468 2903 adsint,
2533 2822 3006 2907 prosequendat
3065 2820 3145 2888 sit
3201 2841 3234 2887 a
3297 2833 3475 2911 parte

1888 2903 2169 2984 Throni3
2204 2906 2310 2974 vel
2344 2906 2702 2997 incipienda
2736 2929 2769 2974 a
2802 2907 3227 2997 Digniatibus,
3266 2910 3479 2979 veluti

1891 2994 2159 3060 innuere
2189 2993 2446 3063 videtur
2477 2995 2938 3084 Episcoporum
2969 2999 3473 3084 caeremoniale,

1889 3081 2116 3238 iislque?
2151 3082 2638 3167 deficientibus,
2688 3105 2720 3150 a
2780 3085 3111 3153 canonicis
3163 3085 3475 3174 antiquio·

1889 3190 1939 3237 r·
1991 3190 2064 3236 us

2018 3261 2100 3324 Et
2145 3262 2329 3328 Sacra
2374 3260 2635 3329 Rituum
2682 3261 3131 3350 congregatio,
3181 3261 3257 3329 ad
3307 3262 3476 3329 Vati-

1889 3365 2119 3414 canum
2149 3348 2510 3438 subsignata
2539 3349 2643 3417 die
2676 3350 3046 3435 coadunata,
3094 3351 3173 3418 ad
3220 3350 3476 3417 relatio-

1889 3453 2038 3502 nem
2121 3435 2500 3527 infrascripti
2579 3437 2914 3506 Secretarii
2997 3437 3476 3507 rescribendum

1889 3525 2177 3592 censuit:
2244 3544 2283 3590 ι
2320 3529 2632 3594 Servetur
2687 3525 2845 3595 ordo
2905 3525 2970 3593 in
3015 3526 3475 3595 caeremoniali

1892 3611 2353 3701 Episcoporum
2389 3614 2457 3680 in
2490 3614 2919 3682 incensatione
2959 3616 3386 3704 praescriptus
3411 3638 3472 3682 »-

2020 3702 2230 3787 Atque
2277 3701 2363 3768 ita
2408 3704 2736 3790 rescripsit
2781 3714 2847 3770 et
2892 3704 3262 3772 declaravit.

2022 3788 2138 3856 Die
2189 3794 2224 3856 7
2270 3789 2670 3877 Septembris
2721 3796 2910 3860 1850.

1892 3930 2155 4000 2983.
2466 3934 2899 4000 uasstumrs.
3245 3932 3473 4020 (sias)

2022 4059 2231 4137 Quum
2293 4056 2360 4123 in
2421 4060 2756 4126 Sacrorum
2818 4056 3079 4125 Rituum
3135 4058 3481 4126 ordinariis

1892 4143 2178 4215 comitiis
2224 4146 2299 4213 ad
2333 4145 2701 4212 Vaticanum
2747 4145 3054 4212 hodierna
3102 4145 3209 4213 die
3253 4146 3481 4215 habitis

1888 4232 2286 4322 subscriptus
2331 4231 2727 4301 Secretarius
2770 4232 2938 4300 inter
2979 4244 3195 4300 cetera
3247 4251 3480 4322 propo-

1890 4321 2093 4388 suerit
2135 4321 2465 4408 sequentia
2507 4319 2722 4404 dubia,
2765 4339 2926 4408 quae
2969 4339 3090 4409 pro
3121 4332 3478 4411 opportuna

1894 4409 2324 4477 declaratione
2366 4407 2796 4476 exhibuerunt
2826 4409 3345 4477 sanctimoniales
3372 4413 3482 4478 Or·

1893 4497 2059 4598 dinis
2105 4499 2363 4566 Sanctae
2395 4499 2615 4566 clarae
2660 4498 2726 4564 in
2768 4497 3036 4566 Civitate
3076 4497 3477 4578 Massiliensn

1894 4604 2233 4653 nimirum:

2032 4677 2093 4740 1.
2142 4675 2350 4758 Anne,
2402 4675 2554 4741 licet
2598 4693 2726 4741 non
2772 4685 2949 4741 extet
2995 4672 3297 4761 requisita
3332 4693 3480 4742 con·

1892 4761 2198 4844 suetudo,
2240 4762 2485 4849 possint
2530 4764 2615 4831 de
2662 4762 2914 4830 licentia
2962 4762 3322 4849 Superioris
3366 4765 3481 4830 Fe-

1893 4848 1985 4916 ria
2016 4853 2097 4917 Ν
2126 4850 2429 4917 cinerum
2475 4850 2988 4918 Sanctimoniales
3024 4848 3089 4917 in
3133 4850 3344 4918 Chore
3388 4851 3479 4917 sic

1890 4937 2178 5006 Officium
2211 4937 2530 5023 dividere,
2565 4949 2636 5005 ut
2666 4938 2818 5007 hora
2851 4937 3068 5024 quinta
3106 4947 3250 5028 post
3293 4939 3484 5007 meri-

1891 5023 2067 5093 diem
2098 5025 2227 5093 diei
2252 5027 2700 5114 praecedentis
2728 5027 3004 5094 recitent
3026 5029 3303 5094 Psalmos
3332 5029 3482 5094 Gra-

1892 5113 2143 5199 duales,
2192 5125 2335 5203 post
2379 5116 2787 5182 collationem
2831 5133 2947 5181 seu
2994 5114 3339 5183 serotinam
3377 5135 3481 5183 co·

1896 5202 2282 5270 mestionem
2329 5203 2703 5271 Matutinum
2747 5220 2896 5270 cum
2925 5203 3245 5272 Laudibus
3286 5204 3481 5272 Officii
