4042 5950
1524 239 1653 281 .——-
1708 196 1800 278 51
1863 238 1965 259 -—-

138 358 284 426 min.
333 356 517 426 card.
570 355 739 423 Gotti
773 357 1245 446 infrascriptum
1277 355 1547 424 dubium
1594 357 1710 424 de-

141 447 493 515 clarandum
541 446 918 534 proposuit:

261 538 354 687 APn
400 543 464 601 et
511 530 744 619 quibus
788 533 1107 600 debeatur*
1149 531 1600 621 praecedentia
1648 531 1713 597 in

140 643 279 691 casu

260 714 322 778 S.
358 714 430 777 R.
471 712 574 794 C.,
622 711 774 777 visis
820 708 1066 776 iuribus
1111 710 1261 777 hinc
1309 709 1461 775 inde
1506 707 1711 774 dedu·

139 799 247 865 ctis
311 808 373 864 et
443 808 570 863 tam
628 818 788 864 voce
849 816 1040 883 quam
1106 795 1359 884 scriptis
1425 795 1712 882 partibus

138 884 612 952 informantibus
643 886 900 967 auditis,
929 884 1411 950 rescribendum
1436 883 1708 949 censuit:

138 998 173 1037 ι
204 977 339 1038 Post
386 973 1032 1060 Archipresbyterum
1082 976 1147 1039 S.
1183 971 1419 1038 Nicolai
1466 981 1530 1037 et
1561 969 1712 1036 alios

140 1062 435 1127 Parocbos
465 1110 483 1144 ,
531 1061 760 1129 deberi
806 1059 1324 1149 praecedentiam
1384 1060 1556 1126 iuxta
1604 1077 1711 1122 an-

140 1150 476 1215 tianitatem
509 1149 950 1236 promotionis,
983 1159 1227 1214 servata
1257 1147 1571 1213 Ordinum
1617 1144 1714 1213 di-

139 1237 505 1320 stinctione3
555 1248 623 1302 et
670 1237 941 1324 amplius
974 1256 1040 1302 ».
1091 1242 1166 1303 Et
1208 1235 1291 1299 ita
1337 1234 1785 1301 declaravit...-

141 1324 243 1390 Die
285 1324 327 1391 9
372 1324 511 1390 Maii
565 1328 760 1392 1733.

140 1499 386 1569 2305.
658 1503 1182 1569 BARCINONEN.
1475 1502 1703 1588 (4020)

264 1675 629 1745 Humillime
699 1676 869 1763 apud
926 1678 989 1742 S.
1043 1679 1116 1740 R.
1167 1677 1238 1741 c.
1310 1671 1709 1759 supplicante

146 1768 322 1834 clero
364 1762 761 1831 cathedralis
805 1764 1215 1830 Barcinonen.
1268 1780 1384 1849 pro
1431 1761 1715 1826 declara-

150 1855 311 1921 tione
368 1850 750 1939 infrascripti
796 1850 1012 1918 dubii:
1073 1853 1195 1933 An,
1258 1850 1410 1915 dum
1455 1853 1711 1915 Festum

146 1945 204 2009 S.
250 1939 502 2026 Georgii
557 1939 805 2005 Patroni
866 1937 1255 2024 principatus
1315 1939 1713 2004 Catalauniae

143 2028 409 2095 occurrit
455 2027 520 2094 in
577 2026 757 2093 Feria
810 2030 891 2094 Vl
949 2025 1200 2092 maioris
1268 2025 1709 2091 Hebdomadae

143 2116 266 2183 sive
321 2115 387 2181 in
454 2112 727 2181 Sabbato
788 2118 1051 2198 Sancto,
1122 2113 1207 2177 ita
1266 2119 1338 2178 ut
1400 2113 1466 2177 in
1526 2111 1710 2179 aliam

145 2202 302 2269 diem
362 2221 493 2269 non
546 2201 919 2289 impeditam
983 2200 1422 2283 transferatur,
1488 2198 1711 2266 eadem

144 2290 240 2357 die
281 2310 406 2376 qua
451 2290 788 2389 peragitur
844 2289 1133 2357 Officium
1200 2288 1567 2355 translatum
1627 2289 1711 2355 de

144 2380 208 2443 S.
249 2382 527 2530 Geoggio
590 2378 751 2444 adsit
814 2378 1004 2444 etiam
1066 2375 1367 2461 obligatio
1412 2375 1713 2443 audiendi

144 2466 373 2532 lissam

262 2557 340 2619 Et
386 2555 453 2620 S.
504 2555 584 2619 R.
631 2555 702 2620 c.
762 2552 1135 2639 respondit:
1206 2575 1242 2616 «
1275 2557 1391 2618 Pro
1452 2553 1715 2617 transla-

144 2640 305 2707 tione
346 2639 548 2708 efficii
597 2650 662 2706 et
706 2641 961 2724 Missae,
1010 2640 1124 2706 sed
1179 2640 1414 2726 absque
1476 2639 1713 2725 obliga-

148 2729 310 2795 tione
354 2727 687 2815 praecepti
734 2727 1031 2795 audiendi
1067 2730 1325 2794 Sacrum
1356 2737 1424 2795 et
1453 2729 1713 2795 vacandi

146 2816 217 2881 ab
266 2835 303 2881 o
392 2815 571 2882 ribus
599 2836 663 2880 ιν.
731 2820 808 2881 Et
864 2814 944 2881 ita
998 2815 1288 2882 decrevit
1347 2835 1416 2882 ac
1476 2816 1717 2882 servari

144 2920 280 2967 man
326 2904 478 2971 avit.
528 2903 641 2968 Die
694 2907 775 2969 10
820 2902 1189 2970 Decembris
1241 2907 1430 2971 1773.

144 3079 398 3149 2306.

264 3254 497 3322 Delatis
545 3255 621 3321 ad
684 3258 748 3320 S.
792 3258 866 3321 R.
908 3258 980 3320 c.
1030 3275 1062 3319 a
1122 3254 1414 3342 Capitulo
1478 3266 1543 3322 et
1602 3259 1715 3323 ca-

144 3342 375 3410 nonicis
404 3342 928 3428 Metropolitanae
960 3340 1282 3408 Ecclesiae
1312 3344 1709 3410 Avenionen.

148 3431 584 3497 controversiis
612 3448 807 3516 super
829 3430 1154 3495 nonnuliis
1179 3430 1421 3498 iuribus
1444 3442 1511 3498 et
1532 3451 1713 3518 prae-

147 3517 521 3603 eminentiis‚
554 3528 682 3583 tam
730 3518 806 3584 ab
837 3516 1010 3583 illius
1037 3516 1319 3584 Civitatis
1352 3519 1712 3606 magistratu

149 3617 206 3671 et
259 3606 642 3674 consulibus
697 3622 887 3691 quam
944 3626 977 3671 a
1041 3605 1456 3693 Dignitatibus
1516 3607 1711 3677 trium

146 3693 650 3781 collegiatarum,
699 3712 935 3782 nempe
981 3696 1061 3760 S.
1102 3694 1458 3780 Agricolae,
1494 3698 1559 3762 S.
1602 3700 1713 3764 Pe-

690 3082 1169 3147 Avnmonnn.
1485 3078 1714 3166 (4022)

54 3839 55 3858 ,
150 3781 221 3845 tri
262 3792 330 3846 et
374 3784 443 3849 S.
498 3781 827 3865 Desiderii,
866 3797 986 3847 nec
1025 3799 1152 3848 non
1200 3792 1478 3867 utroque
1526 3784 1713 3853 clero

148 3869 414 3935 Seculari
446 3890 517 3937 ac
549 3868 843 3955 Regulari
889 3869 1011 3936 iam
1059 3869 1378 3949 excitatis3
1426 3877 1618 3939 Emus
1650 3885 1716 3940 et

148 3958 327 4024 limus
372 3961 559 4025 Dom.
631 3958 817 4025 card.
883 3960 947 4024 S.
1006 3958 1268 4045 Agnetis
1327 3959 1716 4047 infrascripta

151 4043 324 4111 dubia
392 4048 562 4113 inter
612 4055 831 4132 partes
890 4047 1271 4114 concordata
1332 4045 1711 4114 declaranda

154 4133 472 4220 proposuit
498 4157 515 4199 ι

270 4225 331 4288 1.
383 4225 481 4288 An
529 4222 839 4308 exequiae
870 4226 1278 4290 Summorum
1312 4189 1711 4308 Pontificum,
1812 4247 1817 4256 ¹

154 4307 425 4402 Ilegum,
474 4314 760 4392 Ducum,
810 4313 1176 4396 Magnorum
1238 4311 1604 4398 principum
1652 4322 1716 4377 et

156 4397 387 4482 similia,
418 4407 735 4484 tamquam
763 4396 1120 4466 functiones
1145 4399 1545 4485 pontificales
1576 4398 1718 4466 fieri

158 4478 415 4550 debeant
458 4484 524 4551 in
554 4482 839 4551 Ecclesia
871 4486 1390 4574 Metropolitana3
1438 4489 1543 4556 vel
1580 4488 1716 4553 eius

161 4566 284 4635 loco
343 4571 408 4638 in
464 4572 748 4639 Ecclesia
809 4575 1057 4640 Patrnm
1115 4570 1722 4643 Franciscanorum?

274 4664 337 4727 2.
405 4661 501 4727 An
548 4659 613 4726 in
660 4679 807 4727 casu
865 4663 1036 4746 quod
1092 4681 1214 4729 una
1249 4681 1330 4727 ex
1372 4662 1557 4729 dictis
1603 4669 1720 4730 Ec-

162 4743 349 4813 clesiis
392 4748 475 4814 sit
522 4766 933 4834 quocumque
977 4750 1172 4817 modo
1217 4749 1550 4838 impedita,
1588 4753 1718 4817 ele-

164 4830 271 4930 ctio
314 4834 580 4902 alterius
634 4836 961 4902 Ecclesiae
1018 4847 1269 4926 spectet
1325 4840 1401 4906 ad
1462 4839 1719 4907 Arcbie·

165 4934 475 5010 piscopnm
543 4943 662 4990 seu
726 4924 1130 5009 Capitulum;
1201 4926 1304 4993 vel
1373 4926 1585 5012 potius
1642 4928 1717 4993 ad

164 5007 447 5078 Consules
490 5009 815 5078 Civitatis?

278 5101 344 5163 3.
392 5100 488 5166 An
532 5100 599 5166 in
644 5100 1007 5166 huiusmodi
1057 5101 1347 5187 exequiis
1381 5100 1722 5168 absolutio·

166 5197 262 5248 nes
305 5188 468 5253 circa
517 5195 793 5253 castrum
844 5188 1315 5277 doloris,·post
1377 5189 1725 5277 Dignitates

170 5269 691 5361 Hetropolitanae,
742 5275 880 5341 fieri
924 5276 1200 5343 debeant
1243 5298 1276 5342 a
1307 5276 1723 5365 Dignitatibus

1810 356 2007 424 trium
2054 357 2592 444 collegiatarum;
2643 377 2759 425 seu
2799 356 3089 448 potinsffia
3135 354 3401 427 canoni-

1812 446 1898 510 cis
1969 444 2266 531 eiusdem
2305 446 2903 537 stlletropolitanae?
2963 459 3028 514 et
3087 459 3401 532 quatenus

1807 532 2109 619 negative
2155 534 2232 600 ad
2280 535 2629 602 secundam
2677 547 2951 622 partem,

1868 640 1877 649 ’
1943 624 2008 685 4.
2060 623 2156 685 An
2204 621 2390 689 dictis
2420 623 2840 709 Dignitatibus
2873 621 3398 709 collegiatarum,

1811 706 2147 793 agentibus
2191 709 2431 775 similes
2495 710 2897 795 functiones,
2963 710 3401 778 subdiaconus

1812 805 1879 860 et
1926 796 2233 862 Diaconus
2280 796 2578 864 assistere
2624 796 2942 865 debeant?

1945 887 2007 948 ὅ.
2059 886 2158 949 An
2221 884 2428 950 dictae
2485 884 2835 969 Dignitates
2900 886 3394 971 collegiatarum

1809 981 2194 1057 peragentes
2227 972 2424 1039 dictas
2453 972 2814 1039 functiones
2856 988 2920 1040 et
2951 974 3218 1058 similes,
3255 993 3395 1060 pos-

1810 1059 1937 1124 sint
1982 1058 2076 1124 uti
2122 1056 2465 1125 rochetto?

1943 1151 2013 1212 6.
2062 1150 2159 1212 An
2203 1146 2410 1213 tribus
2452 1148 2820 1235 collegiatis
2867 1150 3240 1233 Maioribus,
3290 1148 3397 1214 ha-

1810 1233 2111 1302 bentibus
2177 1254 2395 1301 cnram
2458 1236 2845 1321 animarum,
2908 1246 3232 1325 competat
3301 1237 3399 1302 ius

1813 1322 2119 1407 exigendi
2180 1344 2212 1387 a
2259 1323 2742 1411 metropolitana
2799 1334 3086 1409 quartam
3142 1327 3396 1393 funera-

1815 1413 1944 1475 lem
1989 1428 2109 1495 pro
2153 1409 2282 1476 suis
2329 1410 2750 1498 parochianiS,
2799 1412 2909 1496 qui
2956 1411 3019 1477 in
3064 1414 3228 1481 dicta
3268 1414 3395 1477 Me-

1806 1498 2192 1584 tropolitana
2238 1498 2490 1583 eligunt
2536 1498 2986 1597 sepulturam?

1947 1590 2010 1650 7.
2040 1588 2137 1650 An
2170 1585 2234 1650 in
2257 1588 2767 1653 Processionibus
2794 1588 3197 1672 generalibus
3219 1595 3394 1654 uter-

1813 1692 1943 1758 que
1970 1673 2212 1739 ·clerus
2261 1683 2558 1740 teneatur
2602 1675 2950 1740 convenire
2997 1675 3061 1741 in
3114 1673 3393 1742 Ecclesia

1814 1761 2325 1848 metropolitana,
2359 1762 2494 1827 sive
2533 1761 2670 1828 eius
2701 1763 2935 1850 platea,
2972 1774 3099 1830 tam
3132 1763 3195 1829 in
3227 1762 3396 1850 prin·

1816 1849 1982 1935 cipio
2030 1867 2221 1934 qnam
2269 1849 2336 1915 in
2383 1850 2597 1917 reditu
2647 1851 3068 1918 Processionis
3085 1849 3136 1923 ‘?.

1945 1943 2008 2004 8.
2063 1938 2184 2021 An,
2220 1958 2252 2002 a
2285 1937 2516 2022 quibus
2562 1948 2630 2004 et
2652 1939 2716 2005 in
2741 1957 2870 2024 quo
2904 1939 3046 2005 loco
3092 1940 3217 2005 sint
3248 1958 3398 2005 con-

1813 2023 2094 2091 vocanda
2128 2025 2382 2091 comitia
2428 2026 2752 2111 generalia
2780 2025 2997 2092 cleri?
3043 2037 3105 2092 et
3138 2045 3217 2092 an
3247 2045 3395 2092 con-

1813 2113 2059 2179 vocatio
2112 2121 2177 2178 et
2220 2112 2560 2180 destinatio
2617 2113 2739 2178 loci
2783 2122 3033 2201 spectet
3091 2114 3168 2180 ad
3216 2118 3398 2180 Prae-

1817 2202 2096 2288 positum
2139 2220 2255 2267 seu
2300 2199 2717 2289 Capitulum?

1945 2297 2009 2359 9.
2077 2291 2172 2354 An
2240 2287 2740 2378 praecedentia,
2794 2301 2916 2356 tam
2977 2290 3042 2358 in
3109 2291 3395 2360 sedendo

1814 2397 2005 2464 quam
2053 2377 2119 2443 in
2181 2379 2492 2460 votando,
2541 2389 2857 2466 competat
2909 2378 3223 2445 Canonico
3280 2380 3397 2445 de·
3493 2390 3504 2407 ‘

1812 2476 2036 2552 putato
2081 2465 2356 2552 Capituli
2416 2466 2937 2552 Metropolitanae
2996 2485 3191 2555 super
3243 2467 3395 2533 alios

1813 2559 2166 2642 Deputatos
2225 2551 2757 2639 collegiatarum,
2808 2554 3054 2620 etiamsi
3112 2554 3212 2619 isti
3273 2552 3397 2620 sint

1814 2637 2213 2728 Dignitates‘?
2256 2688 2260 2692 »

1952 2731 2060 2801 10.
2110 2730 2205 2793 An
2253 2727 2318 2794 in
2363 2728 2501 2793 aliis
2548 2729 3034 2816 congressibus„
3083 2729 3194 2816 qui
3235 2728 3399 2795 fiunt

1813 2837 2025 2883 coram
2072 2814 2570 2902 Archiepiscopo
2601 2816 2930 2884 occasione
2979 2818 3240 2905 Synodi,
3292 2816 3396 2882 vel

1812 2907 1877 2973 in
1905 2910 2108 2971 Domo
2139 2902 2445 2987 civitatis,
2476 2903 2702 2970 similis
2733 2905 3181 2993 praecedentia
3229 2923 3396 2969 com-

1813 3004 1991 3080 petat
2036 2992 2351 3060 Canonico
2397 2993 2704 3093 deputato
2751 3013 2782 3057 a
2830 2994 3120 3079 capitulo
3167 2996 3396 3059 Metro-

1813 3081 2178 3167 politanae;
2229 3081 2335 3146 vel
2382 3090 2598 3165 potius
2652 3083 2979 3167 Deputatis
3025 3079 3398 3166 collegiata·

1760 3229 1765 3236 .
1814 3188 1983 3252 rum,
2033 3180 2346 3255 quatenus
2391 3168 2514 3233 sint
2562 3166 2955 3254 Dignitates‘?

1946 3262 2025 3322 Et
2073 3260 2138 3322 S.
2175 3260 2253 3322 R.
2286 3257 2388 3337 C.,
2437 3255 2722 3339 partibus
2763 3265 2888 3320 tam
2921 3254 3172 3340 scriptis
3203 3270 3394 3339 quam

1814 3363 1972 3410 voce
2019 3340 2507 3410 informantibus
2552 3342 2808 3425 auditis,
2857 3343 3130 3420 subdie
3164 3345 3243 3407 15
3281 3345 3396 3407 Fe-

1816 3432 2047 3499 bruarii
2104 3434 2268 3497 1727
2316 3428 2804 3496 rescribendum
2851 3430 3132 3496 censuit:

1946 3519 2041 3585 Ad
2096 3524 2159 3585 1.
2210 3540 2248 3584 ‹
2280 3516 2496 3595 Quoad
2541 3518 2810 3603 primam
2869 3529 3114 3618 partem
3216 3516 3395 3583 Affir-

1814 3607 2085 3695 mative3
2122 3606 2331 3694 quoad
2364 3606 2741 3689 secundam,
2769 3606 3112 3692 relinquen
3160 3623 3270 3672 nm
3301 3623 3396 3670 ar·

1815 3696 2002 3764 bitrio
2052 3694 2534 3782 Archiepiscopi
2570 3717 2635 3760 ιν.

1948 3785 2045 3851 Ad
2095 3789 2164 3850 2.
2214 3806 2252 3849 ‹
2285 3782 2613 3849 Provisum
2660 3780 2725 3848 in
2771 3782 2978 3870 primo
3012 3803 3078 3847 ».

1947 3872 2043 3938 Ad
2091 3875 2155 3938 3.
2206 3894 2243 3936 ‹
2278 3870 2636 3959 Negative,
2686 3871 2895 3956 quoad
2943 3870 3211 3957 primam
3258 3888 3398 3957 par·

1818 3970 1986 4046 tem3
2040 3959 2460 4041 Affirmative,
2508 3960 2715 4044 quoad
2763 3959 3105 4024 secundam
3138 3978 3205 4023 ιν.

1948 4047 2045 4115 Ad
2093 4052 2155 4113 4.
2206 4069 2244 4112 α
2278 4051 2405 4113 lam
2449 4046 2779 4147 provisum
2809 4055 2878 4110 ‘>›.

1950 4136 2045 4201 Ad
2094 4139 2160 4201 ὅ.
2211 4157 2249 4198 «
2281 4139 2610 4200 Provisum
2660 4135 2725 4201 in
2774 4134 2962 4200 tertio
2996 4155 3061 4199 ιν.

1950 4223 2046 4288 Ad
2095 4226 2156 4289 6.
2209 4245 2247 4287 «
2275 4221 2370 4288 Ad
2418 4223 2486 4287 S.
2521 4227 2590 4289 C.
2628 4220 2894 4289 Consilii
2928 4243 2989 4286 ».

1948 4311 2045 4376 Ad
2092 4315 2157 4376 7.
2209 4332 2247 4375 ‹
2284 4308 2699 4393 Affirmative,
2738 4320 2805 4376 et
2851 4308 3010 4375 intra
3053 4306 3395 4375 Ecclesiam

1819 4402 2018 4464 Metro
2071 4398 2366 4463 olitanam
2398 4418 2459 4461 ».

1951 4487 1999 4551 A
2095 4491 2158 4553 8.
2213 4508 2250 4550 ‹
2282 4484 2550 4551 comitia
2595 4485 2914 4570 generalia
2978 4503 3117 4551 esse
3169 4500 3379 4548 convo

1821 4574 2013 4641 canda
2062 4595 2092 4638 a
2141 4572 2503 4660 Praeposito
2551 4571 2941 4639 cathedralis
2987 4571 3052 4637 in
3088 4570 3243 4636 Aula
3285 4571 3396 4633 ca-

1822 4662 2079 4750 pitulari
2113 4684 2176 4728 ›.

1951 4750 2048 4816 Ad
2096 4755 2160 4818 9.
2215 4772 2253 4816 α
2285 4749 2674 4817 Affirmative
2708 4769 2769 4813 ».

1949 4838 2047 4904 Ad
2083 4833 2206 4905 io.
2267 4857 2305 4900 α
2352 4835 2790 4922 Affirmative,
2851 4834 3057 4921 quoad
3125 4835 3394 4921 primam

1821 4935 2116 5014 partem;
2165 4924 2499 5011 Negative,
2525 4923 2732 5009 quoad
2765 4921 3111 4989 secundam
3145 4943 3205 4988 ».

1955 5017 2194 5081 Verum
2239 5013 2546 5078 adversus
2591 5010 3015 5077 resolutiones
3067 5015 3098 5077 1
3136 5021 3200 5076 et
3247 5013 3286 5075 2
3318 5028 3400 5075 ex

1821 5121 2011 5254 ΒΨ
2042 5099 2401 5254 -ΞῖΟέωῑιῗ
2439 5097 3400 5254 allatamastatis}

1823 5207 2186 5358 gudi‘egntiss
2216 5207 2304 5341 {c
2318 5206 2543 5343 emodo
2591 5205 2979 5361 ifepropos‘lijta
3036 5207 3401 5340 czntrover·
