4042 5950
1535 291 2006 376 —227-

132 466 251 536 per
294 465 594 515 concessa
642 445 976 549 privilegia
1023 448 1445 551 intelligatur,
1493 450 1649 537 quid
1685 472 1716 518 a

126 535 464 603 Canonicis
521 535 810 603 adhiberi
868 537 1101 638 possit,
1158 538 1340 624 quid.
1373 538 1522 627 ipsis
1582 539 1716 606 sive

125 624 435 710 privatim
456 623 591 691 sive
615 624 990 692 solemmter
1015 625 1397 726 permissum
1415 627 1521 710 sit,
1540 627 1719 713 quid·

125 732 261 798 que
310 722 632 799 tamquam
664 712 938 780 vetitum
983 722 1063 779 sit
1108 713 1500 781 habendum.
1548 717 1717 793 Quae

124 799 191 867 in
226 811 587 867 memorato
631 805 902 869 Decreto
950 821 1247 888 expressa
1279 803 1716 891 reperiuntur,

122 887 447 974 peculiari
495 889 964 958 Constitutione
1005 909 1165 976 quae
1214 890 1483 981 incipit:
1532 895 1719 959 Decet

124 979 454 1042 Romanoa
491 979 829 1065 Pontifices
850 1001 871 1044 :
905 977 1318 1066 subsequenti
1352 999 1513 1048 anno
1551 985 1718 1049 1825

123 1076 283 1132 sunt
328 1065 720 1134 confirmata.
767 1067 926 1134 Huic
974 1067 1169 1154 igitur
1199 1067 1717 1157 obtemperantes

41 1182 48 1191 ·
128 1154 593 1222 constitutioni
626 1154 1017 1224 Cathedralis
1047 1157 1368 1223 Ecclesiae
1397 1157 1722 1225 [molensis

127 1243 437 1310 Canonici
505 1246 757 1310 Sacram
824 1245 1398 1331 congregationem
1458 1245 1719 1313 Rituum

127 1331 436 1399 adierunt
495 1333 744 1400 duobus
792 1331 1016 1400 abhinc
1064 1332 1273 1416 annis,
1326 1333 1570 1402 scilicet
1614 1333 1718 1402 die

134 1423 217 1486 16
244 1421 618 1487 Decembris
647 1420 793 1487 anni
829 1423 1286 1509 {826,«preces
1316 1421 1488 1510 porri
1541 1431 1721 1489 entes

126 1528 261 1576 una
311 1525 462 1576 cum
504 1509 692 1577 Brevi
739 1509 1189 1593 concessionis,
1223 1529 1351 1595 quo
1383 1510 1494 1596 qui
1569 1510 1722 1598 ipsis

129 1597 201 1664 in
247 1617 371 1664 usu
415 1596 905 1685 privilegiorum
936 1598 1190 1682 liceret,
1226 1607 1587 1689 opportune
1618 1599 1725 1667 de·

129 1694 543 1754 cerneretur.
975 1705 982 1714 ·

266 1777 453 1843 Nunc
498 1786 713 1842 autem
745 1774 980 1845 iterum
1015 1777 1375 1865 supplicem
1405 1775 1722 1843 Libellum

131 1867 391 1935 dedere
422 1869 642 1933 Sacrae
688 1865 947 1934 nimum
995 1865 1489 1951 Congregationi
1519 1865 1727 1951 Digni-

128 1966 301 2022 tates
347 1965 414 2020 et
457 1953 754 2021 Canonici
801 1953 1087 2021 laudatae
1130 1953 1456 2020 lmolensis
1500 1954 1725 2020 Cathe-

132 2043 360 2128 dralis,
393 2062 523 2129 quo
557 2051 627 2109 ut
656 2040 1118 2109 pontificalium
1163 2041 1545 2128 privilegiis,
1585 2041 1726 2128 qui·

132 2131 257 2198 bus
313 2131 393 2197 ad
447 2131 714 2198 formam
773 2130 1159 2197 Litterarum
1220 2130 1724 2218 Apostolicarum

131 2220 454 2308 gaudent,
502 2217 814 2305 quaedam
861 2219 979 2285 alia
1024 2219 1331 2307 dignetur
1370 2220 1729 2288 clementer

131 2310 412 2393 addere,
460 2306 819 2375 humillime
868 2307 1401 2396 expostularunt:

270 2397 557 2464 Primum
597 2395 869 2482 scilicet,
903 2405 975 2463 ut
1004 2394 1157 2484 ipsis
1189 2407 1256 2463 et
1287 2397 1574 2486 ipsorum
1606 2399 1734 2466 cui-

131 2506 268 2574 que
317 2483 722 2573 quotidianus
767 2494 1109 2571 argenteae
1140 2486 1549 2555 Palmatoriae
1580 2508 1731 2555 usus

132 2574 560 2656 concedatur,
612 2584 747 2642 tum
796 2583 975 2640 extra
1027 2573 1411 2641 pontificalia
1472 2575 1540 2642 in
1592 2596 1732 2664 pro-

134 2663 279 2751 pria
325 2660 612 2728 Ecclesia
660 2672 799 2727 tum
845 2678 1248 2748 quacumque
1290 2662 1356 2730 in
1401 2664 1731 2731 [molensis

133 2750 431 2821 Civitatis
474 2750 785 2833 Ecclesia,
819 2750 885 2817 in
916 2770 1041 2836 qua
1084 2751 1222 2817 sive
1269 2751 1565 2838 privatim
1598 2753 1733 2819 sive

133 2839 526 2907 solemniter
556 2858 761 2905 sacras
791 2837 1156 2908 functiones
1204 2842 1592 2928 Sacrumque
1627 2860 1737 2908 eos

134 2946 465 3018 peragere
510 2925 879 3016 contigerit.

279 3015 585 3087 Secundo
626 3026 698 3084 ut
730 3017 1014 3103 ipsorum
1045 3017 1338 3085 omnibus
1372 3027 1437 3084 et
1467 3017 1737 3104 singulis

184 3104 548 3262 eqhorssem
592 3107 865 3173 Crucem
895 3104 1188 3192 quotidie
1218 3106 1511 3193 gestandi
1542 3107 1736 3174 detur

163 3216 239 3263 ac
319 3205 439 3263 tas,

276 3287 364 3350 Et
411 3284 484 3351 S.
513 3285 589 3350 R.
625 3284 725 3367 C.,
762 3281 1072 3368 exquisita
1099 3283 1279 3369 prius
1308 3285 1618 3351 sententia
1649 3285 1735 3351 al·

137 3372 353 3440 terius
387 3389 471 3437 ex
499 3369 1004 3458 Apostolicarum
1034 3371 1591 3440 caeremoniarum
1614 3376 1735 3438 Ma·

138 3460 365 3548 gistris
395 3457 637 3547 scripto
668 3457 950 3526 exhibita
980 3457 1275 3547 typisque
1320 3460 1600 3548 vulgata,
1634 3480 1736 3528 re-

139 3551 409 3617 ferente
452 3550 613 3613 Emo
660 3555 727 3614 et
769 3550 928 3614 Rmo
973 3548 1244 3616 Domino
1273 3550 1459 3635 card.
1511 3551 1736 3619 Carolo

136 3634 566 3719 Odescalchi,
617 3632 777 3701 loco'
814 3634 953 3702 Emi
1001 3645 1067 3702 et
1118 3637 1258 3703 Rsni
1307 3642 1491 3705 Dom.
1546 3638 1735 3706 Card.

140 3724 413 3794 Antonii
460 3724 721 3791 Pallotta
774 3724 1068 3792 Ponentis
1126 3725 1425 3811 absentis,
1474 3746 1739 3815 respon·

142 3814 445 3883 dendum
506 3811 797 3880 censuit:
860 3833 897 3877 ι
928 3813 1140 3890 Quoad
1189 3816 1498 3900 Crucem,
1547 3833 1738 3903 nega-

143 3904 324 3988 tive:
377 3901 588 3986 quoad
636 3899 1099 3983 Palmatoriam,
1131 3902 1531 3987 affirmative,
1565 3904 1739 3971 iuxta

142 4001 383 4058 votum
427 3987 705 4076 Magistri
738 3988 1335 4073 caeremoniarum3
1383 3992 1740 4059 dummodo

144 4098 283 4145 non
315 4078 403 4144 sit
432 4095 734 4163 praesens
777 4075 1158 4166 EpiscopuS,
1191 4080 1741 4169 MetropolitanuS,

145 4165 466 4248 Nuncius,
497 4170 794 4252 LegatuS,
830 4168 898 4232 S.
930 4168 1009 4234 R.
1042 4170 1118 4234 E.
1153 4166 1502 4234 Cardinalis
1528 4190 1595 4234 ιν.
1628 4168 1741 4235 Die

150 4258 240 4322 27
296 4253 701 4343 Septembris
753 4256 944 4322 1828.

292 4347 478 4410 Facta
534 4351 748 4411 autem
808 4362 929 4430 per
985 4341 1459 4431 infrascriptum
1520 4347 1740 4412 Secre-

152 4430 398 4498 tarium
420 4431 504 4498 de
526 4429 883 4520 praemissis
914 4434 1108 4499 SSmo
1132 4436 1315 4499 Dom.
1343 4434 1570 4500 Nostro
1594 4436 1747 4499 Leo-

153 4519 221 4587 ni
269 4522 387 4587 xn
434 4519 721 4587 Pontifici
777 4519 1042 4587 Maximo
1103 4520 1412 4588 relatione
1437 4569 1454 4603 ,
1508 4520 1749 4588 Sancti·

154 4619 254 4675 tas
300 4611 425 4676 Sua
475 4610 696 4676 Sacrae
749 4607 1267 4696 Congregationis
1318 4627 1574 4676 sensum
1621 4609 1749 4676 lau·

156 4696 341 4765 davit
373 4694 901 4783 confirmavitque
944 4696 1010 4763 in
1057 4694 1374 4764 omnibus.
1409 4697 1751 4764 Contrariis

159 4803 297 4852 non
375 4783 763 4853 obstantibus
845 4785 1386 4874 quibuscumque.
1461 4785 1754 4854 Calendis

157 4871 458 4940 Octobris
504 4873 797 4941 eiusdem
840 4872 1004 4942 Anni
1057 4877 1247 4943 1828.

165 5013 447 5084 2666.
729 5016 1203 5081 FAVENTINA.

437 5175 817 5241 Beatissimo
861 5176 1059 5246 Pater

1529 5014 1754 5103 (4641)

303 5313 591 5389 Aloisius,
648 5312 895 5383 Cassani
957 5314 1487 5405 Archipresbyter
1552 5315 1759 5382 Colle·

171 5404 385 5494 giatae
433 5412 501 5470 et
546 5403 919 5493 parochialis
979 5403 1297 5473 Ecclesiae
1345 5406 1408 5472 S.
1444 5401 1758 5473 Michaelis

1816 454 2199 553 Archangeli
2242 456 2700 526 Balneocaballi
2733 459 3056 530 sanctitati
3084 467 3255 532 Tuae
3285 465 3396 534 de·

1821 560 2008 609 misse
2055 545 2374 630 exponit:
2437 548 2613 624 Quod
2678 547 2844 616 inter
2903 551 3022 617 alia
3068 552 3400 641 privilegia

1819 648 2112 729 concessa
2142 633 2711 723 Archipresbytero
2745 657 2859 725 pro
2893 650 3190 726 tempore
3216 659 3399 727 prae-

1819 717 2026 785 dictae
2086 719 2471 807 Collegiatae
2531 744 2562 787 a
2622 745 2676 791 s.
2726 744 2819 793 m.
2867 727 3217 795 Benedicto
3262 732 3400 797 XIV

1818 807 1994 873 Bulla
2027 807 2215 874 nlius
2248 812 2864 895 incomprehensibili
2906 817 3212 898 bonitate,
3253 817 3400 904 (qua

1821 894 2149 962 constituit
2172 917 2320 965 eum
2347 898 2664 967 vicarium
2689 916 3075 992 perpetuum
3103 907 3332 995 Episco
3381 903 3400 970 i

1819 983 2172 1085 Faventini)
2231 985 2391 1053 illud
2450 988 2641 1056 etiam
2700 1002 3098 1076 recensetur,
3146 994 3323 1061 Ponti
3372 1029 3399 1043 -

1822 1072 1974 1137 calna
2032 1072 2276 1141 scilicet
2335 1079 2682 1162 peragendi
2739 1100 2772 1145 a
2823 1080 3048 1168 primis
3102 1081 3399 1170 vesperis

1818 1179 2021 1245 usque
2056 1160 2131 1227 ad
2162 1161 2309 1229 solis
2348 1182 2637 1232 occasum
2685 1168 3091 1255 sequentium
3135 1169 3400 1237 Festivi·

1821 1257 2047 1332 tatum,
2098 1249 2307 1317 idest:
2371 1251 2720 1319 Nativitatis
2774 1266 2837 1322 et
2891 1257 3400 1325 Circumcisionis

1823 1341 1900 1403 D.
1924 1339 2000 1402 N.
2031 1342 2077 1404 1.
2109 1342 2212 1422 C.,
2244 1338 2633 1426 Epiphaniae
2678 1344 2949 1429 Domini,
2983 1347 3291 1413 paschatis
3336 1356 3401 1411 et

1821 1429 2254 1510 Pentecostes,
2295 1428 2592 1515 Corporis
2636 1431 2895 1517 Christi,
2937 1432 3403 1522 Assumptionis

1824 1517 1894 1579 Β.
1923 1517 2003 1580 Μ.
2027 1517 2101 1581 V.
2135 1525 2198 1581 et
2230 1518 2296 1582 S.
2324 1516 2645 1585 Michaelis
2676 1520 3094 1607 Archangeli3
3126 1541 3246 1590 nec
3273 1539 3403 1591 non

1820 1600 2164 1754 praedictis
2208 1602 2459 1687 diebus,
2507 1605 2560 1671 si
2604 1607 2986 1693 pontificalia
3043 1610 3398 1698 peregerit,

1870 1689 2342 1759 enedictionem
2404 1694 2796 1781 solemnem,
2846 1707 2990 1784 post
3046 1698 3288 1766 Missam
3336 1709 3404 1764 et

1824 1780 2162 1865 Vesperas,
2212 1782 2452 1868 populo
2500 1781 2939 1871 impertiendi.

1955 1870 2157 1946 Quare
2204 1879 2441 1954 orator,
2489 1871 2566 1937 ad
2618 1872 2817 1960 pedes
2853 1873 3404 1944 Sanctitatis'Tuae

1830 1957 2161 2024 humiliter
2227 1957 2643 2044 provolutus,
2705 1961 2984 2047 postulat
3048 1961 3402 2030 declarari:
3515 1969 3526 1976 ‘

1825 2045 2180 2112 Praelatum
2251 2045 2658 2133 privilegium
2717 2048 3203 2117 extendendum
3261 2071 3404 2118 esse

1830 2133 1908 2200 ad
1938 2132 2185 2200 Missam
2216 2133 2463 2202 Sabbati
2496 2135 2731 2218 Sancti,
2766 2156 2914 2203 cum
2937 2140 3119 2204 Sacra
3142 2139 3406 2207 Concilii

1829 2222 2253 2309 Congregatio
2311 2221 2430 2289 sub
2475 2222 2583 2290 die
2628 2228 2669 2291 9
2707 2224 2849 2290 ΙιιΙίἰ
2901 2228 3067 2294 1788
3126 2227 3408 2294 declara-

1831 2310 2043 2380 verit:
2107 2331 2144 2375 ι
2178 2310 2660 2380 solemnitatem
2720 2312 3077 2380 Paschalem
3125 2314 3405 2382 exordiri

1830 2419 1863 2464 a
1906 2397 2084 2466 Missa
2131 2397 2379 2466 Sabbati
2424 2401 2633 2467 Sancti
2667 2423 2733 2467 ».

1959 2488 2213 2554 Relatae
2254 2495 2468 2555 autem
2508 2487 2871 2556 huiusmodi
2899 2491 3305 2578 postulationi
3342 2491 3408 2559 in

1829 2574 2170 2642 Audientia
2213 2575 2342 2642 diei
2374 2580 2457 2644 27
2503 2575 2704 2643 Martii
2743 2580 2909 2645 1828
2954 2579 3182 2646 eidem-
3214 2582 3405 2647 SSmo

1831 2667 2014 2731 Dom.
2046 2666 2274 2731 Nostro
2305 2682 2424 2753 per
2455 2664 2879 2732 secretarium
2909 2667 2977 2734 S.
3013 2671 3087 2733 R.
3122 2670 3225 2752 C.,
3259 2670 3410 2736 San-

1836 2749 2016 2818 ctitas
2064 2755 2183 2818 Sua
2232 2753 2714 2821 rescribendum
2765 2752 2982 2821 iussit:
3035 2774 3072 2818 ⁴1
3105 2758 3410 2823 Recurrat

1834 2839 1910 2906 ad
1959 2842 2208 2906 Sacram
2253 2840 2512 2907 Rituum
2559 2842 3130 2929 Congregationem
3155 2865 3217 2911 ι».

1965 2927 2288 3017 Proposita
2335 2928 2531 3015 igitur
2574 2930 2863 2999 instantia
2959 2950 3030 2998 er
3077 2933 3308 3000 Emum
3346 2943 3411 3000 et

1834 3021 2066 3085 Rffium
2111 3021 2307 3091 ,Dom.
2367 3018 2767 3085 Cardinalem
2821 3021 2903 3085 Pe
2952 3017 3099 3089 icini
3160 3021 3412 3089 Relato·

1837 3123 1978 3172 rem
2018 3124 2089 3173 ac
2130 3125 2201 3171 re
2231 3116 2479 3173 mature
2510 3105 2816 3188 discussa,
2843 3125 3220 3194 responsum
3251 3108 3407 3175 fuit:

1839 3214 1878 3258 ‹
1896 3196 2203 3261 Servetur
2224 3192 2444 3260 stricte
2468 3193 2880 3282 privilegium
2899 3196 3227 3261 Benedicti
3245 3199 3409 3280 XIV,

1836 3279 2118 3367 ideoque
2151 3282 2411 3349 excluso
2439 3281 2788 3349 Pontificali
2827 3281 3076 3349 Sabbati
3106 3283 3406 3351 Sancti».

1839 3370 1951 3436 Die
2000 3373 2083 3437 27
2131 3370 2523 3457 Septembris
2575 3373 2765 3438 1828.
3273 3374 3276 3377 ’

1839 3512 2098 3580 2667.
2464 3513 2780 3579 IANUEN.

3185 3513 3410 3602 (4644)

1965 3642 2037 3705 In
2084 3639 2149 3704 S.
2186 3636 2515 3704 Catharina
2552 3638 2834 3705 Ianuensi
2866 3637 3053 3738 plane
3089 3639 3413 3727 cognitum

1838 3724 1960 3793 l'uit
1997 3745 2185 3812 quam
2215 3724 2392 3792 miris
2422 3725 2768 3793 rationibus
2812 3725 3030 3793 Divina
3076 3726 3418 3794 clementia

1839 3822 2122 3881 errantes
2167 3814 2246 3881 ad
2300 3813 2465 3880 ovile
2513 3814 2794 3898 reducat,
2845 3824 2910 3879 et
2959 3834 3148 3900 quam
3201 3815 3418 3905 copio-

1835 3903 1965 3969 sius
2009 3903 2247 3988 gratiae
2288 3921 2437 3969 suae
2483 3902 2699 3969 oleum
2746 3902 3057 3988 effundat,
3111 3903 3416 3988 siquando

1842 3991 2114 4059 contulit
2134 3991 2514 4058 amaritiem.
2532 3989 2824 4068 Quamvis
2846 3990 3017 4057 enim
3043 3991 3120 4058 ad
3140 3993 3420 4059 Claustra

1839 4089 2151 4163 vocasset,
2204 4078 2340 4146 eius
2385 4088 2596 4146 tamen
2642 4078 3186 4164 quemadmodum
3229 4078 3419 4145 Abra·

1844 4167 2012 4235 hami
2046 4166 2473 4235 obedientiam
2506 4165 2710 4232 voluit
2739 4184 2870 4233 non
2900 4165 3305 4252 sacrificium,
3331 4175 3420 4232 at-

1843 4276 1971 4344 que
2002 4277 2036 4321 a
2070 4254 2654 4323 sanctimonialibus
2694 4253 2996 4320 reiectam
3028 4253 3276 4341 pudore
3311 4253 3419 4320 tri·

1844 4343 2142 4431 stitiaque
2187 4345 2485 4410 suffusam
2519 4342 2784 4409 domum
2821 4341 3085 4409 remisit.
3136 4339 3423 4409 Adduxit

1846 4432 2083 4501 deinde
2127 4430 2205 4498 ad
2251 4430 2529 4519 nuptias,
2561 4430 2670 4498 ubi
2705 4429 3140 4497 tribulationes
3170 4449 3422 4518 pressu-

1848 4538 2075 4607 rasque
2124 4528 2490 4606 paraverat,
2542 4530 2607 4585 et
2650 4518 2918 4586 alienato
2964 4517 3170 4585 mariti
3216 4516 3424 4583 animo

1852 4610 2014 4677 dure
2045 4607 2393 4675 admodum
2439 4607 2686 4674 tractari
2736 4606 2986 4695 coepit:
3035 4624 3160 4691 quo
3192 4605 3425 4672 lactum

1852 4707 1974 4781 est,
2023 4705 2095 4762 ut
2142 4695 2220 4762 ad
2271 4694 2609 4762 levandum
2658 4693 3008 4763 moerentis
3037 4692 3226 4759 animi
3259 4692 3427 4759 lasti-

1852 4784 2060 4868 dium,
2108 4783 2347 4870 aliquid
2410 4783 2491 4849 de
2548 4783 2814 4871 pristina
2870 4779 3034 4848 vitae
3089 4789 3426 4848 consuetu·

1857 4874 2005 4941 dine
2053 4871 2412 4955 remittere,
2463 4881 2526 4939 et
2571 4870 2952 4937 mundanam
3003 4868 3182 4956 sequi
3238 4868 3428 4935 ratio-

1856 4980 2005 5030 nem
2035 4959 2430 5045 instituerit3
2478 4960 2592 5027 sed
2638 4977 2837 5045 quum
2868 4977 2901 5023 a
2934 4957 3206 5025 terrenis
3239 4957 3428 5023 rebus

1859 5047 2051 5116 animi
2097 5049 2309 5134 potius
2367 5058 2714 5135 augeretur
2774 5063 3032 5114 moeror
3074 5054 3141 5112 et
3182 5042 3433 5110 tristitia

1859 5157 2047 5226 quam
2098 5139 2423 5206 levaretur
2467 5134 2775 5222 angustia,
2823 5134 2905 5200 ita
2951 5151 3141 5220 supra
3172 5131 3433 5200 modum

1860 5236 2111 5315 gravata
2159 5234 2255 5292 est
2300 5234 2372 5291 ut
2420 5225 2710 5292 taederet
2750 5223 2943 5290 etiam
2985 5222 3230 5306 vivere,
3266 5230 3332 5287 et
3368 5222 3434 5290 in

1861 5333 1928 5380 se
1976 5315 2108 5403 ipsa
2168 5331 2546 5404 responsum
2606 5310 2828 5378 mortis
2878 5308 3170 5379 haberet.
3213 5311 3326 5379 Ast
3369 5309 3435 5377 in

1862 5420 1932 5469 se
1976 5421 2234 5471 reversa
2289 5401 2366 5469 ad
2425 5398 2798 5469 confessarii
2856 5397 3053 5487 pedes
3103 5415 3242 5464 me
3285 5414 3433 5489 pro·
