4042 5950
1557 269 2029 371 -sss-

150 443 274 495 nus
318 422 669 495 cardinalis
713 426 1143 513 Engelbertus
1181 426 1422 495 Sterkx
1477 426 1737 496 Mechli-

149 513 392 580 niensis
436 512 971 603 Arcbiepiscopus
1017 515 1302 601 (nomine
1341 515 1534 582 etiam
1567 525 1739 593 cete-

150 620 380 669 rorum
441 601 641 688 Belgii
709 601 1173 690 Episcopomm
1239 605 1318 672 ad
1385 603 1740 694 perfectam

150 689 658 767 uniformitatem
728 691 1178 776 obtinendam,
1224 691 1529 761 nimirum
1581 695 1738 760 Bru-

150 794 342 863 gen.,
392 777 794 865 Gandaven.,
843 780 1150 847 Leodien.
1174 830 1193 866 ,
1241 781 1625 849 Namurcen.
1675 791 1741 847 et

151 869 542 951 Tornacen.,
591 867 702 953 qui
748 886 969 935 omnes
1000 868 1389 956 suffraganei
1434 879 1584 937 sunt
1614 871 1740 936 Me-

155 952 534 1021 cbliniensis
596 956 1141 1043 metropolitanae)
1190 967 1502 1043 quatenus
1549 957 1623 1023 iis
1672 973 1740 1022 o·

150 1042 414 1111 mnibus
460 1042 863 1119 Dioecesibus
895 1044 1069 1113 aliud
1118 1046 1477 1113 concedere
1522 1044 1740 1129 digna-

152 1141 344 1197 retur
387 1131 736 1216 indultum,
767 1143 835 1199 ut
868 1132 1175 1200 ieiunium
1219 1132 1544 1220 pervigilii
1575 1131 1741 1200 Festi

154 1218 545 1287 eorumdem
600 1221 1074 1306 Apostolorum,
1110 1220 1176 1287 in
1217 1230 1576 1306 posterum,
1610 1240 1740 1288 ser-

152 1306 290 1375 vari
324 1307 529 1379 valeat
560 1319 787 1395 quarto
816 1307 1122 1385 calendas
1161 1308 1330 1392 lulii,
1367 1308 1592 1377 eadem
1622 1308 1743 1376 sci-

154 1395 315 1463 licet
359 1394 469 1463 die
513 1415 637 1482 qua
681 1408 866 1469 antea
908 1397 1307 1466 servabatur.

290 1484 602 1551 Sanctitas
648 1488 792 1571 Sua,
827 1487 1151 1554 referente
1194 1484 1589 1572 infrascripto
1636 1487 1743 1554 Sa·

156 1590 305 1639 crae
353 1572 616 1643 Rituum
660 1574 1183 1663 Congregationis
1231 1574 1613 1660 Secretario,
1661 1574 1743 1641 de

153 1659 420 1746 speciali
465 1662 662 1749 gratia
708 1662 928 1730 annuit
968 1661 1146 1731 iuxta
1192 1680 1441 1750 preces,
1490 1661 1743 1749 quando

155 1748 386 1813 natalis
412 1751 785 1817 Sanctorum
811 1750 1262 1836 Apostolorum
1286 1751 1456 1817 Petri
1484 1760 1551 1817 et
1572 1748 1744 1821 Pauli

159 1834 387 1903 incidit
420 1838 485 1905 in
525 1836 905 1919 Sabbatum3
955 1838 1188 1909 ceteris
1220 1858 1376 1906 vero
1407 1838 1583 1907 annis
1611 1858 1746 1905 ser-

159 1934 358 1991 vetur
400 1926 663 1993 solitum
722 1927 895 1995 iuxta
941 1926 1334 2014 praecedens
1392 1927 1742 1995 indultum.

159 2014 503 2080 Contrariis
561 2033 687 2080 non
748 2013 1139 2082 obstantibus
1208 2014 1741 2101 quibuscumque.

155 2099 277 2166 Die
326 2105 410 2168 22
458 2101 860 2192 Septembris
906 2106 1096 2173 1838.

160 2275 422 2343 2786.
781 2280 1152 2347 HELITEN.
1516 2278 1742 2367 (aest)

295 2458 505 2533 Quum
564 2454 630 2522 in
684 2456 1046 2524 cathedrali
1112 2455 1390 2525 Ecclesia
1457 2457 1744 2524 Meliten.

159 2544 479 2611 nonnulla
527 2543 591 2610 in
637 2563 759 2611 usu
807 2562 947 2613 esse
990 2544 1496 2634 deprehenderit
1541 2549 1615 2613 R.
1666 2550 1744 2613 D.

158 2631 494 2699 Carmelus
541 2632 831 2700 Scicluna
863 2632 1289 2700 caeremoniis
1321 2633 1742 2722 Praepositus,

160 2738 336 2806 quae
391 2719 497 2786 vel
545 2740 578 2785 a
625 2724 848 2789 Sacrae
906 2720 1165 2791 Rituum
1228 2722 1751 2809 Congregationis

159 2808 453 2875 Decretis
500 2809 689 2895 longe
719 2812 1039 2893 aberrant,
1072 2810 1175 2876 vel
1211 2828 1293 2876 ex
1343 2811 1602 2879 illorum
1633 2810 1748 2877 de·

164 2897 268 2963 via
317 2897 848 2986 interpretatione
917 2897 1245 2981 derivant,
1298 2919 1414 2988 pro
1468 2899 1562 2964 sui
1612 2916 1749 2964 mu·

159 2985 342 3053 neris
386 2996 594 3073 parte,
625 2997 697 3052 ut
743 2986 949 3054 omnia
996 2986 1120 3056 rite
1153 2997 1219 3055 et
1255 3000 1432 3055 recte
1477 2985 1752 3073 dirigan-

165 3085 301 3157 tur,
338 3092 459 3161 per
487 3073 852 3162 supplicem
874 3074 1196 3143 Libellum
1228 3084 1613 3142 memoratae
1644 3078 1751 3142 Sa-

164 3180 317 3229 crae
385 3163 876 3250 congregationi
943 3165 1278 3251 sequentia
1347 3163 1535 3232 dubia
1597 3182 1749 3231 eno-

162 3251 374 3318 danda
421 3250 796 3337 proposuit;
840 3251 1177 3320 nimirum:
1217 3253 1308 3340 (1)

308 3342 370 3405 1.
420 3339 516 3405 An
571 3340 904 3424 Sacerdos,
951 3341 1203 3428 quando
1265 3341 1592 3410 benedicit
1638 3361 1750 3429 po·

159 3428 400 3516 pulum
460 3429 646 3494 Sacra
704 3428 985 3516 Pyxide,
1034 3427 1266 3498 debeat
1319 3431 1493 3498 illam
1550 3439 1748 3497 totam

162 3513 503 3672 323⁶}ssOE
517 3516 1070 3691 satissatis?
1116 3519 1292 3675 ἔιῖξὲ.
1313 3518 1586 3675 0ἷέἆὲῗὲ
1630 3519 1751 3675 ἓὲἰ

450 3653 470 3688 2

163 3711 431 3760 manum
471 3693 535 3760 in
568 3691 887 3759 delatione
921 3695 1172 3779 Viatici,
1205 3715 1334 3763 non
1367 3707 1577 3764 tamen
1608 3704 1752 3783 post

165 3781 510 3864 viaticum,
556 3782 672 3848 sed
720 3780 783 3847 in
827 3780 1075 3849 diversa
1123 3780 1492 3852 occasione?

301 3874 370 3937 2.
419 3872 516 3935 An
559 3869 908 3938 eanonicus
961 3872 1261 3959 Dignitas,
1297 3873 1359 3940 in
1408 3872 1752 3941 Minoribus

164 3958 594 4041 constitutae,
643 3959 840 4058 possit
888 3959 951 4028 in
996 3960 1127 4030 fine
1172 3960 1367 4030 Officii
1420 3962 1482 4029 in
1542 3961 1754 4030 Choro

166 4048 460 4116 intonare
528 4046 956 4133 Antiphonam
1024 4049 1315 4116 Titularis
1392 4070 1462 4116 ac
1530 4049 1750 4118 dicere

164 4132 577 4202 Orationem?

303 4226 367 4290 3.
397 4224 495 4289 An
526 4223 1021 4293 Vico-Parochus
1051 4225 1280 4294 debeat
1304 4226 1538 4294 babere
1572 4246 1752 4315 prae-

167 4312 532 4379 cedentiam
576 4329 774 4398 super
817 4312 974 4382 alios
1034 4314 1443 4399 Sacerdotes,
1493 4316 1630 4404 ipso
1687 4315 1755 4381 in

166 4399 577 4467 ordinatione
625 4402 997 4487 anteriores,
1038 4421 1168 4470 non
1213 4402 1502 4470 obstante
1546 4402 1754 4489 aliqua

169 4489 638 4556 consuetudine
667 4489 934 4577 allegata
980 4509 1108 4558 non
1141 4490 1669 4559 immemorabili?

300 4580 636 4645 Sacrorum
682 4595 838 4644 vero
882 4581 1144 4648 Rituum
1201 4580 1627 4669 congregatio
1675 4580 1752 4647 ad

170 4665 499 4732 Vaticanas
540 4666 752 4734 Aedes
778 4665 1133 4756 subscripta
1164 4667 1274 4735 die
1316 4668 1658 4737 ordinariis
1687 4668 1755 4736 in

169 4753 457 4820 comitiis
505 4755 876 4838 coadunata,
926 4756 1239 4842 exquisita
1285 4755 1462 4844 prius
1493 4758 1755 4823 alterius

172 4861 252 4910 ex
300 4842 809 4931 Apostolicarum
854 4846 1410 4912 Caeremoniarum
1449 4844 1753 4932 magistris

169 4930 482 4996 sententia
541 4932 793 5019 scriptis
854 4932 1106 4999 reddita
1167 4934 1518 5019 praeloque
1580 4952 1750 5017 cusa,

172 5018 246 5084 ad
321 5019 694 5090 relationem
766 5019 1263 5090 Eminentissimi
1322 5030 1387 5088 et
1430 5025 1750 5089 Reveren-

170 5106 412 5176 dissimi
462 5108 708 5175 Domini
739 5109 1082 5180 cardinalis
1123 5109 1326 5177 lacobi
1356 5108 1574 5177 Aloisii
1621 5108 1749 5177 Bri-

174 5196 370 5282 gnole
412 5197 736 5282 Ponentis,
784 5198 1078 5265 omnibus
1125 5208 1373 5266 mature
1420 5198 1753 5286 perpensis

317 5392 1187 5467 (annastasius.

1841 427 2096 530 riteque
2162 428 2438 513 libratis,
2488 426 2971 496 rescribendum
3038 422 3284 494 censuit
3350 422 3418 492 in

1841 518 2134 586 omnibus
2182 516 2353 585 iuxta
2398 526 2658 584 votum:
2707 514 3048 583 nimirum:
3242 576 3252 592 ,

1971 605 2070 674 Ad
2122 610 2179 673 1.
2230 627 2268 669 ι
2292 603 2523 672 Deberi
2580 604 2644 670 iu
2686 602 3133 672 benedicendo
3176 602 3417 691 populo

1842 713 1989 762 cum
2056 696 2235 762 Sacra
2304 692 2541 781 Pyxide
2597 691 2772 759 illam
2828 702 3021 758 totam
3086 690 3419 780 cooperire

1846 781 2350 849 extremitatibus
2394 781 2521 849 veli
2569 779 2825 866 oblongi
2878 777 3222 847 humeralis
3254 799 3317 843 ι.

1974 870 2069 936 Ad
2120 873 2185 937 2.
2239 891 2276 934 «
2304 871 2446 937 Non
2490 886 2674 970 posse
2708 889 2772 933 ι.

1975 958 2071 1024 Ad
2121 961 2184 1024 3.
2236 979 2274 1021 ‹
2304 958 2636 1046 Negative,
2670 967 2926 1045 praeter
2955 955 3315 1027 functiones
3354 953 3419 1021 in

1844 1046 2077 1133 quibus
2122 1056 2384 1114 exercet
2430 1065 2659 1113 munus
2710 1043 3161 1113 Vice-Parocbi
3193 1066 3257 1110 ιν.

1977 1135 2190 1221 Atque
2219 1133 2302 1201 ita
2336 1134 2656 1222 rescripsit
2686 1152 2758 1200 ac
2787 1132 3022 1201 servari
3071 1130 3419 1201 mandavit.

1850 1223 1958 1290 Die
2004 1226 2087 1291 23
2135 1221 2456 1289 Februarii
2511 1225 2703 1290 1839.

1849 1381 2094 1450 2787.
2449 1382 2812 1449 ΒΟἮΝΕΝ.

2172 1543 2329 1608 Rsne
2376 1540 2640 1607 Domine
2687 1538 2781 1604 uti
2826 1542 3068 1605 Frater.

1977 1667 2049 1731 ln
2092 1661 2434 1731 ordinariis
2479 1663 2704 1735 Sacrae
2747 1660 3007 1729 Rituum
3065 1657 3423 1750 congrega-2

1847 1751 2036 1821 tionis
2080 1750 2365 1819 Comitiis
2396 1750 2474 1819 ad
2509 1748 2876 1818 Vaticanum
2924 1748 3283 1836 subsignata
3317 1750 3424 1820 die

1850 1839 2236 1923 coadunatis,
2284 1856 2406 1992 ger
2464 1838 2935 1926 infrascriptum
2999 1839 3425 1907 secretarium

1850 1928 2065 1996 relatis
2109 1927 2288 2014 preci

1853 2015 2234 2104 requirentis
2289 2015 2535 2085 nissam
2588 2014 2865 2082 votivam
2925 2014 3212 2101 quotidie
3258 2016 3428 2083 cele-

1852 2104 2154 2172 brandam
2188 2123 2222 2169 a
2252 2102 2396 2170 rudi
2430 2102 2856 2191 imperitoque
2888 2103 3234 2172 Sacerdote
3257 2106 3427 2170 Tuae

1852 2193 2197 2276 Dioecesis,
2246 2211 2317 2258 ac
2363 2192 2553 2259 etiam
2612 2190 3147 2278 subsequentibus
3192 2190 3429 2259 litteris

1853 2297 2000 2349 cum
2048 2278 2491 2349 informatione
2548 2291 2613 2348 et
2658 2290 2807 2347 voto
2860 2280 2938 2347 ab
2984 2279 3430 2367 Amplitudine

1854 2369 2093 2457 pariter
2123 2372 2247 2435 Tua
2295 2368 2458 2435 datis
2490 2377 2712 2437 octavo
2748 2367 3058 2437 calendas
3105 2368 3428 2437 Februarii

1853 2458 2169 2525 currentis
2235 2456 2378 2523 anni
2405 2506 2422 2541 ,
2471 2476 2541 2523 ac
2586 2457 2754 2523 serio
2801 2456 3092 2524 examine
3142 2455 3428 2525 cribratis

1854 2544 2145 2614 omnibus
2191 2546 2257 2614 in
2301 2543 2671 2631 gravissimo
2718 2545 2838 2612 hoc
2884 2545 3146 2633 negotio
3215 2545 3427 2611 locum

1857 2633 2233 2701 habentibus
2279 2633 2791 2717 circumstantiis,
2825 2631 3322 2701 Eminentissimi
3365 2641 3429 2699 et

1852 2720 2389 2790 Reverendissimi
2420 2725 2631 2789 Patres
2665 2721 2867 2790 Sacris
2897 2720 3155 2789 tuendis
3183 2721 3429 2789 Ritibus

1853 2808 2196 2897 praepositi
2263 2808 2612 2883 concordes
2673 2810 2741 2878 in
2785 2820 2932 2877 voto
3000 2809 3182 2877 fuere
3252 2808 3428 2897 quod

1855 2897 2274 2987 Amplitudini
2320 2901 2489 2965 Tuae
2542 2897 2956 2983 scriberetur,
3006 2907 3078 2965 ut
3122 2898 3429 2966 Sacerdo-

1854 2995 1987 3053 tem
2022 2986 2322 3054 eumdem
2351 2986 2725 3076 imperitum
2759 2987 3015 3054 omnino
3056 3006 3162 3054 sus
3211 2986 3428 3072 endas,

1855 3075 2059 3142 donec
2106 3076 2450 3144 instructus
2493 3085 2789 3163 appareat
2817 3075 2896 3144 ad
2937 3075 3057 3142 rite
3102 3094 3177 3141 ce
3209 3074 3429 3142 ebran-

1855 3165 2039 3247 dum,
2064 3164 2357 3231 scandalo
2387 3165 2667 3231 secluso.
2691 3167 2862 3231 Hanc
2894 3166 3118 3231 Sacrae
3148 3166 3431 3248 Congre-

1855 3252 2122 3339 gationis
2168 3263 2453 3320 mentem
2501 3251 2924 3338 Amplitudini
2972 3255 3140 3318 Tuae
3183 3252 3428 3340 aperio.

1854 3341 1975 3407 Diu
2035 3339 2187 3410 felix
2246 3349 2312 3407 et
2371 3337 2708 3410 incolumis
2765 3340 2957 3407 vivat.
3025 3340 3134 3408 Die
3180 3344 3265 3408 23
3319 3344 3432 3408 Fe-

1857 3426 2090 3495 bruarii
2142 3431 2334 3497 1839.

3193 1377 3416 1466 (asse)

2336 1947 2410 1993 us
2450 1927 2711 1994 nomine
2744 1924 3197 2015 Amplitudinis
3228 1929 3419 2013 Tuae,

1859 3606 2110 3674 2788.
2317 3607 2569 3675 CONGR
2579 3608 2985 3675 EGATlONlS

2219 3713 2685 3780 OBLATORUM
2728 3717 2801 3780 B.
2851 3715 2930 3779 M.
2982 3716 3060 3781 V.

3203 3605 3434 3693 (sss-7)

1988 3871 2342 3940 Hodiernus
2371 3875 2729 3941 Praefectus
2759 3870 3288 3959 congregationis
3314 3873 3437 3940 Ob-

1860 3962 2131 4034 latorum
2162 3955 2389 4028 Beatae
2419 3960 2643 4028 Mariae
2667 3960 2945 4045 Virginis
2964 3960 3248 4030 Civitatis
3277 3963 3434 4028 Tau-

1859 4052 2070 4117 rinen.
2120 4070 2153 4115 a
2201 4051 2385 4118 Sacra
2414 4049 2676 4117 Rituum
2709 4049 3216 4138 congregatione
3248 4048 3436 4136 peti-it

1857 4137 2243 4206 solutionem
2291 4136 2762 4224 insequentium
2823 4137 3206 4218 dubiorum;
3257 4137 3436 4205 vide-

1861 4227 2057 4294 licet:

1996 4318 2055 4381 1.
2106 4315 2202 4378 An
2247 4312 2555 4381 Sacerdos
2584 4362 2601 4396 ,
2650 4313 2759 4400 qui
2808 4332 2889 4380 ex
2935 4312 3185 4383 indulto
3232 4314 3437 4401 quoti-

1858 4403 1966 4471 die
2012 4402 2295 4469 celebrat
2340 4402 2587 4470 nissam
2631 4401 2908 4469 votivam
2955 4406 3181 4470 Beatae
3212 4404 3435 4471 Mariae

1859 4491 2162 4578 Virginis,
2213 4491 2276 4557 iu
2323 4488 2602 4558 sabbatis
2649 4502 2715 4558 et
2762 4509 2879 4579 per
2923 4502 3170 4559 octavas
3222 4495 3435 4560 Festo-

1861 4598 1999 4647 rum
2049 4579 2352 4667 Deiparae
2399 4577 2640 4646 addere
2684 4578 2884 4667 possit
2929 4581 3250 4664 Hymnum
3313 4583 3438 4647 An·

1857 4667 2139 4755 gelicum
2193 4667 2418 4734 Gloria
2460 4670 2534 4733 in
2573 4669 2841 4735 eoecelsis
2882 4669 3047 4750 Deo,-
3079 4668 3170 4735 uti
3202 4687 3286 4735 ex
3319 4673 3435 4735 De-

1859 4757 2052 4823 cretis
2095 4773 2466 4824 conceaeum
2514 4763 2613 4821 est
2659 4754 2723 4822 in
2767 4755 2964 4822 Missis
2993 4755 3235 4824 Votivis
3278 4756 3439 4823 eius·

1857 4846 2008 4912 dem
2056 4843 2358 4930 Deiparae
2388 4861 2550 4930 quae
2584 4841 2647 4910 in
2678 4842 2949 4913 sabbato
2984 4842 3441 4914 celebrantur?

1990 4936 2054 4999 2.
2107 4932 2202 4997 An
2270 4950 2423 4997 usus
2493 4932 2724 4998 coloris
2779 4932 3059 4999 caerulei
3120 4933 3186 5000 in
3244 4934 3438 5000 sacris

1859 5019 2241 5087 Paramentis
2287 5019 2569 5105 permitti
2611 5020 2808 5121 possit
2855 5040 2972 5109 pro
3019 5023 3237 5089 colore
3266 5021 3434 5106 albo,

1860 5109 1968 5176 uti.
2002 5108 2140 5176 fieri
2173 5107 2403 5174 assolet
2450 5109 2513 5175 in
2562 5108 2755 5175 masis
2785 5113 3011 5176 Beatae
3044 5111 3266 5177 Mariae
3297 5111 3437 5178 Vir-

1857 5196 2062 5285 ginis3
2111 5196 2216 5262 vel
2263 5195 2472 5286 potius
2517 5216 2636 5286 pro
2681 5197 3011 5265 violaceo?
