4042 5950
1589 252 2005 328 ..21-

161 404 581 472 associatione
626 406 1008 472 cadaverum
1056 426 1217 492 quae
1266 407 1584 475 humanda
1638 409 1746 476 de-

162 494 464 559 feruntur
508 496 586 561 ad
635 495 926 560 eamdem
975 493 1319 577 Ecclesiam
1368 494 1564 581 ipsius
1592 500 1747 563 Cru-

160 599 301 646 cem
337 580 716 667 erigendam
752 600 929 668 esse3
980 593 1045 646 et
1092 580 1382 647 eiusdem
1416 583 1747 650 sacristam

157 687 271 734 seu
320 669 789 754 Gappellanum
836 688 981 734 cum
1017 668 1185 734 Stola
1223 670 1549 752 incedere,
1586 680 1650 736 et
1682 671 1748 736 in

159 756 292 841 ipsa
341 756 630 821 Ecclesia
677 756 835 821 circa
884 756 1205 842 praedicta
1251 756 1555 822 cadavera
1614 757 1746 823 offi-

158 843 331 908 cium
383 855 449 908 et
497 843 909 909 absolutionis
938 845 1401 909 caeremoniam
1433 863 1745 932 peragere

154 931 407 996 debere
440 952 505 996 ».
560 939 637 997 Et
686 932 766 995 ita
812 932 1049 995 servari
1098 931 1436 997 mandavit.

158 1105 423 1172 2228.
632 1106 856 1171 URBlS
906 1109 1002 1170 ΕΤ
1047 1107 1288 1173 ORBlS.
1522 1106 1745 1194 (3873)

291 1286 456 1350 Cum
490 1282 820 1347 occasione
852 1280 1110 1345 uissalis
1141 1282 1306 1369 typis
1340 1284 1560 1347 Sacrae
1586 1285 1748 1348 Gon·

156 1368 559 1458 gregationis
591 1371 672 1435 de
703 1367 1108 1455 propaganda
1142 1370 1292 1434 Fide
1325 1388 1568 1435 summa
1602 1389 1749 1435 cura

153 1480 229 1524 ac
276 1457 616 1542 diligentia
663 1456 1002 1521 novissime
1068 1456 1352 1543 impressi
1415 1468 1484 1523 et
1549 1476 1750 1544 prope

154 1546 336 1612 diem
370 1543 633 1631 publico
665 1544 804 1608 usui
843 1545 1232 1628 exponendi,
1261 1544 1427 1631 apud
1463 1546 1529 1611 S.
1563 1549 1640 1611 R.
1673 1549 1747 1612 C.

153 1636 361 1699 enixe
406 1630 601 1696 luerit
646 1629 1104 1717 supplicatum,
1141 1642 1213 1697 ut
1243 1632 1548 1697 nonnulla
1583 1633 1749 1697 eius-

154 1723 313 1787 dem
353 1723 415 1786 S.
454 1722 531 1784 C.
566 1722 858 1801 Decreta,
893 1717 1014 1782 iam
1045 1718 1195 1785 alias
1229 1719 1392 1785 edita
1429 1730 1493 1784 et
1524 1739 1747 1807 appro-

158 1811 345 1887 bata,
398 1807 462 1872 in
508 1807 838 1890 praedicto
886 1824 1051 1870 novo
1110 1806 1331 1873 Missali
1387 1807 1749 1873 summatim

158 1896 404 1983 apponi
436 1904 500 1959 et
534 1892 814 1979 imprimi
841 1893 1119 1977 benigne
1148 1894 1506 1960 concedere
1532 1894 1749 1981 digna-

160 1995 379 2064 retur,
428 1980 784 2046 videlicet:

295 2068 512 2135 nissae
558 2087 677 2154 pro
722 2069 1045 2134 defunctis
1111 2067 1244 2133 sive
1298 2070 1383 2135 de
1416 2068 1751 2154 ·Requiem

158 2160 229 2223 in
300 2156 499 2224 {festis
567 2154 933 2242 duplicibus
1001 2166 1216 2221 contra
1283 2158 1750 2245 praescriptum

156 2246 583 2311 Rubricatum
630 2243 887 2311 uissalis
932 2244 1189 2311 Romani
1239 2245 1603 2310 nullatenus
1647 2262 1750 2309 ce·

158 2331 399 2398 lebrari
460 2331 762 2396 debeant.
808 2331 991 2406 Quod
1034 2331 1083 2395 si
1135 2349 1215 2395 ex
1270 2331 1751 2398 benefactorum

160 2418 564 2486 institutione
627 2416 844 2482 Elissae
902 2417 1267 2485 huiusmodi
1328 2418 1751 2485 celebrandae

162 2506 458 2573 incidunt
491 2505 556 2570 in
587 2508 845 2570 Festum
877 2505 1162 2592 duplex;
1201 2517 1378 2589 tunc,
1412 2525 1495 2573 ne
1530 2504 1750 2572 dilatio

156 2595 492 2660 animabus
520 2592 811 2677 suffragia
846 2592 1335 2679 expectantibus
1357 2593 1751 2663 detrimento

160 2682 271 2764 sit,
327 2683 389 2745 in
436 2679 620 2745 aliam
666 2679 839 2744 diem
886 2699 1013 2745 non
1063 2679 1437 2767 impeditam
1484 2679 1747 2747 minime

164 2769 662 2852 transferamur,
709 2768 824 2833 sed
868 2767 1165 2833 dicantur
1222 2769 1307 2833 de
1366 2772 1552 2834 Festo
1608 2787 1751 2834 cur·

162 2855 337 2921 renti
374 2874 520 2921 cum
552 2855 975 2943 applicatione
1006 2854 1330 2938 sacrificii,
1366 2857 1536 2921 iuxta
1568 2874 1747 2921 men·

165 2956 303 3009 tem
360 2945 735 3012 eorumdem
799 2940 1302 3009 benefactorum.
1367 2947 1595 3010 Datum
1640 2941 1747 3009 die

164 3036 209 3097 5
254 3031 525 3119 Augusti
577 3035 744 3098 1662
791 3043 859 3095 et
903 3031 1319 3118 approbatum
1367 3053 1401 3096 a
1448 3031 1558 3097 fel.
1611 3051 1745 3096 rec.

164 3119 535 3188 Alexandro
581 3122 685 3187 vn
731 3119 960 3184 eadem
1010 3118 1139 3185 die.

304 3207 701 3273 Praedictum
771 3209 1113 3272 Decretum
1172 3210 1248 3273 ab
1330 3206 1561 3272 eodem
1636 3207 1744 3272 fel.

166 3315 308 3360 rec.
357 3294 718 3360 Alexandro
754 3297 856 3358 Vll
901 3295 1160 3380 speciali
1191 3297 1402 3377 Brevi,
1437 3296 1630 3379 quod*
1659 3296 1751 3360 in-

165 3382 365 3469 cipit:
422 3383 671 3449 Credite
712 3381 927 3463 nobis,
977 3383 1192 3449 denuo
1236 3385 1356 3449 fuit
1420 3381 1749 3448 confirma·

166 3483 347 3547 tum;
383 3489 453 3533 ac
500 3469 761 3556 insuper
798 3478 1103 3534 statutum
1152 3472 1322 3537 idem
1367 3471 1747 3536 servandum

166 3579 311 3622 esse
358 3558 567 3642 quoad
618 3558 824 3623 Missas
869 3557 931 3621 in
980 3557 1291 3626 Altaribus
1337 3556 1751 3644 privilegiatis

172 3668 251 3712 ex
300 3645 688 3733 obligatione
736 3643 1170 3727 celebrandas,
1207 3661 1270 3711 et
1317 3646 1752 3745 indulgentias

174 3755 291 3823 per
310 3733 673 3800 huiusmodi
708 3732 1033 3820 privilegia
1070 3752 1394 3798 concessas
1430 3733 1752 3799 animabus

172 3826 235 3889 in
281 3822 651 3910 purgatorio
718 3818 1137 3888 existentibus
1193 3823 1555 3909 suffragari,
1605 3841 1752 3908 per-

173 3914 323 3979 inde
372 3932 441 3977 ac
489 3911 537 3976 si
605 3909 962 3975 celebratae
1024 3910 1288 3976 luissent
1348 3912 1565 4000 Missae
1633 3910 1745 3974 de-

173 4003 565 4067 functorum.
652 4033 663 4056 ·

301 4087 546 4154 Deinde
579 4087 689 4151 fel.
732 4103 861 4149 rec.
897 4088 1195 4152 Clemens
1224 4090 1303 4152 lX
1335 4090 1557 4153 Sacrae
1588 4089 1751 4152 Con·

172 4176 561 4263 gregationis
617 4177 878 4238 Decreta
938 4173 1061 4237 alio
1120 4174 1342 4256 Brevi,
1393 4174 1577 4239 cuius
1636 4174 1752 4238 ini-

172 4265 368 4328 tium:
414 4264 581 4326 Cum
607 4260 820 4344 felicia
843 4263 1310 4328 recordatiouis
1338 4272 1488 4342 etc,
1519 4263 1751 4328 iterum

173 4348 612 4425 confirmavit3
681 4348 1196 4434 praedictamque
1258 4348 1601 4414 Alexandri
1650 4350 1753 4413 vu

176 4437 659 4525 dispositionem
705 4434 780 4499 ad
814 4435 1045 4500 Altaria
1078 4455 1204 4502 non
1238 4437 1301 4501 in
1322 4447 1750 4523 perpetuum,

172 4527 286 4592 sed
335 4525 411 4590 ad
473 4522 904 4612 septemnium
948 4542 1061 4588 seu
1123 4523 1291 4610 aliud
1342 4521 1600 4589 brevius
1646 4525 1750 4590 vel

175 4613 429 4699 longius
480 4624 756 4698 tempus,
786 4632 857 4676 ac
904 4629 1031 4677 non
1080 4611 1142 4676 in
1191 4609 1506 4692 omnibuS,
1541 4611 1653 4676 sed
1692 4612 1752 4678 in

170 4702 386 4787 aliquo
414 4701 515 4765 vel
542 4699 855 4782 aliquibus
880 4710 1124 4764 tantum
1160 4698 1594 4765 hebdomadae
1617 4699 1753 4766 die·

177 4790 318 4869 bus,
349 4806 517 4854 nunc
552 4798 615 4852 et
644 4788 709 4854 in
742 4786 1026 4852 [uturum
1060 4787 1595 4871 quandocumque
1627 4787 1753 4872 pri-

174 4875 499 4962 vilegiata,
535 4874 828 4940 extendit
860 4874 964 4940 die
997 4879 1081 4940 223
1112 4872 1506 4960 Septembris
1560 4877 1752 4951 1669,

174 4963 589 5117 ῗρρῖεέἰέἶῃάο
621 4967 966 5028 Decretum
1011 4962 1299 5034 eiusdem
1326 4965 1391 5028 S.
1430 4966 1505 5026 C.
1540 4965 1623 5028 20
1657 4966 1752 5028 lu-

204 5073 244 5116 ιι
475 5100 491 5116 .

306 5139 592 5204 Tandem
620 5137 947 5225 proposito
978 5137 1206 5203 dubio:
1234 5139 1329 5203 An
1358 5137 1756 5224 supradictae

174 5226 519 5293 Alexandri
552 5229 661 5292 vn
691 5235 754 5291 et
783 5224 1136 5292 Clementis
1166 5228 1247 5290 IX
1291 5224 1757 5290 declarationes

178 5314 295 5381 sihi
346 5315 556 5379 locum
605 5312 1027 5397 vindicarent,
1063 5312 1250 5376 etiam
1284 5313 1348 5378 in
1379 5312 1606 5379 diebus
1639 5317 1756 5378 Do-

1851 406 2100 474 minicis
2145 418 2212 472 et
2257 407 2415 473 infra
2462 418 2742 475 octavam
2785 407 3096 477 Paschatis
3123 413 3428 477 Resurre·
3513 470 3520 479 .

1851 494 2545 579 ctionis,·Pentecostes
2575 507 2641 565 et
2671 495 2968 583 Corporis
3001 496 3230 565 Christi
3262 497 3425 565 aliis*

1853 602 1977 668 que
2023 584 2166 650 anni
2216 578 2466 664 diebus,
2516 584 2790 667 quibus„
2823 583 2976 649 licet
3021 606 3052 648 a
3099 588 3285 652 Festo
3317 586 3427 652 du·

1852 670 2002 757 plici
2051 690 2176 736 nen
2224 669 2679 756 impediantur,
2713 672 2919 739 adhuc
2971 683 3180 739 tamen
3211 672 3428 740 Missae

1852 756 2304 827 detunctorum
2331 755 2508 825 iuxta
2542 756 2733 831 ritum
2770 757 3083 827 Ecclesiae
3120 758 3425 826 celebrari

1853 855 2210 931 nequeunt,
2258 855 2568 930 quatenus
2616 846 2918 913 nimirum
2982 845 3226 928 Missae,
3276 864 3428 931 quas

1855 932 2103 1004 iisdem.
2129 931 2354 997 diebus
2402 932 2733 999 celebrare
2780 932 2958 1015 licet,
2987 943 3231 999 servata
3264 943 3430 1000 cete-

1854 1020 2080 1104 roquin
2126 1019 2612 1106 privilegiorum
2643 1019 2872 1103 forma,
2919 1021 2995 1091 ad
3041 1020 3272 1099 Altaria
3306 1020 3429 1107 pri-

1854 1108 2149 1192 vilegiata
2181 1106 2705 1192 celebrarentur3
2755 1108 2980 1175 eadem
3011 1110 3074 1174 S.
3102 1110 3176 1175 R.
3212 1110 3285 1175 C.
3320 1108 3427 1177 die

1853 1198 1890 1261 3
1924 1193 2160 1281 Aprilis
2194 1197 2362 1260 1688
2408 1193 2879 1280 praedictorum
2912 1193 3288 1260 Pontificum
3322 1197 3431 1262 de-

1854 1280 2226 1351 clarationes
2252 1300 2367 1365 pro
2394 1281 2686 1352 omnibns
2710 1280 2961 1363 diebus,
2988 1281 3221 1366 quibus
3253 1283 3431 1350 iuxta

1851 1367 2156 1447 Rubricas
2199 1368 2414 1434 Missae
2458 1368 2914 1434 defunctorum
2961 1367 3270 1436 celebrari
3303 1390 3431 1437 non
3508 1369 3517 1377 '

1854 1563 1979 1630 que
2025 1548 2364 1611 Decretum
2410 1543 2682 1619 subinde
2728 1466 3430 1617 confirmatumt’sgillsa-

1854 1632 1973 1697 iel.
2019 1649 2153 1696 rec.
2203 1632 2571 1699 innocentio
2618 1633 2729 1696 1²1².
2778 1633 2860 1697 XI
2905 1629 3163 1717 speciali
3216 1632 3427 1715 Brevi,

1853 1719 2028 1804 quod
2075 1718 2333 1806 incipit:
2385 1717 2567 1785 Alias
2615 1729 2980 1802 postquam,
3042 1720 3187 1789 dato
3235 1718 3341 1787 die
3390 1722 3429 1786 4

1852 1468 2144 1541 possunt,
2180 1455 2626 1541 intelligendas
2672 1475 2813 1523 esse
2858 1455 3135 1542 respond

1842 1807 1995 1873 ,nait
2049 1808 2239 1873 1688.

1985 1898 2328 1979 Decretum
2356 1915 2390 1959 a
2431 1896 2506 1961 S.
2537 1895 2614 1959 R.
2649 1897 2719 1961 C.
2756 1912 2917 1961 anno
2947 1897 3123 1963 1630
3156 1894 3428 1977 editum,

1855 2001 1981 2067 quo
2032 1981 2423 2069 permittitur
2469 1980 2780 2068 posse.in
2837 1981 3119 2047 Ecclesia
3179 1981 3431 2051 recitari

1853 2068 2062 2139 Officia
2110 2082 2174 2135 et
2221 2068 2429 2137 Missas
2475 2067 2784 2137 celebrari
2850 2070 2930 2137 de
2991 2069 3118 2137 illis
3161 2068 3428 2152 Sanctis,

1853 2174 2134 2240 quorum¹
2175 2161 2451 2243 Corpora
2499 2156 2600 2221 vel
2635 2154 2977 2240 Reliquiae
3025 2156 3302 2244 insignes
3343 2156 3432 2233 ,in

1855 2244 2099 2310 eisdem
2144 2253 2566 2325 asservantur,
2603 2243 3095 2328 intelligendum
3126 2244 3432 2323 estdum-

1854 2342 2021 2397 taxat
2079 2333 2161 2399 de
2225 2331 2465 2398 Sanctis
2528 2331 2593 2397 in
2653 2331 3104 2416 Martyrologio
3148 2334 3428 2399 Romano

1852 2418 2214 2506 descriptis,
2266 2428 2331 2488 et
2367 2417 2729 2489 dummodo
2777 2427 3028 2487 constet
3070 2418 3152 2487 de
3200 2418 3430 2487 identi-

1857 2517 1981 2571 tate
2031 2507 2327 2594 Corporis
2374 2507 2751 2575 eorumdem
2799 2505 2904 2571 vel
2954 2505 3214 2592 insignis
3259 2505 3431 2573 Reli-

1853 2591 2281 2678 quiae,·secus
2311 2612 2466 2659 vero
2497 2593 2578 2660 de
2611 2592 2855 2661 Sanctis
2901 2592 2966 2661 in
3012 2594 3246 2665 eodem
3275 2596 3432 2679 Marf

1857 2681 2172 2769 tyrologio
2238 2701 2366 2749 non
2434 2678 2795 2778 descriptis.
2869 2682 3152 2757 Quorum
3220 2690 3431 2747 tamen

1852 2768 2242 2858 Corporibus
2292 2779 2355 2834 et
2401 2767 2709 2853 Reliquits
2752 2767 2828 2833 ab
2873 2768 3213 2837 ordinariis
3260 2767 3429 2833 loco·

1855 2874 1996 2924 rum
2044 2856 2425 2944 approbatis,
2461 2855 2671 2922 debita
2706 2876 2740 2923 a
2770 2854 3069 2925 fidelibus
3103 2855 3429 2921 veneratio

1855 2943 2215 3012 exhibenda
2261 2954 2382 3027 est,
2429 2942 2539 3010 sed
2593 2942 2830 3027 absque
2873 2941 3090 3011 Officio
3139 2953 3208 3008 et
3256 2942 3433 3008 Missa

1854 3031 1974 3099 sub
2017 3032 2243 3120 poenis
2290 3031 2374 3100 de
2401 3047 2547 3100 -non
2594 3029 3032 3100 satisfaciendo
3090 3041 3432 3119 praecepto

1855 3119 2163 3186 recitandi
2208 3118 2495 3188 Officium
2540 3117 2808 3203 aliisque
2855 3117 2918 3186 in
2971 3116 3432 3186 Constitutione

1856 3211 1920 3276 S.
1973 3207 2061 3273 Pii
2116 3210 2168 3275 V
2224 3206 2566 3274 contentis.
2630 3209 2858 3274 Datum
2915 3204 3019 3275 die
3085 3210 3157 3271 11
3215 3205 3432 3289 Augu·

1855 3296 1933 3360 sti
1986 3298 2181 3379 1691,
2239 3306 2302 3360 et
2347 3293 2766 3381 approbatum
2809 3314 2840 3358 a
2895 3291 3010 3360 fel.
3073 3312 3202 3357 rec.
3253 3297 3432 3360 Inno-

1857 3383 2067 3450 centio
2114 3387 2218 3450 xtl
2283 3381 2393 3447 die
2457 3384 2534 3446 19
2580 3379 2865 3448 Octobris
2920 3381 3210 3450 eiusdem
3256 3377 3427 3446 anni.

1989 3472 2084 3538 Ad
2159 3470 2516 3556 augendam
2592 3468 2883 3540 fidelium
2955 3466 3433 3544 venerationem

1852 3576 2005 3645 erga
2038 3556 2576 3644 Angustissimum
2610 3555 3038 3624 Eucharistiae
3071 3558 3432 3640 Sacramen-

1857 3656 2016 3729 tum,
2056 3646 2323 3730 eiusque
2355 3643 2603 3714 cultum
2637 3644 2702 3710 in
2735 3654 2866 3712 toto
2901 3654 3214 3710 terrarum
3268 3637 3433 3709 urbe

1855 3736 2365 3820 promovendum
2394 3778 2412 3814 ,
2478 3730 2875 3819 prohibitum
2947 3743 3042 3800 est
3104 3730 3432 3802 celebrare

1856 3820 2063 3888 Missas
2109 3821 2346 3888 votivas
2393 3821 2497 3885 vel
2533 3840 2648 3919 pro
2694 3818 3016 3890 defunctis
3064 3819 3224 3890 intra
3269 3827 3434 3911 octa-3

1858 3927 1997 3976 vam
2059 3913 2183 3978 Cor
2230 3909 2355 3976 oris
2407 3908 2664 3976 Christi.
2716 3910 2937 3976 Datum
2985 3906 3092 3978 die
3141 3909 3224 3976 at
3273 3904 3431 3974 turm

1861 3999 2053 4080 1670,
2090 3929 2450 4081 eofemque
2476 3997 2583 4061 die
2613 4015 2645 4060 a
2678 3995 2788 4060 sel.
2819 4014 2955 4060 rec.
2981 3994 3318 4061 Clemente
3352 3994 3434 4062 tx

1857 4086 2293 4171 approbatum.

1987 4178 2146 4238 ltem
2194 4171 2586 4260 prohibitum
2633 4180 2729 4236 est
2776 4172 3030 4244 easdem
3078 4169 3289 4238 Missas
3332 4187 3434 4236 ce-

1857 4260 2103 4325 lebrare
2153 4259 2308 4324 infra
2355 4272 2638 4328 octavam
2681 4257 3032 4328 Nativitatis
3062 4255 3331 4326 Domini.
3366 4259 3431 4320 In

1854 4347 2053 4414 Missis
2100 4365 2253 4414 veto
2299 4344 2691 4416 solemnibus
2737 4365 2852 4433 pro
2914 4364 2981 4409 re
3041 4345 3212 4429 gravi
3275 4342 3433 4408 infra

1855 4435 2147 4500 eamdem
2194 4443 2484 4506 octavam
2521 4432 2962 4520 celebrandis,
3011 4431 3279 4499 dicenda
3342 4437 3435 4493 est

1854 4520 2158 4592 metatio
2191 4522 2366 4588 iuxta
2390 4521 2722 4592 Rubricam
2749 4519 3124 4590 Generalem
3150 4519 3272 4586 Tit.
3299 4519 3429 4598 ΧΠ,

1857 4626 2040 4676 num.
2094 4612 2153 4674 t.
2218 4613 2441 4675 Datum
2494 4610 2601 4675 die
2659 4612 2743 4674 25
2791 4605 3185 4695 Septembris
3238 4607 3431 4688 1706,

1856 4708 1923 4762 et
1970 4696 2090 4766 iam
2138 4716 2170 4761 a
2218 4699 2410 4764 SSmo
2458 4695 2905 4783 approbatum.

1987 4789 2080 4851 Re
2129 4804 2274 4848 vera
2321 4785 2384 4849 in
2418 4788 2483 4851 S.
2518 4789 2595 4851 R.
2630 4788 2705 4852 C.
2746 4783 2821 4848 ad
2871 4780 3248 4848 relationem
3293 4779 3434 4846 Esni

1860 4885 1922 4937 et
1952 4872 2092 4939 Ruti
2124 4876 2305 4937 Dom.
2338 4873 2526 4938 Card.
2552 4869 2866 4937 Barbarini
2894 4869 3134 4956 pluries
3159 4869 3433 4935 discussa

1861 4970 1924 5024 et
1947 4968 2193 5025 mature
2228 4977 2568 5044 perpensa,
2596 4963 2659 5026 S.
2691 4960 2916 5025 eadem
2949 4963 3021 5026 R.
3051 4960 3152 5024 C.=
3188 4976 3225 5019 ‹
3252 4961 3433 5023 Prae·

1858 5046 2021 5113 dicta
2071 5051 2360 5127 Decreta,
2397 5057 2531 5111 tum
2564 5059 2635 5112 ut
2679 5045 3150 5113 celebrantium
3201 5045 3433 5111 instru-

1858 5133 2050 5200 ctioni
2100 5147 2164 5201 et
2211 5135 2350 5200 usui
2395 5134 2548 5217 sint,
2583 5144 2719 5199 tum
2752 5146 2823 5200 ut
2868 5133 3160 5201 nonnulli
3205 5132 3435 5198 abusus

1858 5222 1967 5307 qui
2016 5223 2080 5289 in
2127 5221 2441 5308 aliquibus
2491 5222 2643 5289 locis
2691 5224 3132 5310 irrepserunt,
3180 5220 3437 5307 penitus

1862 5310 2254 5395 evellantur,
2300 5310 2363 5379 in
2410 5311 2631 5378 Uissali
2678 5321 2823 5398 post
2867 5307 3170 5376 {lubricas
3228 5312 3431 5375 Gene-
