4042 5950
1570 298 1674 317 ...
1727 253 1881 336 {u39
1936 301 2040 317 ...

169 409 407 482 Domini
458 412 629 483 Petri
675 411 984 484 Advocati
1031 413 1276 483 Minetti
1323 418 1548 484 Sacrae
1589 415 1753 482 eins·

168 503 309 569 dem
340 502 603 570 Rituum
649 501 1174 591 congregationis
1219 503 1604 583 Assessoris3
1638 503 1754 570 du-

170 589 259 657 bia
305 590 442 677 ipsa
488 591 811 680 proposita
858 591 1077 677 fuere,
1130 593 1192 658 in
1237 591 1579 659 Ordinariis
1637 593 1755 658 Co-

170 678 355 745 mitiis
416 680 770 768 subscripta
829 679 936 747 die
998 681 1077 747 ad
1134 678 1453 758 Quirinale
1500 678 1753 763 habitis,

171 786 279 854 per
322 768 936 835 -Eminentissimum
1000 779 1066 834 et
1124 767 1756 835 Reverendissimum

172 855 507 923 Dominum
546 856 944 925 cardinalem
974 857 1317 944 losephum
1353 855 1606 945 Ugolini
1638 859 1759 922 Re-

175 943 437 1011 latorem
482 944 918 1032 designatum,
961 964 1037 1012 eo
1083 945 1274 1012 modo
1322 964 1452 1031 quo
1499 944 1602 1010 bic
1649 944 1757 1011 ad-

172 1041 503 1120 notantur3
553 1032 901 1100 nimirum:

301 1125 362 1188 1.
413 1125 645 1189 Utrum
691 1121 928 1189 Altaria
974 1120 1289 1209 portatilia
1345 1120 1761 1189 consecratio-

173 1229 317 1278 nem
360 1229 542 1277 suam
587 1210 903 1295 amittant,
952 1210 1204 1296 quando
1251 1209 1524 1277 fractum
1556 1220 1654 1277 est
1681 1207 1763 1275 si-

177 1299 427 1386 gillum,
466 1298 637 1384 quod
688 1297 999 1384 Reliquiis
1048 1297 1114 1364 in
1157 1300 1456 1386 sepulcro
1504 1296 1763 1373 inclusis

175 1385 563 1477 apponitur3
613 1406 693 1453 an
737 1398 987 1453 tantum
1040 1388 1324 1473 quando,
1372 1396 1444 1453 ut
1490 1386 1762 1471 loquun-

176 1488 276 1542 tur
320 1472 655 1563 Theologi,
706 1475 983 1542 fractum
1030 1486 1128 1540 est
1172 1473 1589 1562 sepulcrum?

301 1567 365 1630 2.
405 1565 637 1630 Utrum
665 1563 882 1631 Altare
914 1563 1239 1651 portatile,
1268 1564 1449 1630 cuius
1477 1563 1763 1651 sigillum

81 1702 85 1709 -
179 1672 300 1721 non
345 1652 590 1737 existit,
640 1652 810 1720 mitti
856 1650 1091 1718 debeat
1118 1651 1198 1717 ad
1234 1651 1474 1718 Urbem
1507 1651 1766 1739 Episco-

180 1742 421 1829 palem,
487 1752 553 1806 et
621 1760 845 1808 rursus
901 1739 1304 1824 consecrari3
1373 1758 1451 1805 an
1499 1739 1767 1807 sufficiat

182 1840 421 1897 tantum
491 1848 683 1895 novas
744 1829 987 1896 addere
1050 1826 1372 1915 Reliquias
1441 1829 1769 1895 veteribus

182 1916 487 2005 Reliquiis
551 1917 614 1983 in
670 1917 977 2005 sepulcro
1034 1914 1296 1984 inclusis
1344 1927 1409 1983 et
1453 1915 1773 1984 authenti-

185 2008 369 2074 citate
429 2005 829 2159 cargntibus,
880 2016 1071 2090 atque
1130 2004 1415 2092 sigillum
1476 2002 1772 2092 Episcopi

185 2115 215 2160 a
305 2111 511 2162 onere

220 2113 397 2251 pp&
428 2181 596 2262 Quid
664 2181 1080 2250 sentiendum
1148 2182 1232 2249 de
1299 2179 1773 2248 consecratione

188 2272 501 2340 Altarium
564 2269 958 2358 portatilium
1021 2269 1340 2345 Dioecesis
1392 2266 1781 2338 Bituricen.?

187 2364 337 2429 Nam
385 2361 477 2428 de
523 2360 686 2427 tacto
719 2369 988 2443 constat,
1020 2359 1196 2445 quod
1230 2378 1265 2429 a
1296 2357 1778 2460 perturbatione

191 2449 327 2517 anni
389 2451 562 2516 1790
621 2449 791 2515 nulla
846 2448 1205 2519 existebant
1262 2447 1623 2534 sigillorum
1668 2466 1779 2513 ve·

192 2537 366 2625 stigia
424 2537 495 2603 in
539 2535 858 2604 Altaribus
905 2534 1353 2624 portatilibusz
1404 2555 1623 2603 rursus
1666 2535 1781 2602 im·

191 2626 429 2714 posius
485 2634 635 2691 sunt
689 2621 1017 2710 Reliquiae
1061 2623 1140 2689 ab
1187 2622 1779 2708 Archidiaconibus,

195 2731 388 2801 quum
436 2729 713 2780 vacuum
767 2723 903 2779 erat
953 2712 1375 2800 sepulcrum3
1418 2722 1555 2796 aut,
1610 2712 1781 2780 Reli·

196 2802 352 2890 quiis
395 2801 467 2867 in
512 2800 815 2889 sepulcro
874 2800 1281 2869 manentibus
1343 2811 1409 2869 et
1466 2800 1784 2869 authenti-

200 2890 380 2957 citate
414 2887 804 2973 carentibus,
837 2890 1089 2957 additae
1118 2900 1267 2957 sunt
1302 2889 1633 2978 Reliquiae
1677 2910 1785 2956 au·

202 2978 548 3134 tbfinticae,
597 2987 663 3045 et
708 2979 1075 3067 appositum
1120 2978 1241 3046 fuit
1292 2979 1660 3067 episcopale
1703 2978 1786 3043 si-

205 3085 264 3154 gi
316 3085 458 3134 um.
680 3093 687 3098 ·

324 3156 499 3234 Quae
545 3155 812 3241 quidem
857 3158 1050 3225 dubia
1095 3157 1324 3224 sedulo
1357 3159 1438 3225 de
1469 3175 1651 3223 more
1685 3173 1790 3220 ex·

1856 416 2049 483 modo
2108 415 2535 484 caeremoniis
2590 414 2884 502 servatis,
2947 437 3111 506 quae
3163 415 3227 487 in
3287 424 3447 489 Pon-

1859 503 2076 571 tificali
2119 508 2402 572 Romano
2450 506 2991 592 praescribuntur,
3026 507 3185 576 dum
3234 510 3298 576 in
3344 528 3444 575 se·

1859 592 2090 680 pulcro
2134 594 2578 660 reconduntur
2633 593 2962 680 Reliquiae
3012 606 3078 662 et
3135 615 3447 685 superpo-

1860 679 2034 747 nitur
2107 680 2309 768 lapis;
2386 680 2632 748 scilicet
2706 693 2794 748 ιιι·
2854 681 3150 771 signetur
3217 688 3447 752 Sancto

1861 768 2211 838 chrismate
2259 769 2572 837 confessio
2621 769 2756 835 sive
2802 771 3201 857 sepulcrum,
3250 792 3320 838 ac
3351 771 3449 838 di·

1863 867 2040 924 catur
2102 855 2360 924 interim
2418 857 2627 925 Oratio
2700 859 3118 926 Cart-sacretur
3177 870 3238 927 ct
3299 879 3449 926 san-

1863 947 2242 1032 ctificetur,-
2287 958 2506 1032 postea
2552 945 2901 1012 reconditis
2950 947 3257 1035 Reliquiis
3302 965 3452 1014 cum

1864 1033 2068 1101 tribus
2129 1034 2341 1121 granis
2398 1033 2633 1117 thuris,
2684 1035 3088 1122 superposito
3144 1034 3452 1123 operculo

1863 1144 1933 1191 ac
1981 1122 2257 1205 firmato,
2307 1120 2553 1189 dicatur
2597 1123 2797 1189 altera
2839 1123 3046 1192 Oratio
3093 1125 3283 1205 Deus,
3334 1126 3454 1208 qut·

1860 1234 1941 1281 eac
2000 1217 2290 1278 omnium
2353 1208 2822 1278 cohabitatione
2885 1213 3319 1293 Sanctorum,
3389 1220 3456 1277 et

1864 1302 2022 1371 nihil
2070 1300 2242 1368 aliud
2274 1323 2341 1367 ›.

1997 1395 2210 1477 Atque
2259 1388 2343 1456 ita
2389 1387 2806 1477 rescripsere,

2002 1481 2182 1545 Facta
2230 1489 2447 1544 autem
2504 1477 2589 1544 de
2650 1477 3008 1565 praemissis
3054 1479 3459 1546 Sanctissimo

1868 1567 2135 1635 Domino
2181 1569 2410 1633 Nostro
2454 1565 2561 1633 Pio
2593 1571 2675 1636 IX
2707 1565 2993 1637 Pontifici
3045 1567 3310 1634 Maximo
3342 1587 3461 1657 per

1869 1653 2301 1742 subscriptum
2377 1654 2809 1722 Secretarium
2877 1654 3054 1723 fideli
3122 1655 3456 1738 relatione,

1873 1744 2180 1812 Sanctitas
2224 1746 2348 1812 Sua
2391 1744 2469 1817 ad
2518 1755 2808 1810 mentem
2847 1746 3072 1812 Sacrae
3103 1747 3462 1832 congrega·

1874 1832 2068 1921 tionis
2110 1832 2384 1917 petitum
2431 1831 2782 1914 indultum,
2819 1851 2936 1921 pro
2984 1832 3104 1898 hoc
3149 1851 3295 1899 casu
3332 1842 3465 1898 tan-

1876 1932 2014 1989 tum
2060 1919 2449 2002 valiturum,
2509 1918 2592 1985 de
2654 1918 3013 2006 apostolica
3075 1918 3464 2005 benignitate

1876 2008 2224 2087 concessit;
2260 2007 2614 2074 dummodo
2646 2006 3026 2073 adamussim
3059 2006 3303 2095 singula
3335 2024 3469 2073 ser-

1875 2106 2136 2179 ventur,
2171 2114 2335 2182 quae
2369 2095 2432 2162 in
2462 2093 2903 2180 superioribus
2931 2094 3468 2182 Responsionibus

1879 2181 2426 2272 praescribuntur.

2012 2271 2129 2339 Die
2175 2277 2217 2340 ὅ
2264 2270 2633 2339 Decembris
2684 2275 2878 2340 1851.

1889 2452 2152 2522 2992.
2525 2452 2848 2520 nouam

2268 2560 2363 2626 SE
2372 2558 2559 2626 uum
2618 2560 3088 2627 cnouaumt.

2020 2715 2117 2783 Ab
2160 2734 2324 2783 anno
2377 2718 2542 2782 1847
2592 2723 2812 2782 exorta
2858 2735 3056 2802 quum
3104 2717 3299 2785 fuerit
3330 2738 3478 2787 con·

1886 2805 2195 2873 troversia
2256 2804 2425 2870 inter
2472 2803 2832 2891 Capitulum
2893 2804 3323 2873 patriarchalis
3368 2811 3479 2874 Ba-

1889 2894 2105 2961 silicae
2152 2895 2417 2961 Sanctae
2464 2890 2689 2957 Mariae
2736 2892 2981 2958 Maioris
3021 2902 3087 2959 et
3115 2893 3478 2982 Capitulum

1891 2982 2277 3080 collegiatae
2324 2979 2621 3047 Basilicae
2669 2980 2882 3048 Sancti
2925 2982 3112 3050 Marci
3165 2985 3249 3051 de
3309 2984 3480 3050 Urbe

1890 3089 2090 3159 super
2137 3088 2278 3135 nure
2325 3066 2596 3136 sedendi
2655 3066 2718 3134 in
2774 3068 2985 3137 Chore
3030 3067 3228 3156 ipsius
3272 3071 3482 3139 Colle-

1892 3160 2095 3248 giatae
2149 3155 2355 3224 Sancti
2421 3154 2606 3222 Marci
2654 3153 2718 3221 in
2766 3156 2873 3222 die
2920 3156 3207 3224 eiusdem
3269 3157 3482 3227 Sancti

3247 2452 3470 2540 (sios)

201 3243 557 3330 pendentes
601 3244 1102 3312 Eminentissimi
1142 3255 1208 3311 et
1251 3242 1789 3313 Reverendissimi
1888 3245 2337 3334 Evangelistae
2373 3242 2703 3310 occasione
2731 3242 3119 3311 Litaniarum
3149 3245 3480 3333 maiorum,

203 3335 407 3400 Patres
456 3332 664 3401 Sacris
710 3333 964 3400 tuendis
1008 3332 1254 3400 Ritibus
1300 3331 1672 3421 praepositi,
1720 3352 1792 3399 ac
1898 3354 2100 3422 eaque
2134 3333 2410 3402 deducta
2442 3330 2635 3398 fuerit
2659 3331 2736 3398 ad
2761 3331 3014 3399 Sacram
3037 3332 3300 3401 Rituum
3323 3339 3485 3402 Gon-

206 3432 527 3488 maturum
574 3438 844 3488 examen
900 3419 1308 3488 instituentes
1359 3439 1556 3522 super
1598 3421 1787 3487 ratio·
1897 3422 2383 3511 gregationem;
2431 3419 2581 3487 huic
2614 3419 2680 3489 in
2708 3419 3049 3487 Ordinariis
3094 3416 3377 3490 comitiis
3408 3423 3484 3491 ad

207 3529 355 3577 num
386 3509 734 3577 momentis
779 3526 1126 3595 rerumque
1172 3508 1482 3578 adiunctis
1528 3529 1561 3573 a
1605 3514 1680 3577 R.
1714 3514 1789 3576 D.
1897 3512 2270 3579 Vaticanum
2302 3509 2693 3576 coadunatae
2717 3506 2822 3574 die
2854 3509 2939 3574 29
2969 3509 3168 3576 Martii
3201 3510 3488 3600 superio·

211 3602 541 3666 Assessore
587 3597 650 3665 in
698 3618 813 3665 suo
858 3607 1010 3665 voto
1074 3600 1495 3681 enumeratis,
1561 3598 1792 3665 iisdem
1901 3600 1986 3667 ris
2017 3598 2386 3683 anni1851,
2418 3596 2904 3682 disceptandum
2939 3597 3339 3686 propositum
3367 3599 3490 3666 fuit

210 3685 734 3774 respondendum
781 3694 1221 3753 censueruntz
1895 3709 1925 3755 s
2014 3705 2172 3754 nens
2215 3685 2389 3753 inter
2434 3694 2645 3774 partes
2693 3685 2986 3752 formiter
3030 3687 3490 3755 concordatum

337 3776 435 3843 Ad
491 3779 548 3841 1.
602 3796 640 3839 «
671 3774 887 3853 Quoad
933 3775 1205 3861 primam
1268 3786 1543 3861 partem,
1592 3776 1792 3861 Nega·

216 3863 392 3943 tive;
454 3862 575 3930 nisi
640 3864 913 3931 fractum
967 3862 1049 3929 sit
1093 3863 1462 3947 sepulcrum
1507 3864 1612 3930 vel
1663 3865 1800 3930 eius

217 3952 631 4040 operculum,
695 3963 802 4020 aut
862 3951 1054 4017 etiam
1114 3951 1521 4019 solummodo
1579 3950 1631 4018 si
1677 3952 1800 4019 boc

217 4049 500 4108 amotum
556 4040 798 4107 fuerit:
862 4039 1070 4127 quoad
1129 4042 1477 4106 secundam
1523 4050 1796 4125 partem,

220 4129 547 4215 provisum
595 4129 660 4195 in
706 4128 906 4217 prima
944 4148 1010 4193 ι.

348 4217 447 4286 Ad
490 4222 561 4285 2.
610 4236 649 4282 ι
680 4216 892 4296 Quoad
938 4214 1212 4303 primam
1254 4227 1541 4303 partem,
1592 4218 1804 4305 provi-

221 4321 359 4370 sum
389 4307 459 4372 in
487 4305 738 4392 primo;
785 4304 994 4392 quoad
1040 4307 1412 4388 secundam,
1458 4324 1804 4391 numquam

226 4391 421 4460 licere
453 4405 659 4461 certas
682 4396 1063 4461 ‘Sanctorum
1092 4392 1416 4479 Reliquias
1446 4392 1660 4461 dubiis
1690 4393 1806 4461 im·

228 4478 543 4562 miscet-03
607 4500 676 4548 ac
721 4481 926 4550 semel
987 4491 1280 4549 execrata
1325 4483 1483 4565 Ara,
1531 4479 1635 4549 vel
1683 4482 1808 4550 lixa

227 4569 331 4635 vel
375 4570 656 4656 mobilis,
703 4589 784 4637 ex
832 4568 1161 4636 communi
1199 4569 1341 4636 iure
1373 4588 1532 4636 nova
1567 4568 1811 4660 indiget

231 4659 703 4726 consecratione
735 4679 799 4726 ι.
1406 4697 1411 4702 ·

360 4747 458 4816 Ad
503 4751 569 4815 3.
618 4768 657 4813 s
690 4746 954 4814 nobiles
1001 4749 1162 4814 Arae
1193 4745 1260 4815 in
1300 4766 1446 4814 casu
1492 4757 1816 4815 execratas

236 4852 373 4900 ease
399 4850 436 4915 ;·
467 4846 533 4903 et
577 4836 654 4903 ad
703 4845 1009 4902 mentem.
1045 4837 1220 4902 nens
1252 4844 1349 4903 est
1381 4844 1453 4901 ut
1481 4853 1816 4903 amovean-

238 4932 340 4989 tur
376 4943 635 5013 prorsus
666 4921 994 5010 Reliquiae
1041 4922 1321 5003 dubiae;
1370 4935 1436 4989 et
1480 4925 1813 4992 consulen-

239 5009 391 5078 dum
447 5012 849 5080 sanctissimo
870 5059 891 5094 ,
937 5021 1008 5078 ut
1052 5011 1587 5102 Arcbiepiscopus
1645 5013 1818 5080 Bitu·

243 5098 471 5187 ricen.,
516 5102 625 5169 vel
671 5120 793 5190 per
837 5118 907 5165 se
953 5101 1056 5166 vel
1103 5119 1226 5188 per
1270 5099 1425 5169 alios
1456 5100 1646 5166 etiam
1675 5100 1821 5166 sim·

241 5188 437 5274 plicas
481 5191 893 5277 presbyteros
924 5190 1059 5257 boc
1104 5197 1349 5257 tantum
1383 5188 1447 5255 in
1478 5207 1623 5255 casu
1656 5190 1823 5277 Apo·

243 5277 498 5346 stolicae
562 5277 743 5346 Sedis
802 5278 1062 5346 nomine
1122 5277 1555 5367 delegandos,
1626 5288 1828 5345 certas

246 5365 562 5453 Reliquias
604 5368 667 5434 in
699 5366 927 5436 iisdem
961 5365 1101 5434 Aris
1131 5374 1436 5454 reponat:
1484 5366 1561 5433 iis
1590 5367 1826 5434 solum·

450 5511 667 5560 »κνοω
694 5506 1005 5556 sumentia
1031 5514 1083 5554 s.
1111 5510 1170 5554 ιι.
1200 5510 1253 5554 c.
1282 5532 1327 5541 -
1360 5508 1470 5555 vot.
1496 5511 1560 5555 ιι.
1614 5477 1627 5484 ”

1901 3777 1992 3844 du
2038 3775 2213 3859 ium;
2264 3772 2612 3841 nimirum:
2662 3793 2700 3836 ι
2733 3774 2855 3858 An,
2890 3783 2957 3840 et
2987 3775 3090 3841 cui
3137 3774 3496 3843 debeantur

1902 3864 2104 3932 Sedes
2133 3863 2423 3930 chorales
2452 3882 2486 3927 a
2516 3864 2731 3931 Cornu
2763 3862 3085 3950 Epistolae
3116 3862 3182 3930 in
3213 3864 3494 3931 Ecclesia

1905 3952 2113 4022 Sancti
2161 3950 2351 4105 ξυνοὶ
2383 3950 2489 4017 die
2524 3953 2694 4022 XXV
2725 3950 2960 4037 Aprilis
2989 3951 3055 4018 in
3084 3950 3342 4017 Litaniis
3371 3954 3493 4019 Ma·

1904 4040 2146 4109 iuribus
2223 4061 2262 4105 ν

2033 4127 2331 4208 Quamvis
2378 4137 2594 4194 autem
2638 4136 2796 4195 tunc
2852 4127 2928 4193 ab
2967 4135 3251 4214 'utraque
3311 4137 3494 4218 parte

1907 4218 2112 4285 multa
2157 4216 2427 4284 adducta
2460 4213 2610 4298 sint,
2643 4225 2717 4281 ut
2749 4215 2844 4283 ius
2874 4233 3064 4284 suum
3111 4225 3494 4294 tuerentur;

1956 4304 2150 4372 lacuit
2197 4314 2413 4371 tamen
2465 4302 2992 4370 Eminentissimis
3053 4313 3120 4369 et
3176 4308 3500 4372 Reveren-

1958 4392 2186 4460 issimis
2217 4392 2502 4461 Patribus
2531 4391 2733 4458 Sacris
2765 4391 3022 4459 tuendis
3043 4391 3288 4459 Ritibus
3321 4411 3502 4483 prae-

1908 4481 2132 4570 positis
2176 4479 2489 4548 iudicium
2536 4479 2823 4562 differre,
2872 4489 3064 4566 atque
3111 4481 3372 4548 alterius
3419 4499 3501 4548 ex

1914 4568 2423 4659 Apostolicarum
2454 4568 3015 4637 caeremoniarum
3051 4568 3361 4657 magistris
3391 4587 3503 4635 vo·

1911 4669 2052 4726 tum
2097 4676 2178 4725 ex
2222 4656 2438 4725 Officio
2487 4655 2844 4742 requirere.

2052 4751 2119 4814 ln
2177 4745 2343 4812 no'vo
2404 4743 2668 4830 quidem
2735 4743 3065 4814 Ordinatio
3118 4751 3319 4814 Coetu
3386 4749 3503 4814 ho·

1918 4834 2139 4903 dierna
2207 4830 2313 4901 d‘ie
2375 4836 2451 4900 ad
2513 4834 2885 4900 Vaticanum
2952 4832 3168 4902 babito
3189 4883 3207 4918 ‚
3268 4837 3507 4905 iterum

1924 4922 2244 5013 proposita
2303 4921 2674 5008 quaestione
2738 4920 2814 4987 ab
2879 4921 3395 4991 Eminentissimo
3442 4934 3508 4992 et

1927 5008 2484 5079 Reverendissimo
2535 5013 2615 5076 D.
2668 5009 2981 5077 Cardinali
3036 5011 3524 5081 Lambruscbini'

1926 5099 2244 5187 Episcopo
2291 5101 2623 5181 Portuen.·,
2660 5098 2928 5164 Sanctae
2956 5099 3220 5167 Ruflnae
3252 5110 3319 5167 et
3347 5103 3510 5170 Cen·

1926 5188 2417 5270 tumcellarum,
2482 5185 2697 5252 eidem
2747 5188 2974 5255 Sacrae
3007 5190 3510 5275 ‘congregationi

1929 5276 2281 5361 Praefecto,
2315 5275 2506 5342 huius
2533 5293 2787 5340 caussae
2833 5274 3155 5359 Relatore,
3197 5295 3321 5343 una
3368 5285 3511 5345 cum

1933 5375 2090 5431 voto
2115 5382 2218 5445 ‚ex
2264 5363 2476 5431 officio
2517 5362 2794 5451 Magistri
2828 5363 3426 5446 caeremoniarum3

3149 5506 3206 5560 2³
