4042 5950
1575 286 2045 363 -133-

186 453 304 508 esti
353 453 416 505 ut
469 440 717 506 scilicet
783 440 966 507 Feria
1011 444 1062 508 V
1107 440 1171 507 in
1229 444 1438 508 coena
1497 442 1749 508 Domini

186 531 237 592 in
281 529 642 594 memoriam
692 530 865 613 quod
918 533 991 594 D.
1041 531 1116 594 N.
1170 536 1215 595 l.
1267 532 1341 594 C.
1392 549 1580 595 manu
1642 550 1751 595 sua

187 618 413 704 propria
490 636 711 681 omnes
789 618 1126 703 Apostolos
1203 617 1756 698 communicavit,

184 725 376 771 amnes
423 704 812 789 Presbyteri,
851 718 971 770 tam
1025 705 1375 788 Dignitates
1419 724 1609 789 quam
1645 709 1753 770 Ca·

183 793 364 858 nonici
389 804 455 857 et
481 793 901 875 mansionarii,
930 792 1464 858 communionem
1499 803 1755 858 sumant

182 882 250 945 de
293 900 476 945 manu
529 878 820 967 Episcopi
867 881 969 945 vel
1021 880 1283 946 alterius
1323 881 1750 961 celebrantis,

185 981 350 1054 prout
397 968 589 1032 etiam
639 967 990 1053 antiquitus
1039 969 1101 1033 in
1139 968 1306 1032 dicta
1340 969 1621 1033 Ecclesia
1654 969 1752 1035 Ci-

186 1057 421 1122 ritaten.
477 1058 847 1121 servabatur
883 1077 945 1120 v.
1002 1061 1076 1120 Et
1128 1056 1207 1119 ita
1259 1056 1509 1121 censuit.
1541 1077 1610 1122 ac
1643 1058 1754 1139 de-

185 1144 474 1209 claravit..

185 1275 418 1388 eaeo.
661 1321 1254 1385 Pansaeoimnn.

563 1426 1345 1490 PRAECEDENTIAE.

1518 1319 1746 1404 (4354)

291 1584 375 1649 Ad
429 1581 830 1648 definiendas
892 1581 1232 1647 nonnullas
1286 1583 1751 1648 controversias

183 1686 406 1735 exortas
458 1671 626 1734 inter
672 1673 1107 1734 Promotorem
1161 1669 1466 1734 Fiscalem
1528 1670 1753 1735 curiae

183 1756 535 1846 episcopalis
589 1757 1161 1838 paderbornensis,
1218 1757 1583 1856 Capitulum
1640 1763 1753 1823 Ec-

181 1846 382 1910 clesiae
430 1844 828 1912 cathedralis
879 1857 941 1908 et
974 1845 1235 1910 (ilerum
1268 1846 1562 1910 eiusdem
1598 1847 1757 1912 Civi-

183 1937 300 1998 tatis
329 1954 408 1999 ex
446 1952 591 2013 una,
629 1944 820 2017 atque
870 1937 933 1996 P.
973 1934 1284 1998 Abbatem
1321 1944 1385 1999 et
1420 1935 1755 1998 Monachos

181 2027 233 2089 S.
265 2020 589 2087 Benedicti
639 2020 996 2085 monasterii
1048 2020 1130 2084 de
1178 2019 1526 2105 Abdingoff
1555 2040 1630 2086 ex
1668 2020 1752 2085 al·

61 2121 62 2126 ’
183 2123 290 2174 tera
323 2108 634 2195 partibus,
667 2127 862 2194 super
898 2111 1038 2172 iure
1072 2110 1509 2193 praecedendi
1544 2108 1608 2174 in
1643 2128 1758 2195 pu-

183 2197 335 2262 blicis
369 2196 925 2278 P1·ocessionibus;
978 2195 1104 2259 illis
1141 2198 1332 2263 modo
1364 2196 1439 2260 ad
1478 2201 1544 2262 S.
1576 2201 1650 2262 R.
1680 2200 1749 2262 c.

61 2359 62 2372 χ
177 2285 408 2366 delatis,
467 2289 659 2349 Emus
706 2296 772 2349 et
818 2287 1012 2349 Rmus
1058 2283 1361 2350 Dominus
1407 2283 1758 2349 cardinalis

179 2372 439 2437 Andreas
492 2371 734 2439 corsini
783 2376 1031 2438 Ponens
1090 2372 1487 2456 infrascripta
1537 2371 1754 2452 dubia,

61 2457 62 2466 ’
179 2461 324 2558 iuter
374 2472 587 2545 partes
657 2461 1065 2541 concordata,
1116 2460 1473 2525 decidenda
1527 2479 1760 2546 propo·

61 2565 64 2612 ἰ
179 2559 322 2614 suit:

295 2641 359 2701 1.
417 2643 512 2702 An
582 2635 809 2702 Abbati
877 2649 941 2701 et
1015 2636 1329 2702 Monachis
1403 2635 1762 2702 monasterii

61 2763 62 2770 κ
179 2724 678 2811 Abdingoffensis
724 2725 1037 2791 debeatur
1084 2725 1316 2790 futuris
1367 2723 1766 2810 temporibus

180 2813 612 2895 praecedentia
661 2833 724 2877 in
759 2814 1167 2879 processione
1199 2814 1268 2879 S.
1302 2812 1539 2879 Liborii
1573 2830 1764 2896 supra

178 2899 528 2986 Capitulum
575 2900 900 2965 Ecclesiae
947 2901 1344 2968 cathedralis
1394 2911 1459 2965 et
1505 2899 1765 2965 univer·

178 3008 298 3053 sum
365 2989 628 3055 clerum
697 2991 1066 3057 Secularem
1129 2989 1765 3070 Paderbornensem,

180 3086 285 3141 tam
339 3089 673 3162 praesente
723 3096 912 3162 quam
962 3076 1223 3142 absente
1272 3073 1635 3165 Episcopo?

292 3170 358 3230 2.
407 3170 505 3231 An
556 3164 761 3230 Abbas
794 3180 859 3232 et
895 3165 1175 3230 Monachi
1215 3166 1529 3249 praedicti
1567 3164 1761 3229 inter·

182 3255 384 3318 venire
432 3251 713 3319 debeant
760 3254 899 3318 aliis
947 3252 1220 3338 publicis
1255 3252 1772 3318 processionibus

182 3351 289 3404 tam
323 3341 654 3407 ordinariis
688 3360 880 3426 quam
913 3338 1480 3406 extraordinariis?
1512 3352 1575 3405 et
1616 3359 1771 3424 qua-

181 3438 354 3494 tenus
397 3429 801 3511 affirmative,

300 3522 360 3582 3.
413 3520 509 3582 An
560 3518 754 3582 etiam
791 3518 855 3582 in
888 3517 1075 3584 dictis
1107 3516 1625 3582 Processionibus
1659 3516 1769 3585 de-

182 3604 389 3668 beatur
433 3603 658 3671 Abbati
707 3616 772 3669 et
821 3603 1133 3671 Monacbis
1186 3603 1630 3691 praecedentia
1667 3624 1770 3669 su·

184 3710 280 3775 pra
323 3693 688 3779 Capitulum
736 3693 1134 3760 cathedralis
1166 3692 1490 3759 Ecclesiae
1523 3702 1588 3756 et
1629 3691 1768 3757 uni-

181 3796 420 3845 versum
476 3785 739 3848 clerum
804 3783 1201 3861 Secularem,
1255 3792 1379 3844 tam
1425 3791 1766 3864 praesente

61 3924 62 3927 ,
182 3886 352 3950 quam
401 3869 668 3935 absente
716 3866 1086 3956 Episcopo?

303 3961 373 4021 Et
419 3961 490 4022 S.
542 3961 619 4023 R.
661 3962 767 4040 C.,
817 3970 1089 4042 utraque
1158 3968 1338 4042 parte
1399 3955 1642 4042 scripto
1705 3968 1768 4020 et

184 4063 324 4109 voce
375 4046 761 4111 informante
812 4047 989 4131 prius
1060 4044 1297 4124 audita,
1348 4043 1629 4128 visisque
1680 4044 1770 4108 iu·

186 4131 340 4196 ribus
401 4133 549 4199 hinc
624 4133 773 4200 inde
843 4133 1176 4214 deductis,
1241 4133 1317 4198 ad
1387 4133 1767 4197 relationem

187 4220 461 4286 eiusdem
513 4221 652 4287 Emi
688 4234 755 4286 et
785 4222 924 4289 Rmi
972 4221 1221 4287 Domini
1263 4218 1612 4285 Cardinalis
1659 4224 1770 4283 Po·

187 4310 400 4392 nentis,
451 4312 938 4377 rescribendum
986 4307 1282 4374 censuit:

303 4401 393 4465 Ad
450 4403 509 4463 1.
563 4420 602 4461 ι
637 4400 952 4483 Negative
986 4421 1051 4461 ι.

305 4488 394 4551 Ad
450 4492 517 4552 2.
570 4509 607 4550 ‹
644 4487 1034 4552 Affirmative
1073 4508 1135 4551 ».

311 4576 402 4639 Ad
451 4580 521 4640 3.
569 4596 608 4637 α
643 4575 955 4661 Negative
990 4598 1050 4637 ι.

311 4666 382 4725 Et
442 4662 524 4727 ita
586 4663 932 4729 declaravit
994 4685 1059 4727 ac
1121 4662 1359 4727 servari
1423 4661 1812 4751 inandavit3

199 4750 296 4814 Die
342 4754 374 4815 7
425 4751 662 4835 Aprilis
715 4753 908 4816 1770.

309 4839 628 4903 Adversus
675 4848 890 4905 tamen
941 4840 1119 4904 istam
1179 4837 1638 4904 resolutionem
1689 4856 1767 4903 ex

197 4938 354 5006 parte
405 4930 470 4991 P.
498 4924 756 4991 Abbatis
793 4939 856 4991 et
892 4925 1340 4992 monachorum
1377 4926 1532 4991 dicti
1570 4930 1773 4991 Mona-

197 5014 378 5095 sterii,
428 5014 711 5099 expetita
779 5025 843 5077 et
891 5013 1152 5079 obtenta
1206 5033 1363 5078 nova
1421 5013 1768 5095 audientia,

200 5109 255 5161 et
310 5101 488 5166 huius
539 5103 762 5188 vigore
825 5100 1221 5186 reproposita
1282 5121 1401 5187 per
1466 5101 1768 5165 eumdem

205 5188 406 5255 Binum
453 5202 516 5254 et
567 5194 792 5255 Rmum
848 5190 1182 5255 Dominum
1225 5189 1626 5255 cardinalem
1662 5194 1770 5253 Po-

321 5386 393 5454 ‹t›
431 5388 488 5442 E.
534 5385 676 5443 nub.
720 5386 766 5449 1,
801 5384 836 5439 2
873 5392 928 5441 el
965 5385 1023 5440 5.

1849 452 2111 510 nentem
2158 442 2526 510 huiusmodi
2578 442 3008 508 controversia
3054 463 3249 530 super
3281 463 3449 509 novo

1852 531 2077 613 dubio,
2133 529 2481 596 videlicet:
2545 533 2636 595 An
2682 530 2762 596 sit
2808 531 3141 614 standum,
3192 532 3299 596 vel
3350 552 3449 596 re-

1854 619 2223 683 cedendum
2271 640 2299 681 a
2350 615 2637 683 Decisis‘?

1984 708 2049 772 S.
2089 705 2317 770 eadem
2368 709 2443 771 R.
2477 709 2578 787 C.,
2629 705 2868 791 scripto
2915 706 3161 791 pariter
3192 716 3257 771 et
3292 727 3450 772 voce

1854 803 2125 877 utraque
2175 804 2355 879 parte
2406 794 2553 859 hinc
2604 793 2753 859 inde
2797 793 3175 858 informante
3213 794 3447 858 iterum

1852 880 2092 962 audita,
2143 892 2206 945 et
2255 899 2336 945 ex
2387 882 2638 946 noviter
2685 881 3023 963 deductiS,
3075 880 3447 969 rescripsit‘:

1856 989 1893 1030 ς
1929 973 1993 1035 ln
2044 968 2313 1045 decisis;
2366 981 2428 1032 et
2477 969 2751 1055 amplius
2786 990 2849 1033 v.
2901 972 2981 1034 Et
3029 968 3109 1033 ita
3157 968 3453 1034 decrevit

1858 1077 1926 1121 ac
1959 1057 2200 1122 servari
2236 1057 2579 1124 mandavit.
2610 1058 2721 1122 Die
2748 1060 2831 1122 22
2854 1056 3225 1122 Decembris
3256 1060 3448 1123 1770.

1861 1233 2110 1302 2491.
2479 1235 2850 1299 MELITEN.
3224 1237 3447 1322 (4356)

1989 1411 2163 1471 Inter
2212 1410 2648 1472 Promotorem
2698 1407 3005 1474 Fiscalem
3052 1410 3276 1476 Curiae
3320 1411 3457 1497 epi-

1855 1494 2125 1580 scopalis
2172 1494 2458 1560 Meliten.
2515 1513 2593 1559 ex
2644 1515 2791 1577 una,
2840 1507 2907 1561 et
2954 1501 3211 1563 Petrum
3261 1503 3459 1565 Anto·

1856 1582 2033 1647 nium
2105 1583 2187 1648 de
2259 1582 2480 1648 Amico
2543 1586 2852 1668 lnguane's
2916 1584 3452 1652 Archidiaconum

1857 1671 2180 1736 Ecclesiae
2228 1671 2624 1736 cathedralis
2672 1672 2879 1736 dictae
2927 1672 3208 1738 civitatis
3257 1695 3333 1739 ex
3369 1675 3456 1739 al-

1861 1772 1990 1822 tera
2028 1758 2338 1844 partibus,
2372 1772 2590 1823 exorta
2625 1761 3055 1826 controversia
3084 1782 3158 1826 su
3209 1782 3280 1827 er
3317 1762 3456 1826 loco

1854 1865 1980 1930 quo
2031 1846 2244 1910 dictus
2290 1846 2819 1930 Archidiaconus,
2870 1848 3169 1914 Pontifica
3204 1849 3344 1914 ibus
3374 1869 3460 1913 as·

1853 1932 2109 2014 sistens,
2162 1933 2394 1998 debeat
2440 1953 2703 2000 sumere
2750 1955 2922 2000 sacra
2960 1947 3323 2022 paramenta
3357 1935 3459 2001 iis-

1856 2040 1983 2104 que
2032 2039 2173 2086 sese
2224 2021 2532 2088 induere:
2586 2022 2823 2107 illaque
2871 2025 2948 2090 ad
2998 2027 3065 2088 S.
3100 2029 3179 2090 R.
3222 2028 3296 2090 c.
3346 2026 3459 2091 de-

1859 2111 2004 2192 lata,
2058 2108 2534 2194 infrascriptum
2583 2110 2882 2194 dubium,
2924 2129 3138 2176 coram
3188 2117 3346 2178 Emo
3394 2123 3458 2177 et

1857 2202 2014 2263 Rmo
2065 2202 2248 2262 Dom.
2301 2198 2616 2264 Cardinali
2677 2198 2899 2263 Boschi
2972 2202 3457 2281 concordatum,

1858 2285 2295 2352 decidendum
2344 2285 2748 2371 propositum
2797 2285 2945 2368 fuit,
2995 2307 3279 2375 nempe:

1907 2439 1912 2446 Α
1993 2377 2087 2438 An
2137 2373 2635 2439 Archidiaconus
2683 2374 2883 2461 prima
2931 2375 3213 2461 Dignitas
3248 2376 3461 2441 Eccle-

1857 2464 1984 2526 siae
2018 2461 2413 2528 cathedralis
2448 2460 2762 2544 Meliten„
2796 2462 3094 2528 assistens
3142 2474 3459 2549 tamquam

1859 2548 2201 2635 Presbyter
2248 2550 2566 2636 Episcopo
2615 2549 2677 2616 in
2724 2550 3222 2635 Pontificalibus,
3255 2550 3460 2616 valeat

1861 2657 1929 2703 se
1964 2636 2236 2702 induere
2266 2650 2331 2702 et
2362 2657 2609 2704 exuere
2635 2637 2826 2703 sacris
2849 2639 3235 2738 paramentis
3265 2657 3463 2724 super

1864 2726 2036 2792 Solio
2073 2726 2135 2790 in
2170 2727 2310 2790 loco
2354 2726 2594 2812 proprii
2628 2742 2904 2800 scamni;
2958 2728 3059 2792 vel
3114 2729 3324 2811 potius
3356 2727 3465 2791 de-

1862 2813 2175 2878 scendere
2223 2813 2453 2879 debeat
2500 2814 2576 2879 ad
2640 2813 3084 2880 immediatum
3141 2813 3467 2902 gradum?

1997 2903 2076 2964 Et
2124 2905 2189 2966 S.
2241 2904 2314 2966 R.
2368 2904 2471 2983 C.,
2526 2913 2797 2986 utraque
2858 2914 3042 2988 parte
3102 2902 3342 2989 scripto
3399 2911 3462 2966 et

1863 3009 2020 3054 voce
2056 2990 2436 3056 informante
2470 2990 2711 3071 audita,
2740 2989 3013 3074 visisque
3040 2990 3288 3057 iuribus
3317 2991 3463 3055 hinc

1865 3077 2014 3141 inde
2065 3078 2406 3159 deductis,
2458 3080 2534 3143 ad
2583 3076 2959 3144 relationem
3013 3078 3275 3164 praefati
3324 3077 3462 3143 Emi

1868 3164 2188 3248 Ponentis,
2218 3166 2704 3231 rescribendum
2732 3166 3018 3229 censuit:
3054 3188 3091 3229 ς
3128 3165 3462 3251 Negative,

1863 3252 1939 3316 ad
1993 3251 2259 3337 primam
2308 3265 2600 3338 partem;
2652 3251 3069 3334 Affirmative,
3106 3254 3182 3319 ad
3229 3272 3465 3319 secun-

1867 3341 2056 3416 dam;
2109 3351 2171 3406 et
2220 3340 2494 3428 amplius
2528 3363 2593 3405 ι.
2646 3345 2721 3405 Ει
2768 3340 2851 3404 ita
2898 3339 3190 3405 decrevit
3238 3362 3304 3405 ac
3339 3360 3468 3404 ser-

1869 3431 1999 3493 vari
2050 3429 2391 3494 mandavit.
2446 3429 2557 3493 Die
2613 3432 2687 3495 17
2738 3430 3009 3514 Augusti
3063 3431 3257 3494 1771.

1873 3584 2129 3653 2492.
2513 3586 2822 3650 caninis
3239 3588 3465 3673 (4357)

2050 3692 2567 3757 EREMt'rARUM
2604 3693 3289 3759 eXCALCEArouun

2402 3801 2933 3866 S.Aueusnni

2141 3905 2606 3969 rnovmciAE
2672 3906 3203 3970 MEDIOLANEN.

2002 4045 2291 4110 Director
2339 4044 2694 4110 calendarii
2740 4043 2990 4111 Ordinis
3041 4047 3467 4113 Eremitarum

1872 4138 1937 4199 S.
1977 4131 2313 4218 Augustini
2366 4131 2891 4197 Discalceatorum
2940 4132 3301 4199 Provinciae
3348 4139 3469 4199 Me-

1874 4222 2262 4288 diolanensis
2309 4221 2477 4305 apud
2513 4223 2675 4287 S.R.
2704 4224 2774 4285 c.
2815 4220 3181 4286 humillime
3228 4221 3473 4308 suppli-

1872 4311 2036 4374 cavit
2086 4329 2201 4395 pro
2252 4308 2679 4374 declaratione
2728 4309 3057 4392 sequentis
3112 4310 3332 4394 dubii,
3385 4312 3473 4374 vi-

1873 4397 2156 4463 delic'et:
2212 4398 2306 4480 (1)

2008 4490 2074 4551 ln
2104 4487 2279 4549 Missa
2305 4484 2501 4551 Officii
2529 4485 3155 4550 commemorationis
3186 4505 3472 4551 omnium

1871 4578 2295 4654 Sanctorum,
2349 4591 2625 4656 quorum
2674 4573 3005 4657 Reliquiae
3072 4572 3131 4637 in
3196 4574 3475 4659 propriis

1873 4661 2177 4726 Ecclesiis
2238 4674 2678 4745 asservantur,
2729 4660 3045 4745 aliquibus
3114 4665 3478 4747 Congrega-

1877 4748 2157 4814 tionibus
2205 4748 2517 4823 concessi,
2568 4748 2923 4833 quaeritur,
2956 4768 3082 4832 quo
3133 4749 3347 4814 colore
3384 4749 3477 4815 uti

1874 4836 2107 4902 debeat
2156 4836 2384 4901 albone
2437 4836 2540 4901 vel
2592 4836 2839 4902 rubeo?

2009 4928 2087 4989 Et
2137 4928 2199 4989 S.
2232 4927 2303 4989 R.
2345 4928 2446 5003 C.,
2497 4925 2715 4988 audito
2771 4926 2941 5009 prius
2990 4937 3140 4988 voto
3177 4925 3362 4991 unius
3398 4946 3477 4990 ex

1876 5013 2383 5097 Apostolicarum
2434 5012 2990 5077 caeremoniarum
3030 5014 3364 5100 magistris,
3402 5016 3477 5079 ad

1853 5101 2252 5187 ‘relationem
2310 5100 2441 5164 Emi
2494 5113 2557 5164 et
2606 5101 2742 5165 Rmi
2796 5104 2866 5166 D.
2904 5102 3090 5167 Card.
3129 5103 3478 5167 Alexandri

1877 5188 2097 5253 Albani
2171 5189 2512 5270 Ponentis,
2579 5190 3105 5274 respondendum
3177 5190 3473 5255 censuit:
