<?xml version="1.0" encoding="UTF-8"?>
<!DOCTYPE html PUBLIC "-//W3C//DTD XHTML 1.0 Transitional//EN"
    "http://www.w3.org/TR/xhtml1/DTD/xhtml1-transitional.dtd">
<html xmlns="http://www.w3.org/1999/xhtml" xml:lang="en" lang="en">
 <head>
  <title>
</title>
<meta http-equiv="Content-Type" content="text/html;charset=utf-8" />
  <meta name='ocr-system' content='tesseract 3.04.00' />
  <meta name='ocr-capabilities' content='ocr_page ocr_carea ocr_par ocr_line ocrx_word'/>
</head>
<body>
  <div class='ocr_page' id='page_1' title='image "./decretaauthenti00ritugoog_0472.png"; bbox 0 0 4042 5950; ppageno 0'>
   <div class='ocr_carea' id='block_1_1' title="bbox 1985 259 2460 339">
    <p class='ocr_par' dir='ltr' id='par_1_1' title="bbox 1985 259 2460 339">
     <span class='ocr_line' id='line_1_1' title="bbox 1985 259 2460 339; baseline -0.002 -21"><span class='ocrx_word' id='word_1_1' title='bbox 1985 259 2460 339; x_wconf 66' lang='lat'><strong><em>„424-</em></strong></span> 
     </span>
    </p>
   </div>
   <div class='ocr_carea' id='block_1_2' title="bbox 580 416 2173 948">
    <p class='ocr_par' dir='ltr' id='par_1_2' title="bbox 580 416 2171 600">
     <span class='ocr_line' id='line_1_2' title="bbox 580 416 2171 507; baseline -0.004 -18"><span class='ocrx_word' id='word_1_2' title='bbox 580 421 977 504; x_wconf 78' lang='lat' dir='ltr'><strong>Vaticanum,</strong></span> <span class='ocrx_word' id='word_1_3' title='bbox 1013 421 1338 488; x_wconf 76' lang='lat' dir='ltr'><strong>referente</strong></span> <span class='ocrx_word' id='word_1_4' title='bbox 1382 417 1743 507; x_wconf 87' lang='lat' dir='ltr'><strong>subscripto</strong></span> <span class='ocrx_word' id='word_1_5' title='bbox 1780 416 2171 500; x_wconf 79' lang='lat' dir='ltr'><strong>secretario,</strong></span> 
     </span>
     <span class='ocr_line' id='line_1_3' title="bbox 583 506 1962 600; baseline -0.003 -24"><span class='ocrx_word' id='word_1_6' title='bbox 583 508 925 600; x_wconf 85' lang='lat' dir='ltr'><strong>praedictis</strong></span> <span class='ocrx_word' id='word_1_7' title='bbox 972 507 1182 576; x_wconf 88' lang='lat' dir='ltr'><strong>dubiis</strong></span> <span class='ocrx_word' id='word_1_8' title='bbox 1227 509 1621 594; x_wconf 87' lang='lat' dir='ltr'><strong>respondere</strong></span> <span class='ocrx_word' id='word_1_9' title='bbox 1669 506 1962 573; x_wconf 87' lang='lat' dir='ltr'><strong>censuit:</strong></span> 
     </span>
    </p>

    <p class='ocr_par' dir='ltr' id='par_1_3' title="bbox 716 595 1438 683">
     <span class='ocr_line' id='line_1_4' title="bbox 716 595 1438 683; baseline 0 -21"><span class='ocrx_word' id='word_1_10' title='bbox 716 598 810 665; x_wconf 81' lang='lat' dir='ltr'><strong>Ad</strong></span> <span class='ocrx_word' id='word_1_11' title='bbox 859 603 907 664; x_wconf 86' lang='lat'><strong>1.</strong></span> <span class='ocrx_word' id='word_1_12' title='bbox 958 619 997 662; x_wconf 67' lang='lat' dir='ltr'><strong>s</strong></span> <span class='ocrx_word' id='word_1_13' title='bbox 1028 595 1337 683; x_wconf 85' lang='lat' dir='ltr'><strong>Negative</strong></span> <span class='ocrx_word' id='word_1_14' title='bbox 1372 616 1438 662; x_wconf 79' lang='lat'><strong>›.</strong></span> 
     </span>
    </p>

    <p class='ocr_par' dir='ltr' id='par_1_4' title="bbox 713 682 1468 770">
     <span class='ocr_line' id='line_1_5' title="bbox 713 682 1468 770; baseline -0.007 -17"><span class='ocrx_word' id='word_1_15' title='bbox 713 685 810 753; x_wconf 81' lang='lat' dir='ltr'><strong>Ad</strong></span> <span class='ocrx_word' id='word_1_16' title='bbox 857 688 934 752; x_wconf 90' lang='lat'><strong>11.</strong></span> <span class='ocrx_word' id='word_1_17' title='bbox 982 707 1021 750; x_wconf 67' lang='lat' dir='ltr'><strong>s</strong></span> <span class='ocrx_word' id='word_1_18' title='bbox 1054 682 1362 770; x_wconf 77' lang='lat' dir='ltr'><strong>Negative</strong></span> <span class='ocrx_word' id='word_1_19' title='bbox 1397 705 1468 749; x_wconf 85' lang='lat'><strong>».</strong></span> 
     </span>
    </p>

    <p class='ocr_par' dir='ltr' id='par_1_5' title="bbox 585 770 2173 948">
     <span class='ocr_line' id='line_1_6' title="bbox 718 770 2173 860; baseline -0.001 -21"><span class='ocrx_word' id='word_1_20' title='bbox 718 773 813 840; x_wconf 84' lang='lat' dir='ltr'><strong>Ad</strong></span> <span class='ocrx_word' id='word_1_21' title='bbox 866 777 967 840; x_wconf 87' lang='lat'>111.</span> <span class='ocrx_word' id='word_1_22' title='bbox 1014 795 1053 838; x_wconf 64' lang='grc' dir='ltr'><strong><em>α</em></strong></span> <span class='ocrx_word' id='word_1_23' title='bbox 1088 773 1152 839; x_wconf 89' lang='lat' dir='ltr'><strong>Si</strong></span> <span class='ocrx_word' id='word_1_24' title='bbox 1201 770 1514 860; x_wconf 80' lang='lat' dir='ltr'><strong>Episcopo</strong></span> <span class='ocrx_word' id='word_1_25' title='bbox 1547 770 1814 837; x_wconf 91' lang='lat' dir='ltr'><strong>minime</strong></span> <span class='ocrx_word' id='word_1_26' title='bbox 1848 770 2173 856; x_wconf 88' lang='lat' dir='ltr'><strong>assistunt,</strong></span> 
     </span>
     <span class='ocr_line' id='line_1_7' title="bbox 585 861 991 948; baseline 0 -22"><span class='ocrx_word' id='word_1_27' title='bbox 585 861 891 948; x_wconf 88' lang='lat' dir='ltr'><strong>Negative</strong></span> <span class='ocrx_word' id='word_1_28' title='bbox 924 882 991 926; x_wconf 59' lang='grc' dir='ltr'><strong>ν.</strong></span> 
     </span>
    </p>
   </div>
   <div class='ocr_carea' id='block_1_3' title="bbox 715 945 2171 1104">
    <p class='ocr_par' dir='ltr' id='par_1_6' title="bbox 715 945 2171 1104">
     <span class='ocr_line' id='line_1_8' title="bbox 715 945 2171 1035; baseline -0.003 -20"><span class='ocrx_word' id='word_1_29' title='bbox 715 953 927 1035; x_wconf 81' lang='lat' dir='ltr'><strong>Atque</strong></span> <span class='ocrx_word' id='word_1_30' title='bbox 959 948 1040 1014; x_wconf 89' lang='lat' dir='ltr'><strong>ita</strong></span> <span class='ocrx_word' id='word_1_31' title='bbox 1072 945 1398 1033; x_wconf 78' lang='lat' dir='ltr'><strong>rescripsit</strong></span> <span class='ocrx_word' id='word_1_32' title='bbox 1428 966 1498 1012; x_wconf 91' lang='lat' dir='ltr'><strong>ac</strong></span> <span class='ocrx_word' id='word_1_33' title='bbox 1540 949 1779 1014; x_wconf 86' lang='lat' dir='ltr'><strong>servari</strong></span> <span class='ocrx_word' id='word_1_34' title='bbox 1827 945 2171 1014; x_wconf 83' lang='lat' dir='ltr'><strong>mandavit.</strong></span> 
     </span>
     <span class='ocr_line' id='line_1_9' title="bbox 716 1035 1458 1104; baseline -0.003 -1"><span class='ocrx_word' id='word_1_35' title='bbox 716 1035 832 1104; x_wconf 89' lang='lat' dir='ltr'><strong>Die</strong></span> <span class='ocrx_word' id='word_1_36' title='bbox 878 1039 964 1104; x_wconf 76' lang='lat' dir='ltr'><strong>st</strong></span> <span class='ocrx_word' id='word_1_37' title='bbox 1009 1035 1210 1102; x_wconf 72' lang='lat' dir='ltr'><strong>Martii</strong></span> <span class='ocrx_word' id='word_1_38' title='bbox 1262 1037 1458 1102; x_wconf 86' lang='grc'><strong>1860.</strong></span> 
     </span>
    </p>
   </div>
   <div class='ocr_carea' id='block_1_4' title="bbox 585 1212 1650 1283">
    <p class='ocr_par' dir='ltr' id='par_1_7' title="bbox 585 1212 1650 1283">
     <span class='ocr_line' id='line_1_10' title="bbox 585 1212 1650 1283; baseline -0.002 -2"><span class='ocrx_word' id='word_1_39' title='bbox 585 1212 854 1283; x_wconf 78' lang='lat'><strong>3095.</strong></span> <span class='ocrx_word' id='word_1_40' title='bbox 1098 1214 1650 1280; x_wconf 80' lang='lat' dir='ltr'><strong>BEVERLACEN.</strong></span> 
     </span>
    </p>
   </div>
   <div class='ocr_carea' id='block_1_5' title="bbox 589 1211 2190 3411">
    <p class='ocr_par' dir='ltr' id='par_1_8' title="bbox 1941 1211 2171 1299">
     <span class='ocr_line' id='line_1_11' title="bbox 1941 1211 2171 1299; baseline 0.009 -21"><span class='ocrx_word' id='word_1_41' title='bbox 1941 1211 2171 1299; x_wconf 72' lang='lat'>(5298)</span> 
     </span>
    </p>

    <p class='ocr_par' dir='ltr' id='par_1_9' title="bbox 589 1383 2181 1650">
     <span class='ocr_line' id='line_1_12' title="bbox 715 1383 2176 1475; baseline 0 -21"><span class='ocrx_word' id='word_1_42' title='bbox 715 1392 911 1454; x_wconf 69' lang='lat' dir='ltr'><strong>limus</strong></span> <span class='ocrx_word' id='word_1_43' title='bbox 942 1387 1241 1454; x_wconf 86' lang='lat' dir='ltr'><strong>Dominus</strong></span> <span class='ocrx_word' id='word_1_44' title='bbox 1272 1391 1534 1453; x_wconf 88' lang='lat' dir='ltr'><strong>Ioannes</strong></span> <span class='ocrx_word' id='word_1_45' title='bbox 1564 1383 1789 1472; x_wconf 78' lang='lat' dir='ltr'><strong>Briggs</strong></span> <span class='ocrx_word' id='word_1_46' title='bbox 1822 1383 2176 1475; x_wconf 80' lang='lat' dir='ltr'><strong>Episcopus</strong></span> 
     </span>
     <span class='ocr_line' id='line_1_13' title="bbox 589 1474 2181 1562; baseline -0.001 -18"><span class='ocrx_word' id='word_1_47' title='bbox 589 1476 1001 1544; x_wconf 80' lang='lat' dir='ltr'><strong>Deverlacen.</strong></span> <span class='ocrx_word' id='word_1_48' title='bbox 1049 1496 1083 1540; x_wconf 89' lang='lat' dir='ltr'><strong>a</strong></span> <span class='ocrx_word' id='word_1_49' title='bbox 1130 1479 1311 1543; x_wconf 89' lang='lat' dir='ltr'><strong>Sacra</strong></span> <span class='ocrx_word' id='word_1_50' title='bbox 1357 1474 1620 1541; x_wconf 82' lang='lat' dir='ltr'><strong>Rituum</strong></span> <span class='ocrx_word' id='word_1_51' title='bbox 1665 1475 2181 1562; x_wconf 74' lang='lat' dir='ltr'><strong>congregatione</strong></span> 
     </span>
     <span class='ocr_line' id='line_1_14' title="bbox 590 1562 1577 1650; baseline -0.003 -19"><span class='ocrx_word' id='word_1_52' title='bbox 590 1563 952 1631; x_wconf 80' lang='lat' dir='ltr'><strong>humillime</strong></span> <span class='ocrx_word' id='word_1_53' title='bbox 1000 1563 1305 1631; x_wconf 89' lang='lat' dir='ltr'><strong>declarari</strong></span> <span class='ocrx_word' id='word_1_54' title='bbox 1353 1562 1577 1650; x_wconf 74' lang='lat' dir='ltr'><strong>petiitz</strong></span> 
     </span>
    </p>

    <p class='ocr_par' dir='ltr' id='par_1_10' title="bbox 721 1650 2181 1719">
     <span class='ocr_line' id='line_1_15' title="bbox 721 1650 2181 1719; baseline -0.001 0"><span class='ocrx_word' id='word_1_55' title='bbox 721 1650 994 1719; x_wconf 88' lang='lat' dir='ltr'><strong>Dubium</strong></span> <span class='ocrx_word' id='word_1_56' title='bbox 1039 1657 1092 1719; x_wconf 92' lang='lat'><strong>1.</strong></span> <span class='ocrx_word' id='word_1_57' title='bbox 1138 1655 1233 1718; x_wconf 75' lang='lat' dir='ltr'><strong>An</strong></span> <span class='ocrx_word' id='word_1_58' title='bbox 1281 1661 1660 1718; x_wconf 86' lang='lat' dir='ltr'><strong>occurrente</strong></span> <span class='ocrx_word' id='word_1_59' title='bbox 1721 1653 1907 1717; x_wconf 81' lang='lat' dir='ltr'><strong>Festo</strong></span> <span class='ocrx_word' id='word_1_60' title='bbox 1967 1654 2181 1717; x_wconf 86' lang='lat' dir='ltr'><strong>Patro-</strong></span> 
     </span>
    </p>

    <p class='ocr_par' dir='ltr' id='par_1_11' title="bbox 592 1737 2187 2883">
     <span class='ocr_line' id='line_1_16' title="bbox 592 1737 2184 1838; baseline -0.001 -30"><span class='ocrx_word' id='word_1_61' title='bbox 592 1739 738 1808; x_wconf 89' lang='lat' dir='ltr'><strong>cinii</strong></span> <span class='ocrx_word' id='word_1_62' title='bbox 770 1745 842 1807; x_wconf 85' lang='grc' dir='ltr'><strong>Β.</strong></span> <span class='ocrx_word' id='word_1_63' title='bbox 877 1739 1103 1806; x_wconf 77' lang='lat' dir='ltr'><strong>Mariae</strong></span> <span class='ocrx_word' id='word_1_64' title='bbox 1151 1739 1428 1824; x_wconf 74' lang='lat' dir='ltr'><strong>Virginis</strong></span> <span class='ocrx_word' id='word_1_65' title='bbox 1475 1739 1601 1805; x_wconf 86' lang='lat' dir='ltr'><strong>ritu</strong></span> <span class='ocrx_word' id='word_1_66' title='bbox 1646 1737 1892 1838; x_wconf 83' lang='lat' dir='ltr'><strong>duplici</strong></span> <span class='ocrx_word' id='word_1_67' title='bbox 1938 1737 2184 1827; x_wconf 82' lang='lat' dir='ltr'><strong>primae</strong></span> 
     </span>
     <span class='ocr_line' id='line_1_17' title="bbox 592 1824 2177 1912; baseline 0 -19"><span class='ocrx_word' id='word_1_68' title='bbox 592 1827 805 1894; x_wconf 83' lang='lat' dir='ltr'><strong>classis</strong></span> <span class='ocrx_word' id='word_1_69' title='bbox 837 1844 985 1894; x_wconf 89' lang='lat' dir='ltr'><strong>cum</strong></span> <span class='ocrx_word' id='word_1_70' title='bbox 1010 1838 1250 1911; x_wconf 87' lang='lat' dir='ltr'><strong>octava,</strong></span> <span class='ocrx_word' id='word_1_71' title='bbox 1279 1826 1499 1893; x_wconf 89' lang='lat' dir='ltr'><strong>ultima</strong></span> <span class='ocrx_word' id='word_1_72' title='bbox 1521 1824 1808 1894; x_wconf 80' lang='lat' dir='ltr'><strong>Octobris</strong></span> <span class='ocrx_word' id='word_1_73' title='bbox 1832 1827 2177 1912; x_wconf 87' lang='lat' dir='ltr'><strong>Dominica,</strong></span> 
     </span>
     <span class='ocr_line' id='line_1_18' title="bbox 592 1913 2181 2001; baseline 0 -19"><span class='ocrx_word' id='word_1_74' title='bbox 592 1934 738 1982; x_wconf 89' lang='lat' dir='ltr'><strong>cum</strong></span> <span class='ocrx_word' id='word_1_75' title='bbox 768 1919 953 1982; x_wconf 84' lang='lat' dir='ltr'><strong>Festo</strong></span> <span class='ocrx_word' id='word_1_76' title='bbox 985 1917 1359 1982; x_wconf 87' lang='lat' dir='ltr'><strong>Sanctorum</strong></span> <span class='ocrx_word' id='word_1_77' title='bbox 1406 1913 1858 2001; x_wconf 79' lang='lat' dir='ltr'><strong>Apostolorum</strong></span> <span class='ocrx_word' id='word_1_78' title='bbox 1908 1913 2181 1982; x_wconf 76' lang='lat' dir='ltr'><strong>Simonis</strong></span> 
     </span>
     <span class='ocr_line' id='line_1_19' title="bbox 593 2001 2180 2089; baseline -0.001 -19"><span class='ocrx_word' id='word_1_79' title='bbox 593 2013 658 2070; x_wconf 91' lang='lat' dir='ltr'><strong>et</strong></span> <span class='ocrx_word' id='word_1_80' title='bbox 720 2003 952 2087; x_wconf 85' lang='lat' dir='ltr'><strong>Iudae,</strong></span> <span class='ocrx_word' id='word_1_81' title='bbox 1001 2003 1436 2089; x_wconf 88' lang='lat' dir='ltr'><strong>translatoque</strong></span> <span class='ocrx_word' id='word_1_82' title='bbox 1490 2004 1659 2068; x_wconf 84' lang='lat' dir='ltr'><strong>iuxta</strong></span> <span class='ocrx_word' id='word_1_83' title='bbox 1716 2001 2016 2070; x_wconf 83' lang='lat' dir='ltr'><strong>Rubricas</strong></span> <span class='ocrx_word' id='word_1_84' title='bbox 2073 2022 2180 2069; x_wconf 93' lang='lat' dir='ltr'><strong>eo-</strong></span> 
     </span>
     <span class='ocr_line' id='line_1_20' title="bbox 592 2089 2178 2178; baseline -0.001 -20"><span class='ocrx_word' id='word_1_85' title='bbox 592 2091 897 2158; x_wconf 91' lang='lat' dir='ltr'><strong>rumdem</strong></span> <span class='ocrx_word' id='word_1_86' title='bbox 949 2090 1404 2178; x_wconf 81' lang='lat' dir='ltr'><strong>Apostolorum</strong></span> <span class='ocrx_word' id='word_1_87' title='bbox 1470 2095 1695 2174; x_wconf 85' lang='lat' dir='ltr'><strong>Festo,</strong></span> <span class='ocrx_word' id='word_1_88' title='bbox 1745 2089 1852 2157; x_wconf 92' lang='lat' dir='ltr'><strong>die</strong></span> <span class='ocrx_word' id='word_1_89' title='bbox 1915 2110 2178 2178; x_wconf 88' lang='lat' dir='ltr'><strong>praece-</strong></span> 
     </span>
     <span class='ocr_line' id='line_1_21' title="bbox 593 2177 2179 2247; baseline 0.001 -1"><span class='ocrx_word' id='word_1_90' title='bbox 593 2179 771 2246; x_wconf 89' lang='lat' dir='ltr'><strong>denti</strong></span> <span class='ocrx_word' id='word_1_91' title='bbox 815 2178 1062 2246; x_wconf 87' lang='lat' dir='ltr'><strong>scilicet</strong></span> <span class='ocrx_word' id='word_1_92' title='bbox 1106 2183 1187 2246; x_wconf 77' lang='lat'><strong>27</strong></span> <span class='ocrx_word' id='word_1_93' title='bbox 1233 2178 1519 2245; x_wconf 83' lang='lat' dir='ltr'><strong>Octobris</strong></span> <span class='ocrx_word' id='word_1_94' title='bbox 1563 2177 1704 2244; x_wconf 85' lang='lat' dir='ltr'><strong>fleri</strong></span> <span class='ocrx_word' id='word_1_95' title='bbox 1749 2178 1977 2245; x_wconf 89' lang='lat' dir='ltr'><strong>debeat</strong></span> <span class='ocrx_word' id='word_1_96' title='bbox 2035 2179 2179 2247; x_wconf 84' lang='lat' dir='ltr'><strong>Offi-</strong></span> 
     </span>
     <span class='ocr_line' id='line_1_22' title="bbox 593 2265 2179 2355; baseline 0 -23"><span class='ocrx_word' id='word_1_97' title='bbox 593 2265 764 2334; x_wconf 90' lang='lat' dir='ltr'><strong>cium</strong></span> <span class='ocrx_word' id='word_1_98' title='bbox 789 2266 875 2335; x_wconf 93' lang='lat' dir='ltr'><strong>de</strong></span> <span class='ocrx_word' id='word_1_99' title='bbox 897 2266 1125 2355; x_wconf 82' lang='lat' dir='ltr'><strong>Vigilia</strong></span> <span class='ocrx_word' id='word_1_100' title='bbox 1151 2270 1526 2334; x_wconf 86' lang='lat' dir='ltr'><strong>Sanctorum</strong></span> <span class='ocrx_word' id='word_1_101' title='bbox 1554 2265 1826 2332; x_wconf 89' lang='lat' dir='ltr'><strong>Simonis</strong></span> <span class='ocrx_word' id='word_1_102' title='bbox 1859 2278 1925 2333; x_wconf 89' lang='lat' dir='ltr'><strong>et</strong></span> <span class='ocrx_word' id='word_1_103' title='bbox 1956 2265 2179 2351; x_wconf 85' lang='lat' dir='ltr'><strong>Iudae,</strong></span> 
     </span>
     <span class='ocr_line' id='line_1_23' title="bbox 593 2354 2182 2423; baseline 0.001 -4"><span class='ocrx_word' id='word_1_104' title='bbox 593 2373 663 2420; x_wconf 90' lang='lat' dir='ltr'><strong>ac</strong></span> <span class='ocrx_word' id='word_1_105' title='bbox 695 2354 747 2421; x_wconf 90' lang='lat' dir='ltr'><strong>si</strong></span> <span class='ocrx_word' id='word_1_106' title='bbox 781 2373 1005 2422; x_wconf 89' lang='lat' dir='ltr'><strong>eorum</strong></span> <span class='ocrx_word' id='word_1_107' title='bbox 1038 2358 1299 2422; x_wconf 81' lang='lat' dir='ltr'><strong>Festum</strong></span> <span class='ocrx_word' id='word_1_108' title='bbox 1333 2355 1704 2422; x_wconf 87' lang='lat' dir='ltr'><strong>translatum</strong></span> <span class='ocrx_word' id='word_1_109' title='bbox 1737 2355 2001 2423; x_wconf 89' lang='lat' dir='ltr'><strong>minime</strong></span> <span class='ocrx_word' id='word_1_110' title='bbox 2034 2354 2182 2422; x_wconf 79' lang='lat' dir='ltr'><strong>fuis-</strong></span> 
     </span>
     <span class='ocr_line' id='line_1_24' title="bbox 593 2440 1579 2528; baseline -0.001 -19"><span class='ocrx_word' id='word_1_111' title='bbox 593 2454 689 2509; x_wconf 87' lang='lat' dir='ltr'><strong>set</strong></span> <span class='ocrx_word' id='word_1_112' title='bbox 711 2440 745 2510; x_wconf 75' lang='lat'><strong>?</strong></span> <span class='ocrx_word' id='word_1_113' title='bbox 788 2453 854 2509; x_wconf 89' lang='lat' dir='ltr'><strong>et</strong></span> <span class='ocrx_word' id='word_1_114' title='bbox 898 2452 1210 2527; x_wconf 87' lang='lat' dir='ltr'><strong>quatenus</strong></span> <span class='ocrx_word' id='word_1_115' title='bbox 1255 2440 1579 2528; x_wconf 85' lang='lat' dir='ltr'><strong>negative,</strong></span> 
     </span>
     <span class='ocr_line' id='line_1_25' title="bbox 629 2529 2183 2604; baseline 0.001 -8"><span class='ocrx_word' id='word_1_116' title='bbox 629 2553 638 2562; x_wconf 89' lang='lat'><strong>·</strong></span> <span class='ocrx_word' id='word_1_117' title='bbox 725 2529 998 2604; x_wconf 88' lang='lat' dir='ltr'><strong>Dubium</strong></span> <span class='ocrx_word' id='word_1_118' title='bbox 1045 2533 1121 2596; x_wconf 90' lang='lat'><strong>11.</strong></span> <span class='ocrx_word' id='word_1_119' title='bbox 1195 2531 1289 2595; x_wconf 78' lang='lat' dir='ltr'><strong>An</strong></span> <span class='ocrx_word' id='word_1_120' title='bbox 1356 2530 1524 2597; x_wconf 90' lang='lat' dir='ltr'><strong>dicta</strong></span> <span class='ocrx_word' id='word_1_121' title='bbox 1593 2530 1698 2598; x_wconf 89' lang='lat' dir='ltr'><strong>die</strong></span> <span class='ocrx_word' id='word_1_122' title='bbox 1756 2535 1836 2599; x_wconf 77' lang='lat'><strong>27</strong></span> <span class='ocrx_word' id='word_1_123' title='bbox 1896 2530 2183 2598; x_wconf 88' lang='lat' dir='ltr'><strong>Octobris</strong></span> 
     </span>
     <span class='ocr_line' id='line_1_26' title="bbox 595 2616 2187 2687; baseline 0.003 -4"><span class='ocrx_word' id='word_1_124' title='bbox 595 2616 736 2683; x_wconf 85' lang='lat' dir='ltr'><strong>fieri</strong></span> <span class='ocrx_word' id='word_1_125' title='bbox 782 2616 1012 2684; x_wconf 89' lang='lat' dir='ltr'><strong>debeat</strong></span> <span class='ocrx_word' id='word_1_126' title='bbox 1072 2617 1155 2684; x_wconf 90' lang='lat' dir='ltr'><strong>de</strong></span> <span class='ocrx_word' id='word_1_127' title='bbox 1197 2616 1414 2684; x_wconf 87' lang='lat' dir='ltr'><strong>Officio</strong></span> <span class='ocrx_word' id='word_1_128' title='bbox 1470 2617 1685 2685; x_wconf 87' lang='lat' dir='ltr'><strong>votivo</strong></span> <span class='ocrx_word' id='word_1_129' title='bbox 1742 2620 2187 2687; x_wconf 78' lang='lat' dir='ltr'><strong>immaculatae</strong></span> 
     </span>
     <span class='ocr_line' id='line_1_27' title="bbox 595 2703 2183 2807; baseline 0.002 -36"><span class='ocrx_word' id='word_1_130' title='bbox 595 2703 1046 2793; x_wconf 79' lang='lat' dir='ltr'><strong>conceptionis</strong></span> <span class='ocrx_word' id='word_1_131' title='bbox 1106 2709 1178 2771; x_wconf 85' lang='grc' dir='ltr'><strong>Β.</strong></span> <span class='ocrx_word' id='word_1_132' title='bbox 1229 2707 1312 2772; x_wconf 78' lang='lat' dir='ltr'><strong>nt.</strong></span> <span class='ocrx_word' id='word_1_133' title='bbox 1360 2708 1437 2774; x_wconf 81' lang='lat' dir='ltr'><strong>V.</strong></span> <span class='ocrx_word' id='word_1_134' title='bbox 1500 2725 1622 2807; x_wconf 81' lang='lat' dir='ltr'><strong>pro</strong></span> <span class='ocrx_word' id='word_1_135' title='bbox 1682 2706 1963 2774; x_wconf 88' lang='lat' dir='ltr'><strong>Sabbatis</strong></span> <span class='ocrx_word' id='word_1_136' title='bbox 2019 2708 2183 2774; x_wconf 87' lang='lat' dir='ltr'><strong>intra</strong></span> 
     </span>
     <span class='ocr_line' id='line_1_28' title="bbox 597 2792 1892 2883; baseline 0.003 -25"><span class='ocrx_word' id='word_1_137' title='bbox 597 2809 834 2858; x_wconf 90' lang='lat' dir='ltr'><strong>annum</strong></span> <span class='ocrx_word' id='word_1_138' title='bbox 879 2810 1208 2878; x_wconf 88' lang='lat' dir='ltr'><strong>concesso,</strong></span> <span class='ocrx_word' id='word_1_139' title='bbox 1261 2803 1547 2881; x_wconf 79' lang='lat' dir='ltr'><strong>exceptis</strong></span> <span class='ocrx_word' id='word_1_140' title='bbox 1592 2792 1892 2883; x_wconf 74' lang='lat' dir='ltr'><strong>Vigiliis?</strong></span> 
     </span>
    </p>

    <p class='ocr_par' dir='ltr' id='par_1_12' title="bbox 597 2881 2190 3233">
     <span class='ocr_line' id='line_1_29' title="bbox 729 2881 2189 2971; baseline 0.002 -24"><span class='ocrx_word' id='word_1_141' title='bbox 729 2882 913 2947; x_wconf 85' lang='lat' dir='ltr'><strong>Sacra</strong></span> <span class='ocrx_word' id='word_1_142' title='bbox 958 2898 1150 2968; x_wconf 89' lang='lat' dir='ltr'><strong>porro</strong></span> <span class='ocrx_word' id='word_1_143' title='bbox 1195 2881 1456 2951; x_wconf 83' lang='lat' dir='ltr'><strong>Rituum</strong></span> <span class='ocrx_word' id='word_1_144' title='bbox 1501 2883 1954 2971; x_wconf 85' lang='lat' dir='ltr'><strong>congregatio,</strong></span> <span class='ocrx_word' id='word_1_145' title='bbox 1989 2884 2054 2952; x_wconf 91' lang='lat' dir='ltr'><strong>in</strong></span> <span class='ocrx_word' id='word_1_146' title='bbox 2081 2889 2189 2953; x_wconf 88' lang='lat' dir='ltr'><strong>Or-</strong></span> 
     </span>
     <span class='ocr_line' id='line_1_30' title="bbox 599 2964 2188 3042; baseline 0.005 -8"><span class='ocrx_word' id='word_1_147' title='bbox 599 2964 858 3035; x_wconf 87' lang='lat' dir='ltr'><strong>dinariis</strong></span> <span class='ocrx_word' id='word_1_148' title='bbox 899 2968 1185 3037; x_wconf 88' lang='lat' dir='ltr'><strong>comitiis</strong></span> <span class='ocrx_word' id='word_1_149' title='bbox 1215 2969 1292 3037; x_wconf 90' lang='lat' dir='ltr'><strong>ad</strong></span> <span class='ocrx_word' id='word_1_150' title='bbox 1326 2969 1695 3039; x_wconf 78' lang='lat' dir='ltr'><strong>Vaticanum</strong></span> <span class='ocrx_word' id='word_1_151' title='bbox 1742 2971 2048 3041; x_wconf 87' lang='lat' dir='ltr'><strong>hodierna</strong></span> <span class='ocrx_word' id='word_1_152' title='bbox 2078 2974 2188 3042; x_wconf 89' lang='lat' dir='ltr'><strong>die</strong></span> 
     </span>
     <span class='ocr_line' id='line_1_31' title="bbox 597 3055 2190 3147; baseline 0.004 -24"><span class='ocrx_word' id='word_1_153' title='bbox 597 3055 850 3140; x_wconf 86' lang='lat' dir='ltr'><strong>habitis,</strong></span> <span class='ocrx_word' id='word_1_154' title='bbox 898 3057 1241 3126; x_wconf 78' lang='lat' dir='ltr'><strong>relerente-</strong></span> <span class='ocrx_word' id='word_1_155' title='bbox 1270 3057 1629 3145; x_wconf 87' lang='lat' dir='ltr'><strong>subscripto</strong></span> <span class='ocrx_word' id='word_1_156' title='bbox 1673 3061 2053 3147; x_wconf 79' lang='lat' dir='ltr'><strong>secretario,</strong></span> <span class='ocrx_word' id='word_1_157' title='bbox 2087 3082 2190 3129; x_wconf 89' lang='lat' dir='ltr'><strong>re-</strong></span> 
     </span>
     <span class='ocr_line' id='line_1_32' title="bbox 599 3143 1396 3233; baseline 0 -22"><span class='ocrx_word' id='word_1_158' title='bbox 599 3143 1053 3233; x_wconf 88' lang='lat' dir='ltr'><strong>spondendum</strong></span> <span class='ocrx_word' id='word_1_159' title='bbox 1102 3145 1396 3215; x_wconf 84' lang='lat' dir='ltr'><strong>censuit:</strong></span> 
     </span>
    </p>

    <p class='ocr_par' dir='ltr' id='par_1_13' title="bbox 730 3233 1570 3304">
     <span class='ocr_line' id='line_1_33' title="bbox 730 3233 1570 3304; baseline 0.005 -6"><span class='ocrx_word' id='word_1_160' title='bbox 730 3233 829 3300; x_wconf 80' lang='lat' dir='ltr'><strong>Ad</strong></span> <span class='ocrx_word' id='word_1_161' title='bbox 876 3238 925 3301; x_wconf 91' lang='lat'><strong>1.</strong></span> <span class='ocrx_word' id='word_1_162' title='bbox 975 3257 1014 3300; x_wconf 64' lang='grc' dir='ltr'><strong><em>α</em></strong></span> <span class='ocrx_word' id='word_1_163' title='bbox 1047 3235 1436 3304; x_wconf 84' lang='lat' dir='ltr'><strong>Affirmative</strong></span> <span class='ocrx_word' id='word_1_164' title='bbox 1473 3257 1570 3302; x_wconf 39' lang='grc' dir='ltr'><strong>»Γ</strong></span> 
     </span>
    </p>

    <p class='ocr_par' dir='ltr' id='par_1_14' title="bbox 733 3320 2075 3411">
     <span class='ocr_line' id='line_1_34' title="bbox 733 3320 2075 3411; baseline 0.006 -26"><span class='ocrx_word' id='word_1_165' title='bbox 733 3320 828 3388; x_wconf 84' lang='lat' dir='ltr'><strong>Ad</strong></span> <span class='ocrx_word' id='word_1_166' title='bbox 876 3326 952 3389; x_wconf 90' lang='lat'><strong>11.</strong></span> <span class='ocrx_word' id='word_1_167' title='bbox 1003 3344 1042 3387; x_wconf 64' lang='grc' dir='ltr'><strong><em>α</em></strong></span> <span class='ocrx_word' id='word_1_168' title='bbox 1076 3323 1406 3390; x_wconf 85' lang='lat' dir='ltr'><strong>Provisum</strong></span> <span class='ocrx_word' id='word_1_169' title='bbox 1451 3324 1516 3390; x_wconf 94' lang='lat' dir='ltr'><strong>in</strong></span> <span class='ocrx_word' id='word_1_170' title='bbox 1560 3325 1977 3411; x_wconf 86' lang='lat' dir='ltr'><strong>praecedenti</strong></span> <span class='ocrx_word' id='word_1_171' title='bbox 2010 3350 2075 3394; x_wconf 76' lang='lat'><strong>›.</strong></span> 
     </span>
    </p>
   </div>
   <div class='ocr_carea' id='block_1_6' title="bbox 732 3409 2185 3568">
    <p class='ocr_par' dir='ltr' id='par_1_15' title="bbox 732 3409 2185 3568">
     <span class='ocr_line' id='line_1_35' title="bbox 733 3409 2185 3499; baseline 0.006 -26"><span class='ocrx_word' id='word_1_172' title='bbox 733 3409 944 3496; x_wconf 79' lang='lat' dir='ltr'><strong>Atque</strong></span> <span class='ocrx_word' id='word_1_173' title='bbox 989 3412 1073 3478; x_wconf 90' lang='lat' dir='ltr'><strong>ita</strong></span> <span class='ocrx_word' id='word_1_174' title='bbox 1118 3410 1445 3499; x_wconf 87' lang='lat' dir='ltr'><strong>rescripsit</strong></span> <span class='ocrx_word' id='word_1_175' title='bbox 1473 3431 1545 3480; x_wconf 91' lang='lat' dir='ltr'><strong>ac</strong></span> <span class='ocrx_word' id='word_1_176' title='bbox 1572 3414 1812 3481; x_wconf 88' lang='lat' dir='ltr'><strong>servari</strong></span> <span class='ocrx_word' id='word_1_177' title='bbox 1842 3415 2185 3483; x_wconf 86' lang='lat' dir='ltr'><strong>mandavit.</strong></span> 
     </span>
     <span class='ocr_line' id='line_1_36' title="bbox 732 3496 1473 3568; baseline 0.008 -7"><span class='ocrx_word' id='word_1_178' title='bbox 732 3496 849 3563; x_wconf 90' lang='lat' dir='ltr'><strong>Die</strong></span> <span class='ocrx_word' id='word_1_179' title='bbox 895 3500 979 3565; x_wconf 77' lang='lat'><strong>24</strong></span> <span class='ocrx_word' id='word_1_180' title='bbox 1026 3500 1227 3566; x_wconf 76' lang='lat' dir='ltr'><strong>Martii</strong></span> <span class='ocrx_word' id='word_1_181' title='bbox 1280 3502 1473 3568; x_wconf 87' lang='grc'><strong>1860.</strong></span> 
     </span>
    </p>
   </div>
   <div class='ocr_carea' id='block_1_7' title="bbox 605 3670 1657 3743">
    <p class='ocr_par' dir='ltr' id='par_1_16' title="bbox 605 3670 1657 3743">
     <span class='ocr_line' id='line_1_37' title="bbox 605 3670 1657 3743; baseline 0.002 -5"><span class='ocrx_word' id='word_1_182' title='bbox 605 3670 876 3740; x_wconf 81' lang='grc'><strong>3096.</strong></span> <span class='ocrx_word' id='word_1_183' title='bbox 1139 3674 1526 3743; x_wconf 77' lang='lat' dir='ltr'><strong>BARCINON</strong></span> <span class='ocrx_word' id='word_1_184' title='bbox 1531 3677 1657 3742; x_wconf 87' lang='lat' dir='ltr'><strong>EN.</strong></span> 
     </span>
    </p>
   </div>
   <div class='ocr_carea' id='block_1_8' title="bbox 601 3680 2201 5264">
    <p class='ocr_par' dir='ltr' id='par_1_17' title="bbox 1962 3680 2187 3768">
     <span class='ocr_line' id='line_1_38' title="bbox 1962 3680 2187 3768; baseline 0.009 -23"><span class='ocrx_word' id='word_1_185' title='bbox 1962 3680 2187 3768; x_wconf 69' lang='lat'>(3299)</span> 
     </span>
    </p>

    <p class='ocr_par' dir='ltr' id='par_1_18' title="bbox 601 3848 2196 4617">
     <span class='ocr_line' id='line_1_39' title="bbox 734 3848 2187 3926; baseline 0.006 -12"><span class='ocrx_word' id='word_1_186' title='bbox 734 3848 942 3926; x_wconf 88' lang='lat' dir='ltr'><strong>Quum</strong></span> <span class='ocrx_word' id='word_1_187' title='bbox 993 3849 1385 3917; x_wconf 87' lang='lat' dir='ltr'><strong>cathedralis</strong></span> <span class='ocrx_word' id='word_1_188' title='bbox 1435 3851 1714 3918; x_wconf 82' lang='lat' dir='ltr'><strong>Ecclesia</strong></span> <span class='ocrx_word' id='word_1_189' title='bbox 1769 3853 2187 3922; x_wconf 89' lang='lat' dir='ltr'><strong>Barcinonen.</strong></span> 
     </span>
     <span class='ocr_line' id='line_1_40' title="bbox 603 3936 2190 4011; baseline 0.005 -9"><span class='ocrx_word' id='word_1_190' title='bbox 603 3936 777 4003; x_wconf 86' lang='lat' dir='ltr'><strong>iussu</strong></span> <span class='ocrx_word' id='word_1_191' title='bbox 837 3938 1083 4007; x_wconf 90' lang='lat' dir='ltr'><strong>Summi</strong></span> <span class='ocrx_word' id='word_1_192' title='bbox 1146 3937 1465 4006; x_wconf 85' lang='lat' dir='ltr'><strong>Pontificis</strong></span> <span class='ocrx_word' id='word_1_193' title='bbox 1521 3941 1867 4009; x_wconf 82' lang='lat' dir='ltr'><strong>Alexandri</strong></span> <span class='ocrx_word' id='word_1_194' title='bbox 1913 3946 2020 4011; x_wconf 82' lang='lat' dir='ltr'><strong>VII</strong></span> <span class='ocrx_word' id='word_1_195' title='bbox 2083 3964 2190 4010; x_wconf 92' lang='lat' dir='ltr'><strong>an-</strong></span> 
     </span>
     <span class='ocr_line' id='line_1_41' title="bbox 603 4025 2187 4114; baseline 0.004 -24"><span class='ocrx_word' id='word_1_196' title='bbox 603 4043 686 4091; x_wconf 91' lang='lat' dir='ltr'><strong>no</strong></span> <span class='ocrx_word' id='word_1_197' title='bbox 737 4027 902 4091; x_wconf 93' lang='grc'><strong>1661</strong></span> <span class='ocrx_word' id='word_1_198' title='bbox 950 4025 1348 4114; x_wconf 80' lang='lat' dir='ltr'><strong>Apostolicae</strong></span> <span class='ocrx_word' id='word_1_199' title='bbox 1395 4026 1746 4095; x_wconf 71' lang='lat' dir='ltr'><strong>visitationi</strong></span> <span class='ocrx_word' id='word_1_200' title='bbox 1793 4031 1989 4098; x_wconf 77' lang='lat' dir='ltr'><strong>luerit</strong></span> <span class='ocrx_word' id='word_1_201' title='bbox 2043 4030 2187 4099; x_wconf 89' lang='lat' dir='ltr'><strong>suh-</strong></span> 
     </span>
     <span class='ocr_line' id='line_1_42' title="bbox 604 4112 2192 4202; baseline 0.004 -24"><span class='ocrx_word' id='word_1_202' title='bbox 604 4112 789 4194; x_wconf 88' lang='lat' dir='ltr'><strong>iecta‚</strong></span> <span class='ocrx_word' id='word_1_203' title='bbox 843 4112 1131 4183; x_wconf 88' lang='lat' dir='ltr'><strong>eiusdem</strong></span> <span class='ocrx_word' id='word_1_204' title='bbox 1178 4113 1501 4182; x_wconf 86' lang='lat' dir='ltr'><strong>Ecclesiae</strong></span> <span class='ocrx_word' id='word_1_205' title='bbox 1549 4117 1869 4202; x_wconf 89' lang='lat' dir='ltr'><strong>canonici,</strong></span> <span class='ocrx_word' id='word_1_206' title='bbox 1918 4118 2192 4185; x_wconf 86' lang='lat' dir='ltr'><strong>auctori·</strong></span> 
     </span>
     <span class='ocr_line' id='line_1_43' title="bbox 601 4199 2192 4290; baseline 0.006 -26"><span class='ocrx_word' id='word_1_207' title='bbox 601 4208 731 4266; x_wconf 88' lang='lat' dir='ltr'><strong>tate</strong></span> <span class='ocrx_word' id='word_1_208' title='bbox 778 4199 1165 4270; x_wconf 75' lang='lat' dir='ltr'><strong>visitationis</strong></span> <span class='ocrx_word' id='word_1_209' title='bbox 1198 4203 1385 4270; x_wconf 84' lang='lat' dir='ltr'><strong>huius</strong></span> <span class='ocrx_word' id='word_1_210' title='bbox 1417 4204 1725 4290; x_wconf 88' lang='lat' dir='ltr'><strong>invocata,</strong></span> <span class='ocrx_word' id='word_1_211' title='bbox 1759 4216 2015 4272; x_wconf 88' lang='lat' dir='ltr'><strong>veteres</strong></span> <span class='ocrx_word' id='word_1_212' title='bbox 2043 4226 2192 4274; x_wconf 88' lang='lat' dir='ltr'><strong>suos</strong></span> 
     </span>
     <span class='ocr_line' id='line_1_44' title="bbox 604 4286 2191 4387; baseline 0.005 -33"><span class='ocrx_word' id='word_1_213' title='bbox 604 4306 754 4387; x_wconf 73' lang='lat' dir='ltr'><strong>usus</strong></span> <span class='ocrx_word' id='word_1_214' title='bbox 800 4286 1090 4358; x_wconf 83' lang='lat' dir='ltr'><strong>Rubricis</strong></span> <span class='ocrx_word' id='word_1_215' title='bbox 1134 4310 1205 4358; x_wconf 92' lang='lat' dir='ltr'><strong>ac</strong></span> <span class='ocrx_word' id='word_1_216' title='bbox 1252 4292 1590 4359; x_wconf 85' lang='lat' dir='ltr'><strong>Sacrorum</strong></span> <span class='ocrx_word' id='word_1_217' title='bbox 1620 4291 1880 4360; x_wconf 82' lang='lat' dir='ltr'><strong>Rituum</strong></span> <span class='ocrx_word' id='word_1_218' title='bbox 1909 4296 2191 4381; x_wconf 86' lang='lat' dir='ltr'><strong>Congre-</strong></span> 
     </span>
     <span class='ocr_line' id='line_1_45' title="bbox 603 4376 2193 4463; baseline 0.008 -24"><span class='ocrx_word' id='word_1_219' title='bbox 603 4376 873 4461; x_wconf 82' lang='lat' dir='ltr'><strong>gationis</strong></span> <span class='ocrx_word' id='word_1_220' title='bbox 927 4378 1210 4446; x_wconf 88' lang='lat' dir='ltr'><strong>Decretis</strong></span> <span class='ocrx_word' id='word_1_221' title='bbox 1273 4380 1656 4463; x_wconf 87' lang='lat' dir='ltr'><strong>contrarios,</strong></span> <span class='ocrx_word' id='word_1_222' title='bbox 1702 4379 2021 4449; x_wconf 88' lang='lat' dir='ltr'><strong>immutari</strong></span> <span class='ocrx_word' id='word_1_223' title='bbox 2077 4402 2193 4451; x_wconf 89' lang='lat' dir='ltr'><strong>seu</strong></span> 
     </span>
     <span class='ocr_line' id='line_1_46' title="bbox 604 4462 2196 4617; baseline 0.006 -89"><span class='ocrx_word' id='word_1_224' title='bbox 604 4462 937 4617; x_wconf 53' lang='lat' dir='ltr'><strong>Reformari</strong></span> <span class='ocrx_word' id='word_1_225' title='bbox 983 4467 1061 4534; x_wconf 90' lang='lat' dir='ltr'><strong>ab</strong></span> <span class='ocrx_word' id='word_1_226' title='bbox 1109 4466 1423 4556; x_wconf 88' lang='lat' dir='ltr'><strong>Episcopo</strong></span> <span class='ocrx_word' id='word_1_227' title='bbox 1447 4468 1636 4536; x_wconf 92' lang='lat' dir='ltr'><strong>·haud</strong></span> <span class='ocrx_word' id='word_1_228' title='bbox 1683 4485 1871 4556; x_wconf 87' lang='lat' dir='ltr'><strong>posse</strong></span> <span class='ocrx_word' id='word_1_229' title='bbox 1932 4482 2196 4539; x_wconf 89' lang='lat' dir='ltr'><strong>conten·</strong></span> 
     </span>
    </p>

    <p class='ocr_par' dir='ltr' id='par_1_19' title="bbox 656 4560 2053 4618">
     <span class='ocr_line' id='line_1_47' title="bbox 656 4560 2053 4618; baseline 0.004 0"><span class='ocrx_word' id='word_1_230' title='bbox 656 4560 796 4618; x_wconf 78' lang='lat' dir='ltr'><strong>unt.</strong></span> <span class='ocrx_word' id='word_1_231' title='bbox 2048 4590 2053 4597; x_wconf 94' lang='lat'><strong>·</strong></span> 
     </span>
    </p>

    <p class='ocr_par' dir='ltr' id='par_1_20' title="bbox 604 4642 2201 5264">
     <span class='ocr_line' id='line_1_48' title="bbox 734 4642 2194 4735; baseline 0.006 -29"><span class='ocrx_word' id='word_1_232' title='bbox 734 4642 872 4707; x_wconf 81' lang='lat' dir='ltr'><strong>Huc</strong></span> <span class='ocrx_word' id='word_1_233' title='bbox 941 4642 1232 4711; x_wconf 81' lang='lat' dir='ltr'><strong>referunt</strong></span> <span class='ocrx_word' id='word_1_234' title='bbox 1298 4644 1363 4710; x_wconf 93' lang='lat' dir='ltr'><strong>in</strong></span> <span class='ocrx_word' id='word_1_235' title='bbox 1432 4644 1654 4733; x_wconf 89' lang='lat' dir='ltr'><strong>primis</strong></span> <span class='ocrx_word' id='word_1_236' title='bbox 1710 4663 1938 4731; x_wconf 86' lang='lat' dir='ltr'><strong>usum,</strong></span> <span class='ocrx_word' id='word_1_237' title='bbox 1996 4666 2194 4735; x_wconf 87' lang='lat' dir='ltr'><strong>quem</strong></span> 
     </span>
     <span class='ocr_line' id='line_1_49' title="bbox 605 4727 2196 4820; baseline 0.006 -27"><span class='ocrx_word' id='word_1_238' title='bbox 605 4727 927 4815; x_wconf 87' lang='lat' dir='ltr'><strong>praedicta</strong></span> <span class='ocrx_word' id='word_1_239' title='bbox 973 4729 1343 4799; x_wconf 69' lang='lat' dir='ltr'><strong>visitatione</strong></span> <span class='ocrx_word' id='word_1_240' title='bbox 1389 4732 1775 4801; x_wconf 87' lang='lat' dir='ltr'><strong>anteriorem</strong></span> <span class='ocrx_word' id='word_1_241' title='bbox 1819 4735 2071 4820; x_wconf 90' lang='lat' dir='ltr'><strong>dicunt,</strong></span> <span class='ocrx_word' id='word_1_242' title='bbox 2131 4746 2196 4804; x_wconf 90' lang='lat' dir='ltr'><strong>et</strong></span> 
     </span>
     <span class='ocr_line' id='line_1_50' title="bbox 604 4816 2193 4912; baseline 0.007 -32"><span class='ocrx_word' id='word_1_243' title='bbox 604 4816 682 4882; x_wconf 88' lang='lat' dir='ltr'><strong>ab</strong></span> <span class='ocrx_word' id='word_1_244' title='bbox 729 4834 801 4884; x_wconf 89' lang='lat' dir='ltr'><strong>ea</strong></span> <span class='ocrx_word' id='word_1_245' title='bbox 847 4836 967 4883; x_wconf 89' lang='lat' dir='ltr'><strong>nec</strong></span> <span class='ocrx_word' id='word_1_246' title='bbox 999 4835 1303 4903; x_wconf 83' lang='lat' dir='ltr'><strong>expresse</strong></span> <span class='ocrx_word' id='word_1_247' title='bbox 1333 4838 1455 4887; x_wconf 89' lang='lat' dir='ltr'><strong>nec</strong></span> <span class='ocrx_word' id='word_1_248' title='bbox 1489 4821 1675 4888; x_wconf 89' lang='lat' dir='ltr'><strong>tacite</strong></span> <span class='ocrx_word' id='word_1_249' title='bbox 1722 4820 2193 4912; x_wconf 88' lang='lat' dir='ltr'><strong>improbatum;</strong></span> 
     </span>
     <span class='ocr_line' id='line_1_51' title="bbox 605 4903 2195 4991; baseline 0.007 -23"><span class='ocrx_word' id='word_1_250' title='bbox 605 4903 803 4970; x_wconf 83' lang='lat' dir='ltr'><strong>iuxta·</strong></span> <span class='ocrx_word' id='word_1_251' title='bbox 827 4924 1018 4991; x_wconf 90' lang='lat' dir='ltr'><strong>quam</strong></span> <span class='ocrx_word' id='word_1_252' title='bbox 1065 4905 1240 4973; x_wconf 76' lang='lat' dir='ltr'><strong>Missa</strong></span> <span class='ocrx_word' id='word_1_253' title='bbox 1278 4909 1731 4975; x_wconf 73' lang='lat' dir='ltr'><strong>conventualis</strong></span> <span class='ocrx_word' id='word_1_254' title='bbox 1762 4920 1915 4978; x_wconf 88' lang='lat' dir='ltr'><strong>tunc</strong></span> <span class='ocrx_word' id='word_1_255' title='bbox 1947 4922 2195 4980; x_wconf 91' lang='lat' dir='ltr'><strong>tantum</strong></span> 
     </span>
     <span class='ocr_line' id='line_1_52' title="bbox 605 4992 2198 5082; baseline 0.008 -27"><span class='ocrx_word' id='word_1_256' title='bbox 605 5008 640 5055; x_wconf 88' lang='lat' dir='ltr'><strong>a</strong></span> <span class='ocrx_word' id='word_1_257' title='bbox 684 4992 975 5079; x_wconf 87' lang='lat' dir='ltr'><strong>Capitulo</strong></span> <span class='ocrx_word' id='word_1_258' title='bbox 1022 5005 1310 5063; x_wconf 88' lang='lat' dir='ltr'><strong>cantatur</strong></span> <span class='ocrx_word' id='word_1_259' title='bbox 1353 5015 1555 5082; x_wconf 88' lang='lat' dir='ltr'><strong>quum</strong></span> <span class='ocrx_word' id='word_1_260' title='bbox 1614 4997 1788 5064; x_wconf 92' lang='lat' dir='ltr'><strong>nulla</strong></span> <span class='ocrx_word' id='word_1_261' title='bbox 1850 5011 2198 5069; x_wconf 83' lang='lat' dir='ltr'><strong>occurrunt</strong></span> 
     </span>
     <span class='ocr_line' id='line_1_53' title="bbox 606 5080 2197 5166; baseline 0.006 -23"><span class='ocrx_word' id='word_1_262' title='bbox 606 5080 1033 5166; x_wconf 85' lang='lat' dir='ltr'><strong>persolvenda</strong></span> <span class='ocrx_word' id='word_1_263' title='bbox 1094 5085 1571 5152; x_wconf 77' lang='lat' dir='ltr'><strong>Anniversaria:</strong></span> <span class='ocrx_word' id='word_1_264' title='bbox 1627 5105 1814 5154; x_wconf 90' lang='lat' dir='ltr'><strong>secus</strong></span> <span class='ocrx_word' id='word_1_265' title='bbox 1870 5088 2107 5156; x_wconf 84' lang='lat' dir='ltr'><strong>dicitur</strong></span> <span class='ocrx_word' id='word_1_266' title='bbox 2165 5107 2197 5152; x_wconf 88' lang='lat' dir='ltr'><strong>a</strong></span> 
     </span>
     <span class='ocr_line' id='line_1_54' title="bbox 604 5168 2201 5264; baseline 0.006 -31"><span class='ocrx_word' id='word_1_267' title='bbox 604 5168 1008 5253; x_wconf 88' lang='lat' dir='ltr'><strong>cappellanis</strong></span> <span class='ocrx_word' id='word_1_268' title='bbox 1055 5171 1407 5241; x_wconf 89' lang='lat' dir='ltr'><strong>inductitiis</strong></span> <span class='ocrx_word' id='word_1_269' title='bbox 1452 5172 1516 5241; x_wconf 91' lang='lat' dir='ltr'><strong>in</strong></span> <span class='ocrx_word' id='word_1_270' title='bbox 1573 5176 1874 5264; x_wconf 89' lang='lat' dir='ltr'><strong>cappella</strong></span> <span class='ocrx_word' id='word_1_271' title='bbox 1934 5179 2201 5244; x_wconf 79' lang='lat' dir='ltr'><strong>Sanctae</strong></span> 
     </span>
    </p>
   </div>
   <div class='ocr_carea' id='block_1_9' title="bbox 755 5356 1571 5433">
    <p class='ocr_par' dir='ltr' id='par_1_21' title="bbox 755 5356 1571 5433">
     <span class='ocr_line' id='line_1_55' title="bbox 755 5356 1571 5433; baseline 0.005 -15"><span class='ocrx_word' id='word_1_272' title='bbox 755 5356 837 5433; x_wconf 79' lang='grc'><strong>(1)</strong></span> <span class='ocrx_word' id='word_1_273' title='bbox 870 5361 934 5419; x_wconf 79' lang='grc' dir='ltr'><strong>Ε.</strong></span> <span class='ocrx_word' id='word_1_274' title='bbox 969 5362 1109 5421; x_wconf 78' lang='lat' dir='ltr'><strong>nuh.</strong></span> <span class='ocrx_word' id='word_1_275' title='bbox 1145 5363 1239 5432; x_wconf 79' lang='lat' dir='ltr'><strong>IV,</strong></span> <span class='ocrx_word' id='word_1_276' title='bbox 1275 5362 1326 5422; x_wconf 85' lang='lat' dir='ltr'><strong>V</strong></span> <span class='ocrx_word' id='word_1_277' title='bbox 1360 5371 1416 5423; x_wconf 86' lang='lat' dir='ltr'><strong>et</strong></span> <span class='ocrx_word' id='word_1_278' title='bbox 1452 5366 1571 5423; x_wconf 83' lang='lat' dir='ltr'><strong>vn.</strong></span> 
     </span>
    </p>
   </div>
   <div class='ocr_carea' id='block_1_10' title="bbox 2276 414 3995 498">
    <p class='ocr_par' dir='ltr' id='par_1_22' title="bbox 2276 414 3995 498">
     <span class='ocr_line' id='line_1_56' title="bbox 2276 414 3995 498; baseline -0.003 -13"><span class='ocrx_word' id='word_1_279' title='bbox 2276 415 2557 485; x_wconf 85' lang='lat' dir='ltr'><strong>Eulaliae</strong></span> <span class='ocrx_word' id='word_1_280' title='bbox 2600 415 2715 483; x_wconf 85' lang='lat' dir='ltr'><strong>sita</strong></span> <span class='ocrx_word' id='word_1_281' title='bbox 2759 416 2879 484; x_wconf 84' lang='lat' dir='ltr'><strong>sub</strong></span> <span class='ocrx_word' id='word_1_282' title='bbox 2923 423 3047 482; x_wconf 74' lang='lat' dir='ltr'><strong>Ara</strong></span> <span class='ocrx_word' id='word_1_283' title='bbox 3083 414 3331 498; x_wconf 89' lang='lat' dir='ltr'><strong>maiori,</strong></span> <span class='ocrx_word' id='word_1_284' title='bbox 3366 415 3528 482; x_wconf 89' lang='lat' dir='ltr'><strong>dum</strong></span> <span class='ocrx_word' id='word_1_285' title='bbox 3558 414 3625 481; x_wconf 90' lang='lat' dir='ltr'><strong>in</strong></span> <span class='ocrx_word' id='word_1_286' title='bbox 3654 414 3855 481; x_wconf 86' lang='lat' dir='ltr'><strong>choro</strong></span> <span class='ocrx_word' id='word_1_287' title='bbox 3994 473 3995 492; x_wconf 65' lang='grc'>,</span> 
     </span>
    </p>
   </div>
   <div class='ocr_carea' id='block_1_11' title="bbox 2274 502 3995 2180">
    <p class='ocr_par' dir='ltr' id='par_1_23' title="bbox 2274 502 3995 2180">
     <span class='ocr_line' id='line_1_57' title="bbox 2274 502 3857 605; baseline -0.003 -33"><span class='ocrx_word' id='word_1_288' title='bbox 2274 514 2562 572; x_wconf 89' lang='lat' dir='ltr'><strong>cantatur</strong></span> <span class='ocrx_word' id='word_1_289' title='bbox 2589 506 2837 605; x_wconf 78' lang='lat' dir='ltr'><strong>Prima;</strong></span> <span class='ocrx_word' id='word_1_290' title='bbox 2885 513 3281 604; x_wconf 75' lang='lat' dir='ltr'><strong>quapropter</strong></span> <span class='ocrx_word' id='word_1_291' title='bbox 3326 516 3454 569; x_wconf 88' lang='lat' dir='ltr'><strong>tam</strong></span> <span class='ocrx_word' id='word_1_292' title='bbox 3487 502 3857 603; x_wconf 76' lang='lat' dir='ltr'><strong>Anniversa-</strong></span> 
     </span>
     <span class='ocr_line' id='line_1_58' title="bbox 2275 592 3862 769; baseline -0.002 -22"><span class='ocrx_word' id='word_1_293' title='bbox 2275 610 2599 765; x_wconf 47' lang='lat' dir='ltr'><strong>3¹23ss</strong></span> <span class='ocrx_word' id='word_1_294' title='bbox 2632 592 3862 769; x_wconf 52' lang='lat' dir='ltr'><strong>”fflb‘ssz’ffimtffpttffis‘z‘z</strong></span> 
     </span>
     <span class='ocr_line' id='line_1_59' title="bbox 2275 767 3863 856; baseline -0.003 -20"><span class='ocrx_word' id='word_1_295' title='bbox 2275 786 2460 853; x_wconf 84' lang='lat' dir='ltr'><strong>nam;</strong></span> <span class='ocrx_word' id='word_1_296' title='bbox 2509 781 2699 856; x_wconf 86' lang='lat' dir='ltr'><strong>atque</strong></span> <span class='ocrx_word' id='word_1_297' title='bbox 2746 769 2963 836; x_wconf 70' lang='lat' dir='ltr'><strong>Missae</strong></span> <span class='ocrx_word' id='word_1_298' title='bbox 3002 767 3279 852; x_wconf 79' lang='lat' dir='ltr'><strong>feriales,</strong></span> <span class='ocrx_word' id='word_1_299' title='bbox 3328 767 3863 853; x_wconf 84' lang='lat' dir='ltr'><strong>quandocumque</strong></span> 
     </span>
     <span class='ocr_line' id='line_1_60' title="bbox 2278 853 3865 942; baseline -0.003 -19"><span class='ocrx_word' id='word_1_300' title='bbox 2278 870 2650 940; x_wconf 88' lang='lat' dir='ltr'><strong>occurrunt,</strong></span> <span class='ocrx_word' id='word_1_301' title='bbox 2711 875 2842 924; x_wconf 90' lang='lat' dir='ltr'><strong>non</strong></span> <span class='ocrx_word' id='word_1_302' title='bbox 2887 878 2920 923; x_wconf 89' lang='lat' dir='ltr'><strong>a</strong></span> <span class='ocrx_word' id='word_1_303' title='bbox 2966 855 3258 942; x_wconf 83' lang='lat' dir='ltr'><strong>Capitulo</strong></span> <span class='ocrx_word' id='word_1_304' title='bbox 3305 856 3370 923; x_wconf 90' lang='lat' dir='ltr'><strong>in</strong></span> <span class='ocrx_word' id='word_1_305' title='bbox 3414 853 3631 922; x_wconf 89' lang='lat' dir='ltr'><strong>choro</strong></span> <span class='ocrx_word' id='word_1_306' title='bbox 3676 854 3793 921; x_wconf 83' lang='lat' dir='ltr'><strong>sed</strong></span> <span class='ocrx_word' id='word_1_307' title='bbox 3829 875 3865 918; x_wconf 89' lang='lat' dir='ltr'><strong>a</strong></span> 
     </span>
     <span class='ocr_line' id='line_1_61' title="bbox 2275 943 3865 1033; baseline -0.002 -21"><span class='ocrx_word' id='word_1_308' title='bbox 2275 944 2679 1033; x_wconf 86' lang='lat' dir='ltr'><strong>cappellanis</strong></span> <span class='ocrx_word' id='word_1_309' title='bbox 2725 944 3079 1012; x_wconf 87' lang='lat' dir='ltr'><strong>inductitiis</strong></span> <span class='ocrx_word' id='word_1_310' title='bbox 3110 943 3175 1011; x_wconf 92' lang='lat' dir='ltr'><strong>in</strong></span> <span class='ocrx_word' id='word_1_311' title='bbox 3203 943 3533 1032; x_wconf 79' lang='lat' dir='ltr'><strong>praedicta</strong></span> <span class='ocrx_word' id='word_1_312' title='bbox 3566 943 3865 1029; x_wconf 86' lang='lat' dir='ltr'><strong>cappella</strong></span> 
     </span>
     <span class='ocr_line' id='line_1_62' title="bbox 2278 1031 3995 1101; baseline -0.004 0"><span class='ocrx_word' id='word_1_313' title='bbox 2278 1035 2345 1101; x_wconf 90' lang='lat' dir='ltr'><strong>S.</strong></span> <span class='ocrx_word' id='word_1_314' title='bbox 2383 1033 2664 1100; x_wconf 85' lang='lat' dir='ltr'><strong>Eulaliae</strong></span> <span class='ocrx_word' id='word_1_315' title='bbox 2709 1031 3140 1101; x_wconf 86' lang='lat' dir='ltr'><strong>celebrantur.</strong></span> <span class='ocrx_word' id='word_1_316' title='bbox 3994 1047 3995 1060; x_wconf 57' lang='lat'>¹</span> 
     </span>
     <span class='ocr_line' id='line_1_63' title="bbox 2409 1118 3865 1189; baseline -0.001 -3"><span class='ocrx_word' id='word_1_317' title='bbox 2409 1124 2543 1189; x_wconf 85' lang='lat' dir='ltr'><strong>Huc</strong></span> <span class='ocrx_word' id='word_1_318' title='bbox 2606 1118 2798 1187; x_wconf 84' lang='lat' dir='ltr'><strong>etiam</strong></span> <span class='ocrx_word' id='word_1_319' title='bbox 2858 1122 3150 1188; x_wconf 77' lang='lat' dir='ltr'><strong>referunt</strong></span> <span class='ocrx_word' id='word_1_320' title='bbox 3207 1138 3457 1187; x_wconf 89' lang='lat' dir='ltr'><strong>morem</strong></span> <span class='ocrx_word' id='word_1_321' title='bbox 3517 1119 3584 1186; x_wconf 88' lang='lat' dir='ltr'><strong>in</strong></span> <span class='ocrx_word' id='word_1_322' title='bbox 3644 1118 3865 1185; x_wconf 85' lang='lat' dir='ltr'><strong>eadem</strong></span> 
     </span>
     <span class='ocr_line' id='line_1_64' title="bbox 2279 1206 3867 1295; baseline -0.002 -19"><span class='ocrx_word' id='word_1_323' title='bbox 2279 1208 2640 1277; x_wconf 85' lang='lat' dir='ltr'><strong>Gathedrali</strong></span> <span class='ocrx_word' id='word_1_324' title='bbox 2687 1210 3045 1295; x_wconf 86' lang='lat' dir='ltr'><strong>vigentem,</strong></span> <span class='ocrx_word' id='word_1_325' title='bbox 3095 1226 3223 1294; x_wconf 87' lang='lat' dir='ltr'><strong>quo</strong></span> <span class='ocrx_word' id='word_1_326' title='bbox 3266 1207 3609 1277; x_wconf 89' lang='lat' dir='ltr'><strong>inductum</strong></span> <span class='ocrx_word' id='word_1_327' title='bbox 3651 1206 3774 1274; x_wconf 77' lang='lat' dir='ltr'><strong>luit</strong></span> <span class='ocrx_word' id='word_1_328' title='bbox 3800 1217 3867 1274; x_wconf 91' lang='lat' dir='ltr'><strong>ut</strong></span> 
     </span>
     <span class='ocr_line' id='line_1_65' title="bbox 2278 1296 3867 1384; baseline -0.001 -20"><span class='ocrx_word' id='word_1_329' title='bbox 2278 1300 2632 1384; x_wconf 86' lang='lat' dir='ltr'><strong>Episcopus</strong></span> <span class='ocrx_word' id='word_1_330' title='bbox 2661 1297 2908 1365; x_wconf 78' lang='lat' dir='ltr'><strong>Missam</strong></span> <span class='ocrx_word' id='word_1_331' title='bbox 2947 1296 3378 1366; x_wconf 79' lang='lat' dir='ltr'><strong>Pontificalem</strong></span> <span class='ocrx_word' id='word_1_332' title='bbox 3424 1297 3867 1364; x_wconf 84' lang='lat' dir='ltr'><strong>celebraturus</strong></span> 
     </span>
     <span class='ocr_line' id='line_1_66' title="bbox 2279 1384 3871 1471; baseline -0.003 -19"><span class='ocrx_word' id='word_1_333' title='bbox 2279 1388 2557 1453; x_wconf 80' lang='lat' dir='ltr'><strong>Tertiam</strong></span> <span class='ocrx_word' id='word_1_334' title='bbox 2586 1405 2715 1452; x_wconf 92' lang='lat' dir='ltr'><strong>non</strong></span> <span class='ocrx_word' id='word_1_335' title='bbox 2744 1385 2991 1452; x_wconf 86' lang='lat' dir='ltr'><strong>intonet</strong></span> <span class='ocrx_word' id='word_1_336' title='bbox 3038 1396 3102 1452; x_wconf 91' lang='lat' dir='ltr'><strong>et</strong></span> <span class='ocrx_word' id='word_1_337' title='bbox 3144 1385 3391 1452; x_wconf 73' lang='lat' dir='ltr'><strong>Missam</strong></span> <span class='ocrx_word' id='word_1_338' title='bbox 3426 1384 3698 1471; x_wconf 78' lang='lat' dir='ltr'><strong>incipiat</strong></span> <span class='ocrx_word' id='word_1_339' title='bbox 3734 1393 3871 1467; x_wconf 83' lang='lat' dir='ltr'><strong>post</strong></span> 
     </span>
     <span class='ocr_line' id='line_1_67' title="bbox 2278 1473 3873 1554; baseline -0.001 -14"><span class='ocrx_word' id='word_1_340' title='bbox 2278 1475 2559 1554; x_wconf 84' lang='lat' dir='ltr'><strong>Nonam;</strong></span> <span class='ocrx_word' id='word_1_341' title='bbox 2607 1485 2681 1540; x_wconf 90' lang='lat' dir='ltr'><strong>ut</strong></span> <span class='ocrx_word' id='word_1_342' title='bbox 2725 1474 2888 1541; x_wconf 88' lang='lat' dir='ltr'><strong>duos</strong></span> <span class='ocrx_word' id='word_1_343' title='bbox 2931 1473 3234 1542; x_wconf 87' lang='lat' dir='ltr'><strong>Diaconos</strong></span> <span class='ocrx_word' id='word_1_344' title='bbox 3260 1473 3631 1540; x_wconf 84' lang='lat' dir='ltr'><strong>assistentes</strong></span> <span class='ocrx_word' id='word_1_345' title='bbox 3660 1493 3697 1538; x_wconf 89' lang='lat' dir='ltr'><strong>a</strong></span> <span class='ocrx_word' id='word_1_346' title='bbox 3726 1475 3873 1539; x_wconf 85' lang='lat' dir='ltr'><strong>cae-</strong></span> 
     </span>
     <span class='ocr_line' id='line_1_68' title="bbox 2280 1558 3873 1649; baseline -0.002 -23"><span class='ocrx_word' id='word_1_347' title='bbox 2280 1563 2610 1629; x_wconf 88' lang='lat' dir='ltr'><strong>remoniali</strong></span> <span class='ocrx_word' id='word_1_348' title='bbox 2669 1560 3096 1649; x_wconf 87' lang='lat' dir='ltr'><strong>praescriptos</strong></span> <span class='ocrx_word' id='word_1_349' title='bbox 3143 1581 3270 1630; x_wconf 93' lang='lat' dir='ltr'><strong>non</strong></span> <span class='ocrx_word' id='word_1_350' title='bbox 3316 1560 3591 1638; x_wconf 82' lang='lat' dir='ltr'><strong>habeat;</strong></span> <span class='ocrx_word' id='word_1_351' title='bbox 3650 1558 3873 1628; x_wconf 85' lang='lat' dir='ltr'><strong>habeat</strong></span> 
     </span>
     <span class='ocr_line' id='line_1_69' title="bbox 2283 1647 3877 1735; baseline -0.001 -20"><span class='ocrx_word' id='word_1_352' title='bbox 2283 1668 2320 1715; x_wconf 91' lang='lat' dir='ltr'><strong>e</strong></span> <span class='ocrx_word' id='word_1_353' title='bbox 2367 1663 2584 1718; x_wconf 91' lang='lat' dir='ltr'><strong>contra</strong></span> <span class='ocrx_word' id='word_1_354' title='bbox 2634 1651 2775 1717; x_wconf 93' lang='lat' dir='ltr'><strong>loco</strong></span> <span class='ocrx_word' id='word_1_355' title='bbox 2821 1648 3010 1716; x_wconf 84' lang='lat' dir='ltr'><strong>unius</strong></span> <span class='ocrx_word' id='word_1_356' title='bbox 3052 1651 3213 1717; x_wconf 88' lang='lat' dir='ltr'><strong>duos</strong></span> <span class='ocrx_word' id='word_1_357' title='bbox 3257 1647 3677 1735; x_wconf 78' lang='lat' dir='ltr'><strong>Presbyteros</strong></span> <span class='ocrx_word' id='word_1_358' title='bbox 3730 1647 3877 1712; x_wconf 81' lang='lat' dir='ltr'><strong>assi·</strong></span> 
     </span>
     <span class='ocr_line' id='line_1_70' title="bbox 2279 1737 3875 1824; baseline -0.001 -22"><span class='ocrx_word' id='word_1_359' title='bbox 2279 1748 2549 1824; x_wconf 89' lang='lat' dir='ltr'><strong>stentes‚</strong></span> <span class='ocrx_word' id='word_1_360' title='bbox 2598 1743 2921 1805; x_wconf 89' lang='lat' dir='ltr'><strong>Decanum</strong></span> <span class='ocrx_word' id='word_1_361' title='bbox 2964 1737 3215 1807; x_wconf 90' lang='lat' dir='ltr'><strong>scilicet</strong></span> <span class='ocrx_word' id='word_1_362' title='bbox 3246 1749 3314 1805; x_wconf 90' lang='lat' dir='ltr'><strong>et</strong></span> <span class='ocrx_word' id='word_1_363' title='bbox 3343 1737 3739 1803; x_wconf 88' lang='lat' dir='ltr'><strong>Canonicum</strong></span> <span class='ocrx_word' id='word_1_364' title='bbox 3768 1754 3875 1800; x_wconf 86' lang='lat' dir='ltr'><strong>an-</strong></span> 
     </span>
     <span class='ocr_line' id='line_1_71' title="bbox 2280 1823 3873 1914; baseline -0.003 -22"><span class='ocrx_word' id='word_1_365' title='bbox 2280 1825 2652 1912; x_wconf 83' lang='lat' dir='ltr'><strong>tiquiorem,</strong></span> <span class='ocrx_word' id='word_1_366' title='bbox 2679 1824 3054 1914; x_wconf 84' lang='lat' dir='ltr'><strong>posthabitis</strong></span> <span class='ocrx_word' id='word_1_367' title='bbox 3070 1824 3517 1913; x_wconf 82' lang='lat' dir='ltr'><strong>Dignitatibus:</strong></span> <span class='ocrx_word' id='word_1_368' title='bbox 3545 1843 3703 1911; x_wconf 85' lang='lat' dir='ltr'><strong>quas</strong></span> <span class='ocrx_word' id='word_1_369' title='bbox 3726 1823 3873 1890; x_wconf 88' lang='lat' dir='ltr'><strong>ideo</strong></span> 
     </span>
     <span class='ocr_line' id='line_1_72' title="bbox 2284 1913 3878 2001; baseline -0.001 -22"><span class='ocrx_word' id='word_1_370' title='bbox 2284 1914 2542 1981; x_wconf 85' lang='lat' dir='ltr'><strong>excludi</strong></span> <span class='ocrx_word' id='word_1_371' title='bbox 2588 1913 2864 2001; x_wconf 88' lang='lat' dir='ltr'><strong>suspicio</strong></span> <span class='ocrx_word' id='word_1_372' title='bbox 2898 1924 2994 1979; x_wconf 91' lang='lat' dir='ltr'><strong>est</strong></span> <span class='ocrx_word' id='word_1_373' title='bbox 3024 1916 3194 1999; x_wconf 86' lang='lat' dir='ltr'><strong>quod</strong></span> <span class='ocrx_word' id='word_1_374' title='bbox 3226 1913 3578 1998; x_wconf 88' lang='lat' dir='ltr'><strong>Dignitates</strong></span> <span class='ocrx_word' id='word_1_375' title='bbox 3610 1931 3739 1979; x_wconf 90' lang='lat' dir='ltr'><strong>non</strong></span> <span class='ocrx_word' id='word_1_376' title='bbox 3782 1931 3878 1977; x_wconf 76' lang='lat' dir='ltr'><strong>es·</strong></span> 
     </span>
     <span class='ocr_line' id='line_1_73' title="bbox 2280 2001 3881 2090; baseline -0.001 -23"><span class='ocrx_word' id='word_1_377' title='bbox 2280 2011 2426 2068; x_wconf 88' lang='lat' dir='ltr'><strong>sent</strong></span> <span class='ocrx_word' id='word_1_378' title='bbox 2456 2003 2637 2087; x_wconf 91' lang='lat' dir='ltr'><strong>olim,</strong></span> <span class='ocrx_word' id='word_1_379' title='bbox 2664 2001 2849 2070; x_wconf 88' lang='lat' dir='ltr'><strong>sicuti</strong></span> <span class='ocrx_word' id='word_1_380' title='bbox 2883 2002 3078 2069; x_wconf 88' lang='lat' dir='ltr'><strong>hodie</strong></span> <span class='ocrx_word' id='word_1_381' title='bbox 3107 2013 3253 2090; x_wconf 91' lang='lat' dir='ltr'><strong>post</strong></span> <span class='ocrx_word' id='word_1_382' title='bbox 3283 2001 3705 2068; x_wconf 89' lang='lat' dir='ltr'><strong>novissimum</strong></span> <span class='ocrx_word' id='word_1_383' title='bbox 3730 2018 3881 2066; x_wconf 88' lang='lat' dir='ltr'><strong>con·</strong></span> 
     </span>
     <span class='ocr_line' id='line_1_74' title="bbox 2284 2089 3417 2180; baseline -0.001 -23"><span class='ocrx_word' id='word_1_384' title='bbox 2284 2089 2643 2174; x_wconf 90' lang='lat' dir='ltr'><strong>cordatum,</strong></span> <span class='ocrx_word' id='word_1_385' title='bbox 2692 2091 2776 2157; x_wconf 86' lang='lat' dir='ltr'><strong>de</strong></span> <span class='ocrx_word' id='word_1_386' title='bbox 2822 2090 3070 2174; x_wconf 83' lang='lat' dir='ltr'><strong>gremio</strong></span> <span class='ocrx_word' id='word_1_387' title='bbox 3115 2089 3417 2180; x_wconf 88' lang='lat' dir='ltr'><strong>capituli.</strong></span> 
     </span>
    </p>
   </div>
   <div class='ocr_carea' id='block_1_12' title="bbox 2285 2176 3995 2354">
    <p class='ocr_par' dir='ltr' id='par_1_24' title="bbox 2285 2176 3995 2354">
     <span class='ocr_line' id='line_1_75' title="bbox 2412 2176 3995 2265; baseline -0.003 -21"><span class='ocrx_word' id='word_1_388' title='bbox 2412 2180 2548 2245; x_wconf 81' lang='lat' dir='ltr'><strong>Huc</strong></span> <span class='ocrx_word' id='word_1_389' title='bbox 2597 2178 2855 2246; x_wconf 90' lang='lat' dir='ltr'><strong>tandem</strong></span> <span class='ocrx_word' id='word_1_390' title='bbox 2902 2177 3217 2262; x_wconf 79' lang='lat' dir='ltr'><strong>referunt,</strong></span> <span class='ocrx_word' id='word_1_391' title='bbox 3252 2178 3425 2265; x_wconf 85' lang='lat' dir='ltr'><strong>quod</strong></span> <span class='ocrx_word' id='word_1_392' title='bbox 3461 2177 3524 2243; x_wconf 89' lang='lat' dir='ltr'><strong>in</strong></span> <span class='ocrx_word' id='word_1_393' title='bbox 3554 2176 3734 2243; x_wconf 69' lang='lat' dir='ltr'><strong>nim</strong></span> <span class='ocrx_word' id='word_1_394' title='bbox 3766 2179 3881 2244; x_wconf 87' lang='lat' dir='ltr'><strong>So·</strong></span> <span class='ocrx_word' id='word_1_395' title='bbox 3994 2237 3995 2240; x_wconf 74' lang='grc'>,</span> 
     </span>
     <span class='ocr_line' id='line_1_76' title="bbox 2285 2265 3995 2354; baseline -0.001 -22"><span class='ocrx_word' id='word_1_396' title='bbox 2285 2266 2483 2332; x_wconf 90' lang='lat' dir='ltr'><strong>lemni</strong></span> <span class='ocrx_word' id='word_1_397' title='bbox 2529 2266 2874 2334; x_wconf 85' lang='lat' dir='ltr'><strong>Celebrans</strong></span> <span class='ocrx_word' id='word_1_398' title='bbox 2922 2265 3080 2352; x_wconf 88' lang='lat' dir='ltr'><strong>legit</strong></span> <span class='ocrx_word' id='word_1_399' title='bbox 3126 2266 3549 2354; x_wconf 87' lang='lat' dir='ltr'><strong>Evangelium</strong></span> <span class='ocrx_word' id='word_1_400' title='bbox 3580 2266 3643 2331; x_wconf 86' lang='lat' dir='ltr'><strong>in</strong></span> <span class='ocrx_word' id='word_1_401' title='bbox 3677 2283 3885 2332; x_wconf 89' lang='lat' dir='ltr'><strong>cornu</strong></span> <span class='ocrx_word' id='word_1_402' title='bbox 3994 2301 3995 2304; x_wconf 61' lang='lat'><em>=</em></span> 
     </span>
    </p>
   </div>
   <div class='ocr_carea' id='block_1_13' title="bbox 2282 2352 3895 4029">
    <p class='ocr_par' dir='ltr' id='par_1_25' title="bbox 2282 2352 3892 3218">
     <span class='ocr_line' id='line_1_77' title="bbox 2283 2352 3883 2440; baseline -0.002 -20"><span class='ocrx_word' id='word_1_403' title='bbox 2283 2353 2631 2440; x_wconf 81' lang='lat' dir='ltr'><strong>Epistulae,</strong></span> <span class='ocrx_word' id='word_1_404' title='bbox 2681 2355 2838 2422; x_wconf 90' lang='lat' dir='ltr'><strong>dum</strong></span> <span class='ocrx_word' id='word_1_405' title='bbox 2884 2352 3318 2422; x_wconf 81' lang='lat' dir='ltr'><strong>subdiaconus</strong></span> <span class='ocrx_word' id='word_1_406' title='bbox 3365 2352 3717 2440; x_wconf 87' lang='lat' dir='ltr'><strong>Epistolam</strong></span> <span class='ocrx_word' id='word_1_407' title='bbox 3783 2372 3883 2418; x_wconf 88' lang='lat' dir='ltr'><strong>ca·</strong></span> 
     </span>
     <span class='ocr_line' id='line_1_78' title="bbox 2284 2439 3887 2542; baseline -0.001 -34"><span class='ocrx_word' id='word_1_408' title='bbox 2284 2443 2417 2521; x_wconf 86' lang='lat' dir='ltr'><strong>nit;</strong></span> <span class='ocrx_word' id='word_1_409' title='bbox 2452 2442 2625 2528; x_wconf 85' lang='lat' dir='ltr'><strong>quod</strong></span> <span class='ocrx_word' id='word_1_410' title='bbox 2658 2442 2735 2510; x_wconf 92' lang='lat' dir='ltr'><strong>ad</strong></span> <span class='ocrx_word' id='word_1_411' title='bbox 2767 2453 3022 2509; x_wconf 90' lang='lat' dir='ltr'><strong>cantum</strong></span> <span class='ocrx_word' id='word_1_412' title='bbox 3064 2441 3398 2542; x_wconf 80' lang='lat' dir='ltr'><strong>Evangelii</strong></span> <span class='ocrx_word' id='word_1_413' title='bbox 3444 2439 3887 2511; x_wconf 80' lang='lat' dir='ltr'><strong>subdiaconus</strong></span> 
     </span>
     <span class='ocr_line' id='line_1_79' title="bbox 2282 2527 3887 2616; baseline -0.002 -19"><span class='ocrx_word' id='word_1_414' title='bbox 2282 2530 2546 2597; x_wconf 85' lang='lat' dir='ltr'><strong>minime</strong></span> <span class='ocrx_word' id='word_1_415' title='bbox 2605 2528 2868 2616; x_wconf 78' lang='lat' dir='ltr'><strong>assistit3</strong></span> <span class='ocrx_word' id='word_1_416' title='bbox 2934 2549 3149 2616; x_wconf 82' lang='lat' dir='ltr'><strong>neque</strong></span> <span class='ocrx_word' id='word_1_417' title='bbox 3204 2529 3350 2614; x_wconf 76' lang='lat' dir='ltr'><strong>hic,</strong></span> <span class='ocrx_word' id='word_1_418' title='bbox 3395 2528 3513 2597; x_wconf 90' lang='lat' dir='ltr'><strong>sed</strong></span> <span class='ocrx_word' id='word_1_419' title='bbox 3567 2527 3887 2596; x_wconf 86' lang='lat' dir='ltr'><strong>Diaconus</strong></span> 
     </span>
     <span class='ocr_line' id='line_1_80' title="bbox 2284 2616 3887 2706; baseline -0.002 -21"><span class='ocrx_word' id='word_1_420' title='bbox 2284 2617 2520 2685; x_wconf 89' lang='lat' dir='ltr'><strong>librum</strong></span> <span class='ocrx_word' id='word_1_421' title='bbox 2566 2616 2930 2687; x_wconf 85' lang='lat' dir='ltr'><strong>celebranti</strong></span> <span class='ocrx_word' id='word_1_422' title='bbox 2977 2617 3394 2687; x_wconf 88' lang='lat' dir='ltr'><strong>osculandum</strong></span> <span class='ocrx_word' id='word_1_423' title='bbox 3455 2617 3767 2706; x_wconf 85' lang='lat' dir='ltr'><strong>praebet,</strong></span> <span class='ocrx_word' id='word_1_424' title='bbox 3820 2626 3887 2682; x_wconf 90' lang='lat' dir='ltr'><strong>et</strong></span> 
     </span>
     <span class='ocr_line' id='line_1_81' title="bbox 2285 2705 3887 2795; baseline -0.002 -22"><span class='ocrx_word' id='word_1_425' title='bbox 2285 2706 2547 2793; x_wconf 84' lang='lat' dir='ltr'><strong>quidem</strong></span> <span class='ocrx_word' id='word_1_426' title='bbox 2596 2718 2739 2795; x_wconf 89' lang='lat' dir='ltr'><strong>post</strong></span> <span class='ocrx_word' id='word_1_427' title='bbox 2784 2705 3143 2774; x_wconf 86' lang='lat' dir='ltr'><strong>intonatum</strong></span> <span class='ocrx_word' id='word_1_428' title='bbox 3194 2708 3391 2773; x_wconf 76' lang='lat' dir='ltr'><strong>Credo</strong></span> <span class='ocrx_word' id='word_1_429' title='bbox 3422 2714 3530 2773; x_wconf 89' lang='lat' dir='ltr'><strong>aut</strong></span> <span class='ocrx_word' id='word_1_430' title='bbox 3560 2707 3887 2771; x_wconf 69' lang='lat' dir='ltr'><strong>Dominus</strong></span> 
     </span>
     <span class='ocr_line' id='line_1_82' title="bbox 2287 2793 3888 2881; baseline 0 -22"><span class='ocrx_word' id='word_1_431' title='bbox 2287 2796 2651 2877; x_wconf 75' lang='lat' dir='ltr'><strong>vobiscum5</strong></span> <span class='ocrx_word' id='word_1_432' title='bbox 2694 2794 2869 2881; x_wconf 89' lang='lat' dir='ltr'><strong>quod</strong></span> <span class='ocrx_word' id='word_1_433' title='bbox 2917 2794 3151 2862; x_wconf 91' lang='lat' dir='ltr'><strong>concio</strong></span> <span class='ocrx_word' id='word_1_434' title='bbox 3196 2795 3366 2861; x_wconf 90' lang='lat' dir='ltr'><strong>inter</strong></span> <span class='ocrx_word' id='word_1_435' title='bbox 3408 2793 3739 2862; x_wconf 69' lang='lat' dir='ltr'><strong>Hissarum</strong></span> <span class='ocrx_word' id='word_1_436' title='bbox 3786 2812 3888 2859; x_wconf 89' lang='lat' dir='ltr'><strong>so·</strong></span> 
     </span>
     <span class='ocr_line' id='line_1_83' title="bbox 2288 2879 3887 2970; baseline -0.002 -21"><span class='ocrx_word' id='word_1_437' title='bbox 2288 2883 2518 2949; x_wconf 89' lang='lat' dir='ltr'><strong>lemnia</strong></span> <span class='ocrx_word' id='word_1_438' title='bbox 2564 2903 2695 2950; x_wconf 90' lang='lat' dir='ltr'><strong>non</strong></span> <span class='ocrx_word' id='word_1_439' title='bbox 2741 2881 3109 2951; x_wconf 86' lang='lat' dir='ltr'><strong>immediate</strong></span> <span class='ocrx_word' id='word_1_440' title='bbox 3139 2890 3285 2970; x_wconf 89' lang='lat' dir='ltr'><strong>post</strong></span> <span class='ocrx_word' id='word_1_441' title='bbox 3323 2880 3751 2969; x_wconf 85' lang='lat' dir='ltr'><strong>Evangelium</strong></span> <span class='ocrx_word' id='word_1_442' title='bbox 3786 2879 3887 2964; x_wconf 78' lang='lat' dir='ltr'><strong>fit,</strong></span> 
     </span>
     <span class='ocr_line' id='line_1_84' title="bbox 2285 2969 3891 3058; baseline -0.001 -20"><span class='ocrx_word' id='word_1_443' title='bbox 2285 2969 2400 3038; x_wconf 89' lang='lat' dir='ltr'><strong>sed</strong></span> <span class='ocrx_word' id='word_1_444' title='bbox 2448 2982 2593 3058; x_wconf 90' lang='lat' dir='ltr'><strong>post</strong></span> <span class='ocrx_word' id='word_1_445' title='bbox 2636 2970 3176 3040; x_wconf 82' lang='lat' dir='ltr'><strong>thurificationem</strong></span> <span class='ocrx_word' id='word_1_446' title='bbox 3222 2969 3615 3051; x_wconf 88' lang='lat' dir='ltr'><strong>oblatorum;</strong></span> <span class='ocrx_word' id='word_1_447' title='bbox 3671 2970 3891 3057; x_wconf 75' lang='lat' dir='ltr'><strong>quod·</strong></span> 
     </span>
     <span class='ocr_line' id='line_1_85' title="bbox 2287 3058 3892 3148; baseline 0.001 -23"><span class='ocrx_word' id='word_1_448' title='bbox 2287 3078 2414 3146; x_wconf 90' lang='lat' dir='ltr'><strong>que</strong></span> <span class='ocrx_word' id='word_1_449' title='bbox 2462 3080 2586 3148; x_wconf 83' lang='lat' dir='ltr'><strong>pax</strong></span> <span class='ocrx_word' id='word_1_450' title='bbox 2632 3080 2762 3127; x_wconf 92' lang='lat' dir='ltr'><strong>non</strong></span> <span class='ocrx_word' id='word_1_451' title='bbox 2807 3081 2838 3127; x_wconf 94' lang='lat' dir='ltr'><strong>a</strong></span> <span class='ocrx_word' id='word_1_452' title='bbox 2886 3060 3315 3146; x_wconf 90' lang='lat' dir='ltr'><strong>Subdiacono,</strong></span> <span class='ocrx_word' id='word_1_453' title='bbox 3363 3060 3479 3128; x_wconf 90' lang='lat' dir='ltr'><strong>sed</strong></span> <span class='ocrx_word' id='word_1_454' title='bbox 3525 3080 3557 3125; x_wconf 87' lang='lat' dir='ltr'><strong>a</strong></span> <span class='ocrx_word' id='word_1_455' title='bbox 3604 3058 3892 3126; x_wconf 88' lang='lat' dir='ltr'><strong>Diacono</strong></span> 
     </span>
     <span class='ocr_line' id='line_1_86' title="bbox 2287 3148 2865 3218; baseline -0.009 0"><span class='ocrx_word' id='word_1_456' title='bbox 2287 3148 2496 3218; x_wconf 87' lang='lat' dir='ltr'><strong>cboro</strong></span> <span class='ocrx_word' id='word_1_457' title='bbox 2542 3148 2865 3218; x_wconf 78' lang='lat' dir='ltr'><strong>defertur.</strong></span> 
     </span>
    </p>

    <p class='ocr_par' dir='ltr' id='par_1_26' title="bbox 2286 3236 3895 3676">
     <span class='ocr_line' id='line_1_87' title="bbox 2422 3236 3889 3323; baseline -0.001 -20"><span class='ocrx_word' id='word_1_458' title='bbox 2422 3242 2546 3304; x_wconf 83' lang='lat' dir='ltr'><strong>lam</strong></span> <span class='ocrx_word' id='word_1_459' title='bbox 2607 3256 2765 3304; x_wconf 79' lang='lat' dir='ltr'><strong>vero</strong></span> <span class='ocrx_word' id='word_1_460' title='bbox 2827 3254 2976 3305; x_wconf 89' lang='lat' dir='ltr'><strong>cum</strong></span> <span class='ocrx_word' id='word_1_461' title='bbox 3043 3237 3201 3304; x_wconf 90' lang='lat' dir='ltr'><strong>haec</strong></span> <span class='ocrx_word' id='word_1_462' title='bbox 3259 3236 3469 3304; x_wconf 89' lang='lat' dir='ltr'><strong>omnia</strong></span> <span class='ocrx_word' id='word_1_463' title='bbox 3488 3287 3506 3323; x_wconf 90' lang='lat'><strong>,</strong></span> <span class='ocrx_word' id='word_1_464' title='bbox 3556 3249 3889 3323; x_wconf 84' lang='lat' dir='ltr'><strong>tamquam</strong></span> 
     </span>
     <span class='ocr_line' id='line_1_88' title="bbox 2286 3323 3892 3412; baseline 0 -20"><span class='ocrx_word' id='word_1_465' title='bbox 2286 3324 2575 3393; x_wconf 81' lang='lat' dir='ltr'><strong>Rubricis</strong></span> <span class='ocrx_word' id='word_1_466' title='bbox 2606 3325 2941 3409; x_wconf 86' lang='lat' dir='ltr'><strong>contraria,</strong></span> <span class='ocrx_word' id='word_1_467' title='bbox 2973 3323 3324 3395; x_wconf 85' lang='lat' dir='ltr'><strong>hodiernus</strong></span> <span class='ocrx_word' id='word_1_468' title='bbox 3357 3325 3702 3412; x_wconf 83' lang='lat' dir='ltr'><strong>Episcopus</strong></span> <span class='ocrx_word' id='word_1_469' title='bbox 3738 3329 3892 3392; x_wconf 87' lang='lat' dir='ltr'><strong>Bar·</strong></span> 
     </span>
     <span class='ocr_line' id='line_1_89' title="bbox 2290 3413 3895 3500; baseline -0.001 -21"><span class='ocrx_word' id='word_1_470' title='bbox 2290 3413 2584 3479; x_wconf 88' lang='lat' dir='ltr'><strong>cinonen.</strong></span> <span class='ocrx_word' id='word_1_471' title='bbox 2637 3432 2973 3480; x_wconf 88' lang='lat' dir='ltr'><strong>removere</strong></span> <span class='ocrx_word' id='word_1_472' title='bbox 3021 3431 3102 3479; x_wconf 90' lang='lat' dir='ltr'><strong>cu</strong></span> <span class='ocrx_word' id='word_1_473' title='bbox 3152 3414 3274 3500; x_wconf 85' lang='lat' dir='ltr'><strong>iat;</strong></span> <span class='ocrx_word' id='word_1_474' title='bbox 3322 3413 3725 3500; x_wconf 82' lang='lat' dir='ltr'><strong>insequentia</strong></span> <span class='ocrx_word' id='word_1_475' title='bbox 3774 3413 3895 3480; x_wconf 88' lang='lat' dir='ltr'><strong>du·</strong></span> 
     </span>
     <span class='ocr_line' id='line_1_90' title="bbox 2290 3498 3891 3588; baseline 0.002 -23"><span class='ocrx_word' id='word_1_476' title='bbox 2290 3498 2391 3566; x_wconf 91' lang='lat' dir='ltr'><strong>bia</strong></span> <span class='ocrx_word' id='word_1_477' title='bbox 2421 3519 2619 3587; x_wconf 90' lang='lat' dir='ltr'><strong>super</strong></span> <span class='ocrx_word' id='word_1_478' title='bbox 2647 3500 2990 3588; x_wconf 88' lang='lat' dir='ltr'><strong>praedictis</strong></span> <span class='ocrx_word' id='word_1_479' title='bbox 3023 3521 3119 3568; x_wconf 78' lang='lat' dir='ltr'><strong>usi</strong></span> <span class='ocrx_word' id='word_1_480' title='bbox 3167 3521 3241 3568; x_wconf 90' lang='lat' dir='ltr'><strong>us</strong></span> <span class='ocrx_word' id='word_1_481' title='bbox 3264 3506 3600 3570; x_wconf 88' lang='lat' dir='ltr'><strong>Sacrorum</strong></span> <span class='ocrx_word' id='word_1_482' title='bbox 3618 3500 3891 3569; x_wconf 82' lang='lat' dir='ltr'><strong>Rituum</strong></span> 
     </span>
     <span class='ocr_line' id='line_1_91' title="bbox 2289 3588 3719 3676; baseline 0 -21"><span class='ocrx_word' id='word_1_483' title='bbox 2289 3588 2776 3676; x_wconf 81' lang='lat' dir='ltr'><strong>Congregationi</strong></span> <span class='ocrx_word' id='word_1_484' title='bbox 2823 3588 3154 3656; x_wconf 90' lang='lat' dir='ltr'><strong>enodanda</strong></span> <span class='ocrx_word' id='word_1_485' title='bbox 3200 3608 3318 3676; x_wconf 82' lang='lat' dir='ltr'><strong>pro</strong></span> <span class='ocrx_word' id='word_1_486' title='bbox 3409 3589 3550 3656; x_wconf 86' lang='lat' dir='ltr'><strong>nit:</strong></span> <span class='ocrx_word' id='word_1_487' title='bbox 3706 3656 3719 3665; x_wconf 67' lang='grc'>,</span> 
     </span>
    </p>

    <p class='ocr_par' dir='ltr' id='par_1_27' title="bbox 2290 3675 3892 4029">
     <span class='ocr_line' id='line_1_92' title="bbox 2421 3675 3892 3765; baseline 0.001 -21"><span class='ocrx_word' id='word_1_488' title='bbox 2421 3675 2695 3744; x_wconf 90' lang='lat' dir='ltr'><strong>Dubium</strong></span> <span class='ocrx_word' id='word_1_489' title='bbox 2742 3682 2790 3744; x_wconf 88' lang='lat'><strong>1.</strong></span> <span class='ocrx_word' id='word_1_490' title='bbox 2840 3679 3071 3744; x_wconf 87' lang='lat' dir='ltr'><strong>Utrum</strong></span> <span class='ocrx_word' id='word_1_491' title='bbox 3121 3697 3321 3745; x_wconf 88' lang='lat' dir='ltr'><strong>canen</strong></span> <span class='ocrx_word' id='word_1_492' title='bbox 3369 3698 3404 3744; x_wconf 91' lang='lat' dir='ltr'><strong>a</strong></span> <span class='ocrx_word' id='word_1_493' title='bbox 3448 3678 3532 3745; x_wconf 89' lang='lat' dir='ltr'><strong>sit</strong></span> <span class='ocrx_word' id='word_1_494' title='bbox 3588 3677 3892 3765; x_wconf 87' lang='lat' dir='ltr'><strong>quotidie</strong></span> 
     </span>
     <span class='ocr_line' id='line_1_93' title="bbox 2290 3764 3889 3854; baseline 0 -22"><span class='ocrx_word' id='word_1_495' title='bbox 2290 3764 2465 3832; x_wconf 72' lang='lat' dir='ltr'><strong>Missa</strong></span> <span class='ocrx_word' id='word_1_496' title='bbox 2510 3765 2960 3832; x_wconf 74' lang='lat' dir='ltr'><strong>conventualis</strong></span> <span class='ocrx_word' id='word_1_497' title='bbox 3005 3785 3039 3831; x_wconf 91' lang='lat' dir='ltr'><strong>a</strong></span> <span class='ocrx_word' id='word_1_498' title='bbox 3068 3766 3362 3854; x_wconf 89' lang='lat' dir='ltr'><strong>capitulo</strong></span> <span class='ocrx_word' id='word_1_499' title='bbox 3395 3766 3459 3833; x_wconf 91' lang='lat' dir='ltr'><strong>in</strong></span> <span class='ocrx_word' id='word_1_500' title='bbox 3488 3768 3743 3852; x_wconf 84' lang='lat' dir='ltr'><strong>Choro;</strong></span> <span class='ocrx_word' id='word_1_501' title='bbox 3780 3770 3889 3833; x_wconf 81' lang='lat' dir='ltr'><strong>vel</strong></span> 
     </span>
     <span class='ocr_line' id='line_1_94' title="bbox 2291 3852 3889 3941; baseline 0.002 -23"><span class='ocrx_word' id='word_1_502' title='bbox 2291 3852 2503 3941; x_wconf 88' lang='lat' dir='ltr'><strong>potius</strong></span> <span class='ocrx_word' id='word_1_503' title='bbox 2547 3852 2844 3921; x_wconf 88' lang='lat' dir='ltr'><strong>standum</strong></span> <span class='ocrx_word' id='word_1_504' title='bbox 2890 3853 3095 3920; x_wconf 86' lang='lat' dir='ltr'><strong>veteri</strong></span> <span class='ocrx_word' id='word_1_505' title='bbox 3129 3854 3602 3939; x_wconf 89' lang='lat' dir='ltr'><strong>consuetudini,</strong></span> <span class='ocrx_word' id='word_1_506' title='bbox 3634 3854 3721 3921; x_wconf 90' lang='lat' dir='ltr'><strong>de</strong></span> <span class='ocrx_word' id='word_1_507' title='bbox 3765 3874 3889 3941; x_wconf 82' lang='lat' dir='ltr'><strong>qua</strong></span> 
     </span>
     <span class='ocr_line' id='line_1_95' title="bbox 2293 3940 3888 4029; baseline 0.003 -23"><span class='ocrx_word' id='word_1_508' title='bbox 2293 3960 2521 4029; x_wconf 88' lang='lat' dir='ltr'><strong>supra,</strong></span> <span class='ocrx_word' id='word_1_509' title='bbox 2572 3941 2639 4008; x_wconf 91' lang='lat' dir='ltr'><strong>in</strong></span> <span class='ocrx_word' id='word_1_510' title='bbox 2685 3940 3056 4011; x_wconf 78' lang='lat' dir='ltr'><strong>Visitatione</strong></span> <span class='ocrx_word' id='word_1_511' title='bbox 3104 3942 3464 4028; x_wconf 78' lang='lat' dir='ltr'><strong>Apostolica</strong></span> <span class='ocrx_word' id='word_1_512' title='bbox 3521 3943 3665 4010; x_wconf 87' lang='lat' dir='ltr'><strong>anni</strong></span> <span class='ocrx_word' id='word_1_513' title='bbox 3720 3946 3888 4012; x_wconf 86' lang='grc'><strong>1661</strong></span> 
     </span>
    </p>
   </div>
   <div class='ocr_carea' id='block_1_14' title="bbox 2295 4027 3893 4204">
    <p class='ocr_par' dir='ltr' id='par_1_28' title="bbox 2295 4027 3893 4204">
     <span class='ocr_line' id='line_1_96' title="bbox 2295 4027 3893 4183; baseline 0.003 -89"><span class='ocrx_word' id='word_1_514' title='bbox 2295 4048 2510 4131; x_wconf 78' lang='lat' dir='ltr'><strong>neque</strong></span> <span class='ocrx_word' id='word_1_515' title='bbox 2579 4027 2960 4130; x_wconf 78' lang='lat' dir='ltr'><strong>approbatae</strong></span> <span class='ocrx_word' id='word_1_516' title='bbox 3022 4049 3235 4183; x_wconf 49' lang='lat' dir='ltr'><strong>nepus</strong></span> <span class='ocrx_word' id='word_1_517' title='bbox 3292 4030 3725 4119; x_wconf 86' lang='lat' dir='ltr'><strong>improbatae,</strong></span> <span class='ocrx_word' id='word_1_518' title='bbox 3776 4031 3893 4098; x_wconf 87' lang='lat' dir='ltr'><strong>sed</strong></span> 
     </span>
     <span class='ocr_line' id='line_1_97' title="bbox 2295 4116 3085 4204; baseline 0.003 -22"><span class='ocrx_word' id='word_1_519' title='bbox 2295 4116 2552 4183; x_wconf 78' lang='lat' dir='ltr'><strong>silentio</strong></span> <span class='ocrx_word' id='word_1_520' title='bbox 2597 4127 3085 4204; x_wconf 78' lang='lat' dir='ltr'><strong>praetermissae</strong></span> 
     </span>
    </p>
   </div>
   <div class='ocr_carea' id='block_1_15' title="bbox 2296 4206 3895 5089">
    <p class='ocr_par' dir='ltr' id='par_1_29' title="bbox 2296 4206 3895 4626">
     <span class='ocr_line' id='line_1_98' title="bbox 2425 4206 3893 4294; baseline 0.003 -23"><span class='ocrx_word' id='word_1_521' title='bbox 2425 4206 2700 4273; x_wconf 89' lang='lat' dir='ltr'><strong>Dubium</strong></span> <span class='ocrx_word' id='word_1_522' title='bbox 2746 4208 2823 4271; x_wconf 90' lang='lat'><strong>11.</strong></span> <span class='ocrx_word' id='word_1_523' title='bbox 2872 4208 3099 4272; x_wconf 90' lang='lat' dir='ltr'><strong>Utrum</strong></span> <span class='ocrx_word' id='word_1_524' title='bbox 3160 4226 3243 4272; x_wconf 79' lang='lat' dir='ltr'><strong>ex</strong></span> <span class='ocrx_word' id='word_1_525' title='bbox 3304 4206 3724 4294; x_wconf 78' lang='lat' dir='ltr'><strong>proventibus</strong></span> <span class='ocrx_word' id='word_1_526' title='bbox 3780 4210 3893 4274; x_wconf 82' lang='lat' dir='ltr'><strong>Ca·</strong></span> 
     </span>
     <span class='ocr_line' id='line_1_99' title="bbox 2296 4292 3894 4380; baseline 0.002 -22"><span class='ocrx_word' id='word_1_527' title='bbox 2296 4292 2675 4361; x_wconf 90' lang='lat' dir='ltr'><strong>nonicorum</strong></span> <span class='ocrx_word' id='word_1_528' title='bbox 2734 4293 2838 4359; x_wconf 88' lang='lat' dir='ltr'><strong>vel</strong></span> <span class='ocrx_word' id='word_1_529' title='bbox 2900 4292 3113 4380; x_wconf 88' lang='lat' dir='ltr'><strong>potius</strong></span> <span class='ocrx_word' id='word_1_530' title='bbox 3174 4313 3251 4360; x_wconf 83' lang='lat' dir='ltr'><strong>ex</strong></span> <span class='ocrx_word' id='word_1_531' title='bbox 3315 4294 3578 4362; x_wconf 88' lang='lat' dir='ltr'><strong>Sacrarii</strong></span> <span class='ocrx_word' id='word_1_532' title='bbox 3623 4307 3735 4363; x_wconf 88' lang='lat' dir='ltr'><strong>aut</strong></span> <span class='ocrx_word' id='word_1_533' title='bbox 3784 4300 3894 4363; x_wconf 76' lang='lat' dir='ltr'><strong>Fa·</strong></span> 
     </span>
     <span class='ocr_line' id='line_1_100' title="bbox 2299 4379 3895 4473; baseline 0.003 -26"><span class='ocrx_word' id='word_1_534' title='bbox 2299 4381 2511 4450; x_wconf 86' lang='lat' dir='ltr'><strong>bricae</strong></span> <span class='ocrx_word' id='word_1_535' title='bbox 2575 4379 2889 4448; x_wconf 87' lang='lat' dir='ltr'><strong>reditibus</strong></span> <span class='ocrx_word' id='word_1_536' title='bbox 2957 4382 3040 4448; x_wconf 88' lang='lat' dir='ltr'><strong>sit</strong></span> <span class='ocrx_word' id='word_1_537' title='bbox 3106 4380 3580 4450; x_wconf 87' lang='lat' dir='ltr'><strong>desumendum</strong></span> <span class='ocrx_word' id='word_1_538' title='bbox 3647 4382 3895 4473; x_wconf 81' lang='lat' dir='ltr'><strong>stipen-</strong></span> 
     </span>
     <span class='ocr_line' id='line_1_101' title="bbox 2298 4467 3893 4625; baseline 0.003 -90"><span class='ocrx_word' id='word_1_539' title='bbox 2298 4467 2479 4535; x_wconf 91' lang='lat' dir='ltr'><strong>dium</strong></span> <span class='ocrx_word' id='word_1_540' title='bbox 2510 4488 2628 4558; x_wconf 88' lang='lat' dir='ltr'><strong>pro</strong></span> <span class='ocrx_word' id='word_1_541' title='bbox 2659 4469 3057 4625; x_wconf 67' lang='lat' dir='ltr'><strong>Cappellanis</strong></span> <span class='ocrx_word' id='word_1_542' title='bbox 3089 4469 3336 4537; x_wconf 76' lang='lat' dir='ltr'><strong>nissam</strong></span> <span class='ocrx_word' id='word_1_543' title='bbox 3380 4474 3893 4540; x_wconf 78' lang='lat' dir='ltr'><strong>conventualem</strong></span> 
     </span>
     <span class='ocr_line' id='line_1_102' title="bbox 2301 4557 2775 4626; baseline 0.002 -3"><span class='ocrx_word' id='word_1_544' title='bbox 2301 4557 2775 4626; x_wconf 88' lang='lat' dir='ltr'><strong>celebrantibus</strong></span> 
     </span>
    </p>

    <p class='ocr_par' dir='ltr' id='par_1_30' title="bbox 2298 4645 3894 5089">
     <span class='ocr_line' id='line_1_103' title="bbox 2430 4645 3893 4736; baseline 0.003 -23"><span class='ocrx_word' id='word_1_545' title='bbox 2430 4645 2707 4714; x_wconf 89' lang='lat' dir='ltr'><strong>Dubium</strong></span> <span class='ocrx_word' id='word_1_546' title='bbox 2758 4649 2861 4713; x_wconf 88' lang='lat'>111.</span> <span class='ocrx_word' id='word_1_547' title='bbox 2910 4649 3139 4715; x_wconf 89' lang='lat' dir='ltr'><strong>Utrum</strong></span> <span class='ocrx_word' id='word_1_548' title='bbox 3183 4647 3424 4714; x_wconf 82' lang='lat' dir='ltr'><strong>servari</strong></span> <span class='ocrx_word' id='word_1_549' title='bbox 3482 4648 3685 4736; x_wconf 87' lang='lat' dir='ltr'><strong>possit</strong></span> <span class='ocrx_word' id='word_1_550' title='bbox 3746 4670 3893 4717; x_wconf 87' lang='lat' dir='ltr'><strong>usus</strong></span> 
     </span>
     <span class='ocr_line' id='line_1_104' title="bbox 2300 4735 3894 4822; baseline 0.004 -23"><span class='ocrx_word' id='word_1_551' title='bbox 2300 4735 2570 4801; x_wconf 89' lang='lat' dir='ltr'><strong>canendi</strong></span> <span class='ocrx_word' id='word_1_552' title='bbox 2620 4745 2745 4801; x_wconf 88' lang='lat' dir='ltr'><strong>tam</strong></span> <span class='ocrx_word' id='word_1_553' title='bbox 2792 4735 3036 4802; x_wconf 76' lang='lat' dir='ltr'><strong>Missam</strong></span> <span class='ocrx_word' id='word_1_554' title='bbox 3081 4736 3166 4804; x_wconf 94' lang='lat' dir='ltr'><strong>de</strong></span> <span class='ocrx_word' id='word_1_555' title='bbox 3213 4739 3400 4803; x_wconf 84' lang='lat' dir='ltr'><strong>Festo</strong></span> <span class='ocrx_word' id='word_1_556' title='bbox 3445 4755 3640 4822; x_wconf 87' lang='lat' dir='ltr'><strong>quam</strong></span> <span class='ocrx_word' id='word_1_557' title='bbox 3696 4738 3894 4805; x_wconf 78' lang='lat' dir='ltr'><strong>Anni-</strong></span> 
     </span>
     <span class='ocr_line' id='line_1_105' title="bbox 2300 4823 3891 4916; baseline 0.003 -29"><span class='ocrx_word' id='word_1_558' title='bbox 2300 4824 2573 4889; x_wconf 83' lang='lat' dir='ltr'><strong>versaria</strong></span> <span class='ocrx_word' id='word_1_559' title='bbox 2617 4831 2763 4912; x_wconf 89' lang='lat' dir='ltr'><strong>post</strong></span> <span class='ocrx_word' id='word_1_560' title='bbox 2803 4824 3085 4904; x_wconf 79' lang='lat' dir='ltr'><strong>Nonam3</strong></span> <span class='ocrx_word' id='word_1_561' title='bbox 3134 4825 3240 4890; x_wconf 88' lang='lat' dir='ltr'><strong>vel</strong></span> <span class='ocrx_word' id='word_1_562' title='bbox 3291 4824 3503 4912; x_wconf 90' lang='lat' dir='ltr'><strong>potius</strong></span> <span class='ocrx_word' id='word_1_563' title='bbox 3552 4823 3891 4916; x_wconf 84' lang='lat' dir='ltr'><strong>obtempe-</strong></span> 
     </span>
     <span class='ocr_line' id='line_1_106' title="bbox 2300 4910 3891 5000; baseline 0.004 -25"><span class='ocrx_word' id='word_1_564' title='bbox 2300 4911 2571 4977; x_wconf 86' lang='lat' dir='ltr'><strong>randum</strong></span> <span class='ocrx_word' id='word_1_565' title='bbox 2615 4912 2698 4977; x_wconf 88' lang='lat' dir='ltr'><strong>sit</strong></span> <span class='ocrx_word' id='word_1_566' title='bbox 2739 4910 3031 4978; x_wconf 81' lang='lat' dir='ltr'><strong>Rubricis</strong></span> <span class='ocrx_word' id='word_1_567' title='bbox 3060 4911 3628 5000; x_wconf 87' lang='lat' dir='ltr'><strong>praecipientibus,</strong></span> <span class='ocrx_word' id='word_1_568' title='bbox 3664 4924 3741 4980; x_wconf 89' lang='lat' dir='ltr'><strong>ut</strong></span> <span class='ocrx_word' id='word_1_569' title='bbox 3773 4918 3891 4981; x_wconf 82' lang='lat' dir='ltr'><strong>An·</strong></span> 
     </span>
     <span class='ocr_line' id='line_1_107' title="bbox 2298 4998 3891 5089; baseline 0.004 -26"><span class='ocrx_word' id='word_1_570' title='bbox 2298 4998 2641 5065; x_wconf 84' lang='lat' dir='ltr'><strong>niversaria</strong></span> <span class='ocrx_word' id='word_1_571' title='bbox 2687 4998 3099 5067; x_wconf 89' lang='lat' dir='ltr'><strong>celebrentur</strong></span> <span class='ocrx_word' id='word_1_572' title='bbox 3155 5011 3299 5089; x_wconf 89' lang='lat' dir='ltr'><strong>post</strong></span> <span class='ocrx_word' id='word_1_573' title='bbox 3356 5001 3665 5085; x_wconf 88' lang='lat' dir='ltr'><strong>Primam,</strong></span> <span class='ocrx_word' id='word_1_574' title='bbox 3714 5003 3891 5069; x_wconf 76' lang='lat' dir='ltr'><strong>Missa</strong></span> 
     </span>
    </p>
   </div>
   <div class='ocr_carea' id='block_1_16' title="bbox 2300 5085 3890 5264">
    <p class='ocr_par' dir='ltr' id='par_1_31' title="bbox 2300 5085 3890 5264">
     <span class='ocr_line' id='line_1_108' title="bbox 2300 5085 3890 5178; baseline 0.002 -26"><span class='ocrx_word' id='word_1_575' title='bbox 2300 5085 2384 5152; x_wconf 91' lang='lat' dir='ltr'><strong>de</strong></span> <span class='ocrx_word' id='word_1_576' title='bbox 2431 5091 2612 5154; x_wconf 78' lang='lat' dir='ltr'><strong>Festo</strong></span> <span class='ocrx_word' id='word_1_577' title='bbox 2659 5098 2805 5178; x_wconf 88' lang='lat' dir='ltr'><strong>post</strong></span> <span class='ocrx_word' id='word_1_578' title='bbox 2850 5088 3125 5156; x_wconf 86' lang='lat' dir='ltr'><strong>Tertiam</strong></span> <span class='ocrx_word' id='word_1_579' title='bbox 3161 5098 3227 5156; x_wconf 91' lang='lat' dir='ltr'><strong>et</strong></span> <span class='ocrx_word' id='word_1_580' title='bbox 3257 5088 3434 5155; x_wconf 73' lang='lat' dir='ltr'><strong>Missa</strong></span> <span class='ocrx_word' id='word_1_581' title='bbox 3466 5090 3707 5157; x_wconf 82' lang='lat' dir='ltr'><strong>ferialis</strong></span> <span class='ocrx_word' id='word_1_582' title='bbox 3751 5099 3890 5178; x_wconf 89' lang='lat' dir='ltr'><strong>post</strong></span> 
     </span>
     <span class='ocr_line' id='line_1_109' title="bbox 2301 5174 3198 5264; baseline 0.007 -25"><span class='ocrx_word' id='word_1_583' title='bbox 2301 5174 2562 5242; x_wconf 80' lang='lat' dir='ltr'><strong>Sextam</strong></span> <span class='ocrx_word' id='word_1_584' title='bbox 2606 5188 2715 5244; x_wconf 88' lang='lat' dir='ltr'><strong>aut</strong></span> <span class='ocrx_word' id='word_1_585' title='bbox 2759 5174 3054 5244; x_wconf 74' lang='lat' dir='ltr'><strong>Nonam?</strong></span> <span class='ocrx_word' id='word_1_586' title='bbox 3101 5177 3198 5264; x_wconf 94' lang='grc'><strong>(1)</strong></span> 
     </span>
    </p>
   </div>
  </div>
 </body>
</html>
