4042 5950
1532 264 2004 346 —313—

247 429 330 494 Et
372 428 566 494 Sacra
609 423 870 494 Rituum
913 425 1365 514 congregatio,
1414 425 1492 494 ad
1538 423 1708 494 Vati·

127 533 347 582 canum
393 513 710 581 hodierna
755 514 865 582 die
910 515 1257 583 coadunata
1286 514 1350 580 in
1381 512 1709 582 ordinario

127 607 345 687 coetu,
395 602 731 669 referente
777 602 1139 690 subscripto
1185 602 1572 686 secretario,
1606 619 1705 668 re·

127 689 419 780 spondit:
474 712 514 754 ‹
537 690 785 757 Praxim
813 709 929 757 seu
962 689 1523 774 consuetudinem,
1559 708 1710 776 quaa-

129 790 307 846 tenus
366 797 600 845 revera
664 780 931 862 existat,
996 778 1254 846 tolerari
1315 797 1500 868 posse
1561 796 1709 846 cen-

127 866 245 934 suit
276 886 343 933 ν.
392 865 513 935 Die
564 869 644 934 18
692 865 1015 935 Februarii
1076 869 1267 935 1843.

129 1005 371 1077 2857.
709 1008 1129 1075 anausim.
1479 1006 1705 1096 (4960)

245 1131 458 1208 Quum
508 1130 805 1217 Deputati
835 1128 974 1219 piae
1015 1129 1274 1197 Unionis
1309 1129 1709 1217 Propagatio-

128 1217 218 1284 nis
245 1219 425 1285 Fidei
460 1218 748 1288 Civitatis
771 1216 1143 1305 Eugubinae
1167 1221 1415 1287 Sacram
1447 1217 1707 1286 Rituum

127 1308 706 1393 Congregationem
739 1305 930 1375 enixe
953 1306 1263 1393 rogarint,
1288 1318 1361 1374 ut
1383 1306 1710 1374 declarare

129 1392 550 1481 dignaretur:
598 1397 765 1463 Num
812 1394 876 1462 in
905 1395 1184 1463 Ecclesia
1215 1393 1325 1461 ubi
1360 1406 1708 1462 memorata

131 1481 432 1550 Sodalitas
465 1494 680 1551 erecta
713 1482 1061 1572 reperitur,
1096 1483 1403 1570 deinceps
1450 1488 1709 1551 Festum

131 1570 327 1636 Sancti
376 1571 690 1639 Francisci
736 1571 987 1639 xaverii
1037 1591 1158 1640 ceu
1218 1571 1465 1639 Patroni
1514 1569 1710 1661 ipdus

131 1657 384 1726 Unionis
417 1659 666 1727 institui
713 1671 903 1746 queat
943 1661 1063 1727 sub
1109 1660 1234 1727 ritu
1273 1658 1554 1747 duplicis
1581 1657 1708 1746 pri-

130 1763 258 1812 mae
303 1747 524 1815 classis
561 1766 709 1814 cum
752 1748 1053 1835 Symbolo
1085 1748 1360 1816 Nicaeno
1391 1748 1456 1814 in
1486 1748 1705 1834 Missa3

251 1836 436 1903 Sacra
502 1836 767 1903 Rituum
835 1837 1256 1924 congregatio
1323 1835 1652 1923 rescripsit
1687 1858 1705 1903 ι

131 1944 164 1985 ‹
194 1923 504 2010 Negative
538 1946 601 1990 ».
651 1924 763 1991 Die
814 1928 897 1991 18
941 1923 1265 1992 Februarii
1316 1926 1507 1992 1843.

134 2096 385 2167 2858.
703 2100 1132 2168 Anticum.
1478 2095 1704 2187 (soei)

254 2277 557 2345 Precibus
614 2278 974 2348 Sacerdotis
1030 2277 1290 2345 Antonii
1337 2274 1551 2345 Sibilia
1596 2278 1707 2344 Ga-

137 2363 332 2461 nonici
378 2366 779 2436 cathedralis
824 2365 1189 2452 Anagninae
1222 2375 1288 2432 et
1319 2365 1382 2432 in
1408 2382 1713 2453 praesen·

136 2460 347 2549 uarum
392 2453 624 2522 vicarii
669 2455 996 2523 Generalis
1043 2456 1107 2522 in
1155 2453 1422 2522 Civitate
1476 2456 1708 2520 Feren-

139 2549 277 2623 tina,
324 2560 406 2608 ex
505 2542 728 2611 irentis
772 2555 846 2610 ut
891 2542 1156 2632 insignia
1203 2559 1500 2610 concessa
1529 2539 1709 2630 Capi-

141 2627 262 2692 tulo
318 2632 431 2698 Gat
486 2630 722 2699 edralis
776 2631 1139 2733 Aiiagninae
1198 2638 1450 2717 gestare
1515 2630 1707 2696 etiam

137 2713 327 2815 valeat
371 2718 535 2786 dum
582 2721 790 2789 Cboro
835 2719 1065 2786 assistit
1109 2720 1174 2787 in
1221 2729 1565 2789 memorata
1611 2717 1712 2785 Ci-

139 2812 315 2872 vitate
361 2808 733 2893 Ferentina,

254 2895 438 2963 Sacra
507 2896 770 2965 Rituum
836 2896 1259 2998 congregatio
1336 2894 1708 2984 rescripsit:

142 3001 175 3042 ι
201 2984 371 3050 quta
437 2986 589 3052 alias
649 2986 912 3055 decreta
982 2985 1283 3054 incedere
1341 2984 1585 3053 debere
1645 2984 1710 3051 in

143 3067 340 3138 babitu
393 3073 686 3143 vicariali
720 3097 787 3142 a·
847 3074 958 3142 Die
1006 3078 1090 3141 18
1134 3073 1459 3141 Februarii
1511 3075 1705 3141 1843.

144 3245 383 3318 2858.
648 3251 1217 3319 NEAPOLITANA.
1482 3249 1708 3339 (soca)

258 3424 461 3502 Quum
510 3426 818 3495 Sacerdos
868 3427 1099 3513 loseph
1157 3425 1492 3515 Pignatelli
1553 3427 1711 3493 Nea·

145 3509 264 3662 Eoli
288 3513 534 3601 degens
564 3518 818 3584 Sacram
841 3515 1101 3582 Rituum
1133 3513 1710 3603 congregationem

185 3599 488 3670 umillime
532 3603 771 3689 rogarit
813 3615 887 3670 ut
932 3602 1259 3671 declarare
1295 3603 1708 3690 dignaretur:

146 3687 231 3753 An
255 3692 508 3775 quando
539 3692 714 3757 Missa
748 3691 1113 3759 celebratur
1143 3692 1208 3758 in
1238 3692 1481 3776 Altare,
1515 3710 1712 3781 super

147 3791 257 3859 quo
299 3779 591 3866 publicae
654 3778 941 3847 fidelium
1004 3779 1402 3847 venerationi
1456 3789 1554 3846 est
1599 3799 1710 3846 ex-

146 3863 402 3946 positum
466 3867 941 3936 Sanctissimum
1009 3867 1437 3936 Eucharistiae
1497 3871 1709 3936 Sacra·

147 3964 444 4041 mentum,
482 3965 548 4022 et
578 3955 643 4024 in
672 3956 847 4024 Missa
895 3958 1028 4045 ipsa
1056 3955 1402 4024 dicendum
1432 3955 1712 4024 occurrit

149 4037 490 4112 Flectamiu
541 4059 785 4131 yenua,
843 4043 1211 4131 genuflexio
1269 4043 1506 4114 istbaec
1570 4044 1708 4112 lieri

148 4122 358 4197 debeat
387 4151 538 4221 erga
571 4132 1046 4200 sanctissimum
1093 4136 1598 4217 Sacramentum,
1631 4151 1710 4200 an

148 4230 287 4283 vero
328 4237 510 4289 more
555 4220 745 4288 solito
777 4232 924 4289 ante
967 4221 1235 4307 Missale,
1268 4231 1343 4287 ut
1372 4242 1404 4288 a
1437 4220 1709 4290 Rubrica

149 4307 616 4403 praescribitur?
635 4328 967 4397 quumque
993 4312 1174 4377 Sacra
1194 4309 1620 4398 congregatio
1647 4310 1710 4377 in

151 4388 451 4465 Ordinario
492 4400 695 4466 Coetu
740 4398 815 4465 ad
865 4396 1185 4478 Quirinale
1231 4396 1439 4467 habita
1486 4407 1709 4464 octavo

153 4477 433 4578 finiendas
460 4486 749 4554 Octobris
793 4487 1140 4576 superioris
1184 4486 1331 4554 anni
1379 4490 1545 4554 1842
1578 4487 1712 4553 edi-

153 4580 322 4654 xerit,
355 4584 425 4640 ut
471 4574 534 4641 in
576 4594 652 4641 re
699 4577 1154 4661 exquireretur
1198 4585 1421 4642 votum
1451 4574 1715 4642 alterius

154 4668 224 4749 9¹
257 4658 754 4746 apostolicarum
786 4664 1343 4732 caeremoniarum
1373 4661 1709 4750 magistris,

153 4752 364 4840 iterum
403 4750 729 4838 proposita
775 4752 1069 4819 instantia
1115 4752 1178 4818 in
1224 4751 1406 4818 novis
1451 4750 1712 4818 Ordina-

155 4845 246 4896 riis
306 4839 583 4906 comitiis
650 4840 727 4906 ad
793 4840 1163 4907 Vaticanum
1231 4839 1538 4907 hodierna
1604 4837 1712 4905 die

158 4920 515 5012 coadunatis,
540 4927 1044 4996 Eminentissimi
1079 4940 1145 4995 et
1169 4927 1710 4996 Reverendissimi

156 5004 342 5079 Patres
384 5018 586 5084 Sacris
629 5016 886 5085 tuendis
929 5017 1177 5085 Ritibus
1234 5015 1577 5119 praepositi
1632 5015 1710 5083 ad

159 5094 503 5173 relationem
564 5104 902 5194 subscripti
950 5106 1285 5173 secretarii
1319 5104 1711 5192 responden·

160 5180 292 5254 dum
347 5208 779 5262 censuerunt:
840 5216 880 5258 ι
930 5198 1108 5261 quta
1153 5205 1375 5261 votum
1435 5191 1711 5279 Magistri

161 5270 709 5366 eaeremoniarum,
744 5282 1050 5350 nimirum
1099 5282 1163 5348 in
1211 5302 1356 5349 casu
1409 5282 1566 5351 nibil
1616 5280 1710 5349 in-

160 5368 535 5456 novandum,
606 5390 678 5438 ac
751 5370 1095 5439 servandas
1152 5369 1451 5439 Rubi-icas
1513 5388 1713 5461 gene-

1807 423 1974 493 rales
2020 421 2208 491 titulo
2254 423 2339 492 de
2384 423 2679 493 Oratione
2723 442 2901 492 num.
2953 426 3035 493 IV
3065 444 3127 489 ν.
3178 424 3389 511 Atque

1812 512 1893 578 ita
1937 512 2326 581 servandum
2370 512 2776 581 mandarunt.

1940 601 2056 667 Die
2107 604 2188 669 18
2233 600 2557 669 Februarii
2609 603 2800 668 1843.

1811 740 2076 810 2860.
2398 742 2800 809 HiSPALEN.
3165 740 3391 829 (taes)

1939 867 2200 934 Summa
2291 859 2532 937 enuum
2578 866 2913 938 debilitate
2970 866 3054 936 ob
3110 886 3239 936 non
3284 866 3391 934 fir·

1810 971 1977 1019 mam
2028 955 2244 1023 valetu
2291 955 2461 1024 inem
2507 956 2620 1024 diu
2662 957 2953 1028 laborans
3011 954 3395 1023 Eminentia·

1808 1041 2007 1109 simus
2070 1055 2137 1110 et
2179 1043 2775 1113 Reverendissimus
2828 1045 3134 1113 Dominus
3177 1042 3392 1111 Cardi-

1811 1132 1970 1198 nalis
1997 1132 2532 1223 Archiepiscopus
2555 1130 2876 1222 Hispalen.
2909 1134 2987 1202 ab
3024 1133 3139 1201 bac
3170 1134 3393 1199 Sancta

1811 1219 2171 1307 Apostolica
2216 1221 2385 1289 Sede
2430 1219 2708 1309 speciale
2753 1221 3076 1290 indultum
3120 1218 3393 1286 obtinuit

1810 1309 2072 1375 Sacrum
2120 1308 2392 1376 faciendi
2442 1307 2742 1376 continuo
2787 1309 3102 1378 sedendo.
3153 1311 3394 1376 Verum

1813 1395 2086 1464 maxime
2130 1397 2520 1485 percupiens
2564 1396 3045 1465 necessitatibus
3089 1415 3238 1464 suae
3278 1396 3395 1462 Ar·

1811 1483 2230 1553 chidioecesis
2305 1503 2682 1571 occurrere,
2753 1505 2914 1572 quae
2990 1484 3395 1571 urgentiores

1811 1570 2093 1640 evadunt
2137 1572 2221 1640 ob
2266 1572 2637 1659 frequentes
2688 1572 3182 1656 vicissitudines,
3231 1588 3394 1658 quae

1808 1659 2248 1746 Hispaniarum
2329 1663 2624 1749 Regnum
2704 1661 2896 1729 modo
2976 1658 3392 1750 perturbant,

1810 1750 2186 1834 praesertim
2230 1749 2313 1817 ob
2358 1749 2823 1838 Episcoporum
2877 1769 3046 1837 pene
3111 1746 3395 1815 omnium

1811 1834 2241 1905 deficientiam
2260 1887 2278 1923 ,
2346 1836 2752 1907 sanctissimo
2828 1837 3093 1906 Domino
3166 1837 3395 1925 Nostro

1811 1923 2119 2012 Gregorio
2176 1929 2336 2013 Papa
2392 1929 2531 1993 XVI
2591 1924 2949 1993 humillime
3013 1921 3397 2027 supplicavit

1807 2032 1924 2168 go
1974 2013 2351 2082 extensione
2384 2011 2646 2098 indulti,
2680 2013 3054 2083 conferendi
3086 2011 3392 2082 nimirum

1891 2119 2033 2167 cros
2088 2102 2357 2171 Ordines
2378 2150 2396 2186 ,
2458 2110 2524 2168 et
2584 2099 2963 2171 conficiendi
3016 2120 3190 2169 sacra
3245 2098 3395 2167 Olea

1811 2187 1989 2256 Feria
2035 2189 2251 2276 quinta
2309 2188 2375 2258 in
2432 2192 2641 2256 coena
2701 2190 2949 2258 Domini
3008 2189 3200 2258 etiam
3258 2184 3394 2276 pari

1811 2275 2007 2343 modo
2051 2277 2368 2347 sedendo.
2415 2276 2720 2346 Sanctitas
2751 2279 2875 2346 Sua
2918 2296 3149 2366 preces
3179 2276 3257 2345 ad
3288 2277 3395 2343 Sa-

1813 2383 2070 2432 crorum
2138 2364 2396 2468 Rituum
2467 2363 3057 2469 pongregationem·
3123 2361 3392 2446 remisit,

1811 2464 2780 2642 ssssissesszffesszrsssssszssssa
2803 2454 3396 2630 masma&

1812 2629 2069 2699 dinariis
2114 2630 2397 2698 comitiis
2438 2630 2608 2722 apud
2652 2630 2978 2698 Vaticanas
3006 2630 3218 2698 Aedes
3248 2626 3396 2696 sub-

1812 2716 2048 2803 scripta
2094 2717 2200 2785 die
2245 2719 2644 2804 coadunatis,
2693 2718 2771 2786 ad
2826 2718 3205 2787 relationem
3247 2715 3396 2783 sub·

1807 2805 2292 2962 Σ”ἷέ.Ρ’ἐ..ἓ”3ῗ
2299 2807 2482 2984 ‘5111
2506 2826 2723 2985 ..ἑῗῖἕῖ
2727 2806 3061 2963 “tm
3101 2802 3397 2962 “““ἔ.ῗῖἶ.ἰ

2731 2942 2749 2979 ἱ

1811 2983 1988 3051 ribus
2042 2982 2422 3070 gravissimis
2480 2984 2971 3069 circumstantis,
3039 2984 3114 3052 iis
3161 3000 3399 3069 emque

1811 3070 2333 3158 perdurantibus,
2366 3072 2557 3141 annui
2604 3083 2820 3161 potest
2850 3072 2934 3140 de
2963 3070 3225 3160 speciali
3258 3086 3398 3156 gra-

1812 3158 1930 3243 tia,
1981 3160 2329 3228 dummodo
2387 3160 2686 3248 privatim
2752 3160 2901 3227 fiant
2957 3158 3398 3228 Ordinationes

1816 3258 1882 3314 et
1934 3246 2420 3316 Benedictiones
2474 3248 2777 3316 Oleorum
2830 3249 3006 3315 Feria
3066 3247 3285 3334 quinta
3331 3244 3396 3312 in
3478 3263 3485 3274 ·

1812 3338 2022 3404 Coena
2069 3336 2318 3403 Domini
2364 3354 2515 3405 cum
2559 3336 2908 3404 assistentia
2946 3335 3142 3403 trium
3171 3334 3397 3402 saltem

1813 3425 2254 3511 Sacerdotum,
2290 3425 2455 3493 facto
2482 3422 2682 3493 verbo
2716 3442 2863 3493 cum
2895 3423 3301 3494 sanctissimo
3327 3442 3395 3489 ν.

1945 3511 2062 3579 Die
2110 3515 2192 3580 18
2235 3512 2560 3581 Februarii
2615 3517 2808 3583 1843.

1945 3602 2157 3686 Super
2187 3602 2419 3689 quibus
2464 3602 2759 3670 omnibus
2792 3601 2950 3670 lacta

1814 3687 2218 3757 Sanctissimo
2286 3690 2553 3758 Domino
2620 3692 2848 3758 Nostro
2909 3687 3214 3778 Gregorio
3258 3690 3398 3757 XVI

1814 3776 2099 3845 Pontifici
2167 3779 2435 3847 Maximo
2494 3797 2614 3880 per
2679 3777 3110 3881 subscriptum
3170 3781 3399 3846 Secre-

1817 3866 2049 3934 tarium
2095 3864 2273 3934 fideli
2328 3868 2673 3951 relatione,
2735 3871 3041 3937 Sanctitas
3101 3868 3224 3934 Sua
3286 3867 3398 3934 be·

1816 3953 2010 4041 nigne
2057 3953 2277 4023 annuit
2320 3956 2408 4024 de
2452 3955 2713 4046 speciali
2761 3955 2985 4044 gratia,
3033 3954 3215 4022 nullo
3257 3972 3398 4021 um·

1816 4062 2006 4131 quam
2051 4052 2346 4133 tempore
2375 4044 2440 4111 in
2472 4043 2850 4134 exemplum
2895 4041 3241 4111 afferenda.

1950 4131 2060 4198 Die
2095 4136 2171 4199 11
2222 4132 2421 4201 Martii
2468 4132 2761 4200 eiusdem
2807 4132 2953 4199 anni
3005 4133 3196 4198 1843.

2981 3600 3395 3691 postmodum

1816 4309 2068 4382 2861.
2334 4308 2878 4377 SYRACUSANA.
3171 4305 3397 4393 (4965)

1945 4490 2296 4575 Augustae,
2344 4503 2509 4573 quae
2556 4484 2786 4554 Civitas
2817 4493 2990 4551 extat
3019 4482 3087 4550 in
3114 4481 3400 4551 Dioecesi

1816 4580 2224 4665 Syracusana,
2258 4592 2388 4642 non
2434 4572 2573 4641 sine
2620 4573 2855 4659 exiguo
2893 4572 3185 4641 fidelium
3215 4590 3400 4662 prae·

1814 4662 2039 4731 sertim
2083 4661 2484 4731 infirmorum
2513 4660 2877 4749 dispendio,
2912 4660 2988 4728 ad
3031 4678 3268 4728 annum
3300 4680 3401 4728 us-

1816 4772 1943 4840 que
1980 4755 2152 4819 1718
2179 4750 2366 4819 unica
2405 4761 2539 4817 erat
2582 4749 2961 4837 parochialis
2988 4748 3297 4833 Ecclesia,
3331 4767 3401 4816 ac

1817 4841 1923 4907 uni
1974 4840 2318 4926 eidemque
2348 4838 2624 4905 Parocho
2656 4837 3005 4906 animarum
3048 4856 3198 4903 cura
3230 4855 3399 4904 com-

1814 4928 2227 5008 mittebatur;
2275 4925 2379 4994 cui
2425 4925 2679 4994 meliori
2722 4926 2917 4994 modo
2964 4925 3403 5015 procurandae

1819 5027 1969 5084 tunc
1992 5017 2226 5104 primo,
2253 5018 2513 5084 Sanctae
2537 5014 2762 5082 Mariae
2790 5014 3076 5082 Paroecia
3104 5012 3401 5081 dismem-

1817 5105 2015 5190 brata,
2045 5105 2241 5171 altera
2268 5103 2477 5170 Sancti
2501 5101 2847 5172 sebastiani
2880 5102 3220 5170 constituta
3252 5102 3398 5187 fuit,

1815 5193 1977 5261 adeo
2027 5203 2095 5259 ut
2144 5192 2480 5278 utriusque
2512 5190 2835 5258 Ecclesiae
2864 5189 3180 5259 Parecbus
3212 5190 3278 5259 in
3306 5192 3405 5259 sui

1817 5281 2100 5350 muneris
2156 5279 2377 5348 officiis
2438 5279 2816 5369 explendis,
2864 5281 3023 5348 alter
3078 5277 3157 5345 ab
3200 5279 3402 5348 altero

1820 5370 2082 5441 omnino
2135 5386 2267 5438 non
2325 5368 2753 5459 dependeret.
2803 5366 3186 5455 Novissime,
3240 5387 3404 5439 anno
