4042 5950
28 2950 31 2976 '
158 2990 413 3060 2300.

1580 243 1997 321 —49—

293 399 357 462 3.
402 398 497 461 An
544 392 895 462 primicerii
942 392 1221 462 debeant
1283 395 1577 463 assistere
1618 400 1738 464 Ar-

170 483 303 550 chia
353 482 562 569 ‘scopo
610 481 675 549 in
723 501 949 550 eorum
970 483 1317 570 collegiata
1361 485 1743 551 solemniter

168 502 564 636 calagana?
1102 640 1108 645 ,

291 660 353 723 4.
403 660 499 723 An
540 656 841 725 assistere
888 657 1164 727 debeant
1212 658 1277 726 in
1319 659 1538 726 Officio
1605 659 1733 726 Dia-

166 743 302 809 coni
325 755 390 809 et
422 742 809 812 subdiaconi
839 746 1229 830 Archipresb
1275 758 1417 815 tero
1466 748 1736 815 functio·

166 850 274 897 nes
318 830 701 899 solemniter
744 832 1131 921 peragenti?
1175 835 1236 921 (1

139 953 144 957 -
288 922 351 984 5.
401 922 499 985 An
541 920 620 986 ad
671 920 842 1007 ipsos
871 922 978 988 vel
1010 923 1089 989 ad
1120 922 1516 989 Canonicoss
1567 933 1738 989 ectet

164 1023 466 1093 peragere
512 1006 876 1075 functiones
918 1010 1368 1094 solemniores,
1398 1010 1519 1077 Arc
1569 1011 1738 1097 ipre·

165 1095 411 1180 sbytero
456 1094 776 1182 impedito
822 1099 926 1162 vel
962 1098 1291 1164 celebrare
1336 1097 1652 1165 nolente?

284 1185 348 1247 6.
410 1184 511 1249 An
566 1183 770 1250 dictas
838 1184 1201 1252 functiones
1260 1185 1729 1269 solemniores,

162 1267 529 1337 Primiceriis
601 1273 1093 1359 peragentibuS,
1146 1283 1483 1339 teneantur
1535 1277 1733 1340 Cano-

163 1356 275 1508 31οἰ
321 1357 451 1512 m'iis'
493 1357 794 1427 assistere
824 1360 886 1426 in
916 1379 1190 1429 munere
1211 1361 1549 1428 Diaconiet
1573 1359 1731 1428 S‘ub-

204 1463 401 1512 laconi

280 1535 361 1601 Et
408 1536 581 1601 S-R.
609 1539 713 1618 c.,
740 1537 817 1603 ad
868 1536 1245 1603 relationem
1294 1535 1556 1624 praefati
1587 1534 1747 1603 Emi.

160 1621 469 1704 Ponentis,
534 1622 826 1707 partibus
867 1624 1122 1713 scriptis
1184 1635 1252 1690 et
1312 1644 1471 1691 voce
1533 1624 1731 1691 insor-

161 1708 471 1806 mantibus
515 1709 693 1796 prius
738 1712 1001 1796 auditis,
1047 1711 1535 1780 rescribendum
1580 1730 1728 1778 cen·

160 1806 374 1951 mtstd
424 1889 485 1951 1.
538 1906 576 1949 ι
610 1885 1025 1973 Affirmative,
1074 1898 1387 1973 quatenus
1434 1886 1731 1955 intersint

161 1971 373 2126 choffi
393 1994 491 2127 3.
540 2081 579 2125 ι
613 2062 948 2148 Negative,
994 2061 1074 2129 ad
1120 2063 1393 2151 primam
1440 2074 1731 2151 partem;

158 2145 570 2231 Affirmative,
620 2150 699 2216 ad
743 2150 1091 2217 secundam
1128 2173 1195 2217 ιν.

231 2236 373 2332 ‘Ad
423 2239 489 2302 3.
539 2258 580 2301 ι
612 2237 1045 2323 Affirmative,
1119 2238 1183 2306 in
1251 2259 1398 2305 casu
1463 2241 1546 2308 de
1601 2259 1729 2326 quo

158 2331 485 2479 ‘cstffi’i-
536 2432 577 2475 α
610 2353 1018 2500 negativa».

275 2500 371 2566 Ad
418 2504 488 2566 5.
538 2520 579 2563 ‹
614 2502 919 2587 spectare
962 2502 1040 2568 ad
1087 2502 1484 2569 primicerios
1508 2525 1574 2569 ».

274 2588 372 2655 Ad
418 2591 487 2654 6.
537 2587 1039 2675 ‹Affirmative3
1120 2601 1187 2657 et
1254 2591 1319 2657 in
1394 2590 1729 2674 omnibuS,

158 2674 418 2760 amplius
445 2697 511 2740 ».

276 2769 356 2829 Et
401 2763 486 2829 ita
535 2763 827 2832 decrevit
858 2776 924 2833 et
952 2765 1190 2833 servari
1220 2764 1565 2833 mandavit.
1614 2765 1729 2831 Die

160 2854 236 2916 24
279 2852 661 2919 Novembris
713 2856 904 2920 1731.

730 2995 1144 3061 nAGnsmA.
1504 2994 1726 3081 (4005)

259 3121 488 3216 ‘Super
533 3117 776 3185 iuribus
820 3117 1515 3217 praeeminentialibus,
1564 3139 1729 3204 quae

156 3205 332 3270 vanis
376 3204 772 3293 temporibus
819 3216 988 3271 mter
1029 3208 1243 3272 Patres
1289 3206 1561 3273 Abbates
1618 3209 1729 3273 Or·

156 3292 313 3358 dinis
359 3295 425 3359 S.
460 3291 791 3359 Benedicti
822 3294 1345 3381 congregationis
1383 3294 1731 3360 Melitensis

28 3457 29 3460 Ἴ
156 3389 344 3445 status
387 3378 687 3468 Ragnsini
720 3398 801 3446 ex
831 3399 981 3464 una,
1024 3391 1091 3446 et
1120 3381 1485 3467 Capitulum
1515 3401 1585 3447 ac
1616 3385 1728 3448 ca-

156 3467 407 3533 nonicos
450 3467 623 3535 illius
667 3466 988 3534 Ecclesiae
1032 3469 1556 3554 Metropolitanae
1586 3486 1726 3554 par-

158 3553 317 3619 tibus
364 3574 447 3621 ex
491 3555 714 3637 altera,
750 3554 987 3621 exortis
1016 3556 1493 3640 controversiis,
1537 3568 1725 3641 atque

28 3663 29 3672 ¹
158 3641 475 3708 occasione
508 3660 804 3709 recursus
834 3641 1026 3708 habiti
1053 3663 1086 3708 a
1112 3643 1404 3730 capitulo
1434 3654 1503 3708 et
1532 3647 1733 3710 cano-

157 3728 302 3795 uicis
344 3730 666 3815 praefatae
712 3730 1257 3816 Metropolitanus,
1291 3730 1594 3798 adversus
1624 3750 1727 3797 re-

156 3816 537 3908 solutionem
600 3817 821 3884 favore
878 3817 1199 3884 dictorum
1245 3816 1559 3884 Abbatum
1605 3819 1725 3885 sub

162 3907 235 3969 12
276 3904 416 3970 Iulii
466 3907 629 3972 1727
676 3925 709 3970 a
756 3905 821 3970 S.
858 3908 933 3972 Β.
972 3909 1047 3973 c.
1079 3905 1344 3992 editam,
1376 3906 1611 3971 iterum
1646 3906 1723 3971 ad

156 3991 444 4058 molem
489 3991 757 4071 delatis;
806 3996 1001 4060 Emus
1048 4002 1113 4058 et
1156 3997 1350 4059 Rmus
1404 3998 1476 4062 D.
1532 3993 1721 4060 card.

159 4078 411 4167 Belluga
458 4078 742 4146 infrascri
897 4080 1089 4148 dubia
1133 4079 1307 4147 inter
1334 4090 1563 4168 partes‘
1578 4098 1727 4146 con·

157 4166 403 4233 cordata
437 4166 736 4233 declaran
781 4187 815 4231 a
860 4168 1193 4255 proposuit
1219 4190 1241 4234 ι

283 4259 345 4319 1.
394 4255 492 4320 An
537 4253 619 4320 sit
662 4253 1169 4323 confirmandum
1218 4259 1561 4322 Decretum
1607 4256 1725 4322 sub

154 4340 255 4406 die
283 4345 362 4408 12
394 4340 536 4408 Iulii
573 4345 769 4424 1727,
794 4342 1159 4409 concedens
1191 4341 1536 4410 Abbatibus
1568 4362 1728 4430 pon-

158 4427 487 4496 tificalibus
529 4428 920 4495 ornamentis
963 4429 1230 4513 indutis,
1278 4430 1481 4496 veluti
1542 4431 1725 4496 coab-

154 4513 573 4600 solventibns,
622 4516 1135 4604 praecedentiam
1179 4518 1244 4583 in
1312 4518 1729 4584 processioni-

158 4602 269 4668 bus
311 4603 640 4687 funerum,
689 4605 776 4670 de
867 4603 1052 4672 uibus
1096 4602 1369 4693 agitur?

279 4693 347 4756 2.
394 4694 493 4757 An
524 4690 710 4758 dictis
738 4692 835 4758 Ab
915 4692 1108 4774 tibus,
1143 4703 1215 4759 ut
1243 4710 1435 4779 supra
1464 4691 1724 4777 indutis,

158 4787 469 4878 umquam
538 4778 813 4845 invitatis
881 4781 999 4866 'pro
1065 4779 1411 4848 assistentia
1456 4780 1521 4846 in
1564 4782 1724 4848 sole·

28 4925 29 4930 ,
157 4864 404 4931 mnibus
427 4865 647 4953 primis
671 4864 994 4953 Vesperis,
1018 4867 1424 4933 Processione
1450 4877 1514 4933 et
1547 4868 1727 4935 Missa

160 4949 217 5016 in
258 4950 628 5019 testivitate
674 4954 745 5020 S.
790 4952 1004 5035 Blasii,
1036 4953 1263 5020 -veniat
1306 4955 1521 5021 denuo
1581 4955 1726 5021 assi-

162 5039 479 5122 gundum
522 5040 783 5108 stallum
829 5042 890 5107 in
937 5039 1359 5129 Presbyterio,
1410 5061 1537 5127 quo
1581 5061 1727 5108 usos

160 5124 342 5193 fnisse
390 5127 824 5213 praetendunt
869 5129 935 5194 in
981 5128 1233 5214 antiqua
1278 5129 1632 5197 cathedrali
1656 5126 1689 5194 ⁴?

292 5319 373 5393 (l)
406 5322 468 5378 Ε.
503 5322 647 5379 nuh.
681 5322 734 5380 ὅ.

364 5444 580 5490 Dea-eta
605 5444 920 5490 Anthemio·
946 5447 996 5490 8.
1022 5446 1085 5490 a.
1111 5447 1162 5489 0.
1189 5467 1243 5479 --
1269 5446 1377 5492 vol.
1407 5447 1468 5492 11.

1968 405 2038 467 3.
2083 402 2178 467 An
2224 420 2342 486 per
2388 401 2648 469 eosdem
2694 399 2970 467 Abbates
2997 400 3291 470 similiter
3322 400 3412 469 in-

1837 488 2051 571 dutos,
2087 499 2152 553 et
2196 506 2402 575 genua
2450 488 2783 556 flectentes
2828 488 2891 555 in
2924 498 3066 556 actu
3097 490 3414 577 receptio-

1836 574 1930 641 nis
1977 586 2044 641 et
2091 575 2509 643 restitutionis
2554 578 2886 644 Sacrarum
2930 576 3363 662 Reliquiarum
3392 626 3409 660 ‚

1837 681 1998 747 quae
2048 681 2164 750 per
2209 662 2474 729 eosdem
2520 663 2585 730 in
2633 662 2802 732 dicta
2845 664 3253 731 Processione
3299 667 3412 733 de·

1836 748 2136 817 feruntur
2162 798 2178 831 ,
2235 750 2315 816 sit
2379 751 2854 838 permittendus
2914 770 3063 818 usus
3126 752 3415 821 eiusdem

1832 836 2106 922 pulvini,
2132 855 2260 923 quo
2290 836 2354 904 in
2403 839 2632 906 eodem
2663 850 2808 907 actu
2839 849 3107 905 utuntur
3139 850 3264 906 tam
3296 841 3413 905 Ar·-

1835 923 2278 1011 chiepiscopus
2325 944 2512 1026 quam
2557 924 2859 1013 Episcopi
2892 924 3329 1014 suffraganei?

1967 1014 2032 1076 4.
2079 1014 2174 1077 An
2207 1012 2360 1078 dicti
2409 1012 2680 1080 Abbates
2725 1014 2789 1079 in
2834 1012 3022 1079 dictis
3063 1013 3412 1082 Processio-

1831 1097 2016 1165 nibus
2060 1118 2290 1167 secum
2326 1100 2565 1167 ducere
2611 1102 2863 1171 valeant
2909 1098 3072 1167 duos
3131 1102 3410 1169 Clericos

1828 1205 1943 1253 seu
1989 1188 2325 1255 Monachos
2372 1198 2534 1255 cotta
2579 1188 2860 1271 indutos,
2894 1187 2970 1253 ab
3015 1198 3293 1275 utroque
3326 1189 3410 1254 la·

1829 1283 1967 1340 tere
2010 1275 2378 1343 assistentes
2423 1295 2541 1361 pro
2584 1275 2862 1343 servitio·
2894 1286 2964 1342 et
3010 1295 3130 1342 usu
3185 1276 3412 1344 mitrae

1837 1372 1904 1428 et
1945 1360 2156 1428 baculi
2204 1364 2529 1450 pastoralis
2546 1361 2590 1428 ’θ’

1963 1454 2042 1515 Et
2085 1452 2155 1516 S.
2186 1451 2409 1517 eadem
2435 1455 2510 1521 R.
2548 1454 2649 1534 c.‚
2682 1452 2762 1519 ad
2808 1449 3186 1519 relationem
3230 1472 3410 1541 prae-

1827 1536 1980 1603 dicti
2042 1537 2183 1604 Emi
2244 1546 2311 1603 et
2369 1538 2509 1604 mni
2566 1543 2638 1604 Ι).
2690 1536 2876 1605 Card.
2932 1539 3218 1627 Belluga,
3283 1551 3409 1607 tam

1828 1624 2081 1724 scriptis
2106 1642 2293 1710 quam
2325 1644 2485 1691 voce
2517 1636 2790 1713 utraque
2818 1633 3000 1713 parte
3031 1627 3410 1695 informante

1831 1712 2067 1798 audita,
2116 1731 2186 1779 ac
2235 1710 2478 1781 iuribus
2526 1713 2671 1781 hinc
2720 1712 2873 1780 inde
2932 1712 3226 1781 deductis
3283 1734 3411 1780 ma-

1834 1810 1979 1866 ture
2023 1799 2388 1887 perpensiS,
2438 1802 2931 1869 rescribendum
2975 1802 3264 1873 censuitz

1963 1888 2057 1954 Ad
2110 1891 2169 1953 1.
2220 1909 2258 1952 ‹
2290 1886 2681 1956 Affirmative
2714 1912 2777 1955 »-

1962 1974 2058 2040 Ad
2108 1979 2171 2040 2.
2224 1996 2261 2038 ‹
2296 1974 2829 2063 Archiepiscopus
2882 1975 3158 2064 assignet
3210 1977 3410 2045 Abba-

1832 2062 1999 2129 tibus
2047 2062 2262 2129 locum
2309 2062 2652 2131 decentem
2702 2065 2768 2130 in
2813 2062 3232 2151 Presbyter-io,
3263 2077 3410 2151 post

1832 2151 2184 2237 Episcopos
2211 2173 2273 2215 »-

1962 2237 2060 2304 Ad
2111 2242 2178 2305 3.
2225 2260 2264 2304 ‹
2309 2238 2701 2307 Affirmative
2734 2261 2797 2304 ».
3115 2270 3130 2285 .

1959 2326 2058 2392 Ad
2106 2329 2168 2391 4.
2219 2347 2258 2391 ‹
2291 2327 2706 2407 Affirmative3
2739 2328 2823 2393 ita
2851 2339 3066 2395 tamen
3097 2339 3194 2410 ut,
3226 2347 3408 2416 prae-

1830 2423 1933 2479 ter
1979 2411 2184 2480 dictos
2230 2413 2387 2479 duos
2424 2415 2704 2483 clericos
2734 2425 2841 2481 aut
2871 2418 3227 2502 Monachus,
3253 2417 3407 2483 alios

1830 2500 2075 2567 ducere
2119 2520 2246 2568 non
2293 2502 2634 2587 possint».

1962 2592 2047 2655 Et
2110 2589 2198 2654 ita
2273 2590 2561 2657 decrevit
2628 2602 2691 2657 et
2752 2592 2991 2660 servari
3059 2591 3403 2660 mandavit.

1830 2675 1942 2742 Die
1989 2679 2075 2743 24
2117 2677 2490 2745 Novembris
2540 2682 2732 2747 1731.

1832 2817 2085 2886 2301.
2482 2818 2784 2885 PAPIEN.

1960 2944 2136 3008 Inter
2149 2943 2360 3007 Patres
2374 2940 2645 3007 Minores
2663 2940 3126 3010 conventuales
3141 2943 3208 3009 S.
3225 2945 3413 3009 Fran·

1835 3028 1981 3095 cisci
2028 3027 2257 3116 Oppidi
2306 3027 2634 3095 valentiae
2676 3029 2774 3094 del
2817 3031 2908 3093 Ρὸ
2954 3028 3276 3096 Dioecesis
3301 3034 3407 3095 Pa-

1830 3118 2007 3202 pien.
2059 3134 2140 3180 ex
2187 3134 2336 3198 una,
2383 3126 2574 3200 atque
2621 3115 3056 3202 Praepositum
3104 3128 3166 3182 et
3223 3119 3407 3182 Paro-

1830 3203 2026 3270 chum
2057 3202 2384 3270 Ecclesiae
2410 3203 2550 3270 coll
2641 3203 2798 3267 latae
2831 3205 2893 3269 S.
2915 3203 3141 3269 Mariae
3162 3203 3408 3269 Haioris

1825 3289 2056 3390 Oppidi
2100 3289 2412 3375 praedicti
2456 3301 2616 3376 parti
2663 3309 2737 3355 us
2782 3309 2862 3355 ex
2892 3291 3111 3374 altera,
3138 3299 3268 3358 tam
3300 3310 3440 3357 oc·-

1831 3396 2080 3445 casione
2142 3376 2564 3444 associationis
2616 3377 2998 3444 cadaverum
3060 3397 3246 3463 quam
3303 3397 3407 3443 so-

1831 3464 2060 3534 lemnis
2105 3465 2526 3531 processionis
2572 3482 2734 3550 quae
2795 3464 2858 3531 in
2921 3469 3107 3532 Festo
3175 3468 3406 3532 SSmae

1827 3551 2274 3640 conceptionis
2318 3552 2562 3620 ratione
2595 3553 2729 3619 voti
2761 3553 3029 3651 singulis
3058 3552 3232 3619 annis
3261 3552 3408 3619 fieri

1827 3644 2019 3725 solet,
2052 3640 2502 3707 controversiis
2534 3641 2772 3707 exortis
2805 3640 3061 3726 illtsque
3107 3661 3190 3707 ex
3221 3651 3408 3728 parte

1828 3732 2148 3798 dictorum
2192 3731 2443 3795 Patrum
2504 3729 2818 3796 minorum
2872 3729 3404 3796 conventualium

1828 3816 1906 3884 ad
1954 3819 2019 3883 S.
2058 3822 2133 3884 R.
2168 3818 2241 3882 c.
2290 3815 2561 3896 delatis3
2623 3821 2820 3882 fimus
2862 3826 2927 3882 et
2971 3820 3166 3883 Rffius
3217 3820 3401 3882 Dum.

1825 3905 2015 3974 Card.
2050 3903 2299 3971 Lercari
2346 3902 2740 3990 infrascripta
2769 3902 2962 3969 dubia
2992 3903 3162 3970 inter
3192 3916 3404 3991 partes

1829 3992 2203 4060 concordata
2251 3991 2625 4058 declaranda
2671 3989 3042 4077 proposuit:

1964 4084 2028 4146 1.
2060 4079 2181 4161 An,
2217 4077 2540 4144 occasione
2571 4077 2994 4143 associationis
3025 4078 3406 4145 cadaverum

1830 4169 1893 4236 in
1923 4166 2205 4234 Ecclesia
2237 4167 2488 4232 Patrum
2519 4164 2830 4232 minorum
2865 4165 3401 4232 conventualium

1829 4254 2182 4338 valentiae,
2231 4251 2419 4319 liceat
2463 4252 2829 4339 Praeposito
2875 4263 2941 4318 et
2985 4253 3261 4320 Parocho
3311 4253 3406 4319 in-

1825 4342 2026 4430 signis
2065 4342 2450 4425 Collegiatae
2497 4341 2703 4407 dictae
2747 4340 3055 4423 civitatis,
3102 4357 3250 4407 cum
3297 4340 3399 4407 vel

1828 4430 1968 4498 sine
2011 4430 2225 4513 Clero,
2276 4426 2783 4514 ingredientibus
2829 4428 3176 4494 Ecclesiam
3221 4446 3404 4514 prae·

1830 4518 2016 4586 fatam
2065 4536 2212 4586 cum
2257 4517 2428 4584 Stola
2472 4527 2538 4583 et
2584 4518 2790 4582 cruce
2835 4514 3110 4598 elevata,
3145 4532 3403 4601 praece·

1830 4607 1987 4673 dere
2034 4599 2609 4672 Hebdomadarium
2654 4602 3038 4689 Regularem
3104 4602 3401 4668 indutum

1829 4692 2301 4844 superpellipeo
2347 4702 2414 4757 et
2459 4691 2654 4774 Stola,
2688 4705 2892 4774 usque
2924 4689 3002 4755 ad
3049 4690 3259 4755 lecum
3296 4705 3403 4753 ex-

1832 4801 1867 4847 e
1913 4797 2160 4848 uiarum

1870 4800 1911 4867 q
1959 4872 2023 4934 2.
2075 4872 2194 4949 An,
2245 4865 2570 4932 occasione
2633 4862 2933 4932 solemnis
2988 4862 3408 4931 Prot-,essionis

1830 4954 1969 5022 lieri
2014 4955 2242 5021 solitae
2289 4953 2354 5019 in
2400 4957 2585 5021 Festo
2650 4954 2879 5022 ssmae
2932 4951 3406 5037 conceptionis,

1828 5047 2038 5108 Patres
2083 5041 2353 5108 Minores
2395 5041 2862 5108 conventuales
2886 5039 3097 5106 dictae
3125 5038 3410 5106 Civitatis

1836 5128 2073 5195 hahere
2118 5127 2395 5195 debeant
2455 5127 2668 5194 locum
2725 5129 2788 5194 in
2847 5127 3058 5196 choro
3105 5137 3170 5192 et
3226 5127 3409 5192 stallo

3176 2819 3403 2905 (4008)
3473 2894 3486 2909 ,

3067 5442 3094 5484 4
