4042 5950
1977 223 2081 239 ...
2134 180 2293 259 232
2348 223 2451 239 ...

563 343 810 428 Libros,
857 343 1350 426 Commentaria,
1396 340 1737 431 opuscula,
1785 342 1991 429 Opera
2037 339 2154 408 de-
2248 340 2430 423 toris,
2461 337 2569 405 die
2602 340 2686 404 20
2719 336 2990 422 Augusti
3044 340 3233 421 1830,
3271 333 3683 405 Pontificatus
3706 337 3813 403 No-

563 432 760 520 nique
815 431 1049 515 omnia,
1095 442 1165 498 ut
1212 431 1487 499 aliorum
1545 429 1869 497 Ecclesiae
1930 432 2158 495 Docto-

567 538 739 605 rum,
790 540 918 589 non
979 520 1168 588 modo
1236 519 1535 607 privatim
1595 518 1712 586 sed
1770 514 2035 604 publice
2097 515 2162 582 in

566 608 951 697 Gymnasiis,
1014 608 1413 692 academiis,
1481 606 1768 690 Scholis,
1828 602 2160 690 Collegiis,

569 696 988 781 lectionibus,
1050 696 1626 784 disputationibus,
1691 691 2167 780 interpretatio·

570 784 790 870 nibus,
855 786 1299 867 concionibus»,
1370 783 1775 851 sermonibus
1840 778 2168 879 omnibus-

572 891 698 960 que
757 873 899 939 aliis
953 873 1409 941 Ecclesiasticis
1474 872 1703 940 studiis
1768 868 2166 937 Christianis-

573 981 700 1049 que
754 961 1323 1030 exercitationibus
1367 960 1571 1044 citari,
1620 957 1926 1046 proferri,
1976 968 2168 1043 atque

574 1067 722 1117 cum
771 1069 871 1116 res
919 1050 1364 1138 postulaverit,
1414 1046 1705 1115 adhiberi
1751 1047 2054 1112 volumus
2102 1054 2168 1110 et

574 1137 1009 1208 decernimus.
1047 1139 1328 1205 Tandem
1375 1148 1445 1203 ut
1493 1133 2026 1205 Christifidelium
2057 1133 2169 1200 de-

577 1226 749 1294 votio
793 1225 872 1293 ad
920 1226 1110 1307 huius
1171 1226 1460 1293 Doctoris
1516 1224 1695 1291 diem
1749 1227 2010 1290 Festum
2065 1241 2168 1288 co·

580 1313 848 1382 lendum
880 1314 1149 1400 eiusque
1195 1331 1387 1403 opem
1434 1312 1540 1399 pie
1589 1311 2054 1400 implorandam
2091 1328 2168 1376 eo

579 1403 779 1490 magis
824 1404 1232 1487 accendatur,
1268 1421 1396 1489 quo
1428 1420 1510 1468 ex
1548 1400 1671 1466 hoc
1702 1398 2001 1466 coelestis
2033 1415 2173 1485 gra-

582 1488 707 1557 tiae
751 1491 920 1558 dono
967 1511 1037 1557 se
1084 1492 1347 1558 uberius
1395 1486 1849 1576 conspexerint
1896 1506 2040 1554 esse
2072 1505 2172 1552 re-

586 1576 810 1662 iectos,
857 1579 941 1645 de
986 1578 1454 1664 omnipotentis
1484 1576 1597 1643 Dei
1630 1575 2072 1645 misericordia
2103 1594 2174 1639 ac

583 1669 704 1734 BB.
738 1666 908 1732 Petri
956 1677 1020 1732 et
1067 1667 1240 1733 Pauli
1286 1665 1744 1753 Apostolorum
1789 1663 1927 1730 eius
1958 1673 2175 1730 aucto·

587 1753 773 1820 ritate
803 1753 1050 1839 confisi,
1080 1755 1375 1822 omnibus
1406 1753 1742 1838 utriusque
1774 1771 1968 1818 sexus
1996 1748 2180 1817 Chri·

584 1839 995 1927 stifidelibus,
1031 1840 1140 1928 qui
1186 1843 1292 1911 die
1340 1847 1524 1909 Festo
1558 1840 1853 1907 eiusdem
1890 1839 2181 1906 Doctoris

585 1946 742 1995 vere
773 1930 1181 2018 poenitentes
1207 1941 1273 1998 et
1301 1928 1739 1997 sacramentali
1763 1927 2181 1997 Confessione

588 2018 956 2103 praemissa,
992 2019 1469 2086 sanctissimum
1501 2016 1933 2086 Eucharistiae
1965 2017 2182 2083 Sacra-

589 2115 885 2174 mentum
943 2106 1335 2196 sumpserint
1389 2116 1453 2174 et
1500 2124 1692 2173 unam
1744 2124 1827 2171 ex
1880 2103 2185 2171 Ecclesiis

589 2193 840 2261 Ordinis
879 2193 1400 2263 cisterciensium
1430 2216 1462 2261 a
1495 2193 1718 2281 primis
1751 2192 2051 2279 vesperis
2081 2212 2185 2259 us·

592 2300 724 2366 que
769 2282 846 2351 ad
896 2303 1189 2351 occasum
1234 2283 1386 2350 solis
1430 2282 1724 2351 eiusdem
1771 2281 1900 2349 diei
1944 2280 2187 2347 devote

594 2368 1015 2455 visitaverint,
1040 2392 1111 2438 ac
1140 2392 1257 2460 pro
1289 2370 1791 2438 Christianorum
1817 2367 2183 2456 Principum

597 2459 970 2543 concordia,
1020 2459 1362 2526 haeresum
1410 2457 1865 2545 exstirpatione
1919 2476 1988 2521 ac
2035 2458 2187 2523 San-

598 2556 739 2612 ctae
783 2548 994 2613 Matris
1039 2546 1362 2614 Ecclesiae
1408 2545 1820 2627 exaltatione,
1852 2543 1986 2631 pias
2033 2542 2187 2611 inibi

598 2633 676 2699 ad
722 2638 930 2702 Deum
1009 2652 1214 2718 reces,
1250 2644 1442 2720 prout
1473 2654 1584 2700 sua
1613 2630 1848 2718 cuique
1880 2641 2190 2718 suggeret

599 2719 886 2806 devotio,
915 2742 950 2789 e
1000 2720 1297 2802 uderint;
1334 2720 1686 2809 plenariam
1717 2719 2005 2787 omnium
2037 2738 2190 2807 pec-

602 2817 891 2877 catorum
952 2809 1424 2895 indulgentiam
1473 2819 1540 2876 et
1585 2808 2025 2876 remissionem
2075 2805 2192 2874 mi-

602 2896 1015 2964 sericorditer
1059 2899 1125 2963 in
1170 2900 1439 2965 Domino
1483 2897 1900 2965 concedimus
1933 2908 1999 2963 et
2030 2895 2194 2963 elar-

604 2985 841 3071 gimur,
868 2987 1262 3054 declarantes
1295 2986 1454 3054 hanc
1480 2996 1883 3075 praesentem
1907 2987 2195 3052 Nostram

606 3075 1081 3142 concessionem
1143 3087 1460 3164 perpetuo
1523 3075 1889 3143 duraturam
1951 3083 2016 3140 et
2074 3072 2195 3139 sub

607 3161 935 3249 quibusvis
976 3162 1519 3252 indulgentiarum
1549 3162 2060 3230 revocationibus
2088 3161 2196 3228 vel

608 3249 1089 3321 limitationibus
1113 3253 1293 3319 nullo
1318 3251 1512 3319 modo
1536 3249 2022 3338 comprehendi.
2040 3252 2199 3328 Quo·

610 3339 775 3407 circa
807 3338 1124 3408 universis
1157 3343 1288 3409 VV.
1325 3343 1446 3407 FF.
1480 3338 1879 3423 Patriarchis,
1913 3335 2199 3404 Primati-

609 3428 763 3509 buS,
820 3427 1232 3515 Archiepisco
1281 3428 1363 3511 is,
1427 3426 1759 3515 Episcopis
1819 3435 1885 3493 et
1944 3425 2201 3494 dilectis

613 3513 761 3582 filiis
802 3515 1066 3582 aliarum
1113 3519 1238 3583 Ecc
1270 3516 1544 3582 esiarum
1586 3515 1882 3581 Praelatis
1913 3533 2032 3601 per
2061 3513 2203 3579 uni-

613 3621 872 3668 versum
940 3613 1257 3669 terrarum
1317 3602 1552 3671 Orbem
1619 3601 1979 3670 constitutis
2001 3653 2018 3688 ,
2084 3621 2202 3688 per

613 3700 986 3776 praesentes
1058 3692 1467 3774 mandamus,
1536 3701 1608 3759 ut
1673 3709 1835 3776 quae
1902 3688 2204 3777 superius

617 3776 849 3843 sancita
895 3788 1069 3862 sunt,
1121 3778 1186 3845 in
1230 3779 1359 3845 suis
1405 3779 1770 3863 Provinciis,
1804 3778 2202 3864 Civitatibus,

621 3865 919 3932 Ecclesiis
974 3876 1041 3932 et
1096 3865 1502 3935 Dioecesibus
1559 3866 1942 3934 solemniter
1996 3866 2206 3954 publi-

621 3952 747 4020 cari
809 3965 874 4020 et
929 3954 1005 4021 ab
1066 3955 1358 4022 omnibus
1410 3955 1699 4041 personis
1758 3954 2212 4022 Ecclesiasticis

620 4042 1024 4108 Secularibus
1072 4051 1135 4110 et
1181 4042 1550 4128 quorumvis
1580 4042 1888 4109 Ordinum
1933 4044 2208 4130 Regula-

622 4128 800 4196 rihus
845 4131 1086 4216 ubique
1132 4130 1421 4199 locorum
1466 4141 1532 4196 et
1575 4133 1868 4219 gentium
1907 4130 2208 4197 inviolate

625 4228 947 4304 perpetuo
997 4220 1318 4287 observari
1380 4228 1751 4308 procurent.
1816 4221 1981 4285 Haec
2026 4237 2210 4305 prae-

625 4304 897 4392 cipimus
955 4319 1149 4407 atque
1205 4308 1599 4391 mandamus,
1643 4326 1771 4374 non
1818 4306 2212 4374 obstantibus

627 4393 1195 4468 Constitutiombus
1253 4406 1317 4463 et
1376 4395 1886 4465 ordinationibus
1944 4397 2211 4482 Aposto-

629 4480 768 4546 licis
837 4483 1199 4569 ceterisque
1275 4483 1604 4551 contrariis
1670 4483 2211 4569 quibuscumque.

629 4569 943 4637 Volumus
974 4581 1191 4638 autem
1237 4582 1310 4639 ut
1355 4571 1732 4638 earumdem
1779 4572 2213 4658 praesentium

632 4659 1041 4759 transumptis
1085 4679 1200 4727 seu
1247 4660 1562 4747 exemplis
1623 4658 1814 4726 etiam
1861 4659 2212 4760 impressis,

630 4762 822 4812 manu
867 4747 1142 4821 alicuius,
1174 4749 1411 4817 Notarii
1456 4746 1695 4836 publici
1743 4746 2113 4836 subscriptis
2149 4758 2217 4816 et

632 4831 842 4917 sigillo
912 4855 1220 4924 personae
1290 4838 1353 4904 in
1420 4835 1846 4904 ecclesiastica
1904 4837 2214 4924 dignitate

637 4921 1014 4990 constitutae
1059 4924 1165 4991 vel
1209 4925 1638 4993 Procuratoris
1692 4925 2015 4994 Generalis
2062 4924 2218 4993 dicti

635 5007 887 5076 Ordinis
933 5011 1229 5097 munitiS,
1279 5013 1506 5081 eadem
1567 5033 1826 5101 prorsus
1888 5013 2049 5081 fides
2109 5015 2218 5082 ha-

639 5092 863 5162 beatur
909 5118 1072 5185 quae
1114 5101 1455 5168 haberetur
1485 5101 1639 5188 ipsis
1669 5100 2135 5187 praesentibus,
2168 5101 2220 5168 si

642 5182 855 5249 l'orent
893 5185 1213 5254 exhibitae
1243 5190 1347 5256 vel
1383 5199 1693 5256 ostensae.
1730 5191 1954 5254 Datum
1985 5193 2218 5256 Romae

641 5271 810 5358 apud
857 5275 927 5358 S.
959 5275 1209 5344 Mariam
1259 5277 1551 5343 Maiorem
1593 5274 1713 5341 sub
1757 5276 1989 5343 annulo
2021 5276 2218 5346 Pisca-

2257 425 2369 493 stri
2415 428 2597 494 Anno
2642 426 2962 494 Secundo.

3100 535 3147 597 l.
3197 535 3406 598 Canu.
3462 532 3723 597 mm.

2267 709 2525 779 26⁷9.
2894 711 3217 777 IANUEN.
3628 707 3823 792 (4661)

2393 871 2784 959 Capitulum,
2832 870 3059 939 Clerus
3105 882 3171 937 et
3214 864 3653 938 Seminarium
3693 864 3830 932 Civi-

2260 957 2406 1026 tatis
2436 959 2830 1026 Clavarensis
2860 959 3180 1027 Dioecesis
3210 965 3489 1026 lanuen.
3526 958 3834 1021 Sacrorum

2261 1047 2525 1115 Rituum
2555 1047 3049 1135 congregationi
3094 1045 3470 1116 humillime
3518 1040 3832 1130 supplicat,

2264 1145 2336 1201 ut
2381 1136 2719 1223 sequentia
2763 1136 2960 1203 dubia
3004 1135 3329 1203 declarare
3376 1132 3733 1230 dignetur:

2403 1229 2466 1290 1.
2513 1228 2742 1292 Utrum
2791 1223 3217 1292 Seminarium
3268 1222 3334 1288 in
3390 1218 3679 1310 publicis
3720 1220 3839 1283 Pro-

2265 1311 2658 1379 cessionibus
2702 1312 3008 1382 incedere
3040 1311 3276 1379 debeat
3304 1307 3697 1377 immediate
3724 1314 3841 1403 post

2265 1402 2542 1468 Crucem
2587 1400 2979 1487 Collegiatae
3038 1411 3186 1468 ante
3238 1399 3669 1495 Presbyter-os
3706 1396 3842 1460 Civi-

2268 1488 2410 1554 tatis
2480 1501 2863 1574 ceterosque
2926 1488 3209 1556 Clericos
3269 1487 3706 1563 adventitios,
3762 1478 3847 1543 vel

2270 1575 2522 1735 potius?
2552 1576 2925 1644 immediate
2993 1586 3140 1644 ante
3206 1574 3589 1660 Capitulum
3649 1567 3848 1636 Cathe-

2322 1665 2471 1731 ralis

2407 1756 2471 1819 2.
2522 1756 2619 1822 An
2668 1752 2917 1820 censeri
2979 1752 3255 1821 debeant
3309 1750 3717 1817 Professores
3756 1745 3849 1809 Se-

2274 1839 2523 1908 minarii
2590 1859 2794 1908 unum
2856 1850 2921 1906 et
2980 1840 3156 1907 idem
3224 1842 3479 1927 Corpus
3543 1833 3851 1901 efformare

2275 1947 2423 1997 cum
2444 1928 2731 2084 bele-{icis
2785 1924 3121 1997 Seminarii
3169 1927 3235 1994 in
3281 1923 3571 2014 publicis
3624 1926 3853 1987 Proces-

2278 2036 2440 2084 stom
2486 2037 2562 2086 us

2410 2109 2475 2173 3.
2536 2108 2630 2173 An
2689 2106 3088 2172 Professores
3147 2101 3511 2192 praedicti,
3565 2095 3679 2184 qui
3736 2103 3857 2160 sunt

2274 2192 2600 2280 simplices
2650 2193 3059 2276 Sacerdotes,
3095 2192 3192 2259 ius
3222 2192 3505 2259 habeant
3540 2188 3608 2252 in
3639 2188 3859 2250 Proces-
3970 2164 3971 2205 ³

2276 2281 2563 2349 sionibus
2610 2281 2957 2350 incedendi
2997 2290 3143 2369 post
3179 2277 3617 2347 Seminarium
3663 2272 3861 2339 imme·

2282 2369 2455 2437 diate
2499 2380 2646 2438 ante
2693 2368 3056 2459 Capitulum
3100 2365 3550 2454 Collegiatae3
3612 2360 3716 2426 vel
3764 2374 3858 2453 po·

2277 2457 2404 2525 tius
2450 2458 2760 2527 incedere
2805 2459 3088 2526 debeant
3116 2475 3268 2523 cum
3297 2454 3432 2521 aliis
3480 2450 3861 2534 Presbyter-ts

2280 2545 2566 2702 Civitati?
2614 2557 2679 2614 et
2725 2545 3089 2615 adventitiis
3148 2544 3390 2630 absque
3440 2541 3586 2609 ulla
3630 2550 3857 2625 praece·

2286 2634 2505 2704 dentis

2418 2727 2499 2790 Et
2530 2726 2598 2791 S.
2627 2729 2701 2792 R.
2733 2724 2835 2808 C.',
2867 2724 2946 2804 ad
2976 2720 3297 2801 Quirinale
3327 2719 3447 2787 sub
3486 2708 3860 2796 infrascripta

2292 2809 2399 2877 die
2446 2811 2829 2894 coadunata,
2878 2808 3257 2899 responditz

2421 2901 2517 2967 Ad
2571 2905 2633 2966 1.
2683 2922 2722 2965 ι
2755 2905 2954 2967 Detur
3000 2902 3342 2965 Decretum
3390 2895 3454 2960 in
3503 2910 3635 2960 una
3678 2890 3859 2954 Nuce·

2279 2990 2419 3056 'riae
2464 2993 2861 3075 Paganorum
2906 2986 3035 3055 diei
3087 2989 3167 3054 19
3213 2981 3478 3052 Ianuarii
3527 2981 3701 3048 1704
3730 2998 3805 3071 ‘·.
3847 3056 3857 3068 .

2422 3077 2520 3144 Ad
2580 3080 2645 3143 2.
2699 3087 2764 3143 et
2822 3081 2888 3145 3.
2952 3098 2991 3140 ς
3022 3073 3374 3161 Negative,
3436 3069 3591 3156 quia
3662 3059 3861 3132 nullibi

2292 3167 2471 3234 adest
2517 3164 2919 3233 consuetudo
2952 3185 3016 3229 ν.

2426 3257 2507 3319 Et
2554 3252 2637 3318 ita
2683 3252 3172 3320 rescribendum
3205 3249 3481 3317 censuit.
3533 3245 3651 3314 Die
3687 3241 3864 3308 1710·

2299 3341 2370 3407 m
2406 3343 2603 3409 isso.
3143 3432 3147 3435 .

2300 3480 2567 3548 2680.
2722 3457 2729 3465 “
2927 3479 3244 3580 Aesim.

2428 3610 2499 3671 ln
2542 3605 2722 3672 Bulla
2769 3604 3113 3672 erectionis
3144 3604 3533 3692 collegiatae
3564 3591 3863 3669 Ecclesiae

3663 3464 3860 3562 (sesi)

2299 3693 2421 3760 loci
2468 3695 2719 3779 Cuprae
2767 3695 3119 3776 Montanae,
3154 3693 3351 3779 vulgo
3383 3690 3759 3763 uassaocio,
3794 3680 3863 3744 in-
3970 3705 3971 3708 ¹

2299 3790 2396 3846 tra
2441 3779 2601 3847 fines
2647 3780 2963 3848 Dioecesis
3009 3782 3276 3849 Aesinae
3322 3782 3477 3849 haec
3533 3778 3861 3848 habentur:

2284 3888 2341 3933 ·«
2373 3868 2671 3935 Canonici
2728 3870 3093 3936 rochettum
3152 3889 3300 3937 cum
3344 3866 3476 3935 suis
3520 3858 3776 3935 manicis
3812 3863 3862 3918 et

2302 3968 2684 4024 mozzettam
2747 3957 3014 4023 violacei
3075 3958 3337 4042 coloris,
3403 3967 3531 4022 tam
3588 3953 3660 4020 in
3724 3944 3865 4038 dict?

2303 4042 2649 4110 Parochiali
2682 4045 2960 4112 Ecclesia
3007 4063 3195 4131 quam
3227 4059 3407 4112 extra
3438 4062 3579 4112 eam
3590 4084 3725 4107 .....
3752 4049 3867 4131 qu}-

2304 4129 2707 4218 buscumque
2752 4133 2994 4200 actibus
3040 4142 3106 4200 et
3149 4132 3583 4201 functionibus
3622 4121 3864 4216 publ¹0¹⁸

2307 4231 2371 4286 et
2417 4220 2679 4307 privatis
2687 4267 2819 4288 .....
2871 4220 3131 4288 deferre
3162 4232 3509 4308 etgestare
3518 4265 3658 4285 .....
3690 4211 3865 4281 libere

2308 4318 2375 4374 et
2423 4307 2598 4375 licite
2641 4310 2883 4395 pos‘sint
2930 4319 2994 4375 et
3039 4310 3315 4393 valeant,
3365 4319 3431 4375 et
3476 4305 3745 4393 quilibet
3785 4312 3866 4360 00·

2310 4414 2456 4463 rum
2489 4396 2686 4484 possit
2734 4408 2800 4463 et
2843 4397 3139 4463 valeat».
3192 4403 3287 4464 Ex
3334 4396 3648 4463 illimitata
3678 4384 3869 4458 nullae

2313 4484 2759 4553 enunciatione
2804 4504 3009 4571 usque
3055 4485 3133 4553 ab
3175 4489 3361 4553 Anno
3412 4487 3608 4566 1778,
3658 4481 3718 4547 in
3759 4485 3864 4559 (1¹1⁰

2309 4571 2658 4660 Collegiata
2724 4583 2937 4640 erecta
3004 4572 3161 4657 fuit,
3224 4571 3519 4641 Canonici
3581 4585 3726 4637 cum
3786 4577 3867 4626 το·

2313 4660 2533 4728 chetto
2589 4673 2655 4728 et
2705 4662 2878 4729 Stola
2931 4664 3330 4729 Sacramenta
3375 4657 3697 4747 Baptismi,
3740 4654 3868 4717 1²⁰0·

2312 4748 2618 4815 nitentiae
2667 4759 2732 4817 et
2776 4748 3207 4818 Eucharistiae
3268 4747 3705 4817 administrare
3748 4752 3865 4837 090·

2314 4849 2596 4926 perunt;
2662 4849 2727 4905 et
2788 4836 3348 4924 Archipresbyter,
3398 4836 3508 4923 qui
3567 4845 3663 4900 est
3714 4839 3866 4898 unffia

2310 4926 2700 5013 Collegiatae
2744 4926 3050 5014 Dignitas,
3099 4925 3420 5009 rochetto,
3468 4931 3774 4990 mozzetta
3813 4917 3865 5009 φὶ

2314 5014 2487 5083 Stola
2548 5014 2813 5084 indutus
2868 5014 3206 5082 domorum
3264 5012 3774 5084 benedictionem
3813 5015 3865 5063 ¹1¹

2316 5104 2583 5171 Sabbato
2630 5106 2857 5171 Sancto
2903 5102 3183 5191 perficit.
3232 5101 3412 5168 Hisce
3459 5098 3707 5189 positis,
3735 5092 3863 5160 alter

2316 5211 2398 5258 ex
2441 5192 2770 5261 Canonicis
2831 5193 3169 5258 Sacrorum
3225 5192 3487 5257 Rituum
3540 5191 3879 5275 Congrum<

2321 5279 2478 5347 tioni
2507 5278 2886 5370 supplicavit
2922 5299 3039 5366 pro
3071 5278 3535 5348 declaratione:
3570 5278 3668 5341 An
3695 5275 3859 5342 stantss
