4042 5950
2005 252 2477 332 -396.·-

606 414 866 483 Rituum
912 412 990 481 ad
1033 412 1353 493 Quirinale
1396 411 1756 500 subsignata
1802 411 1910 480 die
1953 411 2184 480 coadu-

607 502 803 581 natis;
850 502 1203 570 nimirum:

739 594 791 658 1.
836 592 931 657 An
992 588 1205 673 Calix,
1246 589 1434 656 cuins
1491 586 1797 656 inauratio
1856 589 2187 657 dumtaxat

605 688 973 761 renovatur,
1020 676 1217 766 possit
1259 697 1292 742 a
1339 676 1707 759 Sacerdote,
1753 677 1988 745 Ordine
2039 676 2186 764 Epi·

606 766 842 854 scopali
885 784 1015 833 non
1066 764 1388 854 insignito,
1437 764 1555 832 sim
1608 763 1814 831 liciter
1873 762 2010 832 sine
2069 784 2184 831 un-

607 854 818 922 ctione
863 851 1206 934 benedici;
1263 853 1369 920 vel
1430 851 1494 919 in
1602 871 1676 918 oc
1734 871 1991 939 quoque
2038 871 2184 919 casu

603 942 684 1010 ad
740 942 1126 1030 Episcopum
1185 940 1458 1027 perferri
1516 940 1774 1024 debeat,
1820 951 1895 1008 ut
1939 940 2017 1007 ab
2064 942 2186 1009 boc

605 1048 754 1097 cum
797 1029 1098 1098 unctione
1147 1028 1439 1096 benedici
1484 1027 1729 1114 queat?

736 1122 809 1186 11.
859 1121 955 1186 An
1001 1116 1066 1185 in
1112 1115 1397 1202 urbibus,
1443 1116 1508 1184 in
1553 1115 1782 1201 quibus
1810 1116 2185 1204 frequenter

607 1206 963 1275 funduntur
1016 1208 1364 1292 Campanae
1413 1214 1477 1271 et
1522 1202 1712 1270 simul
1759 1225 1792 1269 a
1838 1204 2185 1293 resideptia

605 1293 899 1397 Episcopi
947 1293 1197 1379 longius
1257 1303 1537 1359 remotae
1591 1304 1779 1377 sunt,
1826 1292 2054 1379 aliquis
2101 1311 2182 1358 ex

602 1381 1021 1470 Dignitatibus
1067 1378 1339 1470 Capituli
1385 1379 1606 1447 velex
1638 1380 1934 1448 Praelatis
1980 1381 2183 1468 depu-

603 1473 719 1539 tari
760 1470 954 1556 possit
998 1469 1077 1536 ad
1125 1487 1315 1536 novas
1348 1472 1689 1556 Campanas
1716 1467 1852 1536 sine
1884 1468 2185 1535 unctione

604 1556 1073 1627 benedicendas
1092 1554 1125 1624 ἰ’

733 1650 837 1714 ΙΙΙ.
883 1647 981 1712 An
1039 1644 1241 1732 prima
1298 1644 1523 1713 saltem
1568 1643 1846 1731 Dignitas
1892 1643 1955 1711 in
2000 1643 2180 1731 Capi-

607 1735 768 1820 tulo,
816 1734 1001 1818 dum,
1049 1734 1306 1801 absente
1354 1732 1694 1819 Episcopo,
1742 1730 1808 1799 in
1854 1730 2182 1800 Pontifica-

605 1822 770 1890 libus
806 1840 976 1889 sacra
1009 1820 1180 1904 lacit,
1217 1821 1414 1909 possit
1461 1823 1755 1889 baculum
1802 1820 2180 1906 pastoralem

651 1908 904 1978 estare?
934 1919 1000 1976 et
1027 1928 1107 1976 an
1134 1907 1225 1996 id,
1252 1919 1588 1996 praesente
1619 1908 1806 1976 etiam
1838 1908 2179 2010 Episcopo,

633 1998 819 2082 iceat,
848 1996 1077 2154 (posito
1135 1997 1359 2084 utique
1416 2016 1563 2064 casu
1609 1997 1779 2083 quod
1831 2013 2034 2088 prima
2079 1995 2179 2062 Di-

605 2085 809 2174 gnitas
902 2084 1085 2153 rdine
1130 2082 1488 2174 Episcopali
1533 2081 1951 2156 destituitur?

736 2178 839 2243 w.
903 2179 999 2242 An
1068 2177 1118 2240 E
1169 2175 1422 2263 iscopus
1481 2173 1825 2244 Auxiliaris
1879 2179 2015 2245 iure
2078 2171 2184 2240 ba-

604 2262 821 2363 culum
865 2194 1246 2351 pastorassm
1291 2261 1604 2350 gestandi,
1639 2266 1829 2336 etiam
1857 2260 2184 2338 ordinario

602 2349 916 2439 Episcopo
962 2362 1324 2440 praesente,
1373 2352 1465 2421 uti
1512 2352 1763 2440 possit?

734 2442 812 2507 V.
862 2441 956 2506 An
1007 2439 1360 2528 Dignitariis
1405 2439 1677 2528 Capituli
1730 2462 1918 2513 usum
1971 2441 2180 2511 Ponti-

602 2526 879 2594 flcalium
940 2528 1318 2596 habentibus
1362 2539 1682 2616 competat
1728 2533 1824 2603 ius
1885 2532 2182 2600 baculum

601 2613 981 2701 pastoralem
1029 2616 1345 2704 gestandi,
1378 2626 1445 2684 et
1473 2636 1560 2705 po
1607 2619 1740 2707 ulo,
1774 2620 1972 2708 petita
2003 2618 2179 2708 prius

602 2722 636 2768 a
680 2713 1019 2789 praesente
1074 2705 1389 2796 Episcopo
1434 2708 1574 2776 l'acu
1606 2717 1756 2796 tate,
1804 2707 2182 2778 solemniter

604 2789 1032 2859 benedicendi
1052 2791 1086 2863 ἰ’
1477 2859 1481 2864 .

734 2879 837 2945 vt.
884 2879 1185 2959 Quoniam
1234 2882 1606 2951 iamdudum
1640 2906 1672 2952 a
1702 2887 2035 2954 Clemente
2069 2889 2178 2952 Pa-

606 2987 683 3056 pa
722 2967 862 3037 XIV
903 2967 967 3037 in
1011 2974 1262 3039 Austria
1306 2973 1610 3040 nonnulla
1654 2979 1833 3043 Festa
1888 2975 2183 3062 abrogata

605 3067 671 3123 et
714 3055 940 3126 fideles
985 3059 1062 3127 ab
1115 3059 1499 3150 obligatione
1544 3054 1616 3129 iis
1661 3062 1890 3132 diebus
1933 3064 2181 3131 Missam

603 3144 905 3212 audiendi
967 3148 1237 3216 absoluti
1281 3160 1466 3230 sunt;
1515 3153 1882 3236 quaeritur:
1931 3155 2029 3220 An
2074 3156 2184 3218 Pa-

602 3233 776 3301 rocbi
828 3233 892 3302 in
938 3236 1062 3304 illis
1108 3237 1333 3323 Festis,
1388 3247 1460 3306 ut
1506 3238 1767 3326 dicitur,
1823 3239 2181 3329 abrogatis,

602 3321 846 3389 Missam
912 3343 1029 3411 pro
1096 3344 1180 3413 po
1225 3326 1336 3394 ulo
1412 3326 1731 3416 applicare
1800 3338 2180 3411 teneantur,

601 3427 800 3495 quum
850 3411 912 3479 in
961 3414 1135 3480 Bulla
1228 3413 1310 3481 iei
1357 3418 1442 3482 22
1487 3416 1644 3482 lunii
1685 3419 1846 3485 1771
1898 3415 2184 3504 desuper

603 3498 809 3582 edita,
872 3498 1269 3589 obligationis
1329 3502 1518 3571 buius
1577 3521 1879 3594 expressa
1942 3502 2185 3572 mentio

602 3585 768 3653 baud
817 3600 1130 3657 occurrat.

731 3673 1103 3742 Huiusmodi
1211 3696 1356 3745 orro
1382 3745 1391 3754 ,
1422 3677 1643 3765 dubia,
1700 3699 1899 3770 super
1951 3680 2184 3768 quibus

602 3770 780 3828 antea
827 3762 1128 3848 requisita
1200 3764 1295 3831 uit
1340 3766 1597 3834 alterius
1652 3789 1733 3836 ex
1793 3768 2182 3857 Apostolica-

601 3868 744 3917 rum
818 3852 1375 3921 Caeremoniarum
1451 3856 1758 3944 magistris
1830 3856 2179 3940 sententia,

602 3956 801 4024 quum
861 3939 998 4007 Emi
1061 3951 1126 4008 et
1180 3941 1319 4008 luni
1380 3946 1591 4009 Patres
1655 3944 1859 4013 Sacris
1925 3943 2183 4012 tuendis

603 4025 848 4095 Ritibus
903 4029 1245 4117 praepositi
1300 4043 1590 4098 accurato
1640 4032 1914 4099 examini
1973 4031 2184 4099 subie-

601 4113 831 4201 cerint,
875 4117 1403 4203 respondendum
1449 4128 1882 4188 censuerunt:

732 4205 829 4273 Ad
875 4209 924 4271 1.
976 4225 1013 4268 «
1043 4206 1258 4284 Quoad
1312 4206 1584 4294 primam
1642 4218 1916 4294 partem,
1977 4211 2180 4296 Nega·

605 4291 779 4380 tive3
829 4293 1036 4379 quoad
1080 4294 1370 4380 alteram,
1407 4295 1796 4362 Affirmative
1825 4296 1903 4364 ad
1935 4306 2182 4363 utrum-

603 4397 734 4466 que
770 4401 835 4448 ν.

733 4468 828 4536 Ad
876 4472 948 4535 ΙΙ.
1001 4490 1039 4534 s
1071 4471 1211 4538 Non
1256 4486 1469 4557 posse;
1502 4471 1553 4538 si
1585 4474 1935 4559 Campanae
1966 4472 2185 4540 deser-

606 4555 1118 4714 viantlEcclesiis
1151 4570 1215 4625 et
1243 4558 1432 4626 sacris
1470 4559 1897 4628 functionibus
1943 4578 2183 4627 annun·

604 4664 743 4712 cran
796 4665 847 4712 is
877 4667 939 4713 ».

731 4733 829 4801 Ad
877 4736 976 4802 ΙΙΙ.
1027 4755 1065 4799 s
1098 4735 1194 4802 Ad
1241 4737 1516 4802 Mentem
1550 4756 1616 4802 ι.

733 4822 829 4889 Ad
878 4825 983 4890 tv.
1032 4845 1070 4889 ι
1104 4823 1486 4891 Servandam
1519 4823 1999 4912 dispositionem
2032 4827 2183 4893 Cae-

604 4909 971 5081 gemonialis
1040 4911 1499 5001 Episcoporum
1571 4912 1685 4981 lib.
1746 4917 1815 4997 1,
1871 4933 2011 5002 cap.
2075 4917 2181 4995 17,

690 5003 733 5066 ὅ
766 5020 830 5066 ν.

732 5085 829 5153 Ad
877 5089 953 5155 V.
1007 5109 1045 5153 ι
1079 5086 1177 5155 Ad
1219 5091 1496 5155 Mentem
1530 5109 1596 5155 ι.

734 5173 831 5241 Ad
878 5177 982 5244 vt.
1031 5198 1067 5240 ‹
1103 5176 1491 5244 Affirmative
1523 5197 1588 5243 r.

736 5262 938 5342 Quum
990 5276 1204 5331 autem
1257 5267 1441 5333 Sacra
1494 5265 1914 5352 congregatio
1975 5266 2184 5353 quoad

603 5351 869 5419 tertium
915 5361 982 5417 et
1024 5351 1320 5437 quintum
1358 5351 1627 5419 dubium
1662 5351 2056 5438 rescripserit
2088 5354 2182 5419 Aa

2284 414 2586 493 umam,
2659 410 2909 478 noverit
2976 410 3330 480 Eminentia
3399 415 3627 479 Vestra
3695 407 3870 476 iuxta

2283 511 2568 567 mentem
2629 503 2851 568 Sacrae
2903 499 3473 587 congregationis:
3543 499 3871 566 standai-t

2277 590 2565 655 strictim
2589 588 2959 674 privilegio,
2991 591 3053 654 si
3081 588 3281 669 adest,
3318 599 3378 654 et
3412 590 3684 655 Litteris
3715 588 3874 672 Apo-

2281 675 2529 743 stolicis
2587 697 2642 741 s.
2692 695 2777 741 ns.
2829 679 2940 743 Pii
3001 678 3214 761 Papae
3265 678 3377 741 VII
3430 678 3634 759 incip.
3683 676 3874 741 mest

2287 765 2601 830 Romanos
2646 765 3008 851 Pontifices,
3042 763 3169 831 diei
3219 767 3258 831 t
3305 762 3444 832 lulii
3497 766 3690 831 ¹823.

2413 852 2582 931 Quae
2647 852 2898 941 singula
2965 851 3362 919 Eminentiae
3423 855 3684 920 Vestrae
3749 868 3874 935 pro

2285 958 2432 1006 meo
2477 959 2750 1007 munere
2797 939 3199 1008 communico
3246 952 3314 1007 et
3358 958 3581 1007 manus
3631 936 3874 1006 bumil-

2284 1027 2440 1093 lime
2488 1027 2859 1095 deosculor.

2419 1114 2529 1183 Die
2574 1120 2617 1186 ⁹
2663 1115 2800 1183 Haii
2854 1121 3046 1191 1857.

2286 1256 2546 1327 3043.
2904 1260 3251 1328 Panum.

2416 1385 2610 1449 Rmus
2653 1385 2824 1450 unus
2869 1384 3044 1450 Felix
3088 1381 3469 1451 Cantimorri
3515 1380 3876 1468 Episcopus

2284 1471 2659 1551 Parmensis,
2691 1471 3017 1540 desiderio
3046 1471 3316 1559 flagrans
3346 1470 3514 1538 utin
3540 1489 3650 1536 sua
3680 1468 3878 1535 Dioe·

2286 1555 2411 1623 cesi
2458 1577 2669 1625 sacrae
2731 1557 3090 1628 functiones
3150 1577 3224 1625 ea
3285 1578 3408 1645 qua
3463 1577 3578 1645 par
3622 1567 3722 1623 est
3773 1554 3876 1623 Ri-

2283 1655 2466 1711 tuum
2511 1645 2909 1715 observantia
2956 1657 3024 1715 et
3067 1646 3281 1714 studio
3332 1656 3749 1736 peragantur,
3799 1643 3878 1710 ab

2284 1733 2400 1800 hac
2460 1736 2644 1801 Sacra
2703 1733 2966 1802 Rituum
3023 1734 3529 1824 congregatione
3593 1752 3877 1819 sequen·

2284 1820 2446 1887 tium
2492 1820 2835 1890 dubiorum
2895 1823 3282 1891 solutionem
3330 1820 3692 1890 humillime
3761 1840 3877 1907 po-

2283 1907 2588 1988 stulavit3
2635 1909 2990 1978 nimirum:

2417 2001 2468 2064 l.
2514 1999 2612 2066 Au
2667 1998 2731 2067 in
2787 1998 3294 2067 Processionibus
3354 2015 3518 2084 quae
3574 1997 3877 2064 obtinent

3636 1254 3871 1343 (casa)

2159 2094 2180 2107 ·
2287 2083 2353 2151 in
2398 2088 2586 2171 Festo
2631 2090 2695 2154 S.
2732 2089 2918 2153 Marci
2963 2098 3029 2154 et
3074 2087 3140 2154 in
3184 2085 3659 2175 negationibus,
3703 2084 3882 2150 tole-

2286 2171 2412 2239 rari
2458 2185 2672 2260 queat,
2720 2184 2793 2241 ut
2839 2174 3238 2263 Antipbonae
3286 2184 3622 2242 cantentur
3652 2173 3722 2240 in
3759 2177 3880 2239 Eac-

2284 2261 2536 2417 0¹085592?
2565 2281 2719 2348 quas
2773 2264 3093 2332 Processio
3153 2260 3539 2351 ingreditur,
3587 2261 3719 2327 ritu
3767 2263 3880 2326 Pa·

2285 2360 2477 2427 schal!

2416 2452 2491 2515 11.
2541 2441 2621 2506 Ut
2669 2437 2734 2506 in
2777 2438 3111 2525 Ecclesiis,
3170 2440 3553 2528 introgressa
3611 2442 3884 2505 Proces-

2283 2536 2486 2618 sione,
2538 2526 2914 2616 interruptis
2956 2527 3212 2597 Litaniis
3255 2529 3657 2609 Sanctorum,
3695 2529 3882 2592 invo-

2284 2634 2515 2691 centur
2559 2618 2815 2688 nomina
2860 2616 3261 2702 Titularium,
3297 2615 3454 2682 licet
3480 2615 3636 2682 baec
3665 2612 3740 2681 in
3771 2613 3880 2680 iis-

2283 2711 2434 2779 dem
2481 2728 2608 2778 non
2653 2707 2859 2776 adsint
2903 2702 3212 2774 Litaniis‘?
3533 2716 3540 2721 ·

2416 2803 2513 2867 111.
2565 2798 2646 2863 Ut
2693 2794 3069 2862 earumdem
3127 2791 3556 2860 Ecclesiarum
3606 2793 3879 2878 campa-

2283 2908 2403 2956 nae
2449 2886 2678 2954 festivo
2722 2883 2933 2952 sonitu
2978 2876 3375 2970 pulsentur?

2414 2978 2519 3046 IV.
2553 2977 2638 3043 Ut
2669 2971 2978 3042 Sacerdos
3006 2970 3082 3040 ad
3117 2968 3442 3037 Ecclesiae
3472 2967 3671 3055 iores,
3699 2986 3882 3055 prae·

2285 3065 2439 3132 bens
2504 3062 2838 3130 lustralem
2905 3077 3129 3149 aquam
3190 3058 3378 3127 Clero
3447 3056 3876 3145 ingredienti,

2284 3161 2498 3220 utatur
2540 3150 2715 3219 Stola
2759 3148 2990 3216 coloris
3032 3143 3353 3216 violacei?

2416 3243 2493 3308 V.
2531 3242 2610 3307 Ut
2643 3236 2866 3304 iisdem
2901 3237 2964 3304 in
2993 3232 3503 3303 processionibus
3534 3243 3880 3301 cantentur

2284 3328 2538 3417 Hymni,
2594 3327 2643 3393 Ο
2685 3325 2969 3410 gloriosa
3039 3326 3412 3409 Virginum,
3476 3324 3608 3389 Ans
3665 3325 3880 3389 και-ι’*

2282 3416 2467 3484 stella
2516 3426 2582 3483 et
2636 3417 2786 3481 Veni
2829 3414 3103 3482 Creator
3147 3412 3466 3498 Spiritus,
3502 3409 3645 3498 qui,
3681 3411 3880 3477 inter-

2287 3514 2477 3591 rupto
2508 3502 2885 3572 Litaniarum
2917 3511 3132 3585 cantu,
3164 3509 3312 3567 ante
3350 3499 3687 3566 nonnullas
3722 3502 3874 3565 lma·

2286 3591 2467 3679 gines
2514 3601 2577 3659 et
2623 3590 2938 3658 aediculas
2985 3609 3102 3677 per
3146 3587 3275 3654 vias
3319 3597 3744 3655 occurrentes
3785 3586 3874 3653 in-

2287 3680 2619 3765 choantur,
2645 3688 2738 3762 et,
2771 3677 3180 3745 processione
3211 3674 3700 3765 progrediente,
3727 3693 3874 3774 pro·

2286 3777 2684 3855 sequuntur3
2734 3783 2931 3852 quum
2986 3784 3137 3832 sane
3185 3766 3341 3834 baec
3385 3761 3438 3828 si
3485 3761 3874 3829 intermitte-

2290 3867 2536 3938 rentur,
2598 3856 2760 3922 forte
2831 3872 2958 3921 non
3026 3852 3186 3919 levis
3254 3850 3475 3939 populi
3536 3849 3874 3917 admiratio

2289 3943 2716 4029 contingeret.

2417 4027 2747 4099 Eiusmodi
2815 4029 3029 4117 itaque
3091 4028 3320 4113 dubia,
3379 4046 3575 4115 super
3641 4027 3873 4114 quibus

2287 4122 2472 4188 Sacra
2522 4119 2785 4187 Rituum
2838 4117 3262 4206 Congregatio
3307 4125 3488 4182 antea
3538 4115 3874 4202 requisivit

2287 4207 2667 4274 sententiam
2731 4206 2992 4274 alterius
3040 4224 3120 4272 ex
3167 4204 3678 4293 Apostolicarum
3726 4207 3871 4272 Cae·

2288 4294 2717 4361 remoniarum
2773 4292 3081 4379 Magistris
3136 4294 3303 4381 typis
3349 4292 3623 4376 editam,
3673 4310 3874 4379 quum

2288 4383 2354 4450 in
2381 4381 2722 4451 ordinariis
2755 4384 3092 4449 Sacrorum
3140 4381 3402 4448 Rituum
3445 4381 3740 4448 comitiis
3771 4380 3874 4447 bo-

2289 4471 2505 4539 dierna
2554 4470 2660 4538 die
2706 4470 2784 4538 ad
2827 4468 3146 4548 Quirinale
3192 4467 3418 4537 habitis
3461 4469 3871 4557 proposuerit

2292 4563 2484 4625 Emus
2514 4569 2578 4625 et
2610 4561 2804 4625 Rmus
2832 4561 2907 4624 D.
2934 4555 3283 4626 Cardinalis
3315 4555 3716 4626 Clarissimus
3745 4558 3872 4624 Fal·

2290 4645 2530 4713 conieri
2590 4645 2854 4728 nettjni,
2905 4646 3042 4711 Emi
3092 4655 3157 4710 et
3200 4645 3342 4712 Ruti
3395 4648 3610 4712 Patres
3672 4645 3871 4713 Sacris
3997 4659 3998 4672 ¹

2290 4734 2543 4803 tuendis
2597 4734 2845 4803 Ritibus
2904 4732 3271 4822 praepositi,
3317 4744 3461 4819 post
3507 4744 3870 4800 accuratum

2290 4823 2575 4890 omnium
2644 4839 2953 4905 examen,
3024 4819 3547 4908 respondendum
3609 4838 3870 4887 censue·

2292 4920 2485 4978 runtz
2535 4916 2605 4980 ln
2651 4920 2825 4992 voto,
2874 4920 2940 4975 et
2985 4908 3062 4976 ad
3126 4920 3459 4995 mentem,
3514 4908 3866 4977 nimirum:

2420 4999 2517 5065 Ad
2565 5005 2612 5067 1.
2664 5020 2704 5065 s
2736 4996 3123 5065 Affirmative
3156 5017 3221 5063 ι.

2420 5087 2518 5155 Ad
2567 5092 2647 5156 11.
2694 5108 2732 5152 s
2764 5085 3067 5174 Negative
3101 5107 3165 5152 »-

2420 5175 2517 5242 Ad
2564 5179 2665 5244 111.
2716 5196 2754 5240 ι
2787 5176 3097 5243 Servetur
3142 5173 3543 5242 consuetudo
3575 5196 3640 5243 ν.

2422 5263 2517 5330 Ad
2565 5267 2671 5331 lv.
2720 5283 2760 5328 s
2793 5261 3097 5348 Negative
3128 5283 3196 5329 ν.

2418 5350 2516 5417 Ad
2565 5354 2640 5419 V.
2687 5371 2727 5416 s
2759 5349 2856 5417 Ad
2901 5358 3215 5418 mentem.
3263 5354 3439 5420 Mens
3491 5362 3710 5420 autem
3767 5354 3868 5420 Sa·
