4042 5950
1550 331 2020 410 ...449-

266 496 317 559 1.
362 493 571 570 Quum
617 488 683 557 in
725 490 920 557 sacris
963 488 1396 558 functionibus
1439 500 1546 576 aut
1575 494 1724 557 Pro-

134 578 525 648 cessionibus
571 577 842 667 publicis
889 587 1021 644 tres
1066 577 1134 645 Di
1183 578 1411 646 nitates
1445 578 1726 645 interve-

136 669 338 752 niant,
371 678 436 733 et
474 669 705 734 Cantor
737 665 1027 733 vicariali
1060 665 1140 733 ha
1186 666 1278 731 itu
1321 665 1584 735 indutus
1616 668 1721 751 sit,

134 757 214 825 ad
251 772 598 842 quemnam
640 763 890 841 spectat
935 753 1442 840 praecedentia?

265 847 341 909 11.
391 843 508 910 Vel
554 842 604 907 si
650 851 898 909 tantum
947 841 1114 908 duae
1163 840 1592 910 interveniant
1622 841 1724 908 Di-

138 931 436 1019 gnitates,
484 948 794 1017 quaenam
837 928 1034 998 debet
1078 928 1529 1017 praecedere?

270 1018 511 1086 Eadem
556 1036 710 1088 vero
756 1020 941 1085 Sacra
979 1017 1240 1084 Rituum
1271 1019 1404 1085 Con
1453 1018 1724 1105 regati0,

136 1107 203 1174 in
231 1104 580 1175 ordinariis
623 1105 908 1173 Comitiis
939 1104 1017 1171 ad
1049 1103 1370 1184 Quirinale
1464 1107 1729 1174 odierna

140 1194 246 1262 die
293 1193 544 1277 habitis,
595 1212 665 1259 re
711 1203 959 1260 mature
992 1212 1336 1282 perpensa,
1373 1191 1728 1261 rescriben-

139 1283 297 1350 dum
345 1280 640 1348 censuit:

272 1369 370 1436 Ad
419 1373 464 1436 Ι.
517 1390 555 1433 ‹
587 1369 1102 1438 Praecedentiam
1132 1378 1427 1456 spectare
1473 1369 1550 1442 ad
1598 1366 1729 1456 pri-

140 1476 312 1526 mam
357 1457 741 1545 Dignitatem
775 1481 840 1525 ι.

270 1546 370 1612 Ad
414 1549 491 1613 11.
542 1567 583 1609 ‹
615 1545 680 1612 Si
725 1545 887 1613 adsit
917 1544 1417 1614 Archidiaconus
1464 1557 1529 1611 et
1574 1547 1730 1612 Can-

141 1646 265 1718 tor,
299 1631 822 1723 praecedentiam
866 1644 1158 1718 spectare
1205 1633 1283 1700 ad
1329 1632 1730 1700 Archidiaco-

139 1736 338 1802 num;
386 1721 438 1787 si
485 1719 650 1787 adsit
692 1724 926 1789 Cantor
973 1732 1037 1788 et
1080 1720 1556 1804 Thesaurarius,
1590 1740 1733 1807 spe-

140 1820 318 1878 ctare
349 1809 428 1878 ad
458 1812 822 1877 Cantorem.
862 1816 939 1877 Et
967 1809 1019 1876 si
1050 1806 1331 1877 vicarius
1360 1805 1733 1897 Capitularis

140 1897 529 1965 inter-veniat
571 1895 789 1965 habitu
837 1896 1128 1966 Vicariali
1175 1896 1466 1980 indutus,
1501 1895 1732 1963 amittit

140 1984 627 2054 distributiones
657 2006 723 2051 ».
1445 2001 1450 2006 ·

272 2076 487 2159 Atque
529 2073 615 2139 ita
664 2073 986 2159 rescripsit
1015 2083 1084 2141 ‚et
1113 2072 1351 2140 servari
1383 2071 1729 2140 mandavit.

273 2161 392 2229 Die
441 2164 521 2229 16
563 2161 960 2250 Septembris
1009 2165 1202 2230 1866.

147 2303 400 2374 3142.
617 2303 1270 2370 Aucus‘rontmnn.
1507 2263 1733 2387 (uass)

274 2428 483 2504 Quum
509 2428 704 2493 Rfiius
725 2427 800 2490 D.
823 2423 1171 2513 Episcopus
1195 2424 1729 2512 Augustodunen.

142 2537 173 2580 a
221 2517 290 2583 S.
330 2517 408 2580 R.
440 2515 513 2580 C.
565 2513 1038 2598 insequentium
1086 2511 1424 2580 dubiorum
1469 2512 1733 2579 solutio-

141 2621 297 2669 nem
347 2600 710 2667 humillime
753 2600 1086 2687 petiisset;
1141 2619 1425 2687 nempe:

278 2695 329 2757 1.
378 2691 477 2758 An
520 2686 599 2756 ad
645 2687 911 2755 alicuius
954 2687 1276 2755 Ecclesiae
1322 2688 1738 2756 consecratio—

141 2797 303 2846 nem
355 2773 618 2865 procedi
679 2774 908 2862 possit,
957 2776 1024 2843 in
1068 2795 1191 2863 qua
1250 2777 1460 2844 omnia
1505 2774 1736 2846 Altaria

142 2867 274 2934 sint
323 2873 721 2946 consecrata,
771 2865 1128 2933 omittendo
1176 2882 1246 2930 ea
1292 2883 1457 2951 quae
1510 2863 1741 2931 Altaris

144 2951 695 3022 consecrationem
741 2951 1148 3040 respiciunt?

281 3046 360 3110 11.
396 3043 494 3107 An
536 3040 615 3107 ad
659 3040 982 3109 Ecclesiae
1013 3040 1558 3113 consecrationem
1590 3060 1741 3129 pro-

145 3129 298 3199 cedi
322 3129 520 3218 possit
550 3149 584 3195 a
616 3128 866 3197 duobus
888 3129 1242 3219 Episcopis‚
1271 3147 1549 3214 quorum
1574 3150 1741 3197 unus

146 3218 473 3287 Ecclesiae
522 3227 589 3285 et
635 3219 797 3285 alter
832 3218 1059 3285 Altaris
1091 3216 1384 3285 eiusdem
1415 3217 1740 3285 Ecclesiae

146 3305 697 3375 consecrationem
737 3302 1042 3393 peragat?

282 3397 468 3463 Sacra
514 3394 743 3461 eadem
787 3393 1238 3483 congregatio,
1289 3392 1353 3458 in
1401 3392 1742 3462 ordinariis

145 3481 435 3551 Comitiis
480 3483 561 3549 ad
605 3481 976 3549 Vaticanum
1029 3479 1422 3567 infrascripta
1468 3479 1572 3548 die
1633 3481 1739 3549 ha·

148 3570 325 3653 bitis,
374 3570 715 3658 propositis
760 3568 970 3637 dubiis
1018 3570 1370 3637 rescribere
1415 3580 1545 3635 rata
1595 3581 1739 3637 esta

285 3659 382 3726 Ad
428 3662 478 3725 Ι.
542 3679 579 3722 «
610 3656 919 3743 Negative
952 3680 1014 3724 »-

285 3746 383 3814 Ad
431 3751 508 3813 11.
555 3766 594 3812 4
625 3746 875 3834 Opponi
923 3744 1074 3815 ritui
1106 3745 1597 3813 consecrationis
1627 3751 1742 3813 Ec-

149 3835 388 3904 clesiae
421 3856 489 3900 ».

287 3928 499 4009 Atque
543 3922 625 3988 ita
671 3921 998 4009 rescripsit
1030 3931 1097 3989 et
1124 3920 1361 3990 servari
1393 3922 1739 3990 mandavit.

290 4011 402 4078 Die
449 4015 486 4079 3
534 4010 735 4077 Martii
787 4012 981 4078 1866.

165 4154 422 4223 3143.
801 4154 1122 4220 rmum.
1527 4154 1752 4241 (csso)

292 4277 499 4354 Quum
546 4274 857 4341 Parochus
908 4273 1138 4362 Oppidi
1195 4275 1400 4343 Voltri
1449 4274 1612 4342 intra
1671 4276 1746 4341 li-

157 4363 351 4431 mites
414 4361 917 4429 Archidioecesis
986 4366 1252 4429 lanuen.
1313 4382 1545 4450 anceps
1605 4364 1751 4430 hae-

159 4462 326 4536 reat,
372 4469 526 4518 num
573 4451 637 4516 in
684 4468 796 4516 sua
841 4450 1158 4534 Parochia,
1205 4461 1466 4538 praeter
1495 4455 1751 4517 Festum

156 4538 515 4607 Nativitatis
567 4535 779 4606 Sancti
835 4537 1082 4605 loannis
1137 4540 1449 4624 Baptistae
1504 4539 1752 4625 Patroni

157 4626 491 4716 praecipui
538 4625 731 4693 totius
779 4625 1092 4692 Dioecesis
1140 4625 1222 4692 de
1271 4637 1615 4715 praecepto
1647 4646 1753 4693 ce-

163 4714 577 4798 lebrandum,
611 4711 844 4781 debeat
874 4730 1136 4799 quoque
1160 4713 1279 4782 sub
1309 4714 1541 4781 eodem
1571 4731 1753 4800 prae-

162 4814 358 4892 cepto
403 4801 716 4870 celebrari
760 4804 1019 4868 Festum
1082 4803 1287 4869 Sancti
1339 4801 1544 4869 Caroli
1609 4801 1756 4888 Epi·

160 4890 341 4978 scopi
384 4889 807 4973 confessoris,
857 4888 962 4956 die
1010 4893 1051 4956 4
1095 4888 1474 4958 Novembris
1535 4909 1755 4956 occur-

162 4997 341 5063 rens,
389 4989 619 5081 utpote
661 4977 859 5133 ἑξείης,
905 4979 1232 5045 Paroeciae
1293 4978 1449 5044 olim
1506 4976 1758 5045 Patroni

162 5066 529 5156 praecipui,
588 5085 660 5133 se
760 5082 891 5132 non
947 5065 1302 5133 confirmati
1361 5075 1506 5153 post
1568 5065 1756 5133 redu-

166 5155 451 5222 ctionem
498 5158 834 5221 Festorum
880 5154 1108 5220 factam
1153 5174 1186 5219 a
1232 5152 1507 5223 Summis
1553 5152 1761 5220 Ponti-

169 5242 398 5311 ficibus
456 5245 565 5309 Pio
610 5245 718 5310 Vll
765 5252 831 5308 et
883 5241 990 5308 Pio
1035 5244 1144 5326 lx,
1207 5250 1633 5330 opportunam
1695 5241 1761 5308 in

168 5350 244 5398 re
288 5329 787 5399 declarationem
830 5350 862 5395 a
917 5333 1102 5397 Sacra
1162 5330 1421 5401 Rituum
1481 5331 1760 5415 Congre-

167 5419 425 5507 gatione
473 5418 805 5486 humiliter
849 5416 1309 5505 expostulavit.

381 5558 597 5604 Decreta
621 5555 936 5604 authentica
962 5559 1013 5603 8.
1048 5559 1108 5603 Β.
1138 5559 1191 5603 ο.
1219 5579 1270 5590 -
1300 5555 1411 5604 vol.
1438 5559 1501 5603 11.

1959 494 2144 560 Sacra
2200 510 2357 559 vero
2422 492 2644 562 eadem
2698 489 3152 579 congregatio,
3203 489 3268 556 in
3311 493 3421 557 Or-

1826 578 2072 646 dinario
2131 582 2334 647 Goetu
2382 581 2460 648 ad
2506 579 2878 648 Vaticanum
2940 577 3250 645 hodierna
3312 578 3421 645 die

1828 666 2198 752 coadunata,
2251 668 2566 755 exquisita
2606 668 2793 734 etiam
2824 665 3140 734 sententia
3171 665 3236 733 in
3267 664 3422 733 scri-

1828 755 1954 840 ptis
2000 755 2262 822 alterius
2309 775 2392 823 ex
2437 755 2945 842 Apostolicarum
2977 753 3421 821 caeremonia-

1830 861 1972 909 rum
2018 843 2353 928 magistris,
2404 843 2891 911 rescribendum
2942 842 3228 910 censuitz
3280 862 3318 905 ‹
3353 846 3422 908 ln

1831 949 1979 996 casu
2040 931 2424 998 servandum
2489 941 2587 997 est
2637 941 2877 998 tantum
2935 931 3017 998 de
3072 938 3421 1017 praecepto

1832 1021 2091 1085 Festum
2135 1017 2486 1088 Nativitatis
2534 1019 2743 1087 Sancti
2806 1017 3050 1085 loannis
3109 1017 3420 1105 Baptistae

1831 1105 2080 1173 Patroni
2124 1106 2454 1196 praecipui
2502 1105 2693 1173 totius
2737 1105 3056 1173 Dioecesis
3089 1127 3155 1173 ».
3211 1106 3423 1191 Atque

1835 1192 1917 1259 ita
1964 1193 2338 1261 declaravit.

1967 1281 2081 1348 Die
2131 1287 2168 1350 3
2215 1282 2418 1350 Martii
2472 1286 2663 1351 1866.

1838 1460 2094 1531 3144.
2396 1443 2864 1528 sesumam.
3194 1459 3421 1546 (saca)

1970 1633 2104 1700 Etsi
2137 1634 2200 1701 in
2233 1634 2739 1702 processionibus
2770 1632 3107 1701 funerariis
3140 1653 3262 1701 una
3291 1644 3426 1701 tan-

1840 1733 1975 1789 tum
2021 1725 2190 1788 Crux
2242 1722 2480 1790 deferri
2529 1721 2759 1790 debeat
2788 1722 2976 1800 ‚illius
3005 1721 3329 1789 Ecclesiae
3363 1721 3455 1788 in¹

1837 1829 1960 1896 qua
2005 1809 2418 1898 sepeliendus
2469 1822 2564 1877 est
2617 1810 2981 1888 defunctus,
3032 1808 3292 1876 Parochi
3340 1820 3427 1876 ta-

1838 1917 1991 1966 men
2035 1897 2315 1966 Civitatis
2360 1898 2726 1966 Abellinen.
2776 1919 2808 1964 a
2857 1909 3151 1985 tempore
3186 1898 3429 1974 ,imme-

1838 1985 2156 2069 morabili,
2207 1987 2534 2054 occasione
2579 1985 3001 2053 associationis
3047 1985 3427 2053 cadaverum

1839 2083 1904 2140 et
1951 2074 2016 2141 in
2070 2074 2204 2141 aliis
2260 2073 2793 2155 Processionibus,
2842 2072 3073 2160 singuli
3120 2072 3428 2142 incedunt

1836 2160 1955 2228 sub
2000 2161 2255 2251 propria
2301 2164 2507 2230 Cruce
2553 2180 2701 2232 cum
2748 2162 2896 2229 velo
2943 2161 3267 2247 pendente
3312 2181 3429 2228 seu

1839 2249 2075 2337 pallio;
2111 2261 2176 2316 et
2207 2250 2328 2318 hoc
2366 2248 2608 2317 etiamsi
2640 2250 3022 2318 interveniat
3061 2252 3145 2322 Ca
3195 2249 3426 2316 itulum

1842 2337 2237 2406 Cathedralis
2258 2339 2609 2404 Ecclesiae.
2644 2337 2883 2406 Dubius
2907 2349 3124 2406 autem
3200 2354 3429 2403 aereus

1840 2429 2036 2493 Rfltus
2082 2425 2386 2494 Dominus
2438 2425 2802 2493 Franciscus
2847 2425 3031 2494 Gallo.
3074 2430 3124 2494 E
3178 2424 3430 2511 iscopus

1841 2512 2204 2581 Abellinen.
2255 2530 2412 2580 num
2472 2513 2758 2601 exposita
2813 2522 3125 2581 consuetu
3175 2532 3212 2580 o
3269 2513 3431 2579 tole-

1840 2601 1961 2668 rari
2030 2601 2265 2688 possit,
2326 2601 2405 2668 ad
2467 2602 2927 2669 controversias
2995 2619 3216 2670 omnes
3276 2599 3431 2667 diri-

1840 2690 2127 2772 mendae,
2154 2687 2631 2776 insequentium
2666 2689 3009 2757 dubiorum
3039 2688 3429 2756 solutionem

1840 2798 1873 2842 a
1907 2781 2090 2845 Sacra
2122 2778 2383 2846 Rituum
2413 2777 2921 2864 Congregatione
2954 2776 3286 2845 humiliter
3317 2795 3430 2864 po-

1842 2865 2148 2945 stulavit3
2199 2865 2506 2933 nimirum
2541 2889 2556 2932 z

1975 2957 2020 3021 l.
2059 2954 2155 3021 An
2184 2953 2470 3039 Parocbi,
2506 2963 2745 3022 attenta
2775 2952 3263 3039 consuetudine,
3300 2952 3434 3019 ele-

1843 3061 1993 3110 vare
2026 3041 2266 3130 possint
2298 3061 2520 3110 omnes
2548 3043 2872 3130 propriam
2901 3045 3176 3109 Crucem
3222 3041 3288 3108 in
3332 3041 3432 3108 fu·

1841 3129 2106 3198 neribus
2150 3131 2487 3215 ducendis,
2521 3149 2667 3197 cum
2698 3150 2825 3198 non
2884 3130 3131 3199 accedit
3174 3130 3433 3217 Capitu-

1844 3219 1979 3285 lum
2027 3217 2467 3298 Cathedralis3
2529 3218 2634 3286 vel
2688 3219 2872 3287 unica
2916 3227 3177 3307 tantum
3230 3219 3431 3298 Crux,

1845 3324 2049 3392 eaque
2100 3306 2417 3374 Ecclesiae
2467 3306 2837 3375 tumulantis
2888 3305 2969 3372 sit
3028 3302 3435 3372 deferenda?

1976 3398 2051 3460 11.
2102 3393 2259 3472 Quid
2322 3394 2735 3478 servandum,
2783 3392 3038 3480 quando
3085 3391 3434 3461 intervenit

1843 3481 2211 3569 Capitulum
2256 3480 2705 3550 cathedralis?

1979 3573 2078 3638 ΙΙΙ.
2136 3576 2234 3637 An
2302 3570 2529 3637 eadem
2599 3589 2818 3637 norma
2887 3569 3165 3639 tenenda
3226 3568 3308 3636 sit
3370 3566 3436 3636 in

1845 3658 2355 3729 Processionibus
2402 3655 2695 3726 festivis?

1979 3749 2164 3814 Sacra
2221 3765 2376 3813 vero
2436 3745 2663 3813 eadem
2716 3747 2929 3832 Congr
3015 3745 3165 3828 atio,
3215 3743 3280 3813 in
3323 3749 3435 3813 Or-

1848 3834 2104 3902 dinariis
2135 3832 2418 3901 comitiis
2462 3834 2537 3901 ad
2588 3834 2952 3901 Vaticanum
3037 3832 3297 3902 odierna
3328 3831 3439 3900 die

1850 3921 2105 4006 habitis,
2153 3921 2462 4008 exquisita
2512 3922 2689 4011 prius
2732 3921 2798 3989 in
2841 3921 3095 4009 scriptis
3122 3921 3436 3989 sententia

1849 4008 2112 4077 alterius
2176 4029 2256 4076 ex
2316 4008 2822 4097 Apostolicarum
2880 4007 3437 4079 caeremoniarum

1851 4098 2184 4186 Magistris,
2246 4097 2591 4186 propositis
2649 4097 2861 4165 dubiis
2913 4096 3440 4185 respondendum

1857 4186 2152 4255 censuit:

1983 4274 2081 4342 Ad
2126 4280 2179 4343 l.
2227 4296 2265 4339 ι
2297 4275 2634 4364 Negative,
2685 4275 2762 4341 ad
2818 4274 3089 4362 primam
3146 4283 3438 4361 partem;

1853 4361 2268 4447 Affirmative‚
2318 4363 2395 4431 ad
2441 4362 2790 4431 secundam
2823 4384 2885 4426 ι.

1985 4450 2082 4517 Ad
2130 4456 2203 4519 11.
2255 4473 2292 4516 α
2326 4449 2797 4519 Interveniente
2855 4448 3147 4535 capitulo
3215 4450 3440 4518 Gathe-

1856 4536 2070 4622 dralis,
2117 4538 2299 4606 istius
2350 4544 2520 4609 Crux
2578 4548 2644 4605 et
2701 4556 2831 4605 non
2874 4537 3074 4603 altera
3119 4537 3443 4604 Ecclesiae

1858 4626 2232 4694 tumulantis
2278 4639 2374 4695 est
2418 4625 2774 4694 adhibenda
2806 4645 2871 4692 ».

1987 4713 2086 4781 Ad
2134 4719 2233 4782 ΙΙΙ.
2285 4737 2322 4780 ι
2356 4714 2420 4783 Si
2465 4713 2726 4781 accedat
2785 4713 3150 4798 Capitulum
3211 4712 3440 4781 Cathe-

1857 4802 2087 4887 dralis,
2145 4822 2367 4870 omnes
2426 4802 2729 4870 incedere
2789 4800 3031 4871 debent
3074 4802 3193 4869 sub
3239 4802 3446 4867 Gruce

1855 4890 2273 4959 cathedralis.
2324 4890 2387 4958 Si
2434 4909 2586 4957 vero
2624 4908 2752 4956 non
2799 4889 3081 4974 accedat,
3133 4885 3443 4957 elevanda

1859 4988 1956 5044 est
2011 4976 2194 5045 unica
2246 4981 2416 5046 crux
2479 4977 2838 5061 Ecclesiae,
2899 4977 2963 5044 in
3010 4996 3133 5063 qua
3178 4976 3250 5044 tit
3294 4979 3444 5042 Pro·

1860 5066 2085 5150 cessio,
2119 5084 2310 5151 quam
2353 5075 2701 5151 sequantur
2745 5082 2965 5132 omnes
3013 5064 3123 5152 qui
3169 5074 3317 5131 sunt
3362 5063 3448 5131 de

1861 5152 2051 5221 Glero
2099 5152 2379 5221 seculari
2411 5175 2477 5218 ι.

1996 5242 2208 5326 Atque
2254 5239 2337 5305 ita
2383 5240 2718 5330 respondit
2751 5252 2817 5308 et
2845 5239 3083 5307 servari
3128 5239 3451 5308 mandavit

1864 5330 1929 5396 in
1977 5327 2245 5396 civitate
2291 5328 2709 5397 Abellinensi.

1995 5417 2108 5483 Die
2154 5419 2241 5484 28
2283 5416 2520 5504 Aprilis
2570 5419 2760 5486 1866.
