4042 5950
1833 277 2302 357 ...300-

441 433 762 503 Ecclesiae
819 435 1109 505 canonici
1155 447 1575 524 opportunam
1635 435 2008 505 declaratio-

444 541 597 590 nem
638 522 1092 610 efflagitantes:

580 615 640 677 1.
689 613 851 679 Num
896 612 1078 680 Feria
1108 617 1160 682 V
1191 611 1255 680 in
1284 616 1492 682 Coena
1523 613 1798 696 Domini,
1840 621 2014 701 post·

445 717 631 785 quam
680 699 1149 768 sanctissimum
1197 701 1625 770 Eucharistiae
1655 704 2015 770 Sacramen-

443 797 581 854 tum
616 787 1020 855 reconditum
1053 801 1146 855 est
1191 788 1253 856 in
1300 788 1622 877 sepulcro,
1671 788 1862 856 clavis
1901 792 2013 855 Ta-

446 875 768 943 bernaculi
816 876 1005 943 huius
1047 877 1330 965 sepulcri
1380 877 1683 946 tradenda
1729 878 1811 943 sit
1839 896 1874 941 a
1905 878 2013 943 Ca·

444 962 673 1030 nonico
719 964 1066 1032 Assistente
1113 965 1306 1032 Priori
1354 965 1710 1032 sodalitatis
1746 964 2015 1033 sanctis-

444 1048 584 1116 simi
661 1052 1046 1119 sacramenti
1116 1052 1267 1119 inibi
1331 1063 1629 1138 erectae,
1700 1052 1811 1139 qui
1877 1068 2016 1119 eam

445 1138 691 1205 deferat
719 1141 796 1207 ad
829 1140 1066 1208 collum
1094 1159 1434 1229 appensam
1466 1151 1668 1225 ffsque
1701 1141 1779 1208 ad
1820 1158 2022 1206 sacras

449 1225 806 1294 functiones
860 1228 1253 1316 insequentis
1315 1227 1532 1295 Feriae
1581 1233 1659 1298 VI
1724 1230 1791 1296 in
1843 1232 2016 1294 Para—

449 1332 662 1398 sceve,
695 1314 789 1382 uti
836 1316 898 1383 in
945 1317 1442 1402 praesentiarum
1491 1315 1628 1384 fleri
1665 1312 1934 1384 assolet?

580 1405 647 1468 2.
693 1405 858 1470 Num
901 1404 1139 1471 servari
1186 1404 1409 1471 itidem
1453 1404 1654 1490 possit
1696 1405 1811 1471 alia
1872 1421 2019 1471 con·

449 1490 763 1575 suetudo,
811 1491 1110 1559 nimirum
1170 1503 1241 1558 nt
1302 1491 1472 1559 idem
1531 1491 1705 1560 Prior
1772 1492 2021 1560 deferat

450 1578 810 1645 Umbellam
853 1580 1215 1646 associando
1259 1579 1731 1647 sanctissimum
1776 1579 2021 1647 Eucha-

452 1665 663 1732 ristiae
702 1669 1201 1751 Sacramentum,
1239 1681 1374 1734 tum
1408 1668 1471 1736 in
1505 1668 1729 1736 eadem
1762 1666 1936 1735 Eeria
1967 1667 2022 1733 V

452 1752 517 1821 in
561 1755 769 1821 Coena
814 1753 1061 1821 Domini
1108 1775 1311 1842 usque
1341 1756 1419 1823 ad
1450 1755 1878 1823 absconditam
1916 1773 2028 1821 cu·

452 1840 721 1908 stodiam
768 1841 875 1908 ubi
920 1842 1104 1930 Pyxis
1151 1863 1296 1913 cum
1341 1843 1666 1911 Particulis
1719 1861 2026 1931 praecon-

451 1929 708 1995 secratis
752 1930 1115 2013 adducitur,
1165 1942 1299 1998 tum
1346 1931 1535 1998 etiam
1583 1931 1836 2017 quando
1897 1933 2025 1997 Eu-

455 2015 785 2084 charistiae
830 2020 1302 2087 Sacramentum
1338 2018 1399 2085 in
1428 2021 1787 2087 Ostensorio
1830 2017 2029 2085 addu-

455 2104 622 2171 citur
664 2125 782 2193 pro
825 2108 1091 2175 solemni
1126 2107 1600 2194 supplicatione
1640 2104 2022 2176 sanctissimi

455 2195 752 2280 Corporis
795 2193 1083 2263 Christi?

587 2284 793 2369 Super
838 2282 1091 2369 quibus,
1153 2283 1470 2370 exquisito
1537 2282 1714 2371 prius
1769 2301 1889 2370 pro
1933 2280 2029 2348 in·

458 2370 833 2438 formatione
903 2380 968 2437 et
1033 2381 1185 2438 voto
1251 2370 1808 2441 Reverendissimo
1877 2373 2031 2438 Cor-

456 2477 680 2546 cyren.
743 2457 1278 2547 Archiepiscopo,
1351 2459 1468 2525 etsi
1533 2458 1669 2547 ipse
1730 2457 2033 2544 efflagitet

456 2555 529 2613 ut
573 2556 841 2632 utraque
889 2546 1406 2614 immemorabilis
1452 2547 1850 2614 consuetudo
1897 2564 2030 2611 ser·

460 2642 686 2717 vetur,
734 2634 1283 2703 Eminentissimus
1327 2644 1541 2701 tamen
1588 2644 1654 2700 et
1707 2638 2030 2702 Reveren-

459 2721 752 2790 dissimus
799 2721 1101 2789 Dominus
1145 2723 1492 2790 cardinalis
1538 2722 1800 2791 Carolus
1848 2720 2031 2788 Maria

459 2807 737 2877 Pedicini
796 2808 1147 2897 Episcopus
1210 2813 1544 2894 Portuen.,
1593 2813 1852 2878 Sanctae
1907 2813 2031 2876 Ru-

463 2896 627 2965 finae
674 2907 739 2963 et
784 2897 1393 2984 Centumcellarum,
1428 2901 1686 2966 Sanctae
1719 2903 2034 2965 Romanae

459 2986 784 3054 Ecclesiae
829 2984 1438 3055 Vico-Cancellarius
1468 3001 1534 3054 et
1565 2991 1902 3056 Sacrorum
1934 2985 2036 3052 Ri-

464 3084 648 3141 tuum
689 3074 1180 3163 congregationi
1228 3076 1623 3158 Praefectus,
1671 3075 1892 3161 vigore
1953 3071 2039 3139 fa-

463 3163 774 3231 cultatum
824 3162 942 3230 sibi
986 3163 1349 3251 specialiter
1393 3184 1427 3230 a
1472 3164 1872 3231 Sanctissimo
1917 3166 2037 3230 Do-

464 3252 634 3319 mino
681 3254 906 3318 Nostro
938 3253 1241 3338 Gregorio
1273 3256 1431 3340 Papa
1463 3254 1599 3320 XV!
1633 3250 2036 3336 tributarum,

463 3339 725 3409 rescribi
756 3340 1107 3407 mandavit:
1143 3361 1180 3404 α
1207 3346 1381 3408 luxta
1421 3339 1568 3406 alias
1598 3340 1879 3423 decreta,
1915 3339 2039 3405 cla·

465 3445 637 3511 vem,
671 3428 735 3495 in
767 3448 937 3512 casu,
972 3428 1134 3495 nulli
1167 3447 1305 3495 esse
1338 3427 1594 3495 omnino
1630 3426 2035 3493 tradendam:

463 3516 670 3602 quoad
717 3515 1064 3583 umbellam
1094 3536 1247 3582 vero
1278 3515 1516 3583 servari
1563 3535 1748 3602 posse
1779 3534 2043 3581 consue-

465 3602 755 3671 tudinem
803 3617 982 3670 extra
1030 3603 1525 3704 presbyterium,
1577 3612 1642 3667 et
1686 3603 1895 3669 solum
1942 3623 2042 3668 ar-

469 3691 655 3758 bitrio
699 3693 1235 3759 Reverendisstmi
1298 3691 1775 3779 Arcbiepiscopi
1812 3713 1878 3758 ».

599 3779 711 3846 Die
756 3783 838 3846 22
887 3778 1021 3845 uati
1075 3781 1270 3846 1841.

472 3919 715 3989 2831.
1080 3921 1433 3989 LEOBIEN.
1820 3920 2046 4007 (4919)

601 4049 763 4112 Dum
821 4045 1135 4132 superiori
1195 4064 1357 4114 anno
1421 4046 1586 4112 184⁰
1653 4043 1841 4110 tertio
1900 4044 2047 4111 Idus

472 4132 709 4234 Aprilis
751 4133 817 4201 in
860 4135 1199 4208 Sacrorum
1246 4133 1507 4200 Rituum
1553 4131 1894 4198 Ordinariis
1932 4136 2047 4199 Co-

472 4220 665 4289 mitiis
707 4221 1124 4309 approbatum
1169 4222 1290 4289 fuit
1335 4219 1781 4287 Calendarium
1813 4238 2044 4373 perpe-

474 4320 656 4377 tuum
711 4310 1030 4378 Ecclesiae
1079 4310 1511 4391 secoviensis,
1561 4307 1880 4375 indultum
1957 4306 2050 4374 uit

473 4408 545 4464 ut
613 4397 785 4466 idem
854 4397 1299 4467 calendarium
1364 4396 1702 4464 adhiberet
1771 4394 2049 4462 Ecclesia

474 4484 877 4570 Leobiensis,
940 4486 1212 4554 durante
1269 4483 1586 4572 praesenti
1653 4482 2052 4551 administra-

479 4573 689 4658 tione,
749 4574 1034 4660 exceptis
1095 4585 1306 4641 tamen
1356 4572 1586 4641 Officiis
1645 4571 1937 4638 Titularis
1984 4580 2053 4635 et

477 4663 723 4729 Patroni
770 4682 841 4730 ac
885 4662 1305 4730 Dedicatiouis
1349 4661 1668 4728 Ecclesiae
1714 4659 2054 4727 cathedra-

481 4749 581 4833 lis,
614 4771 774 4838 quae
806 4750 1129 4819 recitanda
1156 4750 1281 4818 sint
1312 4751 1396 4818 de
1444 4748 1698 4838 propria
1747 4747 2048 4817 Ecclesia.

479 4839 850 4908 Huiusmodi
911 4839 1301 4908 sanctionem
1359 4851 1539 4926 grato
1600 4836 2055 4923 reverentique

481 4926 688 4994 animo
737 4927 1063 5016 excipiens
1097 4927 1686 4996 Reverendissimus
1719 4923 2053 4993 Secovien.

485 5015 855 5104 Episcopus,
883 5016 1370 5084 Administrator
1396 5014 1710 5082 Ecclesiae
1744 5015 2054 5083 Leobien-

482 5104 592 5198 sis,
626 5122 857 5189 anceps
888 5104 1095 5171 adbuc
1144 5114 1477 5192 permanet
1522 5103 1728 5189 quoad
1768 5102 2056 5170 Officium

485 5191 693 5260 Sancti
740 5193 1029 5260 Andreae
1075 5191 1361 5276 Apostoli
1391 5189 1684 5258 Titularis
1716 5200 1780 5256 et
1811 5189 2057 5257 Patroni

483 5279 873 5349 cathedralis
930 5277 1317 5347 Leobiensis.
1382 5282 1510 5345 Hoc
1557 5278 1728 5343 enim
1772 5276 2059 5346 Officium

485 5387 684 5461 quum
742 5386 860 5457 pro
925 5366 1169 5453 populo
1237 5365 1482 5432 institui
1550 5372 1865 5446 nequeat,
1933 5362 2052 5430 nisi

2113 435 2472 523 insequenti
2519 435 2865 515 Dominica,
2906 426 3078 524 'qnae
3122 455 3384 526 semper
3444 449 3542 507 est
3586 441 3697 507 vel

2114 524 2317 610 prima
2367 526 2467 592 vel
2514 524 2790 593 secunda
2837 524 3005 593 Sacri
3051 524 3406 610 Adventus,
3462 528 3698 595 Clerus

2116 611 2418 679 Leobien.
2465 631 2671 698 usque
2700 612 2778 680 ad
2826 615 3079 682 Annum
3118 616 3285 681 1808
3330 613 3393 680 in
3442 632 3699 681 morem

2115 699 2336 767 habuit
2363 701 2474 769 die
2503 703 2586 769 30
2618 701 2993 768 Novembris
3026 701 3707 769 commemorationem

2120 788 2455 856 instituere
2509 787 2714 858 Sancti
2774 790 3069 857 Andreae
3116 807 3285 875 ‚cnm
3339 789 3555 857 Officio
3618 790 3708 857 de

2119 876 2453 943 Communi
2500 877 2946 965 Apostolorum
2971 926 2988 960 ,
3039 886 3293 966 praeter
3336 877 3703 945 Orationem

2122 972 2188 1030 et
2231 964 2475 1032 Missam
2523 963 2839 1053 propriam
2890 964 3015 1032 ritu
3061 964 3333 1052 duplicis
3372 964 3701 1032 secundae

2122 1051 2357 1136 classis,
2383 1064 2576 1139 atque
2600 1052 2919 1120 Dominica
2938 1063 3084 1139 post
3107 1062 3388 1121 octavam
3405 1053 3709 1120 Omnium

2124 1142 2499 1208 Sanctorum
2542 1138 3011 1208 solemnitatem
3059 1140 3259 1229 ipsius
3317 1140 3529 1208 Sancti
3572 1145 3705 1208 An-

2122 1226 2317 1294 dreae
2361 1228 2655 1295 Titnlaris
2700 1228 3034 1296 celebrare
3081 1228 3209 1295 ritu
3256 1227 3529 1317 duplicis
3575 1228 3713 1314 pri-

2130 1333 2264 1381 mae
2334 1315 2546 1382 classis
2611 1336 2754 1383 cum
2826 1325 3068 1405 octava.
3138 1318 3342 1395 Quum
3400 1335 3558 1382 vero
3625 1315 3710 1380 ab

2124 1404 2305 1471 Anno
2371 1405 2537 1472 1809
2592 1403 2872 1471 Ecclesia
2940 1404 3306 1471 Leobiensis
3362 1404 3503 1470 sine
3571 1403 3711 1470 ulla

2125 1491 2472 1556 mutatione
2531 1489 2932 1578 adoptaverit
2986 1491 3289 1560 Ordinem
3346 1490 3553 1558 Divini
3600 1490 3713 1558 Of·

2126 1577 2251 1646 ficii
2302 1577 2619 1646 Ecclesiae
2668 1579 3102 1663 secoviensis,
3158 1580 3512 1665 Episcopus
3571 1598 3714 1645 ora-

2131 1677 2252 1748 tor,
2286 1666 2524 1734 iteratis
2568 1667 2887 1754 precibus,
2930 1669 3179 1735 Sacram
3225 1667 3486 1735 Rituum
3545 1670 3716 1735 Con·

2129 1754 2569 1843 gregationem
2633 1756 2873 1843 rogavit
2934 1766 3005 1821 ut
3073 1757 3429 1824 decernere
3485 1756 3713 1843 digna-

2130 1851 2359 1908 retur:

2266 1934 2325 1997 1.
2376 1932 2543 1998 Num
2584 1929 2871 1999 Officium
2917 1931 3125 1999 sancti
3174 1930 3467 1998 Andreae
3501 1930 3567 1998 in
3594 1935 3715 1997 Ec-

2130 2015 2319 2084 clesia
2366 2017 2700 2087 Leobieusi
2746 2019 3391 2107 modosupradict03
3441 2020 3548 2087 vel
3580 2036 3715 2106 quo

2131 2103 2253 2171 alio
2298 2108 2490 2176 modo
2535 2105 2767 2175 debeat
2811 2104 3177 2174 celebrari?

2264 2198 2330 2262 2.
2380 2196 2546 2262 Num
2590 2193 2880 2262 Officium
2942 2194 3153 2262 Sancti
3200 2194 3449 2284 Aegidii
3477 2245 3494 2279 ,
3542 2197 3720 2263 Titu-

2135 2281 2279 2349 laris
2327 2293 2392 2349 et
2436 2282 2684 2349 Patroni
2734 2281 3051 2350 Ecclesiae
3109 2283 3546 2369 secoviensis,
3595 2304 3719 2372 pro

2134 2369 2421 2438 Dioecesi
2444 2370 2802 2456 Leobiensi,
2829 2372 3095 2438 durante
3122 2370 3715 2456 Administratione,

2142 2456 2402 2524 retineri
2449 2457 2679 2525 debeat
2725 2458 2829 2525 vel
2876 2459 3098 2544 possit,
3134 2469 3199 2524 et
3245 2477 3373 2544 quo
3424 2458 3602 2527 ritu'?

2268 2552 2346 2613 Et
2392 2544 2939 2613 Eminentissimus
2998 2566 3067 2612 ac
3123 2547 3722 2615 Reverendissimus

2136 2634 2438 2702 Dominus
2468 2633 2814 2701 Cardinalis
2846 2633 3026 2701 Maria
3052 2632 3337 2702 Pedicini
3365 2636 3722 2724 Episcopus

2137 2725 2469 2806 Por-tuen„
2518 2723 2778 2788 Sanctae
2826 2722 3086 2789 Rufinae
3135 2732 3202 2787 et
3246 2722 3720 2791 Centumcella-

2138 2827 2306 2892 rnm,
2357 2810 2619 2878 Sanctae
2662 2814 2975 2876 Romanae
3021 2810 3346 2877 Ecclesiae
3378 2810 3721 2881 vice-Can·

2140 2896 2439 2964 cellarius
2496 2907 2564 2963 et
2628 2900 2852 2965 Sacrae
2911 2897 3171 2965 Rituum
3230 2897 3720 2986 congregationi

2140 2986 2523 3069 Praefectus,
2559 2986 2782 3074 vigore
2815 2986 3183 3053 facultatum
3213 2986 3333 3054 sibi
3361 2987 3725 3075 specialiter

2142 3095 2174 3140 a
2221 3075 2622 3142 sanctissimo
2668 3069 2943 3141 Domino‘
2980 3075 3207 3141 Nostro
3252 3074 3559 3161 Gregorio
3615 3079 3721 3142 Pa-

2139 3181 2221 3249 pa
2263 3165 2401 3231 xvl
2451 3163 2825 3231 tributarum
2852 3211 2870 3247 ,
2920 3161 3214 3230 omnibus
3266 3173 3514 3229 mature
3576 3182 3722 3250 per-

2143 3250 2357 3338 pensis
2428 3251 2849 3337 diligentique
2926 3249 3218 3318 examine
3283 3249 3561 3334 libratis,
3619 3271 3721 3316 re·

2142 3336 2332 3404 scribi
2380 3338 2748 3406 mandavit:

2275 3427 2372 3492 Ad
2426 3430 2485 3493 1.
2535 3447 2573 3493 ‹
2608 3426 2819 3493 Firmo
2863 3435 3233 3493 remanente
3292 3426 3509 3495 Officio
3572 3445 3719 3493 cum

2149 3513 2325 3580 Missa
2370 3515 2577 3582 Sancti
2626 3515 2915 3582 Andreae
2964 3514 3026 3580 iu
3074 3513 3181 3580 die
3223 3516 3504 3603 propria,
3536 3513 3721 3581 sicuti

2146 3612 2357 3669 actum
2407 3613 2505 3668 est
2548 3602 2626 3667 ab
2670 3607 2849 3668 Anno
2902 3603 3106 3679 18093
3157 3621 3274 3689 pro
3306 3602 3505 3687 gratia
3536 3602 3726 3670 unius

2148 3691 2365 3757 nissae
2410 3690 2727 3757 Solemnis
2770 3688 2846 3757 ad
2909 3691 3265 3779 populum,
3312 3699 3386 3755 ut
3429 3688 3495 3756 in
3541 3693 3723 3756 Festo

2149 3777 2442 3846 eiusdem
2486 3777 2695 3847 sancti
2743 3778 3060 3861 Andreae,
3111 3776 3428 3844 Dominica
3474 3781 3523 3843 ll
3569 3775 3725 3844 sacri

2149 3869 2480 3935 Adventus
2512 3887 2575 3933 s.

2280 3955 2377 4023 Ad
2420 3957 2485 4021 2.
2538 3975 2575 4018 α
2609 3957 2698 4021 De
2744 3953 3002 4040 speciali
3051 3952 3248 4041 gratia
3298 3953 3422 4019 ritu
3454 3952 3541 4020 du
3594 3953 3727 4018 licis

2151 4043 2452 4125 minoris,
2514 4042 2592 4109 ad
2658 4041 3159 4109 uniformitatem
3220 4059 3531 4126 assequen
3578 4058 3723 4125 am;

2152 4150 2315 4217 quae
2349 4132 2469 4197 iam
2498 4140 2791 4198 servatur
2817 4129 2883 4195 iu
2926 4132 3113 4196 Festo
3160 4127 3583 4196 Dedicationis
3612 4132 3728 4194 Ec-

2124 4219 2491 4286 ‘clesiarum
2525 4242 2586 4285 ».

2282 4306 2622 4375 Contrariis
2677 4326 2803 4374 non
2870 4305 3260 4372 obstantibus
3320 4305 3728 4389 quibuscum-

2153 4416 2396 4551 quebie
2444 4489 2528 4550 ss
2577 4481 2709 4554 matt
2765 4485 2958 4550 1841.

2159 4661 2413 4731 2832.
2770 4660 3130 4725 ΜΕΙΛΤΕΝ.

3506 4656 3729 4746 (4922)

2290 4842 2452 4905 lntra
2521 4846 2701 4923 septa
2757 4834 3057 4904 coenobii
3115 4835 3366 4903 Ordinis
3421 4834 3732 4902 Minoi-um

2157 4926 2681 4996 Conventualium
2713 4923 2919 4993 Sancti
2953 4924 3261 4992 Francisci
3290 4923 3572 4991 Civitatis
3595 4923 3732 4990 Val-

2161 5015 2354 5082 lettae
2405 5022 2691 5082 erectum
2737 5012 3060 5101 reperitur
3102 5010 3456 5079 oratorium
3496 5011 3733 5079 Sodali-

2162 5100 2302 5168 tatis
2338 5094 2793 5188 'conceptionis
2839 5100 3136 5200 Deiparae
3182 5097 3336 5167 inibi
3370 5097 3731 5176 institutae;

2160 5190 2226 5254 in
2270 5207 2400 5273 quo
2531 5188 2707 5255 idem
2737 5189 3020 5255 Oratorio
3047 5189 3127 5256 ab
3157 5188 3471 5275 Episcopo
3512 5206 3737 5275 appro-

2158 5275 2300 5341 bato
2348 5286 2413 5342 et
2503 5275 2846 5360 enedicto,
2896 5276 3158 5343 sodales
3204 5275 3437 5360 aliique
3486 5274 3734 5341 Fideles

2160 5362 2547 5429 conveniunt
2576 5382 2746 5428 sacra
2778 5362 3078 5430 exercitia
3124 5364 3462 5450 explentes
3495 5371 3561 5429 et
3598 5361 3736 5429 Mis-
