4042 5950
1567 271 2039 353 —379—

136 430 391 501 3011.
600 432 1269 502 coussnssfla'rtouts

390 538 870 607 SANchsstm
925 538 1486 606 Rssussmomst

1497 431 1728 520 (aisti)

272 694 483 772 Quum
514 694 683 762 inter
707 695 1012 762 Alumnos
1038 693 1560 782 congregationis
1584 698 1732 762 San·

132 781 408 848 ctissimi
455 783 902 872 Redemptor-is
949 802 1075 850 non
1120 802 1243 849 una
1288 783 1372 849 sit
1415 783 1733 849 sententia

128 868 306 936 circa
355 870 1008 939 commemorationes
1052 875 1122 941 S.
1154 871 1461 958 Alpbonsi
1511 870 1734 937 Mariae

128 955 221 1023 de
271 958 527 1046 Ligurio
574 958 872 1048 Episcopi
917 958 1310 1028 confessoris
1361 959 1735 1029 Fundatoris

128 1056 203 1111 et
238 1046 624 1114 sanctissimi
651 1048 1102 1135 Redemptoris
1173 1050 1423 1134 ropriae
1454 1051 1732 1133 Congre-

126 1134 415 1223 gationis
451 1135 768 1219 Titularis‚
803 1153 1101 1227 apponen
1151 1156 1216 1202 as
1246 1137 1412 1203 inter
1442 1139 1735 1203 comme·

128 1223 527 1291 murationes
575 1227 961 1292 Communes
992 1244 1106 1291 seu
1139 1224 1338 1293 suffra
1389 1224 1444 1290 ia
1475 1227 1733 1292 Sancto·

129 1328 328 1393 rum,
377 1311 629 1397 quando
693 1313 798 1380 illa
858 1312 922 1380 in
980 1312 1203 1381 divino
1254 1316 1304 1381 Ο
1373 1313 1470 1380 cio
1520 1312 1733 1378 locum

130 1397 427 1464 habent:
480 1399 767 1487 itemque
815 1401 1191 1490 opinionum
1237 1401 1511 1468 varietas
1548 1420 1587 1465 a
1638 1420 1736 1488 pa-

128 1497 278 1552 reat
325 1487 534 1573 quoad
595 1488 863 1556 Litanias
928 1491 1200 1557 maiores
1257 1488 1474 1558 divino
1518 1419 1736 1558 OAEcio

126 1575 468 1642 addendas
522 1576 587 1643 in
647 1581 835 1644 Festo
890 1577 1096 1647 Sancti
1158 1576 1346 1646 Marci
1396 1575 1733 1664 Evangeli-

125 1674 276 1729 stae
310 1676 374 1730 et
404 1666 861 1751 Rogatianum
899 1667 1181 1733 vicarius
1212 1664 1537 1733 Generalis
1569 1668 1731 1735 con·

124 1752 530 1839 gregationis
562 1755 997 1843 Transalpinas
1036 1753 1422 1823 sanctissimi
1453 1755 1730 1822 Redem-

126 1841 343 1927 ptoris
387 1842 721 1926 sequentia
767 1842 896 1909 duo
944 1840 1137 1912 (lubia
1183 1841 1560 1910 elucidanda
1595 1861 1731 1945 pro·

127 1930 353 2015 posuit
399 1930 623 1997 Sacrae
669 1931 931 1999 Rituum
978 1930 1515 2018 congregationi3
1550 1930 1733 1998 nimi·

130 2034 335 2083 rum:
807 2066 816 2075 .

278 2109 338 2173 1.
358 2107 615 2183 Quando
640 2108 1016 2176 Sacerdotes
1039 2106 1567 2196 congregationis
1590 2112 1736 2177 San·

126 2192 398 2261 ctissimi
431 2197 882 2286 Redemptoris
910 2215 1236 2285 apponere
1269 2197 1508 2265 debent
1546 2197 1608 2264 in
1631 2196 1734 2264 of·

125 2280 281 2348 ficio
337 2285 990 2353 commemorationes
1051 2304 1167 2352 seu
1220 2284 1529 2370 Suffragia
1582 2287 1733 2353 San·

124 2382 417 2454 ctorum,
455 2382 759 2441 tenentur
792 2392 874 2441 ne
908 2375 1075 2440 inter
1105 2372 1213 2440 illa
1244 2391 1572 2460 apponere
1607 2384 1738 2440 tan-

122 2470 274 2525 tum
304 2461 994 2529 commemorationem
1028 2460 1236 2530 Sancti
1271 2461 1576 2550 Alphonsi
1609 2463 1731 2528 Ma..

125 2545 265 2613 riae
312 2548 697 2618 institutoris
759 2548 1336 2637 congregationis;
1393 2548 1495 2616 vel
1554 2549 1733 2617 illam

128 2632 328 2704 etiam
359 2637 638 2705 adiicere
669 2638 1056 2706 sanctissimi
1088 2637 1537 2727 Redemptoris
1570 2642 1732 2708 con-

126 2725 530 2811 gregationis
575 2724 927 2794 Titularis?

266 2817 338 2881 2.
373 2816 468 2882 An
499 2814 777 2882 Litaniae
801 2819 1180 2883 Sanctorum
1214 2814 1278 2881 in
1300 2820 1493 2885 Festo
1518 2815 1729 2884 Sancti
1757 2811 1765 2819 ’

129 2901 323 2968 Marci
371 2914 436 2970 et
484 2903 548 2970 in
596 2901 795 2971 Feriis
838 2902 1262 2992 Rogationum
1322 2903 1570 2971 recitari
1619 2904 1730 2973 de-

132 2988 329 3058 beant
375 3011 524 3060 cum
569 2992 959 3081 repetitione
1006 2994 1082 3059 ab
1130 2993 1428 3081 obligatis
1462 2994 1540 3062 ad
1587 2994 1731 3062 offi-

130 3077 310 3145 cium
356 3079 672 3165 divinum,
708 3081 819 3166 qni
853 3100 957 3148 eas
986 3081 1177 3149 simul
1228 3081 1496 3150 recitant
1525 3083 1631 3150 vel
1669 3082 1733 3149 in

129 3166 349 3234 choro
394 3169 500 3235 vel
553 3181 735 3235 extra
780 3166 1122 3238 chorum?

268 3259 351 3322 Et
396 3259 580 3325 Sacra
625 3258 884 3325 Rituum
937 3258 1390 3346 congregatio,
1438 3258 1515 3326 ad
1566 3258 1732 3327 Vati·

128 3362 367 3410 canum
414 3343 721 3414 hodierna
760 3345 866 3414 die
898 3346 1244 3413 coadunata
1292 3346 1355 3414 in
1404 3345 1735 3415 hodiernis

127 3431 449 3516 Comitiis,
484 3432 696 3503 audita
738 3432 913 3502 fideli
964 3435 1278 3502 relatione
1311 3455 1342 3499 a
1373 3434 1734 3520 subscripto

122 3522 645 3590 Pro-Secretario
692 3522 878 3606 facta,
912 3522 1403 3590 rescribendum
1443 3525 1730 3591 censuitz

265 3609 364 3677 Ad
420 3612 479 3676 1.
528 3631 568 3678 c
604 3608 1034 3695 Affirmative,
1098 3611 1175 3679 ad
1247 3611 1516 3700 primam
1588 3631 1730 3699 par-

124 3708 309 3778 tem;
359 3699 697 3784 Negative‚
746 3701 824 3768 ad
868 3699 1220 3766 secundam
1255 3722 1321 3767 »-

267 3785 365 3853 Ad
413 3790 478 3854 2.
528 3809 568 3852 ι
601 3792 671 3855 In
703 3807 879 3870 casu,
911 3785 1148 3875 absque
1198 3787 1588 3878 repetitione
1629 3809 1731 3855 re-

120 3873 420 3941 citandas
454 3896 516 3942 ι.

264 3964 476 4049 Atque
529 3964 611 4032 ita
668 3964 1017 4053 rescripsit,
1068 3965 1420 4033 declaravit
1462 3964 1730 4034 servari-

122 4069 265 4137 que
319 4051 666 4119 mandavit.

267 4136 382 4206 Die
428 4143 467 4207 7
516 4140 654 4207 Maii
708 4144 899 4208 1853.

74 4382 81 4388 .
125 4315 389 4387 3012.
658 4319 1191 4387 GROSSETANA.
1499 4320 1727 4408 (5186)

236 4521 247 4528 ⁴
268 4492 755 4561 Annivesarium
769 4495 1194 4565 Dedicationis
1211 4497 1535 4564 Ecclesiae
1554 4500 1735 4579 cros-

127 4589 393 4647 setanae
425 4580 530 4648 die
562 4586 640 4650 15
672 4583 811 4649 Maii
843 4584 1254 4670 assignatum,
1290 4586 1410 4654 hoc
1441 4605 1607 4654 anno
1638 4588 1734 4654 in·

130 4667 295 4736 cidit
324 4669 648 4737 Dominica
680 4674 1090 4738 Pentecostes
1120 4692 1138 4757 ς
1187 4693 1258 4739 ac
1289 4672 1562 4760 proinde
1595 4676 1734 4742 eius

127 4754 423 4824 Officium
487 4759 551 4825 in
614 4759 992 4828 calendario
1038 4760 1429 4828 Dioecesano
1475 4762 1734 4829 transla-

130 4857 277 4912 tum
338 4843 456 4911 fuit
516 4847 593 4914 ad
655 4846 828 4915 diem
886 4851 969 4915 27
1034 4848 1208 4933 Maii,
1273 4848 1576 4917 nimirum
1623 4851 1731 4918 die

128 4931 412 5000 secunda
458 4933 618 5001 inl'ra
664 4947 949 5003 octavam
1001 4937 1385 5004 sanctissimi
1430 4938 1731 5027 corporis

134 5018 408 5107 christi;
460 5024 632 5108 quod
693 5024 957 5111 quidem
1003 5029 1261 5092 Festum
1320 5024 1383 5092 in
1430 5036 1559 5093 tota
1621 5029 1731 5095 Se-

130 5109 316 5177 nensi
364 5111 687 5179 Provincia
742 5112 982 5198 gaudet
1044 5123 1264 5182 octava
1312 5114 1476 5181 adeo
1534 5113 1731 5202 privi-

134 5196 390 5285 legiata,
439 5208 513 5264 ut
558 5199 723 5267 intra
769 5200 970 5289 ipsam
1018 5202 1230 5269 locum
1279 5202 1551 5272 babeant
1599 5213 1730 5269 tan·

135 5299 274 5352 tum
332 5285 614 5373 duplicia
669 5287 911 5376 primae
958 5289 1063 5358 vel
1111 5291 1437 5359 secundae
1490 5290 1727 5377 classis,

133 5374 535 5444 occurrentia
581 5393 709 5444 non
756 5377 968 5445 minus
1013 5398 1205 5467 quam
1253 5380 1574 5448 translata.

1965 430 2174 510 Quum
2219 449 2375 498 vero
2422 435 2616 500 [lmus
2660 435 3024 502 crossetan.
3074 431 3426 521 Episcopus

1835 537 2068 604 anceps
2094 518 2302 587 adhuc
2334 520 2592 587 haereat
2615 540 2814 607 super
2837 519 3205 590 huiusmodi
3231 532 3430 589 trans·

1841 604 2114 684 latione;
2149 607 2295 693 quia
2328 627 2444 695 per
2476 606 2771 677 accidens
2819 620 3065 679 tantum
3116 608 3237 676 hoc
3268 628 3432 679 anno

1842 692 1978 761 dies
2039 698 2122 761 27
2169 694 2304 761 Maii
2366 709 2657 763 remanet
2715 718 2947 781 vacua,
3006 697 3162 765 dum
3211 696 3275 765 in
3321 697 3460 764 illo·

1840 781 2213 850 Calendario
2262 782 2398 852 dies
2430 788 2509 853 31
2560 785 2700 851 Maii
2732 786 2915 853 nullo
2946 797 3297 872 occupatur
3325 785 3428 853 Ol'·

1839 868 1982 937 flcio
2022 869 2150 937 fixo
2182 890 2417 941 novem
2446 873 2848 959 Lectionum,
2885 877 3137 944 Sacram
3165 874 3433 942 *Rituum

1837 959 2418 1047 congregationem
2448 962 2726 1050 supplex
2757 963 2955 1031 adivit
2980 961 3302 1064 enixeque
3333 981 3432 1029 ro-

1841 1046 2037 1134 gavit,
2087 1057 2158 1114 ut
2207 1048 2326 1115 hoc
2373 1049 2545 1117 idem
2594 1050 2888 1135 dubium,
2923 1069 3069 1118 cum
3100 1049 3238 1116 aliis
3271 1051 3430 1118 duo-

1841 1134 1958 1236 bus
2000 1136 2444 1224 sequentibus,
2493 1138 2820 1207 declarare
2867 1138 3292 1225 dignaretur3
3341 1138 3434 1205 ni-

1843 1240 2129 1291 mirum:

1978 1314 2035 1378 1.
2066 1311 2329 1391 Quando
2359 1313 2522 1381 intra
2557 1327 2839 1383 octavam
2855 1313 3258 1402 ‘Sanctissimi
3284 1319 3434 1382 cor-

1839 1399 2014 1490 poris
2057 1400 2289 1468 christi
2339 1400 2791 1488 reponendum
2842 1414 2937 1471 est
2981 1403 3243 1490 aliquod
3289 1402 3435 1482 offi-

1840 1489 2009 1556 cium
2059 1489 2432 1557 translatum
2480 1491 2725 1579 duplex
2774 1492 3019 1581 primae
3050 1490 3153 1557 vel
3201 1510 3433 1558 secun-

1838 1577 1958 1645 dae
2005 1576 2241 1661 classis,
2291 1588 2506 1665 potest
2550 1599 2634 1647 ne
2684 1580 2805 1647 hoc
2849 1579 3139 1649 Officium
3202 1579 3433 1667 apponi

1839 1665 1946 1732 die
1993 1684 2158 1753 quae
2203 1685 2326 1754 per
2370 1668 2666 1736 accidens
2714 1678 2811 1736 est
2857 1667 3083 1752 libera,
3118 1678 3434 1754 quatenus

1839 1753 2130 1822 Officium
2176 1753 2422 1844 duplex
2470 1776 2817 1825 occurrens
2851 1758 2915 1825 in
2945 1776 3020 1824 ea
3052 1767 3270 1824 octava
3305 1755 3435 1841 pri-

1842 1840 2138 1927 vilegiata
2188 1853 2286 1909 est
2315 1845 2848 1914 ‘transferendum
2943 1854 3042 1912 ost
3088 1844 3288 1932 ipsam
3327 1854 3436 1912 aut

1839 1931 2116 2017 simplex
2165 1930 2607 2020 reddendum
2643 1930 2745 2001 ‘vel
2783 1935 2866 2003 de
2897 1864 3017 2000 Boc
3049 1932 3186 2021 ipso
3215 1930 3436 2000 Officio

1840 2019 2085 2106 duplici
2145 2020 2390 2109 primae
2449 2021 2551 2088 vel
2599 2024 2919 2091 secundae
2967 2020 3183 2089 classis
3242 2038 3435 2108 agen-

1840 2108 1995 2175 dum
2043 2119 2142 2175 est
2185 2108 2295 2176 die
2348 2108 2466 2175 alia
2527 2120 2850 2212 perpetuo
2910 2110 3110 2177 libera
3155 2119 3223 2177 et
3271 2112 3434 2177 intra

1838 2195 2127 2350 eamdegn
2175 2208 2460 2265 octavam
2508 2196 2975 2287 privilegiatam
3028 2217 3158 2265 non
3206 2214 3435 2266 occur-

1842 2294 2027 2352 rente
3105 2304 3132 2343 a

1969 2376 2037 2440 Ξ.
2088 2372 2349 2462 Triplex
2395 2372 2655 2462 signum
2701 2375 2921 2444 crucis
2968 2375 3141 2462 quod
3171 2375 3253 2443 ab
3283 2372 3435 2463 Epi-

1837 2480 2056 2617 Ξῗὲο·
2091 2461 2534 2618 ἓίἓῗῖῗῖἳιῖἶ
2572 2461 2658 2617 ἓξ.
2699 2466 3434 2622 ἰᾞὲ..“ἳὲ“ἐῖἱῗ.“ἓὲἰὶ
3511 2474 3516 2479 ’

3233 2599 3256 2634 5

1837 2654 1921 2706 ne
1952 2635 2040 2704 de
2087 2647 2154 2705 et
2199 2636 2435 2726 pollice
2466 2656 2666 2726 super
2695 2640 2975 2710 frontem
3023 2640 3430 2727 confirmati;

1838 2727 1943 2793 vel
1990 2745 2182 2794 manu
2227 2726 2609 2815 simpliciter
2661 2728 2829 2830 sine·
2863 2729 3091 2799 frontis
3137 2738 3435 2798 contactu

1836 2834 2037 2970 ⁸¹¹⁹}
2077 2814 3066 2994 ἓῖζῖῗῗοᾶῗὲιῗῖῗὲζῗῃ..
3112 2907 3176 2976 in
3223 2905 3434 2975 Ponti-

1838 2991 1998 3060 ficali
2049 2996 2330 3060 Romano
2374 2991 2733 3061 adhibenda
2796 2994 3073 3063 edicitur
3117 2996 3277 3063 dum
3320 2998 3432 3063 Or-

1838 3080 2064 3148 dinatis
2129 3079 2594 3148 sanctissimam
2650 3082 3109 3151 Eucharistiam
3163 3081 3433 3152 admini-

1836 3179 1992 3235 strat
2031 3169 2385 3257 Episcopus
2413 3168 2745 3256 Ordinans‚
2780 3169 3070 3238 adhiberi
3117 3171 3318 3260 possit
3354 3169 3433 3237 ab

1838 3257 2155 3347 cpiscopo
2201 3256 2603 3343 quotiescum
2698 3278 2736 3325 e
2780 3258 3079 3327 fidelihus
3108 3257 3435 3328 Sanctissi-

1839 3364 2005 3416 mam
2068 3344 2525 3413 Eucharistiam
2579 3367 2611 3412 a
2661 3346 3021 3432 ministrat;
3085 3346 3189 3414 vel
3255 3356 3432 3415 extra

1835 3434 2374 3501 communionem
2426 3434 2902 3520 ordinatorum,
2951 3434 3257 3504 adhibere
3319 3436 3431 3502 de·

1837 3520 1984 3589 beat
2030 3540 2443 3590 communem
2490 3522 2856 3608 formulam,
2904 3535 3099 3614 prout
3154 3523 3321 3592 iacet
3367 3522 3431 3592 in

1837 3610 2071 3679 Ilituali
2118 3609 2456 3679 Romano?

1956 3704 2050 3776 ,Et
2082 3702 2265 3768 Sacra
2294 3700 2558 3768 Rituum
2590 3701 3044 3790 congregatio,
3079 3701 3155 3769 ad
3192 3702 3434 3770 Vatica-

1835 3806 1991 3855 num
2051 3788 2355 3856 hodierna
2415 3788 2521 3856 die
2581 3789 2932 3858 coadunata
2980 3790 3047 3858 in
3090 3790 3435 3859 ordinariis

1833 3876 2145 3960 Geminis,
2196 3875 2275 3943 ad
2329 3877 2712 3946 relationem
2772 3877 3113 3967 subscripti
3174 3881 3434 3948 Pro-Se·

1838 3965 2118 4050 cretarii,
2165 3963 2655 4035 rescribendum
2703 3967 2995 4034 censuit:

1970 4054 2063 4121 Ad
2106 4057 2164 4121 1.
2201 4074 2240 4120 α
2274 4053 2689 4140 Affirmative,
2721 4055 2800 4122 ad
2836 4056 3106 4143 primam
3136 4065 3423 4144 partem;

1836 4143 2173 4229 Negative,
2222 4142 2297 4210 ad
2348 4143 2737 4223 secundam;
2784 4162 2900 4211 seu
2946 4143 3012 4212 in
3064 4162 3212 4211 casu
3252 4154 3433 4209 recte

1836 4230 2221 4315 assignatum
2283 4230 2478 4297 fuisse
2536 4231 2825 4299 Officium
2882 4231 3013 4300 diei
3057 4235 3143 4300 27
3190 4231 3327 4298 Maii
3365 4252 3429 4297 ».

1969 4318 2064 4385 Ad
2116 4322 2184 4386 2.
2231 4340 2271 4383 ‹
2304 4324 2485 4387 quta
2536 4319 2930 4403 Pontificale,
2963 4320 3119 4388 dum
3150 4319 3433 4388 frontem

1836 4405 2190 4476 chrismate
2220 4407 2473 4493 inungit
2503 4408 2723 4477 dicere
2770 4408 2968 4476 debet
3015 4410 3212 4495 Signo
3245 4419 3304 4475 te
3342 4412 3433 4476 si-

1833 4514 1960 4581 ano
2025 4497 2294 4578 Crucis,
2350 4498 2606 4583 signum
2667 4517 2741 4564 su
2830 4516 2862 4562 r
2909 4495 3186 4564 frontem
3231 4495 3431 4586 ipsam

1837 4583 2076 4672 pollice
2107 4583 2472 4672 producens
2502 4600 2521 4664 ;
2570 4604 2698 4672 quo
2771 4594 2912 4652 acto
2944 4604 3136 4653 manu
3168 4595 3434 4654 extensa

1836 4690 2060 4739 versus
2093 4672 2555 4744 confirmatum
2588 4672 2851 4761 incipit:
2901 4676 2976 4738 In
3024 4678 3284 4743 nomine
3311 4677 3434 4740 Pa-

1836 4763 1963 4915 ενῖἒς
1992 4771 2126 4828 σεο.
2152 4771 2255 4828 ter
2283 4760 2539 4848 signum
2585 4760 2805 4828 Crucis
2851 4760 3217 4848 efformans,
3247 4781 3429 4830 more

1832 4868 1903 4915 so
1935 4848 2025 4915 ito
2058 4870 2123 4914 s.

1967 4937 2063 5003 Ad
2114 4942 2177 5004 3.
2227 4960 2267 5003 ‹
2302 4939 2666 5007 Formulam
2719 4938 2781 5005 in
2843 4938 3191 5007 pontificati
3250 4958 3431 5027 prae-

1836 5024 2136 5111 scriptam
2184 5027 2341 5094 dum
2386 5027 2463 5094 ad
2512 5028 2763 5095 Sacram
2823 5026 3124 5117 synaxim
3170 5029 3430 5115 Episco-

1834 5131 1954 5199 pus
2012 5113 2344 5182 Ordinatos
2390 5114 2696 5199 admittit,
2746 5124 2925 5183 extra
2980 5134 3194 5184 casum
3247 5116 3431 5183 illum

1833 5220 1961 5269 non
2006 5217 2147 5268 esse
2194 5201 2671 5290 adhihendam;
2720 5224 2886 5271 seu:
2944 5205 3293 5293 Negative,
3347 5204 3427 5273 ad

1879 5290 2108 5357 rimam
2174 5300 2474 5382 partem;
2546 5291 2978 5378 Affirmative,
3050 5292 3128 5360 ad
3200 5311 3427 5361 secun·

1879 5394 1983 5445 am
2016 5398 2079 5446 ι.
