<?xml version="1.0" encoding="UTF-8"?>
<!DOCTYPE html PUBLIC "-//W3C//DTD XHTML 1.0 Transitional//EN"
    "http://www.w3.org/TR/xhtml1/DTD/xhtml1-transitional.dtd">
<html xmlns="http://www.w3.org/1999/xhtml" xml:lang="en" lang="en">
 <head>
  <title>
</title>
<meta http-equiv="Content-Type" content="text/html;charset=utf-8" />
  <meta name='ocr-system' content='tesseract 3.04.00' />
  <meta name='ocr-capabilities' content='ocr_page ocr_carea ocr_par ocr_line ocrx_word'/>
</head>
<body>
  <div class='ocr_page' id='page_1' title='image "./decretaauthenti00ritugoog_0152.png"; bbox 0 0 4042 5950; ppageno 0'>
   <div class='ocr_carea' id='block_1_1' title="bbox 2002 165 2472 303">
    <p class='ocr_par' dir='ltr' id='par_1_1' title="bbox 2002 165 2472 303">
     <span class='ocr_line' id='line_1_1' title="bbox 2002 165 2472 303; baseline 0 -1"><span class='ocrx_word' id='word_1_1' title='bbox 2002 268 2054 282; x_wconf 95' lang='lat'>-</span> <span class='ocrx_word' id='word_1_2' title='bbox 2146 165 2316 303; x_wconf 69' lang='lat'><strong>⁴118</strong></span> <span class='ocrx_word' id='word_1_3' title='bbox 2370 268 2472 283; x_wconf 95' lang='lat'><strong>-</strong></span> 
     </span>
    </p>
   </div>
   <div class='ocr_carea' id='block_1_2' title="bbox 596 381 2180 1155">
    <p class='ocr_par' dir='ltr' id='par_1_2' title="bbox 599 381 2177 540">
     <span class='ocr_line' id='line_1_2' title="bbox 599 381 2177 469; baseline -0.005 -15"><span class='ocrx_word' id='word_1_4' title='bbox 599 384 757 469; x_wconf 89' lang='lat' dir='ltr'><strong>dito,</strong></span> <span class='ocrx_word' id='word_1_5' title='bbox 805 386 881 452; x_wconf 86' lang='lat' dir='ltr'><strong>ad</strong></span> <span class='ocrx_word' id='word_1_6' title='bbox 933 385 1309 452; x_wconf 88' lang='lat' dir='ltr'><strong>relationem</strong></span> <span class='ocrx_word' id='word_1_7' title='bbox 1329 385 1647 452; x_wconf 56' lang='lat' dir='ltr'><strong>*eiusdem</strong></span> <span class='ocrx_word' id='word_1_8' title='bbox 1681 385 1819 452; x_wconf 81' lang='lat' dir='ltr'><strong>Emi</strong></span> <span class='ocrx_word' id='word_1_9' title='bbox 1853 381 2177 466; x_wconf 88' lang='lat' dir='ltr'><strong>Ponentis,</strong></span> 
     </span>
     <span class='ocr_line' id='line_1_3' title="bbox 599 473 1429 540; baseline 0 -1"><span class='ocrx_word' id='word_1_10' title='bbox 599 473 1085 540; x_wconf 87' lang='lat' dir='ltr'><strong>rescribendum</strong></span> <span class='ocrx_word' id='word_1_11' title='bbox 1133 474 1429 539; x_wconf 76' lang='lat' dir='ltr'><strong>censuit:</strong></span> 
     </span>
    </p>

    <p class='ocr_par' dir='ltr' id='par_1_3' title="bbox 598 558 2180 802">
     <span class='ocr_line' id='line_1_4' title="bbox 729 558 2180 628; baseline -0.003 -2"><span class='ocrx_word' id='word_1_12' title='bbox 729 562 822 627; x_wconf 84' lang='lat' dir='ltr'><strong>Ad</strong></span> <span class='ocrx_word' id='word_1_13' title='bbox 878 565 935 626; x_wconf 94' lang='grc'><strong>1.</strong></span> <span class='ocrx_word' id='word_1_14' title='bbox 987 582 1025 627; x_wconf 62' lang='grc' dir='ltr'><strong>α</strong></span> <span class='ocrx_word' id='word_1_15' title='bbox 1057 560 1366 627; x_wconf 74' lang='lat' dir='ltr'><strong>Incedere</strong></span> <span class='ocrx_word' id='word_1_16' title='bbox 1411 562 1650 628; x_wconf 89' lang='lat' dir='ltr'><strong>debere</strong></span> <span class='ocrx_word' id='word_1_17' title='bbox 1705 558 1768 625; x_wconf 92' lang='lat' dir='ltr'><strong>in</strong></span> <span class='ocrx_word' id='word_1_18' title='bbox 1829 558 2045 625; x_wconf 86' lang='lat' dir='ltr'><strong>habitu</strong></span> <span class='ocrx_word' id='word_1_19' title='bbox 2096 567 2180 621; x_wconf 86' lang='lat' dir='ltr'><strong>ta-</strong></span> 
     </span>
     <span class='ocr_line' id='line_1_5' title="bbox 599 645 2179 735; baseline -0.003 -20"><span class='ocrx_word' id='word_1_20' title='bbox 599 649 710 715; x_wconf 90' lang='lat' dir='ltr'><strong>lari</strong></span> <span class='ocrx_word' id='word_1_21' title='bbox 762 650 863 714; x_wconf 91' lang='lat' dir='ltr'><strong>vel</strong></span> <span class='ocrx_word' id='word_1_22' title='bbox 913 647 1263 734; x_wconf 78' lang='lat' dir='ltr'><strong>insignibus</strong></span> <span class='ocrx_word' id='word_1_23' title='bbox 1318 648 1615 735; x_wconf 86' lang='lat' dir='ltr'><strong>propriae</strong></span> <span class='ocrx_word' id='word_1_24' title='bbox 1676 645 1965 733; x_wconf 75' lang='lat' dir='ltr'><strong>dignitati</strong></span> <span class='ocrx_word' id='word_1_25' title='bbox 2030 664 2179 711; x_wconf 90' lang='lat' dir='ltr'><strong>con·</strong></span> 
     </span>
     <span class='ocr_line' id='line_1_6' title="bbox 598 735 1097 802; baseline 0.006 -3"><span class='ocrx_word' id='word_1_26' title='bbox 598 735 1010 802; x_wconf 82' lang='lat' dir='ltr'><strong>venientibus</strong></span> <span class='ocrx_word' id='word_1_27' title='bbox 1036 759 1097 802; x_wconf 85' lang='lat'><strong>».</strong></span> 
     </span>
    </p>

    <p class='ocr_par' dir='ltr' id='par_1_4' title="bbox 596 820 2180 998">
     <span class='ocr_line' id='line_1_7' title="bbox 727 820 2180 909; baseline -0.001 -20"><span class='ocrx_word' id='word_1_28' title='bbox 727 824 821 890; x_wconf 83' lang='lat' dir='ltr'><strong>Ad</strong></span> <span class='ocrx_word' id='word_1_29' title='bbox 871 829 936 890; x_wconf 66' lang='grc' dir='ltr'><strong>Ξ.</strong></span> <span class='ocrx_word' id='word_1_30' title='bbox 988 845 1027 886; x_wconf 84' lang='lat'>‹</span> <span class='ocrx_word' id='word_1_31' title='bbox 1061 823 1403 909; x_wconf 82' lang='lat' dir='ltr'><strong>Negative,</strong></span> <span class='ocrx_word' id='word_1_32' title='bbox 1465 822 1581 891; x_wconf 89' lang='lat' dir='ltr'><strong>nisi</strong></span> <span class='ocrx_word' id='word_1_33' title='bbox 1647 823 1727 888; x_wconf 88' lang='lat' dir='ltr'><strong>sit</strong></span> <span class='ocrx_word' id='word_1_34' title='bbox 1785 822 1871 889; x_wconf 89' lang='lat' dir='ltr'><strong>de</strong></span> <span class='ocrx_word' id='word_1_35' title='bbox 1929 820 2180 907; x_wconf 85' lang='lat' dir='ltr'><strong>gremio</strong></span> 
     </span>
     <span class='ocr_line' id='line_1_8' title="bbox 596 911 1372 998; baseline -0.001 -21"><span class='ocrx_word' id='word_1_36' title='bbox 596 911 867 998; x_wconf 76' lang='lat' dir='ltr'><strong>Capituli</strong></span> <span class='ocrx_word' id='word_1_37' title='bbox 903 932 967 977; x_wconf 57' lang='grc' dir='ltr'><strong>ν.</strong></span> <span class='ocrx_word' id='word_1_38' title='bbox 1363 981 1372 996; x_wconf 65' lang='grc'><em>,</em></span> 
     </span>
    </p>

    <p class='ocr_par' dir='ltr' id='par_1_5' title="bbox 729 998 1920 1066">
     <span class='ocr_line' id='line_1_9' title="bbox 729 998 1920 1066; baseline -0.001 -1"><span class='ocrx_word' id='word_1_39' title='bbox 729 1001 821 1066; x_wconf 80' lang='lat' dir='ltr'><strong>Ad</strong></span> <span class='ocrx_word' id='word_1_40' title='bbox 872 1003 933 1064; x_wconf 84' lang='lat'><strong>3.</strong></span> <span class='ocrx_word' id='word_1_41' title='bbox 985 1022 1024 1063; x_wconf 65' lang='grc' dir='ltr'>ι</span> <span class='ocrx_word' id='word_1_42' title='bbox 1058 999 1381 1066; x_wconf 87' lang='lat' dir='ltr'><strong>Provisum</strong></span> <span class='ocrx_word' id='word_1_43' title='bbox 1431 1000 1494 1065; x_wconf 91' lang='lat' dir='ltr'><strong>in</strong></span> <span class='ocrx_word' id='word_1_44' title='bbox 1540 998 1822 1065; x_wconf 88' lang='lat' dir='ltr'><strong>secundo</strong></span> <span class='ocrx_word' id='word_1_45' title='bbox 1855 1021 1920 1064; x_wconf 68' lang='grc' dir='ltr'><strong>ιι.</strong></span> 
     </span>
    </p>

    <p class='ocr_par' dir='ltr' id='par_1_6' title="bbox 733 1082 2171 1155">
     <span class='ocr_line' id='line_1_10' title="bbox 733 1082 2171 1155; baseline -0.003 -3"><span class='ocrx_word' id='word_1_46' title='bbox 733 1091 808 1152; x_wconf 89' lang='lat' dir='ltr'><strong>Et</strong></span> <span class='ocrx_word' id='word_1_47' title='bbox 854 1088 937 1153; x_wconf 88' lang='lat' dir='ltr'><strong>ita</strong></span> <span class='ocrx_word' id='word_1_48' title='bbox 990 1086 1336 1155; x_wconf 75' lang='lat' dir='ltr'><strong>declaravit</strong></span> <span class='ocrx_word' id='word_1_49' title='bbox 1399 1108 1468 1153; x_wconf 88' lang='lat' dir='ltr'><strong>ac</strong></span> <span class='ocrx_word' id='word_1_50' title='bbox 1527 1086 1765 1152; x_wconf 88' lang='lat' dir='ltr'><strong>servari</strong></span> <span class='ocrx_word' id='word_1_51' title='bbox 1825 1082 2171 1153; x_wconf 88' lang='lat' dir='ltr'><strong>mandavit.</strong></span> 
     </span>
    </p>
   </div>
   <div class='ocr_carea' id='block_1_3' title="bbox 601 1157 1457 1242">
    <p class='ocr_par' dir='ltr' id='par_1_7' title="bbox 601 1157 1457 1242">
     <span class='ocr_line' id='line_1_11' title="bbox 601 1157 1457 1242; baseline 0 -2"><span class='ocrx_word' id='word_1_52' title='bbox 601 1157 708 1241; x_wconf 63' lang='lat' dir='ltr'><strong>nib</strong></span> <span class='ocrx_word' id='word_1_53' title='bbox 755 1178 839 1241; x_wconf 71' lang='lat' dir='ltr'><strong>as</strong></span> <span class='ocrx_word' id='word_1_54' title='bbox 889 1174 1213 1241; x_wconf 71' lang='lat' dir='ltr'><strong>Februarii</strong></span> <span class='ocrx_word' id='word_1_55' title='bbox 1265 1179 1457 1242; x_wconf 76' lang='lat'><strong>1758.</strong></span> 
     </span>
    </p>
   </div>
   <div class='ocr_carea' id='block_1_4' title="bbox 603 1317 1714 1404">
    <p class='ocr_par' dir='ltr' id='par_1_8' title="bbox 603 1317 1714 1404">
     <span class='ocr_line' id='line_1_12' title="bbox 603 1317 1714 1404; baseline -0.004 -19"><span class='ocrx_word' id='word_1_56' title='bbox 603 1317 859 1404; x_wconf 65' lang='grc'><strong>2449,</strong></span> <span class='ocrx_word' id='word_1_57' title='bbox 1057 1321 1281 1385; x_wconf 79' lang='lat' dir='ltr'><strong>unsis</strong></span> <span class='ocrx_word' id='word_1_58' title='bbox 1330 1320 1428 1382; x_wconf 75' lang='grc' dir='ltr'><strong>ΕΤ</strong></span> <span class='ocrx_word' id='word_1_59' title='bbox 1473 1319 1714 1384; x_wconf 71' lang='lat' dir='ltr'><strong>ossis</strong></span> 
     </span>
    </p>
   </div>
   <div class='ocr_carea' id='block_1_5' title="bbox 596 1437 2175 1701">
    <p class='ocr_par' dir='ltr' id='par_1_9' title="bbox 596 1437 2175 1701">
     <span class='ocr_line' id='line_1_13' title="bbox 729 1437 2172 1521; baseline -0.003 -14"><span class='ocrx_word' id='word_1_60' title='bbox 729 1444 957 1507; x_wconf 80' lang='lat' dir='ltr'><strong>SSmus</strong></span> <span class='ocrx_word' id='word_1_61' title='bbox 980 1437 1284 1505; x_wconf 83' lang='lat' dir='ltr'><strong>Dominus</strong></span> <span class='ocrx_word' id='word_1_62' title='bbox 1311 1441 1538 1504; x_wconf 85' lang='lat' dir='ltr'><strong>Noster</strong></span> <span class='ocrx_word' id='word_1_63' title='bbox 1562 1440 1857 1503; x_wconf 78' lang='lat' dir='ltr'><strong>Clemens</strong></span> <span class='ocrx_word' id='word_1_64' title='bbox 1880 1440 1992 1503; x_wconf 88' lang='lat' dir='ltr'><strong>PP.</strong></span> <span class='ocrx_word' id='word_1_65' title='bbox 2012 1439 2172 1521; x_wconf 83' lang='lat' dir='ltr'><strong>Xlll,</strong></span> 
     </span>
     <span class='ocr_line' id='line_1_14' title="bbox 596 1526 2174 1614; baseline -0.001 -20"><span class='ocrx_word' id='word_1_66' title='bbox 596 1529 762 1594; x_wconf 89' lang='lat' dir='ltr'><strong>inter</strong></span> <span class='ocrx_word' id='word_1_67' title='bbox 807 1526 1192 1614; x_wconf 83' lang='lat' dir='ltr'><strong>multiplices</strong></span> <span class='ocrx_word' id='word_1_68' title='bbox 1224 1526 1627 1614; x_wconf 81' lang='lat' dir='ltr'><strong>Apostolatus</strong></span> <span class='ocrx_word' id='word_1_69' title='bbox 1669 1526 1766 1592; x_wconf 89' lang='lat' dir='ltr'><strong>sui</strong></span> <span class='ocrx_word' id='word_1_70' title='bbox 1815 1545 2018 1608; x_wconf 88' lang='lat' dir='ltr'><strong>curas,</strong></span> <span class='ocrx_word' id='word_1_71' title='bbox 2069 1528 2174 1592; x_wconf 86' lang='lat' dir='ltr'><strong>Sa-</strong></span> 
     </span>
     <span class='ocr_line' id='line_1_15' title="bbox 596 1611 2175 1701; baseline -0.003 -19"><span class='ocrx_word' id='word_1_72' title='bbox 596 1633 850 1682; x_wconf 81' lang='lat' dir='ltr'><strong>crorum</strong></span> <span class='ocrx_word' id='word_1_73' title='bbox 896 1615 1157 1696; x_wconf 75' lang='lat' dir='ltr'><strong>Rituum</strong></span> <span class='ocrx_word' id='word_1_74' title='bbox 1217 1611 1707 1701; x_wconf 90' lang='lat' dir='ltr'><strong>amplitudinem</strong></span> <span class='ocrx_word' id='word_1_75' title='bbox 1765 1632 1918 1700; x_wconf 86' lang='lat' dir='ltr'><strong>prae</strong></span> <span class='ocrx_word' id='word_1_76' title='bbox 1973 1612 2175 1679; x_wconf 82' lang='lat' dir='ltr'><strong>oculis</strong></span> 
     </span>
    </p>
   </div>
   <div class='ocr_carea' id='block_1_6' title="bbox 1949 1312 2175 1400">
    <p class='ocr_par' dir='ltr' id='par_1_10' title="bbox 1949 1312 2175 1400">
     <span class='ocr_line' id='line_1_16' title="bbox 1949 1312 2175 1400; baseline 0.004 -21"><span class='ocrx_word' id='word_1_77' title='bbox 1949 1312 2175 1400; x_wconf 76' lang='lat'>(4275)</span> 
     </span>
    </p>
   </div>
   <div class='ocr_carea' id='block_1_7' title="bbox 597 1701 2231 1789">
    <p class='ocr_par' dir='ltr' id='par_1_11' title="bbox 597 1701 2231 1789">
     <span class='ocr_line' id='line_1_17' title="bbox 597 1701 2231 1789; baseline -0.001 -21"><span class='ocrx_word' id='word_1_78' title='bbox 597 1701 828 1769; x_wconf 84' lang='lat' dir='ltr'><strong>habere</strong></span> <span class='ocrx_word' id='word_1_79' title='bbox 876 1722 1002 1767; x_wconf 91' lang='lat' dir='ltr'><strong>non</strong></span> <span class='ocrx_word' id='word_1_80' title='bbox 1051 1702 1587 1789; x_wconf 77' lang='lat' dir='ltr'><strong>praetermittens,</strong></span> <span class='ocrx_word' id='word_1_81' title='bbox 1622 1701 1724 1788; x_wconf 90' lang='lat' dir='ltr'><strong>pia</strong></span> <span class='ocrx_word' id='word_1_82' title='bbox 1762 1701 2176 1770; x_wconf 81' lang='lat' dir='ltr'><strong>meditatione</strong></span> <span class='ocrx_word' id='word_1_83' title='bbox 2224 1734 2231 1740; x_wconf 93' lang='lat'><strong>·</strong></span> 
     </span>
    </p>
   </div>
   <div class='ocr_carea' id='block_1_8' title="bbox 561 1788 2177 2839">
    <p class='ocr_par' dir='ltr' id='par_1_12' title="bbox 561 1788 2177 2839">
     <span class='ocr_line' id='line_1_18' title="bbox 595 1788 2176 1878; baseline -0.002 -23"><span class='ocrx_word' id='word_1_84' title='bbox 595 1790 936 1878; x_wconf 85' lang='lat' dir='ltr'><strong>perpendit</strong></span> <span class='ocrx_word' id='word_1_85' title='bbox 966 1789 1165 1875; x_wconf 89' lang='lat' dir='ltr'><strong>quod,</strong></span> <span class='ocrx_word' id='word_1_86' title='bbox 1201 1789 1488 1875; x_wconf 86' lang='lat' dir='ltr'><strong>quamvis</strong></span> <span class='ocrx_word' id='word_1_87' title='bbox 1519 1799 1919 1875; x_wconf 89' lang='lat' dir='ltr'><strong>compertum</strong></span> <span class='ocrx_word' id='word_1_88' title='bbox 1951 1788 2032 1853; x_wconf 90' lang='lat' dir='ltr'><strong>sit</strong></span> <span class='ocrx_word' id='word_1_89' title='bbox 2063 1792 2176 1853; x_wconf 83' lang='lat' dir='ltr'><strong>Fe-</strong></span> 
     </span>
     <span class='ocr_line' id='line_1_19' title="bbox 561 1871 2175 1963; baseline -0.001 -21"><span class='ocrx_word' id='word_1_90' title='bbox 561 1878 702 1956; x_wconf 47' lang='lat' dir='ltr'><strong>,stis</strong></span> <span class='ocrx_word' id='word_1_91' title='bbox 746 1875 1071 1961; x_wconf 79' lang='lat' dir='ltr'><strong>quibusvis</strong></span> <span class='ocrx_word' id='word_1_92' title='bbox 1117 1876 1345 1945; x_wconf 88' lang='lat' dir='ltr'><strong>diebus</strong></span> <span class='ocrx_word' id='word_1_93' title='bbox 1408 1871 1750 1943; x_wconf 79' lang='lat' dir='ltr'><strong>Ecclesiam</strong></span> <span class='ocrx_word' id='word_1_94' title='bbox 1811 1875 1940 1963; x_wconf 86' lang='lat' dir='ltr'><strong>iugi</strong></span> <span class='ocrx_word' id='word_1_95' title='bbox 1996 1876 2175 1942; x_wconf 89' lang='lat' dir='ltr'><strong>cultu</strong></span> 
     </span>
     <span class='ocr_line' id='line_1_20' title="bbox 595 1963 2174 2032; baseline -0.003 0"><span class='ocrx_word' id='word_1_96' title='bbox 595 1969 1037 2032; x_wconf 79' lang='lat' dir='ltr'><strong>Sacrosanctae</strong></span> <span class='ocrx_word' id='word_1_97' title='bbox 1084 1978 1148 2029; x_wconf 91' lang='lat' dir='ltr'><strong>et</strong></span> <span class='ocrx_word' id='word_1_98' title='bbox 1198 1965 1565 2030; x_wconf 84' lang='lat' dir='ltr'><strong>individuae</strong></span> <span class='ocrx_word' id='word_1_99' title='bbox 1627 1965 1946 2031; x_wconf 82' lang='lat' dir='ltr'><strong>Trinitatis</strong></span> <span class='ocrx_word' id='word_1_100' title='bbox 2007 1963 2174 2029; x_wconf 92' lang='lat' dir='ltr'><strong>sole-</strong></span> 
     </span>
     <span class='ocr_line' id='line_1_21' title="bbox 597 2052 2175 2139; baseline -0.001 -22"><span class='ocrx_word' id='word_1_101' title='bbox 597 2052 760 2117; x_wconf 88' lang='lat' dir='ltr'><strong>mnia</strong></span> <span class='ocrx_word' id='word_1_102' title='bbox 806 2053 1047 2136; x_wconf 89' lang='lat' dir='ltr'><strong>colere,</strong></span> <span class='ocrx_word' id='word_1_103' title='bbox 1098 2070 1298 2138; x_wconf 88' lang='lat' dir='ltr'><strong>quum</strong></span> <span class='ocrx_word' id='word_1_104' title='bbox 1363 2056 1561 2117; x_wconf 86' lang='lat' dir='ltr'><strong>Deum</strong></span> <span class='ocrx_word' id='word_1_105' title='bbox 1625 2052 1872 2138; x_wconf 88' lang='lat' dir='ltr'><strong>ipsum,</strong></span> <span class='ocrx_word' id='word_1_106' title='bbox 1920 2052 2030 2139; x_wconf 89' lang='lat' dir='ltr'><strong>qui</strong></span> <span class='ocrx_word' id='word_1_107' title='bbox 2078 2062 2175 2117; x_wconf 88' lang='lat' dir='ltr'><strong>est</strong></span> 
     </span>
     <span class='ocr_line' id='line_1_22' title="bbox 593 2138 2174 2227; baseline -0.001 -22"><span class='ocrx_word' id='word_1_108' title='bbox 593 2143 773 2206; x_wconf 86' lang='lat' dir='ltr'><strong>Pater</strong></span> <span class='ocrx_word' id='word_1_109' title='bbox 830 2151 894 2205; x_wconf 89' lang='lat' dir='ltr'><strong>et</strong></span> <span class='ocrx_word' id='word_1_110' title='bbox 944 2139 1134 2207; x_wconf 76' lang='lat' dir='ltr'><strong>Filius</strong></span> <span class='ocrx_word' id='word_1_111' title='bbox 1194 2152 1259 2206; x_wconf 89' lang='lat' dir='ltr'><strong>et</strong></span> <span class='ocrx_word' id='word_1_112' title='bbox 1319 2138 1589 2227; x_wconf 85' lang='lat' dir='ltr'><strong>Spiritus</strong></span> <span class='ocrx_word' id='word_1_113' title='bbox 1637 2142 1901 2207; x_wconf 84' lang='lat' dir='ltr'><strong>Sanctus</strong></span> <span class='ocrx_word' id='word_1_114' title='bbox 1956 2157 2174 2205; x_wconf 87' lang='lat' dir='ltr'><strong>rerum</strong></span> 
     </span>
     <span class='ocr_line' id='line_1_23' title="bbox 592 2226 2174 2314; baseline -0.001 -22"><span class='ocrx_word' id='word_1_115' title='bbox 592 2228 879 2293; x_wconf 89' lang='lat' dir='ltr'><strong>omnium</strong></span> <span class='ocrx_word' id='word_1_116' title='bbox 938 2227 1182 2314; x_wconf 74' lang='lat' dir='ltr'><strong>opifex,</strong></span> <span class='ocrx_word' id='word_1_117' title='bbox 1233 2238 1298 2295; x_wconf 87' lang='lat' dir='ltr'><strong>et</strong></span> <span class='ocrx_word' id='word_1_118' title='bbox 1356 2227 1433 2293; x_wconf 91' lang='lat' dir='ltr'><strong>ad</strong></span> <span class='ocrx_word' id='word_1_119' title='bbox 1496 2246 1689 2312; x_wconf 88' lang='lat' dir='ltr'><strong>quem</strong></span> <span class='ocrx_word' id='word_1_120' title='bbox 1748 2227 1955 2293; x_wconf 90' lang='lat' dir='ltr'><strong>omnia</strong></span> <span class='ocrx_word' id='word_1_121' title='bbox 2012 2226 2174 2293; x_wconf 78' lang='lat' dir='ltr'><strong>rele-</strong></span> 
     </span>
     <span class='ocr_line' id='line_1_24' title="bbox 595 2314 2176 2401; baseline -0.002 -21"><span class='ocrx_word' id='word_1_122' title='bbox 595 2314 790 2380; x_wconf 87' lang='lat' dir='ltr'><strong>renda</strong></span> <span class='ocrx_word' id='word_1_123' title='bbox 835 2328 1024 2397; x_wconf 86' lang='lat' dir='ltr'><strong>sunt,</strong></span> <span class='ocrx_word' id='word_1_124' title='bbox 1074 2316 1137 2381; x_wconf 90' lang='lat' dir='ltr'><strong>in</strong></span> <span class='ocrx_word' id='word_1_125' title='bbox 1184 2317 1381 2382; x_wconf 83' lang='lat' dir='ltr'><strong>Festis</strong></span> <span class='ocrx_word' id='word_1_126' title='bbox 1449 2333 1710 2400; x_wconf 89' lang='lat' dir='ltr'><strong>quoque</strong></span> <span class='ocrx_word' id='word_1_127' title='bbox 1759 2315 2061 2401; x_wconf 87' lang='lat' dir='ltr'><strong>Deiparae</strong></span> <span class='ocrx_word' id='word_1_128' title='bbox 2111 2323 2176 2378; x_wconf 89' lang='lat' dir='ltr'><strong>et</strong></span> 
     </span>
     <span class='ocr_line' id='line_1_25' title="bbox 592 2401 2172 2487; baseline -0.001 -20"><span class='ocrx_word' id='word_1_129' title='bbox 592 2402 861 2470; x_wconf 91' lang='lat' dir='ltr'><strong>aliorum</strong></span> <span class='ocrx_word' id='word_1_130' title='bbox 917 2406 1294 2471; x_wconf 87' lang='lat' dir='ltr'><strong>Sanctorum</strong></span> <span class='ocrx_word' id='word_1_131' title='bbox 1356 2403 1650 2468; x_wconf 84' lang='lat' dir='ltr'><strong>venerari</strong></span> <span class='ocrx_word' id='word_1_132' title='bbox 1710 2416 1775 2468; x_wconf 90' lang='lat' dir='ltr'><strong>et</strong></span> <span class='ocrx_word' id='word_1_133' title='bbox 1833 2401 2172 2487; x_wconf 78' lang='lat' dir='ltr'><strong>glorificari</strong></span> 
     </span>
     <span class='ocr_line' id='line_1_26' title="bbox 593 2488 2174 2576; baseline -0.001 -21"><span class='ocrx_word' id='word_1_134' title='bbox 593 2488 1001 2576; x_wconf 77' lang='lat' dir='ltr'><strong>profiteatur3</strong></span> <span class='ocrx_word' id='word_1_135' title='bbox 1039 2491 1312 2556; x_wconf 82' lang='lat' dir='ltr'><strong>maxime</strong></span> <span class='ocrx_word' id='word_1_136' title='bbox 1349 2500 1562 2555; x_wconf 86' lang='lat' dir='ltr'><strong>tamen</strong></span> <span class='ocrx_word' id='word_1_137' title='bbox 1594 2490 1819 2555; x_wconf 88' lang='lat' dir='ltr'><strong>deceat</strong></span> <span class='ocrx_word' id='word_1_138' title='bbox 1851 2489 2174 2556; x_wconf 89' lang='lat' dir='ltr'><strong>Dominica</strong></span> 
     </span>
     <span class='ocr_line' id='line_1_27' title="bbox 591 2575 2177 2669; baseline -0.001 -27"><span class='ocrx_word' id='word_1_139' title='bbox 591 2577 726 2659; x_wconf 93' lang='lat' dir='ltr'><strong>die,</strong></span> <span class='ocrx_word' id='word_1_140' title='bbox 755 2596 882 2661; x_wconf 91' lang='lat' dir='ltr'><strong>quo</strong></span> <span class='ocrx_word' id='word_1_141' title='bbox 906 2582 1073 2643; x_wconf 89' lang='lat' dir='ltr'><strong>Deus</strong></span> <span class='ocrx_word' id='word_1_142' title='bbox 1101 2577 1235 2665; x_wconf 88' lang='lat' dir='ltr'><strong>ipse</strong></span> <span class='ocrx_word' id='word_1_143' title='bbox 1269 2578 1481 2643; x_wconf 91' lang='lat' dir='ltr'><strong>lucem</strong></span> <span class='ocrx_word' id='word_1_144' title='bbox 1506 2575 1819 2659; x_wconf 88' lang='lat' dir='ltr'><strong>condidit,</strong></span> <span class='ocrx_word' id='word_1_145' title='bbox 1849 2596 1978 2669; x_wconf 83' lang='lat' dir='ltr'><strong>quo</strong></span> <span class='ocrx_word' id='word_1_146' title='bbox 2003 2581 2177 2644; x_wconf 86' lang='lat' dir='ltr'><strong>lesus</strong></span> 
     </span>
     <span class='ocr_line' id='line_1_28' title="bbox 591 2663 2170 2750; baseline -0.001 -20"><span class='ocrx_word' id='word_1_147' title='bbox 591 2663 876 2730; x_wconf 86' lang='lat' dir='ltr'><strong>Christus</strong></span> <span class='ocrx_word' id='word_1_148' title='bbox 908 2687 941 2728; x_wconf 85' lang='lat' dir='ltr'><strong>a</strong></span> <span class='ocrx_word' id='word_1_149' title='bbox 973 2665 1239 2731; x_wconf 88' lang='lat' dir='ltr'><strong>mortuis</strong></span> <span class='ocrx_word' id='word_1_150' title='bbox 1271 2664 1647 2748; x_wconf 81' lang='lat' dir='ltr'><strong>resurrexit,</strong></span> <span class='ocrx_word' id='word_1_151' title='bbox 1674 2683 1803 2750; x_wconf 88' lang='lat' dir='ltr'><strong>quo</strong></span> <span class='ocrx_word' id='word_1_152' title='bbox 1835 2665 2066 2732; x_wconf 90' lang='lat' dir='ltr'><strong>sedens</strong></span> <span class='ocrx_word' id='word_1_153' title='bbox 2095 2666 2170 2730; x_wconf 90' lang='lat' dir='ltr'><strong>ad</strong></span> 
     </span>
     <span class='ocr_line' id='line_1_29' title="bbox 592 2751 2172 2839; baseline -0.001 -20"><span class='ocrx_word' id='word_1_154' title='bbox 592 2753 921 2819; x_wconf 86' lang='lat' dir='ltr'><strong>dexteram</strong></span> <span class='ocrx_word' id='word_1_155' title='bbox 966 2751 1161 2818; x_wconf 80' lang='lat' dir='ltr'><strong>Patris</strong></span> <span class='ocrx_word' id='word_1_156' title='bbox 1206 2752 1596 2819; x_wconf 86' lang='lat' dir='ltr'><strong>Paracletum</strong></span> <span class='ocrx_word' id='word_1_157' title='bbox 1655 2751 2172 2839; x_wconf 84' lang='lat' dir='ltr'><strong>Spiritum-San-</strong></span> 
     </span>
    </p>
   </div>
   <div class='ocr_carea' id='block_1_9' title="bbox 527 2839 2221 2929">
    <p class='ocr_par' dir='ltr' id='par_1_13' title="bbox 527 2839 2221 2929">
     <span class='ocr_line' id='line_1_30' title="bbox 527 2839 2221 2929; baseline 0.001 -24"><span class='ocrx_word' id='word_1_158' title='bbox 527 2865 540 2878; x_wconf 55' lang='lat'><strong>*</strong></span> <span class='ocrx_word' id='word_1_159' title='bbox 593 2851 768 2905; x_wconf 86' lang='lat' dir='ltr'><strong>ctum</strong></span> <span class='ocrx_word' id='word_1_160' title='bbox 806 2839 974 2906; x_wconf 82' lang='lat' dir='ltr'><strong>misit</strong></span> <span class='ocrx_word' id='word_1_161' title='bbox 1004 2839 1089 2906; x_wconf 87' lang='lat' dir='ltr'><strong>de</strong></span> <span class='ocrx_word' id='word_1_162' title='bbox 1120 2842 1356 2924; x_wconf 90' lang='lat' dir='ltr'><strong>Coelis,</strong></span> <span class='ocrx_word' id='word_1_163' title='bbox 1386 2859 1513 2924; x_wconf 89' lang='lat' dir='ltr'><strong>quo</strong></span> <span class='ocrx_word' id='word_1_164' title='bbox 1547 2840 1819 2929; x_wconf 87' lang='lat' dir='ltr'><strong>proinde</strong></span> <span class='ocrx_word' id='word_1_165' title='bbox 1855 2839 2173 2907; x_wconf 81' lang='lat' dir='ltr'><strong>ineffabile</strong></span> <span class='ocrx_word' id='word_1_166' title='bbox 2214 2883 2221 2889; x_wconf 89' lang='lat'>-</span> 
     </span>
    </p>
   </div>
   <div class='ocr_carea' id='block_1_10' title="bbox 541 2926 2174 5375">
    <p class='ocr_par' dir='ltr' id='par_1_14' title="bbox 541 2926 2174 5192">
     <span class='ocr_line' id='line_1_31' title="bbox 595 2926 2173 3018; baseline 0.001 -25"><span class='ocrx_word' id='word_1_167' title='bbox 595 2938 657 2993; x_wconf 90' lang='lat' dir='ltr'><strong>et</strong></span> <span class='ocrx_word' id='word_1_168' title='bbox 716 2926 1362 3016; x_wconf 85' lang='lat' dir='ltr'><strong>incomprehensibile</strong></span> <span class='ocrx_word' id='word_1_169' title='bbox 1423 2928 1743 2996; x_wconf 84' lang='lat' dir='ltr'><strong>Trinitatis</strong></span> <span class='ocrx_word' id='word_1_170' title='bbox 1801 2928 2173 3018; x_wconf 71' lang='lat' dir='ltr'><strong>Hysterium</strong></span> 
     </span>
     <span class='ocr_line' id='line_1_32' title="bbox 594 3015 2171 3104; baseline -0.001 -21"><span class='ocrx_word' id='word_1_171' title='bbox 594 3015 995 3083; x_wconf 79' lang='lat' dir='ltr'><strong>manifestum</strong></span> <span class='ocrx_word' id='word_1_172' title='bbox 1047 3016 1281 3086; x_wconf 86' lang='lat' dir='ltr'><strong>l&#39;actum</strong></span> <span class='ocrx_word' id='word_1_173' title='bbox 1338 3032 1434 3086; x_wconf 89' lang='lat' dir='ltr'><strong>est</strong></span> <span class='ocrx_word' id='word_1_174' title='bbox 1488 3019 1705 3101; x_wconf 87' lang='lat' dir='ltr'><strong>nobis,</strong></span> <span class='ocrx_word' id='word_1_175' title='bbox 1756 3019 2171 3104; x_wconf 87' lang='lat' dir='ltr'><strong>quemadmo-</strong></span> 
     </span>
     <span class='ocr_line' id='line_1_33' title="bbox 592 3104 2172 3175; baseline -0.003 -1"><span class='ocrx_word' id='word_1_176' title='bbox 592 3108 746 3174; x_wconf 88' lang='lat' dir='ltr'><strong>dum</strong></span> <span class='ocrx_word' id='word_1_177' title='bbox 784 3104 844 3170; x_wconf 87' lang='lat' dir='ltr'><strong>in</strong></span> <span class='ocrx_word' id='word_1_178' title='bbox 878 3106 1097 3175; x_wconf 89' lang='lat' dir='ltr'><strong>divino</strong></span> <span class='ocrx_word' id='word_1_179' title='bbox 1140 3107 1356 3174; x_wconf 84' lang='lat' dir='ltr'><strong>Officio</strong></span> <span class='ocrx_word' id='word_1_180' title='bbox 1405 3119 1540 3174; x_wconf 91' lang='lat' dir='ltr'><strong>tum</strong></span> <span class='ocrx_word' id='word_1_181' title='bbox 1587 3106 1663 3172; x_wconf 93' lang='lat' dir='ltr'><strong>ad</strong></span> <span class='ocrx_word' id='word_1_182' title='bbox 1711 3107 1979 3175; x_wconf 84' lang='lat' dir='ltr'><strong>Primam</strong></span> <span class='ocrx_word' id='word_1_183' title='bbox 2014 3106 2172 3171; x_wconf 88' lang='lat' dir='ltr'><strong>reci·</strong></span> 
     </span>
     <span class='ocr_line' id='line_1_34' title="bbox 595 3194 2172 3284; baseline -0.001 -22"><span class='ocrx_word' id='word_1_184' title='bbox 595 3194 782 3262; x_wconf 89' lang='lat' dir='ltr'><strong>tando</strong></span> <span class='ocrx_word' id='word_1_185' title='bbox 829 3194 1202 3284; x_wconf 81' lang='lat' dir='ltr'><strong>Symbolum</strong></span> <span class='ocrx_word' id='word_1_186' title='bbox 1241 3198 1659 3280; x_wconf 73' lang='lat' dir='ltr'><strong>Quicumque,</strong></span> <span class='ocrx_word' id='word_1_187' title='bbox 1705 3208 1840 3261; x_wconf 88' lang='lat' dir='ltr'><strong>tum</strong></span> <span class='ocrx_word' id='word_1_188' title='bbox 1887 3198 2172 3283; x_wconf 88' lang='lat' dir='ltr'><strong>plerum-</strong></span> 
     </span>
     <span class='ocr_line' id='line_1_35' title="bbox 590 3281 2169 3370; baseline -0.003 -20"><span class='ocrx_word' id='word_1_189' title='bbox 590 3303 718 3370; x_wconf 89' lang='lat' dir='ltr'><strong>que</strong></span> <span class='ocrx_word' id='word_1_190' title='bbox 768 3285 830 3350; x_wconf 90' lang='lat' dir='ltr'><strong>in</strong></span> <span class='ocrx_word' id='word_1_191' title='bbox 879 3284 1105 3350; x_wconf 90' lang='lat' dir='ltr'><strong>ultimo</strong></span> <span class='ocrx_word' id='word_1_192' title='bbox 1159 3284 1328 3350; x_wconf 88' lang='lat' dir='ltr'><strong>tertii</strong></span> <span class='ocrx_word' id='word_1_193' title='bbox 1353 3283 1672 3351; x_wconf 79' lang='lat' dir='ltr'><strong>Nocturni</strong></span> <span class='ocrx_word' id='word_1_194' title='bbox 1717 3281 2169 3370; x_wconf 87' lang='lat' dir='ltr'><strong>Responsorio,</strong></span> 
     </span>
     <span class='ocr_line' id='line_1_36' title="bbox 591 3371 2170 3458; baseline -0.003 -20"><span class='ocrx_word' id='word_1_195' title='bbox 591 3371 1089 3458; x_wconf 76' lang='lat' dir='ltr'><strong>Angustissimae</strong></span> <span class='ocrx_word' id='word_1_196' title='bbox 1159 3372 1396 3440; x_wconf 86' lang='lat' dir='ltr'><strong>Triadis</strong></span> <span class='ocrx_word' id='word_1_197' title='bbox 1465 3371 1535 3438; x_wconf 77' lang='lat' dir='ltr'><strong>fit</strong></span> <span class='ocrx_word' id='word_1_198' title='bbox 1599 3372 2170 3447; x_wconf 87' lang='lat' dir='ltr'><strong>commemoratio;</strong></span> 
     </span>
     <span class='ocr_line' id='line_1_37' title="bbox 592 3456 2174 3547; baseline -0.001 -23"><span class='ocrx_word' id='word_1_199' title='bbox 592 3459 764 3525; x_wconf 90' lang='lat' dir='ltr'><strong>idem</strong></span> <span class='ocrx_word' id='word_1_200' title='bbox 814 3470 878 3525; x_wconf 93' lang='lat' dir='ltr'><strong>et</strong></span> <span class='ocrx_word' id='word_1_201' title='bbox 927 3459 991 3525; x_wconf 91' lang='lat' dir='ltr'><strong>in</strong></span> <span class='ocrx_word' id='word_1_202' title='bbox 1037 3459 1252 3526; x_wconf 77' lang='lat' dir='ltr'><strong>Missae</strong></span> <span class='ocrx_word' id='word_1_203' title='bbox 1299 3456 1619 3527; x_wconf 77' lang='lat' dir='ltr'><strong>Sacrificio</strong></span> <span class='ocrx_word' id='word_1_204' title='bbox 1680 3460 1934 3547; x_wconf 86' lang='lat' dir='ltr'><strong>peragi,</strong></span> <span class='ocrx_word' id='word_1_205' title='bbox 1982 3470 2174 3545; x_wconf 88' lang='lat' dir='ltr'><strong>atque</strong></span> 
     </span>
     <span class='ocr_line' id='line_1_38' title="bbox 592 3546 2173 3635; baseline 0.001 -25"><span class='ocrx_word' id='word_1_206' title='bbox 592 3547 654 3611; x_wconf 89' lang='lat' dir='ltr'><strong>in</strong></span> <span class='ocrx_word' id='word_1_207' title='bbox 710 3566 782 3611; x_wconf 88' lang='lat' dir='ltr'><strong>ea</strong></span> <span class='ocrx_word' id='word_1_208' title='bbox 837 3546 1237 3631; x_wconf 89' lang='lat' dir='ltr'><strong>potissimum</strong></span> <span class='ocrx_word' id='word_1_209' title='bbox 1306 3559 1487 3635; x_wconf 90' lang='lat' dir='ltr'><strong>parte</strong></span> <span class='ocrx_word' id='word_1_210' title='bbox 1556 3565 1677 3630; x_wconf 90' lang='lat' dir='ltr'><strong>qua</strong></span> <span class='ocrx_word' id='word_1_211' title='bbox 1737 3559 2173 3615; x_wconf 84' lang='lat' dir='ltr'><strong>contestamur</strong></span> 
     </span>
     <span class='ocr_line' id='line_1_39' title="bbox 590 3634 2170 3721; baseline 0.001 -21"><span class='ocrx_word' id='word_1_212' title='bbox 590 3634 859 3719; x_wconf 90' lang='lat' dir='ltr'><strong>dignum</strong></span> <span class='ocrx_word' id='word_1_213' title='bbox 908 3645 973 3697; x_wconf 89' lang='lat' dir='ltr'><strong>et</strong></span> <span class='ocrx_word' id='word_1_214' title='bbox 1022 3634 1256 3700; x_wconf 88' lang='lat' dir='ltr'><strong>iustum</strong></span> <span class='ocrx_word' id='word_1_215' title='bbox 1318 3653 1455 3701; x_wconf 89' lang='lat' dir='ltr'><strong>esse</strong></span> <span class='ocrx_word' id='word_1_216' title='bbox 1519 3639 1648 3700; x_wconf 89' lang='lat' dir='ltr'><strong>Deo</strong></span> <span class='ocrx_word' id='word_1_217' title='bbox 1702 3636 1931 3720; x_wconf 78' lang='lat' dir='ltr'><strong>gratias</strong></span> <span class='ocrx_word' id='word_1_218' title='bbox 1976 3652 2170 3721; x_wconf 85' lang='lat' dir='ltr'><strong>agere</strong></span> 
     </span>
     <span class='ocr_line' id='line_1_40' title="bbox 592 3721 2172 3810; baseline 0.001 -25"><span class='ocrx_word' id='word_1_219' title='bbox 592 3740 870 3805; x_wconf 88' lang='lat' dir='ltr'><strong>eumque</strong></span> <span class='ocrx_word' id='word_1_220' title='bbox 917 3721 1304 3807; x_wconf 87' lang='lat' dir='ltr'><strong>collaudare,</strong></span> <span class='ocrx_word' id='word_1_221' title='bbox 1357 3722 1742 3790; x_wconf 89' lang='lat' dir='ltr'><strong>benedicere</strong></span> <span class='ocrx_word' id='word_1_222' title='bbox 1800 3732 1863 3788; x_wconf 90' lang='lat' dir='ltr'><strong>et</strong></span> <span class='ocrx_word' id='word_1_223' title='bbox 1917 3723 2172 3810; x_wconf 85' lang='lat' dir='ltr'><strong>praedi·</strong></span> 
     </span>
     <span class='ocr_line' id='line_1_41' title="bbox 541 3805 2169 3897; baseline 0.001 -24"><span class='ocrx_word' id='word_1_224' title='bbox 541 3834 556 3853; x_wconf 81' lang='lat'><strong>·</strong></span> <span class='ocrx_word' id='word_1_225' title='bbox 588 3828 771 3892; x_wconf 86' lang='lat' dir='ltr'><strong>care;</strong></span> <span class='ocrx_word' id='word_1_226' title='bbox 810 3805 1044 3874; x_wconf 90' lang='lat' dir='ltr'><strong>idcirco</strong></span> <span class='ocrx_word' id='word_1_227' title='bbox 1075 3809 1153 3874; x_wconf 87' lang='lat' dir='ltr'><strong>ad</strong></span> <span class='ocrx_word' id='word_1_228' title='bbox 1189 3812 1491 3877; x_wconf 81' lang='lat' dir='ltr'><strong>maiorem</strong></span> <span class='ocrx_word' id='word_1_229' title='bbox 1531 3810 2169 3897; x_wconf 87' lang='lat' dir='ltr'><strong>splendidioremque</strong></span> 
     </span>
     <span class='ocr_line' id='line_1_42' title="bbox 592 3894 2169 3985; baseline 0.001 -25"><span class='ocrx_word' id='word_1_230' title='bbox 592 3897 742 3961; x_wconf 86' lang='lat' dir='ltr'><strong>tanti</strong></span> <span class='ocrx_word' id='word_1_231' title='bbox 773 3894 1050 3981; x_wconf 68' lang='lat' dir='ltr'><strong>Hysterii</strong></span> <span class='ocrx_word' id='word_1_232' title='bbox 1080 3896 1373 3982; x_wconf 85' lang='lat' dir='ltr'><strong>gloriam,</strong></span> <span class='ocrx_word' id='word_1_233' title='bbox 1403 3911 1473 3964; x_wconf 92' lang='lat' dir='ltr'><strong>ut</strong></span> <span class='ocrx_word' id='word_1_234' title='bbox 1497 3895 1726 3963; x_wconf 83' lang='lat' dir='ltr'><strong>fideles</strong></span> <span class='ocrx_word' id='word_1_235' title='bbox 1796 3918 2037 3985; x_wconf 90' lang='lat' dir='ltr'><strong>uoque,</strong></span> <span class='ocrx_word' id='word_1_236' title='bbox 2062 3897 2169 3983; x_wconf 88' lang='lat' dir='ltr'><strong>qui</strong></span> 
     </span>
     <span class='ocr_line' id='line_1_43' title="bbox 589 3981 2169 4069; baseline 0.001 -21"><span class='ocrx_word' id='word_1_237' title='bbox 589 3983 695 4048; x_wconf 91' lang='lat' dir='ltr'><strong>die</strong></span> <span class='ocrx_word' id='word_1_238' title='bbox 731 3981 1051 4049; x_wconf 82' lang='lat' dir='ltr'><strong>Dominica</strong></span> <span class='ocrx_word' id='word_1_239' title='bbox 1093 3986 1307 4051; x_wconf 76' lang='lat' dir='ltr'><strong>Missae</strong></span> <span class='ocrx_word' id='word_1_240' title='bbox 1341 3986 1653 4051; x_wconf 86' lang='lat' dir='ltr'><strong>interesse</strong></span> <span class='ocrx_word' id='word_1_241' title='bbox 1684 3987 1766 4053; x_wconf 93' lang='lat' dir='ltr'><strong>de</strong></span> <span class='ocrx_word' id='word_1_242' title='bbox 1815 3998 1949 4069; x_wconf 90' lang='lat' dir='ltr'><strong>ent,</strong></span> <span class='ocrx_word' id='word_1_243' title='bbox 1985 3986 2169 4052; x_wconf 90' lang='lat' dir='ltr'><strong>latius</strong></span> 
     </span>
     <span class='ocr_line' id='line_1_44' title="bbox 587 4071 2167 4170; baseline 0.001 -34"><span class='ocrx_word' id='word_1_244' title='bbox 587 4082 777 4153; x_wconf 89' lang='lat' dir='ltr'><strong>atque</strong></span> <span class='ocrx_word' id='word_1_245' title='bbox 823 4072 1104 4170; x_wconf 86' lang='lat' dir='ltr'><strong>apertius</strong></span> <span class='ocrx_word' id='word_1_246' title='bbox 1142 4073 1528 4140; x_wconf 89' lang='lat' dir='ltr'><strong>Sacrosancti</strong></span> <span class='ocrx_word' id='word_1_247' title='bbox 1569 4074 1858 4142; x_wconf 86' lang='lat' dir='ltr'><strong>eiusdem</strong></span> <span class='ocrx_word' id='word_1_248' title='bbox 1895 4071 2167 4160; x_wconf 67' lang='lat' dir='ltr'><strong>Hysterii</strong></span> 
     </span>
     <span class='ocr_line' id='line_1_45' title="bbox 588 4156 2169 4248; baseline 0.001 -25"><span class='ocrx_word' id='word_1_249' title='bbox 588 4179 920 4246; x_wconf 81' lang='lat' dir='ltr'><strong>praeconia</strong></span> <span class='ocrx_word' id='word_1_250' title='bbox 951 4158 1308 4245; x_wconf 83' lang='lat' dir='ltr'><strong>audientes,</strong></span> <span class='ocrx_word' id='word_1_251' title='bbox 1359 4160 1650 4228; x_wconf 90' lang='lat' dir='ltr'><strong>debitum</strong></span> <span class='ocrx_word' id='word_1_252' title='bbox 1697 4173 1762 4229; x_wconf 85' lang='lat' dir='ltr'><strong>et</strong></span> <span class='ocrx_word' id='word_1_253' title='bbox 1807 4156 1925 4248; x_wconf 85' lang='lat' dir='ltr'><strong>ipsi</strong></span> <span class='ocrx_word' id='word_1_254' title='bbox 1972 4163 2169 4227; x_wconf 89' lang='lat' dir='ltr'><strong>servi·</strong></span> 
     </span>
     <span class='ocr_line' id='line_1_46' title="bbox 594 4247 2169 4337; baseline 0.001 -26"><span class='ocrx_word' id='word_1_255' title='bbox 594 4247 744 4312; x_wconf 89' lang='lat' dir='ltr'><strong>tutis</strong></span> <span class='ocrx_word' id='word_1_256' title='bbox 790 4248 1166 4333; x_wconf 88' lang='lat' dir='ltr'><strong>obsequium</strong></span> <span class='ocrx_word' id='word_1_257' title='bbox 1229 4268 1567 4336; x_wconf 87' lang='lat' dir='ltr'><strong>supremae</strong></span> <span class='ocrx_word' id='word_1_258' title='bbox 1630 4250 2000 4337; x_wconf 85' lang='lat' dir='ltr'><strong>impendant</strong></span> <span class='ocrx_word' id='word_1_259' title='bbox 2048 4251 2169 4313; x_wconf 78' lang='lat' dir='ltr'><strong>Ma-</strong></span> 
     </span>
     <span class='ocr_line' id='line_1_47' title="bbox 593 4336 2168 4423; baseline 0.001 -24"><span class='ocrx_word' id='word_1_260' title='bbox 593 4336 823 4420; x_wconf 86' lang='lat' dir='ltr'><strong>iestati,</strong></span> <span class='ocrx_word' id='word_1_261' title='bbox 872 4336 1091 4401; x_wconf 87' lang='lat' dir='ltr'><strong>statuit</strong></span> <span class='ocrx_word' id='word_1_262' title='bbox 1135 4348 1325 4423; x_wconf 87' lang='lat' dir='ltr'><strong>atque</strong></span> <span class='ocrx_word' id='word_1_263' title='bbox 1373 4336 1700 4405; x_wconf 74' lang='lat' dir='ltr'><strong>decernitz</strong></span> <span class='ocrx_word' id='word_1_264' title='bbox 1748 4361 1787 4402; x_wconf 83' lang='lat'>‹</span> <span class='ocrx_word' id='word_1_265' title='bbox 1820 4338 1997 4415; x_wconf 85' lang='lat' dir='ltr'><strong>Quod</strong></span> <span class='ocrx_word' id='word_1_266' title='bbox 2045 4336 2168 4401; x_wconf 88' lang='lat' dir='ltr'><strong>sin·</strong></span> 
     </span>
     <span class='ocr_line' id='line_1_48' title="bbox 589 4422 2169 4512; baseline 0 -25"><span class='ocrx_word' id='word_1_267' title='bbox 589 4424 756 4508; x_wconf 92' lang='lat' dir='ltr'><strong>gulis</strong></span> <span class='ocrx_word' id='word_1_268' title='bbox 805 4422 1144 4490; x_wconf 87' lang='lat' dir='ltr'><strong>Dominicis</strong></span> <span class='ocrx_word' id='word_1_269' title='bbox 1191 4426 1419 4492; x_wconf 88' lang='lat' dir='ltr'><strong>diebus</strong></span> <span class='ocrx_word' id='word_1_270' title='bbox 1483 4425 1672 4492; x_wconf 90' lang='lat' dir='ltr'><strong>totius</strong></span> <span class='ocrx_word' id='word_1_271' title='bbox 1716 4425 1888 4509; x_wconf 90' lang='lat' dir='ltr'><strong>anni,</strong></span> <span class='ocrx_word' id='word_1_272' title='bbox 1937 4422 2169 4512; x_wconf 86' lang='lat' dir='ltr'><strong>quibus</strong></span> 
     </span>
     <span class='ocr_line' id='line_1_49' title="bbox 587 4513 2169 4601; baseline 0.002 -27"><span class='ocrx_word' id='word_1_273' title='bbox 587 4513 1006 4579; x_wconf 79' lang='lat' dir='ltr'><strong>Praefationes</strong></span> <span class='ocrx_word' id='word_1_274' title='bbox 1050 4513 1347 4601; x_wconf 85' lang='lat' dir='ltr'><strong>propriae</strong></span> <span class='ocrx_word' id='word_1_275' title='bbox 1383 4532 1503 4599; x_wconf 89' lang='lat' dir='ltr'><strong>per</strong></span> <span class='ocrx_word' id='word_1_276' title='bbox 1530 4514 1986 4598; x_wconf 62' lang='lat' dir='ltr'><strong>Rubricasmon</strong></span> <span class='ocrx_word' id='word_1_277' title='bbox 2020 4523 2169 4580; x_wconf 89' lang='lat' dir='ltr'><strong>sunt</strong></span> 
     </span>
     <span class='ocr_line' id='line_1_50' title="bbox 586 4599 2168 4687; baseline 0.001 -22"><span class='ocrx_word' id='word_1_278' title='bbox 586 4599 983 4686; x_wconf 81' lang='lat' dir='ltr'><strong>adsignatae,</strong></span> <span class='ocrx_word' id='word_1_279' title='bbox 1035 4601 1398 4687; x_wconf 88' lang='lat' dir='ltr'><strong>incipiendo</strong></span> <span class='ocrx_word' id='word_1_280' title='bbox 1445 4622 1477 4665; x_wconf 90' lang='lat' dir='ltr'><strong>a</strong></span> <span class='ocrx_word' id='word_1_281' title='bbox 1525 4600 1842 4668; x_wconf 88' lang='lat' dir='ltr'><strong>Dominica</strong></span> <span class='ocrx_word' id='word_1_282' title='bbox 1891 4604 1998 4669; x_wconf 90' lang='lat' dir='ltr'><strong>SS.</strong></span> <span class='ocrx_word' id='word_1_283' title='bbox 2037 4600 2168 4667; x_wconf 92' lang='lat' dir='ltr'><strong>Tri-</strong></span> 
     </span>
     <span class='ocr_line' id='line_1_51' title="bbox 588 4688 2165 4772; baseline 0 -18"><span class='ocrx_word' id='word_1_284' title='bbox 588 4688 796 4754; x_wconf 87' lang='lat' dir='ltr'><strong>nitatis</strong></span> <span class='ocrx_word' id='word_1_285' title='bbox 822 4690 1136 4756; x_wconf 88' lang='lat' dir='ltr'><strong>currentis</strong></span> <span class='ocrx_word' id='word_1_286' title='bbox 1160 4690 1300 4756; x_wconf 89' lang='lat' dir='ltr'><strong>anni</strong></span> <span class='ocrx_word' id='word_1_287' title='bbox 1332 4693 1523 4772; x_wconf 74' lang='grc'><strong>1759,</strong></span> <span class='ocrx_word' id='word_1_288' title='bbox 1543 4692 1918 4757; x_wconf 88' lang='lat' dir='ltr'><strong>Sacerdotes</strong></span> <span class='ocrx_word' id='word_1_289' title='bbox 1944 4709 2165 4756; x_wconf 86' lang='lat' dir='ltr'><strong>omnes</strong></span> 
     </span>
     <span class='ocr_line' id='line_1_52' title="bbox 588 4774 2166 4877; baseline 0 -35"><span class='ocrx_word' id='word_1_290' title='bbox 588 4774 919 4862; x_wconf 85' lang='lat' dir='ltr'><strong>utriusque</strong></span> <span class='ocrx_word' id='word_1_291' title='bbox 964 4778 1161 4862; x_wconf 90' lang='lat' dir='ltr'><strong>Cleri,</strong></span> <span class='ocrx_word' id='word_1_292' title='bbox 1196 4776 1511 4845; x_wconf 81' lang='lat' dir='ltr'><strong>secularis</strong></span> <span class='ocrx_word' id='word_1_293' title='bbox 1557 4796 1790 4877; x_wconf 83' lang='lat' dir='ltr'><strong>nempe</strong></span> <span class='ocrx_word' id='word_1_294' title='bbox 1822 4788 2012 4864; x_wconf 82' lang='lat' dir='ltr'><strong>atque</strong></span> <span class='ocrx_word' id='word_1_295' title='bbox 2045 4780 2166 4843; x_wconf 87' lang='lat' dir='ltr'><strong>Re-</strong></span> 
     </span>
     <span class='ocr_line' id='line_1_53' title="bbox 586 4862 2167 4951; baseline 0.004 -26"><span class='ocrx_word' id='word_1_296' title='bbox 586 4862 845 4948; x_wconf 86' lang='lat' dir='ltr'><strong>gularis,</strong></span> <span class='ocrx_word' id='word_1_297' title='bbox 881 4864 1336 4932; x_wconf 76' lang='lat' dir='ltr'><strong>Praelationem</strong></span> <span class='ocrx_word' id='word_1_298' title='bbox 1377 4868 1458 4933; x_wconf 91' lang='lat' dir='ltr'><strong>de</strong></span> <span class='ocrx_word' id='word_1_299' title='bbox 1492 4868 1600 4932; x_wconf 92' lang='grc'><strong>88.</strong></span> <span class='ocrx_word' id='word_1_300' title='bbox 1639 4870 1968 4949; x_wconf 77' lang='lat' dir='ltr'><strong>Trinitate,</strong></span> <span class='ocrx_word' id='word_1_301' title='bbox 2002 4885 2167 4951; x_wconf 89' lang='lat' dir='ltr'><strong>quae</strong></span> 
     </span>
     <span class='ocr_line' id='line_1_54' title="bbox 586 4949 2168 5039; baseline 0.001 -22"><span class='ocrx_word' id='word_1_302' title='bbox 586 4952 707 5017; x_wconf 89' lang='lat' dir='ltr'><strong>iam</strong></span> <span class='ocrx_word' id='word_1_303' title='bbox 759 4949 905 5015; x_wconf 85' lang='lat' dir='ltr'><strong>inde</strong></span> <span class='ocrx_word' id='word_1_304' title='bbox 956 4974 986 5015; x_wconf 90' lang='lat' dir='ltr'><strong>a</strong></span> <span class='ocrx_word' id='word_1_305' title='bbox 1037 4951 1477 5019; x_wconf 85' lang='lat' dir='ltr'><strong>vetustissimis</strong></span> <span class='ocrx_word' id='word_1_306' title='bbox 1523 4955 1916 5039; x_wconf 90' lang='lat' dir='ltr'><strong>temporibus</strong></span> <span class='ocrx_word' id='word_1_307' title='bbox 1950 4952 2011 5019; x_wconf 92' lang='lat' dir='ltr'><strong>in</strong></span> <span class='ocrx_word' id='word_1_308' title='bbox 2049 4973 2168 5019; x_wconf 88' lang='lat' dir='ltr'><strong>usu</strong></span> 
     </span>
     <span class='ocr_line' id='line_1_55' title="bbox 587 5037 2166 5123; baseline 0.002 -20"><span class='ocrx_word' id='word_1_309' title='bbox 587 5037 778 5103; x_wconf 77' lang='lat' dir='ltr'><strong>luisse</strong></span> <span class='ocrx_word' id='word_1_310' title='bbox 848 5037 1283 5123; x_wconf 84' lang='lat' dir='ltr'><strong>dignoscitur,</strong></span> <span class='ocrx_word' id='word_1_311' title='bbox 1358 5040 1420 5105; x_wconf 92' lang='lat' dir='ltr'><strong>in</strong></span> <span class='ocrx_word' id='word_1_312' title='bbox 1483 5040 1661 5105; x_wconf 72' lang='lat' dir='ltr'><strong>Missa</strong></span> <span class='ocrx_word' id='word_1_313' title='bbox 1733 5042 2001 5108; x_wconf 87' lang='lat' dir='ltr'><strong>recitare</strong></span> <span class='ocrx_word' id='word_1_314' title='bbox 2076 5053 2166 5106; x_wconf 89' lang='lat' dir='ltr'><strong>te-</strong></span> 
     </span>
     <span class='ocr_line' id='line_1_56' title="bbox 585 5133 951 5192; baseline 0.003 -1"><span class='ocrx_word' id='word_1_315' title='bbox 585 5133 857 5191; x_wconf 90' lang='lat' dir='ltr'><strong>neantur</strong></span> <span class='ocrx_word' id='word_1_316' title='bbox 888 5148 951 5192; x_wconf 67' lang='grc' dir='ltr'><strong>ιι.</strong></span> 
     </span>
    </p>

    <p class='ocr_par' dir='ltr' id='par_1_15' title="bbox 586 5212 2162 5375">
     <span class='ocr_line' id='line_1_57' title="bbox 721 5212 2162 5283; baseline 0.005 -8"><span class='ocrx_word' id='word_1_317' title='bbox 721 5216 796 5275; x_wconf 87' lang='lat' dir='ltr'><strong>Et</strong></span> <span class='ocrx_word' id='word_1_318' title='bbox 844 5213 924 5278; x_wconf 90' lang='lat' dir='ltr'><strong>ita</strong></span> <span class='ocrx_word' id='word_1_319' title='bbox 974 5212 1424 5281; x_wconf 88' lang='lat' dir='ltr'><strong>inviolabiliter</strong></span> <span class='ocrx_word' id='word_1_320' title='bbox 1468 5215 1785 5282; x_wconf 82' lang='lat' dir='ltr'><strong>observari</strong></span> <span class='ocrx_word' id='word_1_321' title='bbox 1819 5216 2162 5283; x_wconf 88' lang='lat' dir='ltr'><strong>mandavit.</strong></span> 
     </span>
     <span class='ocr_line' id='line_1_58' title="bbox 586 5299 1408 5375; baseline -0.004 -9"><span class='ocrx_word' id='word_1_322' title='bbox 586 5299 698 5375; x_wconf 84' lang='lat' dir='ltr'><strong>Die</strong></span> <span class='ocrx_word' id='word_1_323' title='bbox 734 5304 772 5363; x_wconf 79' lang='lat'><strong>3</strong></span> <span class='ocrx_word' id='word_1_324' title='bbox 807 5299 1067 5364; x_wconf 79' lang='lat' dir='ltr'><strong>ianuarii</strong></span> <span class='ocrx_word' id='word_1_325' title='bbox 1109 5303 1305 5366; x_wconf 70' lang='grc'><strong>1759.</strong></span> <span class='ocrx_word' id='word_1_326' title='bbox 1401 5342 1408 5355; x_wconf 75' lang='lat'><em>-</em></span> 
     </span>
    </p>
   </div>
   <div class='ocr_carea' id='block_1_11' title="bbox 2878 383 3277 452">
    <p class='ocr_par' dir='ltr' id='par_1_16' title="bbox 2878 383 3277 452">
     <span class='ocr_line' id='line_1_59' title="bbox 2878 383 3277 452; baseline -0.003 -4"><span class='ocrx_word' id='word_1_327' title='bbox 2878 383 3277 452; x_wconf 82' lang='lat' dir='ltr'><strong>BRIXINEN.</strong></span> 
     </span>
    </p>
   </div>
   <div class='ocr_carea' id='block_1_12' title="bbox 2287 381 3880 468">
    <p class='ocr_par' dir='ltr' id='par_1_17' title="bbox 2287 381 3880 468">
     <span class='ocr_line' id='line_1_60' title="bbox 2287 381 3880 468; baseline -0.001 -15"><span class='ocrx_word' id='word_1_328' title='bbox 2287 381 2549 453; x_wconf 75' lang='lat'><strong>2450.</strong></span> <span class='ocrx_word' id='word_1_329' title='bbox 3639 385 3880 468; x_wconf 72' lang='lat'><strong>(4276)</strong></span> 
     </span>
    </p>
   </div>
   <div class='ocr_carea' id='block_1_13' title="bbox 2284 556 3885 905">
    <p class='ocr_par' dir='ltr' id='par_1_18' title="bbox 2284 556 3885 905">
     <span class='ocr_line' id='line_1_61' title="bbox 2414 556 3885 640; baseline 0.001 -16"><span class='ocrx_word' id='word_1_330' title='bbox 2414 559 2571 624; x_wconf 87' lang='lat' dir='ltr'><strong>Cum</strong></span> <span class='ocrx_word' id='word_1_331' title='bbox 2608 556 2670 624; x_wconf 94' lang='lat' dir='ltr'><strong>in</strong></span> <span class='ocrx_word' id='word_1_332' title='bbox 2702 575 2864 623; x_wconf 88' lang='lat' dir='ltr'><strong>nova</strong></span> <span class='ocrx_word' id='word_1_333' title='bbox 2894 556 3371 640; x_wconf 58' lang='lat' dir='ltr'><strong>constructione</strong></span> <span class='ocrx_word' id='word_1_334' title='bbox 3419 560 3734 626; x_wconf 83' lang='lat' dir='ltr'><strong>Ecclesiae</strong></span> <span class='ocrx_word' id='word_1_335' title='bbox 3765 565 3885 626; x_wconf 81' lang='lat' dir='ltr'><strong>Ca·</strong></span> 
     </span>
     <span class='ocr_line' id='line_1_62' title="bbox 2286 644 3880 732; baseline 0.003 -23"><span class='ocrx_word' id='word_1_336' title='bbox 2286 645 2586 712; x_wconf 78' lang='lat' dir='ltr'><strong>thedralis</strong></span> <span class='ocrx_word' id='word_1_337' title='bbox 2632 645 2959 713; x_wconf 80' lang='lat' dir='ltr'><strong>Brixinen.</strong></span> <span class='ocrx_word' id='word_1_338' title='bbox 3004 644 3315 732; x_wconf 79' lang='lat' dir='ltr'><strong>Imagines</strong></span> <span class='ocrx_word' id='word_1_339' title='bbox 3362 657 3427 711; x_wconf 93' lang='lat' dir='ltr'><strong>et</strong></span> <span class='ocrx_word' id='word_1_340' title='bbox 3472 646 3663 712; x_wconf 87' lang='lat' dir='ltr'><strong>Tituli</strong></span> <span class='ocrx_word' id='word_1_341' title='bbox 3702 648 3880 730; x_wconf 75' lang='lat' dir='ltr'><strong>Alta-</strong></span> 
     </span>
     <span class='ocr_line' id='line_1_63' title="bbox 2284 731 3883 819; baseline 0.003 -21"><span class='ocrx_word' id='word_1_342' title='bbox 2284 731 2448 800; x_wconf 91' lang='lat' dir='ltr'><strong>rium</strong></span> <span class='ocrx_word' id='word_1_343' title='bbox 2480 732 2827 819; x_wconf 86' lang='lat' dir='ltr'><strong>antiquitus</strong></span> <span class='ocrx_word' id='word_1_344' title='bbox 2859 744 3375 799; x_wconf 87' lang='lat' dir='ltr'><strong>consecratorum</strong></span> <span class='ocrx_word' id='word_1_345' title='bbox 3416 734 3696 800; x_wconf 89' lang='lat' dir='ltr'><strong>translati</strong></span> <span class='ocrx_word' id='word_1_346' title='bbox 3730 735 3883 802; x_wconf 72' lang='lat' dir='ltr'><strong>fue·</strong></span> 
     </span>
     <span class='ocr_line' id='line_1_64' title="bbox 2285 820 3881 905; baseline 0.002 -19"><span class='ocrx_word' id='word_1_347' title='bbox 2285 820 2409 886; x_wconf 93' lang='lat' dir='ltr'><strong>rint</strong></span> <span class='ocrx_word' id='word_1_348' title='bbox 2456 821 2537 888; x_wconf 92' lang='lat' dir='ltr'><strong>de</strong></span> <span class='ocrx_word' id='word_1_349' title='bbox 2586 839 2715 887; x_wconf 93' lang='lat' dir='ltr'><strong>uno</strong></span> <span class='ocrx_word' id='word_1_350' title='bbox 2762 820 2903 887; x_wconf 89' lang='lat' dir='ltr'><strong>loco</strong></span> <span class='ocrx_word' id='word_1_351' title='bbox 2949 821 3027 887; x_wconf 89' lang='lat' dir='ltr'><strong>ad</strong></span> <span class='ocrx_word' id='word_1_352' title='bbox 3073 820 3294 905; x_wconf 89' lang='lat' dir='ltr'><strong>alium,</strong></span> <span class='ocrx_word' id='word_1_353' title='bbox 3344 841 3470 889; x_wconf 90' lang='lat' dir='ltr'><strong>non</strong></span> <span class='ocrx_word' id='word_1_354' title='bbox 3525 832 3733 887; x_wconf 70' lang='lat' dir='ltr'><strong>amota</strong></span> <span class='ocrx_word' id='word_1_355' title='bbox 3782 837 3881 889; x_wconf 85' lang='lat' dir='ltr'><strong>ta-</strong></span> 
     </span>
    </p>
   </div>
   <div class='ocr_carea' id='block_1_14' title="bbox 2174 907 3878 995">
    <p class='ocr_par' dir='ltr' id='par_1_19' title="bbox 2174 907 3878 995">
     <span class='ocr_line' id='line_1_65' title="bbox 2174 907 3878 995; baseline 0 -19"><span class='ocrx_word' id='word_1_356' title='bbox 2174 965 2188 976; x_wconf 81' lang='grc'><strong><em>,</em></strong></span> <span class='ocrx_word' id='word_1_357' title='bbox 2283 926 2433 973; x_wconf 88' lang='lat' dir='ltr'><strong>men</strong></span> <span class='ocrx_word' id='word_1_358' title='bbox 2463 927 2496 972; x_wconf 88' lang='lat' dir='ltr'><strong>a</strong></span> <span class='ocrx_word' id='word_1_359' title='bbox 2528 907 2855 992; x_wconf 88' lang='lat' dir='ltr'><strong>primaevo</strong></span> <span class='ocrx_word' id='word_1_360' title='bbox 2889 908 3031 975; x_wconf 94' lang='lat' dir='ltr'><strong>loco</strong></span> <span class='ocrx_word' id='word_1_361' title='bbox 3077 917 3293 978; x_wconf 79' lang='lat' dir='ltr'><strong>mensa</strong></span> <span class='ocrx_word' id='word_1_362' title='bbox 3326 908 3446 975; x_wconf 89' lang='lat' dir='ltr'><strong>iam</strong></span> <span class='ocrx_word' id='word_1_363' title='bbox 3478 923 3878 995; x_wconf 87' lang='lat' dir='ltr'><strong>consecrata,</strong></span> 
     </span>
    </p>
   </div>
   <div class='ocr_carea' id='block_1_15' title="bbox 2280 995 3927 2027">
    <p class='ocr_par' dir='ltr' id='par_1_20' title="bbox 2282 995 3927 1412">
     <span class='ocr_line' id='line_1_66' title="bbox 2282 995 3927 1083; baseline 0.002 -23"><span class='ocrx_word' id='word_1_364' title='bbox 2282 995 2642 1080; x_wconf 88' lang='lat' dir='ltr'><strong>quaesitum</strong></span> <span class='ocrx_word' id='word_1_365' title='bbox 2691 995 2811 1062; x_wconf 80' lang='lat' dir='ltr'><strong>fuit</strong></span> <span class='ocrx_word' id='word_1_366' title='bbox 2851 1016 2885 1061; x_wconf 87' lang='lat' dir='ltr'><strong>a</strong></span> <span class='ocrx_word' id='word_1_367' title='bbox 2913 996 3206 1083; x_wconf 89' lang='lat' dir='ltr'><strong>Capitulo</strong></span> <span class='ocrx_word' id='word_1_368' title='bbox 3241 1008 3306 1061; x_wconf 90' lang='lat' dir='ltr'><strong>et</strong></span> <span class='ocrx_word' id='word_1_369' title='bbox 3338 997 3666 1064; x_wconf 80' lang='lat' dir='ltr'><strong>canonicis</strong></span> <span class='ocrx_word' id='word_1_370' title='bbox 3700 998 3882 1064; x_wconf 83' lang='lat' dir='ltr'><strong>illins</strong></span> <span class='ocrx_word' id='word_1_371' title='bbox 3904 1061 3927 1074; x_wconf 62' lang='grc'><strong>,,</strong></span> 
     </span>
     <span class='ocr_line' id='line_1_67' title="bbox 2282 1082 3880 1169; baseline 0.003 -21"><span class='ocrx_word' id='word_1_372' title='bbox 2282 1082 2635 1149; x_wconf 80' lang='lat' dir='ltr'><strong>Ecclesiae:</strong></span> <span class='ocrx_word' id='word_1_373' title='bbox 2682 1087 2779 1150; x_wconf 85' lang='lat' dir='ltr'><strong>An</strong></span> <span class='ocrx_word' id='word_1_374' title='bbox 2810 1083 3069 1166; x_wconf 88' lang='lat' dir='ltr'><strong>Altaria,</strong></span> <span class='ocrx_word' id='word_1_375' title='bbox 3102 1105 3133 1149; x_wconf 91' lang='lat' dir='ltr'><strong>a</strong></span> <span class='ocrx_word' id='word_1_376' title='bbox 3166 1084 3398 1169; x_wconf 89' lang='lat' dir='ltr'><strong>quibus</strong></span> <span class='ocrx_word' id='word_1_377' title='bbox 3427 1085 3552 1153; x_wconf 90' lang='lat' dir='ltr'><strong>alio</strong></span> <span class='ocrx_word' id='word_1_378' title='bbox 3586 1086 3880 1153; x_wconf 90' lang='lat' dir='ltr'><strong>translati</strong></span> 
     </span>
     <span class='ocr_line' id='line_1_68' title="bbox 2282 1169 3881 1259; baseline 0.004 -23"><span class='ocrx_word' id='word_1_379' title='bbox 2282 1170 2522 1237; x_wconf 82' lang='lat' dir='ltr'><strong>fuerint</strong></span> <span class='ocrx_word' id='word_1_380' title='bbox 2552 1169 2742 1236; x_wconf 91' lang='lat' dir='ltr'><strong>Tituli</strong></span> <span class='ocrx_word' id='word_1_381' title='bbox 2779 1183 2844 1236; x_wconf 90' lang='lat' dir='ltr'><strong>et</strong></span> <span class='ocrx_word' id='word_1_382' title='bbox 2877 1173 3213 1259; x_wconf 76' lang='lat' dir='ltr'><strong>imagineS,</strong></span> <span class='ocrx_word' id='word_1_383' title='bbox 3250 1184 3622 1240; x_wconf 81' lang='lat' dir='ltr'><strong>remanente</strong></span> <span class='ocrx_word' id='word_1_384' title='bbox 3656 1183 3881 1242; x_wconf 85' lang='lat' dir='ltr'><strong>tamen</strong></span> 
     </span>
     <span class='ocr_line' id='line_1_69' title="bbox 2284 1258 3881 1412; baseline 0.002 -88"><span class='ocrx_word' id='word_1_385' title='bbox 2284 1277 2510 1412; x_wconf 55' lang='lat' dir='ltr'><strong>mensa?</strong></span> <span class='ocrx_word' id='word_1_386' title='bbox 2527 1269 2913 1341; x_wconf 87' lang='lat' dir='ltr'><strong>consecrata,</strong></span> <span class='ocrx_word' id='word_1_387' title='bbox 2948 1279 3109 1326; x_wconf 86' lang='lat' dir='ltr'><strong>nova</strong></span> <span class='ocrx_word' id='word_1_388' title='bbox 3140 1258 3507 1347; x_wconf 85' lang='lat' dir='ltr'><strong>indigerent</strong></span> <span class='ocrx_word' id='word_1_389' title='bbox 3539 1279 3881 1327; x_wconf 84' lang='lat' dir='ltr'><strong>consecra·</strong></span> 
     </span>
     <span class='ocr_line' id='line_1_70' title="bbox 2284 1356 2457 1412; baseline 0.012 -2"><span class='ocrx_word' id='word_1_390' title='bbox 2284 1356 2457 1412; x_wconf 82' lang='lat' dir='ltr'><strong>tione</strong></span> 
     </span>
    </p>

    <p class='ocr_par' dir='ltr' id='par_1_21' title="bbox 2280 1434 3881 2027">
     <span class='ocr_line' id='line_1_71' title="bbox 2414 1434 3880 1524; baseline 0.005 -26"><span class='ocrx_word' id='word_1_391' title='bbox 2414 1437 2493 1499; x_wconf 91' lang='lat' dir='ltr'><strong>Et</strong></span> <span class='ocrx_word' id='word_1_392' title='bbox 2538 1437 2601 1502; x_wconf 87' lang='lat' dir='ltr'><strong>S.</strong></span> <span class='ocrx_word' id='word_1_393' title='bbox 2652 1438 2729 1502; x_wconf 77' lang='lat' dir='ltr'><strong>B.</strong></span> <span class='ocrx_word' id='word_1_394' title='bbox 2780 1438 2883 1516; x_wconf 87' lang='lat' dir='ltr'><strong>C.,</strong></span> <span class='ocrx_word' id='word_1_395' title='bbox 2930 1435 3007 1500; x_wconf 91' lang='lat' dir='ltr'><strong>ad</strong></span> <span class='ocrx_word' id='word_1_396' title='bbox 3059 1434 3435 1501; x_wconf 87' lang='lat' dir='ltr'><strong>relationem</strong></span> <span class='ocrx_word' id='word_1_397' title='bbox 3483 1435 3880 1524; x_wconf 79' lang='lat' dir='ltr'><strong>iun-ascripti</strong></span> 
     </span>
     <span class='ocr_line' id='line_1_72' title="bbox 2280 1521 3879 1607; baseline 0.001 -17"><span class='ocrx_word' id='word_1_398' title='bbox 2280 1522 2645 1605; x_wconf 72' lang='lat' dir='ltr'><strong>Secretarii,</strong></span> <span class='ocrx_word' id='word_1_399' title='bbox 2696 1521 3067 1607; x_wconf 69' lang='lat' dir='ltr'><strong>respondite</strong></span> <span class='ocrx_word' id='word_1_400' title='bbox 3119 1544 3158 1585; x_wconf 65' lang='grc' dir='ltr'>ι</span> <span class='ocrx_word' id='word_1_401' title='bbox 3192 1522 3433 1589; x_wconf 91' lang='lat' dir='ltr'><strong>Eadem</strong></span> <span class='ocrx_word' id='word_1_402' title='bbox 3466 1525 3699 1590; x_wconf 80' lang='lat' dir='ltr'><strong>Altaria</strong></span> <span class='ocrx_word' id='word_1_403' title='bbox 3740 1545 3879 1593; x_wconf 88' lang='lat' dir='ltr'><strong>non</strong></span> 
     </span>
     <span class='ocr_line' id='line_1_73' title="bbox 2282 1609 3879 1695; baseline 0.003 -20"><span class='ocrx_word' id='word_1_404' title='bbox 2282 1609 2575 1695; x_wconf 85' lang='lat' dir='ltr'><strong>indigere</strong></span> <span class='ocrx_word' id='word_1_405' title='bbox 2634 1629 2797 1676; x_wconf 90' lang='lat' dir='ltr'><strong>nova</strong></span> <span class='ocrx_word' id='word_1_406' title='bbox 2858 1611 3372 1694; x_wconf 87' lang='lat' dir='ltr'><strong>consecratione,</strong></span> <span class='ocrx_word' id='word_1_407' title='bbox 3430 1631 3579 1677; x_wconf 91' lang='lat' dir='ltr'><strong>cum</strong></span> <span class='ocrx_word' id='word_1_408' title='bbox 3636 1613 3879 1680; x_wconf 74' lang='lat' dir='ltr'><strong>Altaria</strong></span> 
     </span>
     <span class='ocr_line' id='line_1_74' title="bbox 2281 1698 3881 1768; baseline 0.003 -5"><span class='ocrx_word' id='word_1_409' title='bbox 2281 1715 2410 1763; x_wconf 90' lang='lat' dir='ltr'><strong>non</strong></span> <span class='ocrx_word' id='word_1_410' title='bbox 2457 1698 2700 1764; x_wconf 86' lang='lat' dir='ltr'><strong>Sanctis</strong></span> <span class='ocrx_word' id='word_1_411' title='bbox 2734 1698 2846 1763; x_wconf 91' lang='lat' dir='ltr'><strong>sed</strong></span> <span class='ocrx_word' id='word_1_412' title='bbox 2881 1701 3012 1762; x_wconf 84' lang='lat' dir='ltr'><strong>Deo</strong></span> <span class='ocrx_word' id='word_1_413' title='bbox 3050 1698 3112 1764; x_wconf 89' lang='lat' dir='ltr'><strong>in</strong></span> <span class='ocrx_word' id='word_1_414' title='bbox 3146 1698 3459 1766; x_wconf 87' lang='lat' dir='ltr'><strong>honorem</strong></span> <span class='ocrx_word' id='word_1_415' title='bbox 3490 1701 3881 1768; x_wconf 88' lang='lat' dir='ltr'><strong>Sanctorum</strong></span> 
     </span>
     <span class='ocr_line' id='line_1_75' title="bbox 2280 1785 3175 1860; baseline -0.004 -9"><span class='ocrx_word' id='word_1_416' title='bbox 2280 1785 2667 1852; x_wconf 89' lang='lat' dir='ltr'><strong>dedicentur</strong></span> <span class='ocrx_word' id='word_1_417' title='bbox 2702 1808 2763 1850; x_wconf 59' lang='grc' dir='ltr'><strong>ν.</strong></span> <span class='ocrx_word' id='word_1_418' title='bbox 3162 1849 3175 1860; x_wconf 69' lang='grc'><strong><em>,</em></strong></span> 
     </span>
     <span class='ocr_line' id='line_1_76' title="bbox 2282 1871 3879 2024; baseline 0.006 -88"><span class='ocrx_word' id='word_1_419' title='bbox 2282 1959 2301 2024; x_wconf 70' lang='lat'><strong>¹</strong></span> <span class='ocrx_word' id='word_1_420' title='bbox 2411 1875 2491 1937; x_wconf 88' lang='lat' dir='ltr'><strong>Et</strong></span> <span class='ocrx_word' id='word_1_421' title='bbox 2517 1874 2599 1937; x_wconf 87' lang='lat' dir='ltr'><strong>ita</strong></span> <span class='ocrx_word' id='word_1_422' title='bbox 2623 1871 2969 1939; x_wconf 88' lang='lat' dir='ltr'><strong>declaravit</strong></span> <span class='ocrx_word' id='word_1_423' title='bbox 2993 1885 3185 1960; x_wconf 85' lang='lat' dir='ltr'><strong>atque</strong></span> <span class='ocrx_word' id='word_1_424' title='bbox 3210 1872 3531 1941; x_wconf 85' lang='lat' dir='ltr'><strong>decrevit.</strong></span> <span class='ocrx_word' id='word_1_425' title='bbox 3559 1875 3671 1942; x_wconf 86' lang='lat' dir='ltr'><strong>Die</strong></span> <span class='ocrx_word' id='word_1_426' title='bbox 3708 1881 3743 1942; x_wconf 91' lang='lat'>7</span> <span class='ocrx_word' id='word_1_427' title='bbox 3776 1882 3879 1945; x_wconf 90' lang='lat' dir='ltr'><strong>lu·</strong></span> 
     </span>
     <span class='ocr_line' id='line_1_77' title="bbox 2308 1959 2585 2027; baseline 0.007 -3"><span class='ocrx_word' id='word_1_428' title='bbox 2308 1959 2347 2025; x_wconf 94' lang='lat' dir='ltr'><strong>ii</strong></span> <span class='ocrx_word' id='word_1_429' title='bbox 2389 1963 2585 2027; x_wconf 75' lang='lat'><strong>1759.</strong></span> 
     </span>
    </p>
   </div>
   <div class='ocr_carea' id='block_1_16' title="bbox 2286 2105 3875 2194">
    <p class='ocr_par' dir='ltr' id='par_1_22' title="bbox 2286 2105 3875 2194">
     <span class='ocr_line' id='line_1_78' title="bbox 2286 2105 3875 2194; baseline 0 -20"><span class='ocrx_word' id='word_1_430' title='bbox 2286 2106 2532 2177; x_wconf 77' lang='lat'>2451.</span> <span class='ocrx_word' id='word_1_431' title='bbox 2745 2182 2749 2186; x_wconf 41' lang='lat'>‚</span> <span class='ocrx_word' id='word_1_432' title='bbox 2819 2105 3328 2172; x_wconf 72' lang='lat' dir='ltr'><strong>MACERATEN.</strong></span> <span class='ocrx_word' id='word_1_433' title='bbox 3640 2108 3875 2194; x_wconf 76' lang='lat'>(4280)</span> 
     </span>
    </p>
   </div>
   <div class='ocr_carea' id='block_1_17' title="bbox 2275 2225 3957 3906">
    <p class='ocr_par' dir='ltr' id='par_1_23' title="bbox 2276 2225 3876 3017">
     <span class='ocr_line' id='line_1_79' title="bbox 2402 2225 3873 2315; baseline 0 -19"><span class='ocrx_word' id='word_1_434' title='bbox 2402 2230 2578 2296; x_wconf 84' lang='lat' dir='ltr'><strong>Inter</strong></span> <span class='ocrx_word' id='word_1_435' title='bbox 2637 2226 3008 2293; x_wconf 76' lang='lat' dir='ltr'><strong>Caletanum</strong></span> <span class='ocrx_word' id='word_1_436' title='bbox 3065 2225 3364 2312; x_wconf 88' lang='lat' dir='ltr'><strong>Foglietti</strong></span> <span class='ocrx_word' id='word_1_437' title='bbox 3430 2227 3873 2315; x_wconf 88' lang='lat' dir='ltr'><strong>Praepositum</strong></span> 
     </span>
     <span class='ocr_line' id='line_1_80' title="bbox 2280 2314 3875 2399; baseline -0.001 -18"><span class='ocrx_word' id='word_1_438' title='bbox 2280 2315 2599 2382; x_wconf 85' lang='lat' dir='ltr'><strong>Ecclesiae</strong></span> <span class='ocrx_word' id='word_1_439' title='bbox 2632 2314 3022 2399; x_wconf 87' lang='lat' dir='ltr'><strong>Collegiatae</strong></span> <span class='ocrx_word' id='word_1_440' title='bbox 3068 2315 3183 2380; x_wconf 89' lang='lat' dir='ltr'><strong>SS.</strong></span> <span class='ocrx_word' id='word_1_441' title='bbox 3216 2315 3557 2382; x_wconf 88' lang='lat' dir='ltr'><strong>Salvatoris</strong></span> <span class='ocrx_word' id='word_1_442' title='bbox 3587 2315 3875 2382; x_wconf 83' lang='lat' dir='ltr'><strong>Civitatis</strong></span> 
     </span>
     <span class='ocr_line' id='line_1_81' title="bbox 2280 2403 3876 2487; baseline 0.001 -19"><span class='ocrx_word' id='word_1_443' title='bbox 2280 2406 2622 2468; x_wconf 67' lang='lat' dir='ltr'><strong>naceratae</strong></span> <span class='ocrx_word' id='word_1_444' title='bbox 2650 2421 2731 2468; x_wconf 82' lang='lat' dir='ltr'><strong>ex</strong></span> <span class='ocrx_word' id='word_1_445' title='bbox 2757 2421 2906 2484; x_wconf 88' lang='lat' dir='ltr'><strong>una,</strong></span> <span class='ocrx_word' id='word_1_446' title='bbox 2933 2412 3123 2487; x_wconf 89' lang='lat' dir='ltr'><strong>atque</strong></span> <span class='ocrx_word' id='word_1_447' title='bbox 3156 2404 3498 2469; x_wconf 91' lang='lat' dir='ltr'><strong>nonnullos</strong></span> <span class='ocrx_word' id='word_1_448' title='bbox 3524 2403 3876 2471; x_wconf 86' lang='lat' dir='ltr'><strong>Canonicos</strong></span> 
     </span>
     <span class='ocr_line' id='line_1_82' title="bbox 2281 2488 3873 2574; baseline 0.001 -19"><span class='ocrx_word' id='word_1_449' title='bbox 2281 2491 2571 2556; x_wconf 89' lang='lat' dir='ltr'><strong>eiusdem</strong></span> <span class='ocrx_word' id='word_1_450' title='bbox 2605 2489 2925 2558; x_wconf 88' lang='lat' dir='ltr'><strong>Ecclesiae</strong></span> <span class='ocrx_word' id='word_1_451' title='bbox 2956 2488 3241 2574; x_wconf 86' lang='lat' dir='ltr'><strong>partibus</strong></span> <span class='ocrx_word' id='word_1_452' title='bbox 3272 2508 3353 2555; x_wconf 81' lang='lat' dir='ltr'><strong>ex</strong></span> <span class='ocrx_word' id='word_1_453' title='bbox 3384 2491 3608 2574; x_wconf 85' lang='lat' dir='ltr'><strong>altera,</strong></span> <span class='ocrx_word' id='word_1_454' title='bbox 3645 2505 3873 2557; x_wconf 78' lang='lat' dir='ltr'><strong>exorta</strong></span> 
     </span>
     <span class='ocr_line' id='line_1_83' title="bbox 2279 2578 3875 2663; baseline 0.001 -18"><span class='ocrx_word' id='word_1_455' title='bbox 2279 2578 2709 2645; x_wconf 86' lang='lat' dir='ltr'><strong>controversia</strong></span> <span class='ocrx_word' id='word_1_456' title='bbox 2753 2594 2956 2661; x_wconf 83' lang='lat' dir='ltr'><strong>super</strong></span> <span class='ocrx_word' id='word_1_457' title='bbox 3013 2589 3348 2663; x_wconf 87' lang='lat' dir='ltr'><strong>praetensa</strong></span> <span class='ocrx_word' id='word_1_458' title='bbox 3406 2580 3760 2646; x_wconf 86' lang='lat' dir='ltr'><strong>assistentia</strong></span> <span class='ocrx_word' id='word_1_459' title='bbox 3810 2580 3875 2645; x_wconf 92' lang='lat' dir='ltr'><strong>in</strong></span> 
     </span>
     <span class='ocr_line' id='line_1_84' title="bbox 2278 2663 3871 2752; baseline 0.002 -22"><span class='ocrx_word' id='word_1_460' title='bbox 2278 2664 2712 2732; x_wconf 86' lang='lat' dir='ltr'><strong>celebratione</strong></span> <span class='ocrx_word' id='word_1_461' title='bbox 2739 2663 3062 2730; x_wconf 77' lang='lat' dir='ltr'><strong>Missarum</strong></span> <span class='ocrx_word' id='word_1_462' title='bbox 3084 2664 3495 2751; x_wconf 87' lang='lat' dir='ltr'><strong>solemnium,</strong></span> <span class='ocrx_word' id='word_1_463' title='bbox 3520 2666 3762 2752; x_wconf 81' lang='lat' dir='ltr'><strong>illaque</strong></span> <span class='ocrx_word' id='word_1_464' title='bbox 3793 2667 3871 2733; x_wconf 87' lang='lat' dir='ltr'><strong>ad</strong></span> 
     </span>
     <span class='ocr_line' id='line_1_85' title="bbox 2277 2754 3871 2834; baseline -0.001 -13"><span class='ocrx_word' id='word_1_465' title='bbox 2277 2756 2552 2821; x_wconf 86' lang='lat' dir='ltr'><strong>S.·R.-C.</strong></span> <span class='ocrx_word' id='word_1_466' title='bbox 2579 2754 2815 2834; x_wconf 85' lang='lat' dir='ltr'><strong>delata,</strong></span> <span class='ocrx_word' id='word_1_467' title='bbox 2844 2756 3039 2817; x_wconf 76' lang='lat' dir='ltr'><strong>Emus</strong></span> <span class='ocrx_word' id='word_1_468' title='bbox 3070 2765 3136 2817; x_wconf 93' lang='lat' dir='ltr'><strong>et</strong></span> <span class='ocrx_word' id='word_1_469' title='bbox 3168 2756 3363 2818; x_wconf 77' lang='lat' dir='ltr'><strong>Rmus</strong></span> <span class='ocrx_word' id='word_1_470' title='bbox 3393 2758 3468 2820; x_wconf 87' lang='lat' dir='ltr'><strong>D.</strong></span> <span class='ocrx_word' id='word_1_471' title='bbox 3497 2756 3686 2821; x_wconf 87' lang='lat' dir='ltr'><strong>Card.</strong></span> <span class='ocrx_word' id='word_1_472' title='bbox 3714 2759 3871 2820; x_wconf 85' lang='lat' dir='ltr'><strong>Pau·</strong></span> 
     </span>
     <span class='ocr_line' id='line_1_86' title="bbox 2276 2840 3873 2927; baseline 0.002 -21"><span class='ocrx_word' id='word_1_473' title='bbox 2276 2841 2472 2907; x_wconf 91' lang='lat' dir='ltr'><strong>lutius</strong></span> <span class='ocrx_word' id='word_1_474' title='bbox 2495 2844 2740 2924; x_wconf 75' lang='lat' dir='ltr'><strong>Peneus</strong></span> <span class='ocrx_word' id='word_1_475' title='bbox 2768 2840 3241 2927; x_wconf 79' lang='lat' dir='ltr'><strong>infrascriptum</strong></span> <span class='ocrx_word' id='word_1_476' title='bbox 3267 2840 3534 2908; x_wconf 90' lang='lat' dir='ltr'><strong>dubium</strong></span> <span class='ocrx_word' id='word_1_477' title='bbox 3560 2843 3873 2910; x_wconf 89' lang='lat' dir='ltr'><strong>deciden-</strong></span> 
     </span>
     <span class='ocr_line' id='line_1_87' title="bbox 2276 2928 3137 3017; baseline -0.003 -20"><span class='ocrx_word' id='word_1_478' title='bbox 2276 2930 2432 2997; x_wconf 90' lang='lat' dir='ltr'><strong>dum</strong></span> <span class='ocrx_word' id='word_1_479' title='bbox 2466 2928 2824 3017; x_wconf 88' lang='lat' dir='ltr'><strong>proposuit,</strong></span> <span class='ocrx_word' id='word_1_480' title='bbox 2858 2946 3137 3016; x_wconf 85' lang='lat' dir='ltr'><strong>nempe:</strong></span> 
     </span>
    </p>

    <p class='ocr_par' dir='ltr' id='par_1_24' title="bbox 2275 3017 3870 3262">
     <span class='ocr_line' id='line_1_88' title="bbox 2411 3017 3870 3103; baseline 0.001 -21"><span class='ocrx_word' id='word_1_481' title='bbox 2411 3020 2505 3082; x_wconf 77' lang='lat' dir='ltr'><strong>An</strong></span> <span class='ocrx_word' id='word_1_482' title='bbox 2551 3017 2939 3103; x_wconf 85' lang='lat' dir='ltr'><strong>Praeposito,</strong></span> <span class='ocrx_word' id='word_1_483' title='bbox 2992 3018 3236 3084; x_wconf 82' lang='lat' dir='ltr'><strong>Missam</strong></span> <span class='ocrx_word' id='word_1_484' title='bbox 3291 3018 3649 3086; x_wconf 79' lang='lat' dir='ltr'><strong>solemnem</strong></span> <span class='ocrx_word' id='word_1_485' title='bbox 3694 3022 3870 3086; x_wconf 87' lang='lat' dir='ltr'><strong>cele·</strong></span> 
     </span>
     <span class='ocr_line' id='line_1_89' title="bbox 2277 3104 3867 3187; baseline 0 -14"><span class='ocrx_word' id='word_1_486' title='bbox 2277 3106 2506 3187; x_wconf 86' lang='lat' dir='ltr'><strong>branti,</strong></span> <span class='ocrx_word' id='word_1_487' title='bbox 2555 3105 2868 3171; x_wconf 88' lang='lat' dir='ltr'><strong>debeatur</strong></span> <span class='ocrx_word' id='word_1_488' title='bbox 2913 3104 3273 3172; x_wconf 83' lang='lat' dir='ltr'><strong>assistentia</strong></span> <span class='ocrx_word' id='word_1_489' title='bbox 3310 3107 3773 3173; x_wconf 91' lang='lat' dir='ltr'><strong>Canonicorum</strong></span> <span class='ocrx_word' id='word_1_490' title='bbox 3808 3104 3867 3173; x_wconf 90' lang='lat' dir='ltr'><strong>in</strong></span> 
     </span>
     <span class='ocr_line' id='line_1_90' title="bbox 2275 3193 3445 3262; baseline -0.001 0"><span class='ocrx_word' id='word_1_491' title='bbox 2275 3212 2547 3262; x_wconf 86' lang='lat' dir='ltr'><strong>munere</strong></span> <span class='ocrx_word' id='word_1_492' title='bbox 2595 3194 2847 3260; x_wconf 84' lang='lat' dir='ltr'><strong>Diaconi</strong></span> <span class='ocrx_word' id='word_1_493' title='bbox 2899 3205 2963 3258; x_wconf 87' lang='lat' dir='ltr'><strong>et</strong></span> <span class='ocrx_word' id='word_1_494' title='bbox 3011 3193 3445 3261; x_wconf 72' lang='lat' dir='ltr'><strong>subdiaconi?</strong></span> 
     </span>
    </p>

    <p class='ocr_par' dir='ltr' id='par_1_25' title="bbox 2275 3283 3957 3723">
     <span class='ocr_line' id='line_1_91' title="bbox 2408 3283 3867 3370; baseline 0.002 -23"><span class='ocrx_word' id='word_1_495' title='bbox 2408 3286 2487 3347; x_wconf 91' lang='lat' dir='ltr'><strong>Et</strong></span> <span class='ocrx_word' id='word_1_496' title='bbox 2519 3286 2588 3347; x_wconf 90' lang='grc'><strong>8.</strong></span> <span class='ocrx_word' id='word_1_497' title='bbox 2613 3284 2688 3347; x_wconf 83' lang='lat' dir='ltr'><strong>R.</strong></span> <span class='ocrx_word' id='word_1_498' title='bbox 2718 3284 2821 3361; x_wconf 91' lang='lat' dir='ltr'><strong>C.,</strong></span> <span class='ocrx_word' id='word_1_499' title='bbox 2850 3293 3120 3366; x_wconf 87' lang='lat' dir='ltr'><strong>utraque</strong></span> <span class='ocrx_word' id='word_1_500' title='bbox 3146 3293 3329 3366; x_wconf 87' lang='lat' dir='ltr'><strong>parte</strong></span> <span class='ocrx_word' id='word_1_501' title='bbox 3351 3283 3591 3370; x_wconf 89' lang='lat' dir='ltr'><strong>scripto</strong></span> <span class='ocrx_word' id='word_1_502' title='bbox 3619 3295 3683 3349; x_wconf 92' lang='lat' dir='ltr'><strong>et</strong></span> <span class='ocrx_word' id='word_1_503' title='bbox 3713 3303 3867 3350; x_wconf 90' lang='lat' dir='ltr'><strong>voce</strong></span> 
     </span>
     <span class='ocr_line' id='line_1_92' title="bbox 2278 3368 3864 3454; baseline 0.001 -19"><span class='ocrx_word' id='word_1_504' title='bbox 2278 3370 2661 3437; x_wconf 70' lang='lat' dir='ltr'><strong>informante</strong></span> <span class='ocrx_word' id='word_1_505' title='bbox 2692 3369 2907 3437; x_wconf 89' lang='lat' dir='ltr'><strong>audita</strong></span> <span class='ocrx_word' id='word_1_506' title='bbox 2940 3368 3221 3454; x_wconf 85' lang='lat' dir='ltr'><strong>visisque</strong></span> <span class='ocrx_word' id='word_1_507' title='bbox 3259 3370 3505 3437; x_wconf 90' lang='lat' dir='ltr'><strong>iuribus</strong></span> <span class='ocrx_word' id='word_1_508' title='bbox 3538 3372 3687 3438; x_wconf 84' lang='lat' dir='ltr'><strong>binc</strong></span> <span class='ocrx_word' id='word_1_509' title='bbox 3720 3374 3864 3439; x_wconf 85' lang='lat' dir='ltr'><strong>inde</strong></span> 
     </span>
     <span class='ocr_line' id='line_1_93' title="bbox 2278 3458 3859 3542; baseline -0.001 -18"><span class='ocrx_word' id='word_1_510' title='bbox 2278 3458 2614 3542; x_wconf 90' lang='lat' dir='ltr'><strong>deductis,</strong></span> <span class='ocrx_word' id='word_1_511' title='bbox 2677 3458 2753 3523; x_wconf 92' lang='lat' dir='ltr'><strong>ad</strong></span> <span class='ocrx_word' id='word_1_512' title='bbox 2819 3459 3192 3524; x_wconf 87' lang='lat' dir='ltr'><strong>relationem</strong></span> <span class='ocrx_word' id='word_1_513' title='bbox 3255 3458 3547 3525; x_wconf 84' lang='lat' dir='ltr'><strong>eiusdem</strong></span> <span class='ocrx_word' id='word_1_514' title='bbox 3604 3459 3741 3525; x_wconf 78' lang='lat' dir='ltr'><strong>Emi</strong></span> <span class='ocrx_word' id='word_1_515' title='bbox 3788 3466 3859 3525; x_wconf 83' lang='lat' dir='ltr'><strong>D.</strong></span> 
     </span>
     <span class='ocr_line' id='line_1_94' title="bbox 2275 3545 3858 3628; baseline -0.001 -16"><span class='ocrx_word' id='word_1_516' title='bbox 2275 3547 2467 3612; x_wconf 88' lang='lat' dir='ltr'><strong>Card.</strong></span> <span class='ocrx_word' id='word_1_517' title='bbox 2493 3546 2823 3628; x_wconf 89' lang='lat' dir='ltr'><strong>Ponentis,</strong></span> <span class='ocrx_word' id='word_1_518' title='bbox 2853 3545 3338 3612; x_wconf 89' lang='lat' dir='ltr'><strong>rescribendum</strong></span> <span class='ocrx_word' id='word_1_519' title='bbox 3371 3548 3658 3613; x_wconf 82' lang='lat' dir='ltr'><strong>censuit:</strong></span> <span class='ocrx_word' id='word_1_520' title='bbox 3695 3570 3734 3611; x_wconf 65' lang='grc' dir='ltr'>ι</span> <span class='ocrx_word' id='word_1_521' title='bbox 3762 3548 3858 3612; x_wconf 76' lang='lat' dir='ltr'><strong>Ar·</strong></span> 
     </span>
     <span class='ocr_line' id='line_1_95' title="bbox 2276 3632 3957 3723; baseline -0.004 -22"><span class='ocrx_word' id='word_1_522' title='bbox 2276 3632 2636 3713; x_wconf 81' lang='lat' dir='ltr'><strong>firmative3</strong></span> <span class='ocrx_word' id='word_1_523' title='bbox 2686 3644 2752 3699; x_wconf 89' lang='lat' dir='ltr'><strong>et</strong></span> <span class='ocrx_word' id='word_1_524' title='bbox 2796 3634 3071 3719; x_wconf 87' lang='lat' dir='ltr'><strong>amplius</strong></span> <span class='ocrx_word' id='word_1_525' title='bbox 3105 3655 3167 3697; x_wconf 58' lang='grc' dir='ltr'><strong>ν.</strong></span> <span class='ocrx_word' id='word_1_526' title='bbox 3956 3708 3957 3723; x_wconf 19' lang='lat'>¹</span> 
     </span>
    </p>

    <p class='ocr_par' dir='ltr' id='par_1_26' title="bbox 2280 3722 3955 3906">
     <span class='ocr_line' id='line_1_96' title="bbox 2408 3722 3955 3811; baseline -0.002 -23"><span class='ocrx_word' id='word_1_527' title='bbox 2408 3727 2486 3788; x_wconf 87' lang='lat' dir='ltr'><strong>Et</strong></span> <span class='ocrx_word' id='word_1_528' title='bbox 2533 3722 2617 3787; x_wconf 90' lang='lat' dir='ltr'><strong>ita</strong></span> <span class='ocrx_word' id='word_1_529' title='bbox 2663 3722 2952 3788; x_wconf 88' lang='lat' dir='ltr'><strong>decrevit</strong></span> <span class='ocrx_word' id='word_1_530' title='bbox 2982 3743 3052 3788; x_wconf 90' lang='lat' dir='ltr'><strong>ac</strong></span> <span class='ocrx_word' id='word_1_531' title='bbox 3083 3722 3323 3788; x_wconf 90' lang='lat' dir='ltr'><strong>servari</strong></span> <span class='ocrx_word' id='word_1_532' title='bbox 3373 3722 3718 3795; x_wconf 78' lang='lat' dir='ltr'><strong>mandavit.</strong></span> <span class='ocrx_word' id='word_1_533' title='bbox 3752 3724 3855 3788; x_wconf 85' lang='lat' dir='ltr'><strong>Die</strong></span> <span class='ocrx_word' id='word_1_534' title='bbox 3952 3758 3955 3811; x_wconf 63' lang='lat'><strong>,¹</strong></span> 
     </span>
     <span class='ocr_line' id='line_1_97' title="bbox 2280 3809 3953 3906; baseline 0.001 -30"><span class='ocrx_word' id='word_1_535' title='bbox 2280 3812 2315 3876; x_wconf 90' lang='grc'><strong>7</strong></span> <span class='ocrx_word' id='word_1_536' title='bbox 2349 3809 2493 3876; x_wconf 81' lang='lat' dir='ltr'><strong>Iulii</strong></span> <span class='ocrx_word' id='word_1_537' title='bbox 2535 3812 2741 3906; x_wconf 42' lang='lat'><strong>1739,</strong></span> <span class='ocrx_word' id='word_1_538' title='bbox 3952 3814 3953 3845; x_wconf 63' lang='lat'>¹</span> 
     </span>
    </p>
   </div>
   <div class='ocr_carea' id='block_1_18' title="bbox 2279 3920 3949 4040">
    <p class='ocr_par' dir='ltr' id='par_1_27' title="bbox 2279 3868 3951 4040">
     <span class='ocr_line' id='line_1_98' title="bbox 2279 3920 3949 4040; baseline -0.001 -20"><span class='ocrx_word' id='word_1_539' title='bbox 2279 3948 2537 4020; x_wconf 75' lang='lat'>2452.</span> <span class='ocrx_word' id='word_1_540' title='bbox 2706 3951 3034 4018; x_wconf 65' lang='lat' dir='ltr'><strong>Nuntius</strong></span> <span class='ocrx_word' id='word_1_541' title='bbox 3082 3954 3434 4019; x_wconf 64' lang='lat' dir='ltr'><strong>Arissm.</strong></span> <span class='ocrx_word' id='word_1_542' title='bbox 3639 3952 3849 4040; x_wconf 76' lang='lat'><strong>(4281)</strong></span> <span class='ocrx_word' id='word_1_543' title='bbox 3946 3920 3949 3971; x_wconf 78' lang='lat'><strong>¹</strong></span> 
     </span>
    </p>
   </div>
   <div class='ocr_carea' id='block_1_19' title="bbox 2268 4077 3848 5396">
    <p class='ocr_par' dir='ltr' id='par_1_28' title="bbox 2271 4077 3848 4867">
     <span class='ocr_line' id='line_1_99' title="bbox 2404 4077 3848 4167; baseline 0.002 -27"><span class='ocrx_word' id='word_1_544' title='bbox 2404 4078 2575 4140; x_wconf 88' lang='lat' dir='ltr'><strong>lnter</strong></span> <span class='ocrx_word' id='word_1_545' title='bbox 2607 4077 3045 4142; x_wconf 85' lang='lat' dir='ltr'><strong>Promotorem</strong></span> <span class='ocrx_word' id='word_1_546' title='bbox 3080 4077 3387 4143; x_wconf 87' lang='lat' dir='ltr'><strong>Fiscalem</strong></span> <span class='ocrx_word' id='word_1_547' title='bbox 3417 4081 3648 4146; x_wconf 86' lang='lat' dir='ltr'><strong>Curiae</strong></span> <span class='ocrx_word' id='word_1_548' title='bbox 3683 4098 3848 4167; x_wconf 87' lang='lat' dir='ltr'><strong>prae·</strong></span> 
     </span>
     <span class='ocr_line' id='line_1_100' title="bbox 2273 4163 3846 4248; baseline 0.003 -22"><span class='ocrx_word' id='word_1_549' title='bbox 2273 4163 2635 4248; x_wconf 87' lang='lat' dir='ltr'><strong>posituralis</strong></span> <span class='ocrx_word' id='word_1_550' title='bbox 2711 4163 2960 4231; x_wconf 89' lang='lat' dir='ltr'><strong>Nullius</strong></span> <span class='ocrx_word' id='word_1_551' title='bbox 3030 4164 3267 4231; x_wconf 84' lang='lat' dir='ltr'><strong>Atissae</strong></span> <span class='ocrx_word' id='word_1_552' title='bbox 3336 4187 3405 4233; x_wconf 84' lang='lat' dir='ltr'><strong>ac</strong></span> <span class='ocrx_word' id='word_1_553' title='bbox 3480 4167 3846 4234; x_wconf 84' lang='lat' dir='ltr'><strong>hodiernum</strong></span> 
     </span>
     <span class='ocr_line' id='line_1_101' title="bbox 2271 4250 3847 4335; baseline 0.001 -19"><span class='ocrx_word' id='word_1_554' title='bbox 2271 4250 2555 4316; x_wconf 87' lang='lat' dir='ltr'><strong>Priorem</strong></span> <span class='ocrx_word' id='word_1_555' title='bbox 2604 4260 2668 4315; x_wconf 92' lang='lat' dir='ltr'><strong>et</strong></span> <span class='ocrx_word' id='word_1_556' title='bbox 2716 4255 2924 4317; x_wconf 87' lang='lat' dir='ltr'><strong>Patres</strong></span> <span class='ocrx_word' id='word_1_557' title='bbox 2965 4253 3333 4319; x_wconf 83' lang='lat' dir='ltr'><strong>Carmelitas</strong></span> <span class='ocrx_word' id='word_1_558' title='bbox 3366 4252 3571 4322; x_wconf 88' lang='lat' dir='ltr'><strong>dictae</strong></span> <span class='ocrx_word' id='word_1_559' title='bbox 3605 4259 3847 4335; x_wconf 82' lang='lat' dir='ltr'><strong>Terrae,</strong></span> 
     </span>
     <span class='ocr_line' id='line_1_102' title="bbox 2271 4340 3843 4429; baseline 0.002 -26"><span class='ocrx_word' id='word_1_560' title='bbox 2271 4356 2470 4423; x_wconf 88' lang='lat' dir='ltr'><strong>super</strong></span> <span class='ocrx_word' id='word_1_561' title='bbox 2516 4357 2633 4403; x_wconf 90' lang='lat' dir='ltr'><strong>usu</strong></span> <span class='ocrx_word' id='word_1_562' title='bbox 2682 4352 3021 4426; x_wconf 87' lang='lat' dir='ltr'><strong>praetenso</strong></span> <span class='ocrx_word' id='word_1_563' title='bbox 3067 4340 3497 4426; x_wconf 84' lang='lat' dir='ltr'><strong>genuflexerii</strong></span> <span class='ocrx_word' id='word_1_564' title='bbox 3538 4362 3687 4409; x_wconf 91' lang='lat' dir='ltr'><strong>cum</strong></span> <span class='ocrx_word' id='word_1_565' title='bbox 3714 4342 3843 4429; x_wconf 89' lang='lat' dir='ltr'><strong>pul·</strong></span> 
     </span>
     <span class='ocr_line' id='line_1_103' title="bbox 2271 4425 3843 4516; baseline 0.001 -26"><span class='ocrx_word' id='word_1_566' title='bbox 2271 4425 2595 4491; x_wconf 88' lang='lat' dir='ltr'><strong>vinaribus</strong></span> <span class='ocrx_word' id='word_1_567' title='bbox 2643 4427 2837 4513; x_wconf 87' lang='lat' dir='ltr'><strong>parati</strong></span> <span class='ocrx_word' id='word_1_568' title='bbox 2884 4448 2916 4493; x_wconf 89' lang='lat' dir='ltr'><strong>a</strong></span> <span class='ocrx_word' id='word_1_569' title='bbox 2961 4430 3288 4516; x_wconf 44' lang='lat' dir='ltr'><strong>moderno,</strong></span> <span class='ocrx_word' id='word_1_570' title='bbox 3320 4431 3715 4515; x_wconf 85' lang='lat' dir='ltr'><strong>Praeposito,</strong></span> <span class='ocrx_word' id='word_1_571' title='bbox 3751 4449 3843 4494; x_wconf 83' lang='lat' dir='ltr'><strong>ex·</strong></span> 
     </span>
     <span class='ocr_line' id='line_1_104' title="bbox 2272 4513 3839 4600; baseline 0.002 -22"><span class='ocrx_word' id='word_1_572' title='bbox 2272 4513 2426 4578; x_wconf 89' lang='lat' dir='ltr'><strong>ortis</strong></span> <span class='ocrx_word' id='word_1_573' title='bbox 2473 4516 2949 4599; x_wconf 88' lang='lat' dir='ltr'><strong>controversiis,</strong></span> <span class='ocrx_word' id='word_1_574' title='bbox 3001 4517 3222 4600; x_wconf 89' lang='lat' dir='ltr'><strong>eisque</strong></span> <span class='ocrx_word' id='word_1_575' title='bbox 3269 4518 3347 4585; x_wconf 87' lang='lat' dir='ltr'><strong>ad</strong></span> <span class='ocrx_word' id='word_1_576' title='bbox 3398 4522 3461 4585; x_wconf 88' lang='lat' dir='ltr'><strong>S.</strong></span> <span class='ocrx_word' id='word_1_577' title='bbox 3506 4521 3585 4584; x_wconf 86' lang='lat' dir='ltr'><strong>R.</strong></span> <span class='ocrx_word' id='word_1_578' title='bbox 3632 4523 3704 4584; x_wconf 90' lang='lat' dir='ltr'><strong>C.</strong></span> <span class='ocrx_word' id='word_1_579' title='bbox 3744 4516 3839 4582; x_wconf 89' lang='lat' dir='ltr'><strong>de·</strong></span> 
     </span>
     <span class='ocr_line' id='line_1_105' title="bbox 2274 4600 3839 4677; baseline 0.001 -9"><span class='ocrx_word' id='word_1_580' title='bbox 2274 4600 2453 4677; x_wconf 86' lang='lat' dir='ltr'><strong>latis;</strong></span> <span class='ocrx_word' id='word_1_581' title='bbox 2520 4606 2714 4667; x_wconf 80' lang='lat' dir='ltr'><strong>Emus</strong></span> <span class='ocrx_word' id='word_1_582' title='bbox 2777 4615 2841 4669; x_wconf 91' lang='lat' dir='ltr'><strong>et</strong></span> <span class='ocrx_word' id='word_1_583' title='bbox 2902 4608 3097 4671; x_wconf 77' lang='lat' dir='ltr'><strong>Rmus</strong></span> <span class='ocrx_word' id='word_1_584' title='bbox 3159 4607 3233 4669; x_wconf 90' lang='lat' dir='ltr'><strong>D.</strong></span> <span class='ocrx_word' id='word_1_585' title='bbox 3290 4607 3477 4673; x_wconf 91' lang='lat' dir='ltr'><strong>Card.</strong></span> <span class='ocrx_word' id='word_1_586' title='bbox 3537 4606 3839 4673; x_wconf 67' lang='lat' dir='ltr'><strong>Paulatim</strong></span> 
     </span>
     <span class='ocr_line' id='line_1_106' title="bbox 2271 4690 3835 4778; baseline 0 -22"><span class='ocrx_word' id='word_1_587' title='bbox 2271 4695 2514 4757; x_wconf 90' lang='lat' dir='ltr'><strong>Ponens</strong></span> <span class='ocrx_word' id='word_1_588' title='bbox 2574 4690 3046 4778; x_wconf 74' lang='lat' dir='ltr'><strong>infrascriptum</strong></span> <span class='ocrx_word' id='word_1_589' title='bbox 3094 4691 3364 4760; x_wconf 89' lang='lat' dir='ltr'><strong>dubium</strong></span> <span class='ocrx_word' id='word_1_590' title='bbox 3421 4693 3835 4760; x_wconf 87' lang='lat' dir='ltr'><strong>decidendum</strong></span> 
     </span>
     <span class='ocr_line' id='line_1_107' title="bbox 2274 4779 2969 4867; baseline 0.004 -26"><span class='ocrx_word' id='word_1_591' title='bbox 2274 4779 2632 4865; x_wconf 82' lang='lat' dir='ltr'><strong>proposuit,</strong></span> <span class='ocrx_word' id='word_1_592' title='bbox 2682 4797 2969 4867; x_wconf 81' lang='lat' dir='ltr'><strong>nempe:</strong></span> 
     </span>
    </p>

    <p class='ocr_par' dir='ltr' id='par_1_29' title="bbox 2270 4867 3829 5109">
     <span class='ocr_line' id='line_1_108' title="bbox 2401 4867 3829 4954; baseline 0 -23"><span class='ocrx_word' id='word_1_593' title='bbox 2401 4874 2500 4932; x_wconf 79' lang='lat' dir='ltr'><strong>An</strong></span> <span class='ocrx_word' id='word_1_594' title='bbox 2544 4867 2623 4930; x_wconf 91' lang='lat' dir='ltr'><strong>sit</strong></span> <span class='ocrx_word' id='word_1_595' title='bbox 2671 4867 3119 4953; x_wconf 89' lang='lat' dir='ltr'><strong>reponendum</strong></span> <span class='ocrx_word' id='word_1_596' title='bbox 3160 4868 3677 4954; x_wconf 83' lang='lat' dir='ltr'><strong>genuflexorium</strong></span> <span class='ocrx_word' id='word_1_597' title='bbox 3708 4883 3829 4934; x_wconf 89' lang='lat' dir='ltr'><strong>cum</strong></span> 
     </span>
     <span class='ocr_line' id='line_1_109' title="bbox 2270 4953 3828 5044; baseline 0.001 -25"><span class='ocrx_word' id='word_1_598' title='bbox 2270 4953 2711 5040; x_wconf 90' lang='lat' dir='ltr'><strong>pulvinaribus</strong></span> <span class='ocrx_word' id='word_1_599' title='bbox 2759 4966 2937 5021; x_wconf 83' lang='lat' dir='ltr'><strong>extra</strong></span> <span class='ocrx_word' id='word_1_600' title='bbox 2984 4956 3460 5044; x_wconf 81' lang='lat' dir='ltr'><strong>Presbyterium</strong></span> <span class='ocrx_word' id='word_1_601' title='bbox 3523 4958 3586 5024; x_wconf 90' lang='lat' dir='ltr'><strong>in</strong></span> <span class='ocrx_word' id='word_1_602' title='bbox 3647 4953 3828 5024; x_wconf 82' lang='lat' dir='ltr'><strong>modio</strong></span> 
     </span>
     <span class='ocr_line' id='line_1_110' title="bbox 2273 5040 2656 5109; baseline 0.003 -3"><span class='ocrx_word' id='word_1_603' title='bbox 2273 5040 2656 5109; x_wconf 70' lang='lat' dir='ltr'><strong>Ecclesiae?</strong></span> 
     </span>
    </p>

    <p class='ocr_par' dir='ltr' id='par_1_30' title="bbox 2268 5131 3821 5396">
     <span class='ocr_line' id='line_1_111' title="bbox 2401 5131 3821 5220; baseline -0.001 -26"><span class='ocrx_word' id='word_1_604' title='bbox 2401 5131 2481 5194; x_wconf 86' lang='lat' dir='ltr'><strong>Et</strong></span> <span class='ocrx_word' id='word_1_605' title='bbox 2534 5133 2601 5197; x_wconf 89' lang='lat' dir='ltr'><strong>S.</strong></span> <span class='ocrx_word' id='word_1_606' title='bbox 2652 5134 2724 5197; x_wconf 82' lang='lat' dir='ltr'><strong>R.</strong></span> <span class='ocrx_word' id='word_1_607' title='bbox 2775 5134 2877 5212; x_wconf 87' lang='lat' dir='ltr'><strong>C.,</strong></span> <span class='ocrx_word' id='word_1_608' title='bbox 2933 5144 3202 5218; x_wconf 87' lang='lat' dir='ltr'><strong>utraque</strong></span> <span class='ocrx_word' id='word_1_609' title='bbox 3264 5144 3444 5218; x_wconf 89' lang='lat' dir='ltr'><strong>parte</strong></span> <span class='ocrx_word' id='word_1_610' title='bbox 3492 5135 3724 5220; x_wconf 89' lang='lat' dir='ltr'><strong>scripto</strong></span> <span class='ocrx_word' id='word_1_611' title='bbox 3770 5136 3821 5193; x_wconf 82' lang='lat' dir='ltr'><strong>el</strong></span> 
     </span>
     <span class='ocr_line' id='line_1_112' title="bbox 2268 5216 3819 5305; baseline 0.002 -26"><span class='ocrx_word' id='word_1_612' title='bbox 2268 5235 2424 5280; x_wconf 90' lang='lat' dir='ltr'><strong>voce</strong></span> <span class='ocrx_word' id='word_1_613' title='bbox 2460 5216 2836 5284; x_wconf 72' lang='lat' dir='ltr'><strong>informante</strong></span> <span class='ocrx_word' id='word_1_614' title='bbox 2868 5219 3077 5285; x_wconf 85' lang='lat' dir='ltr'><strong>audita</strong></span> <span class='ocrx_word' id='word_1_615' title='bbox 3112 5220 3387 5305; x_wconf 84' lang='lat' dir='ltr'><strong>visisque</strong></span> <span class='ocrx_word' id='word_1_616' title='bbox 3432 5221 3671 5287; x_wconf 89' lang='lat' dir='ltr'><strong>iuribus</strong></span> <span class='ocrx_word' id='word_1_617' title='bbox 3702 5219 3819 5286; x_wconf 85' lang='lat' dir='ltr'><strong>binc</strong></span> 
     </span>
     <span class='ocr_line' id='line_1_113' title="bbox 2270 5302 3817 5396; baseline 0.003 -30"><span class='ocrx_word' id='word_1_618' title='bbox 2270 5303 2416 5367; x_wconf 90' lang='lat' dir='ltr'><strong>inde</strong></span> <span class='ocrx_word' id='word_1_619' title='bbox 2441 5302 2760 5387; x_wconf 82' lang='lat' dir='ltr'><strong>deductis,</strong></span> <span class='ocrx_word' id='word_1_620' title='bbox 2784 5308 2860 5374; x_wconf 87' lang='lat' dir='ltr'><strong>ad</strong></span> <span class='ocrx_word' id='word_1_621' title='bbox 2888 5307 3270 5374; x_wconf 86' lang='lat' dir='ltr'><strong>relationem</strong></span> <span class='ocrx_word' id='word_1_622' title='bbox 3293 5309 3557 5396; x_wconf 73' lang='lat' dir='ltr'><strong>praefati</strong></span> <span class='ocrx_word' id='word_1_623' title='bbox 3584 5307 3712 5375; x_wconf 82' lang='lat' dir='ltr'><strong>Emi</strong></span> <span class='ocrx_word' id='word_1_624' title='bbox 3734 5309 3817 5371; x_wconf 88' lang='lat' dir='ltr'><strong>Po·</strong></span> 
     </span>
    </p>
   </div>
  </div>
 </body>
</html>
