4042 5950
1988 191 2485 270 ..323-.

582 358 1026 436 Decretorum,
1076 349 1502 438 Amplitudini
1555 354 1725 418 Tuae
1771 361 2164 439 opportunas

585 440 868 508 tribuere
928 440 1282 523 facultates,
1344 449 1417 506 ut
1462 459 1582 528 per
1643 440 1905 508 modum
1974 457 2167 525 regu·

586 528 689 596 lae
754 528 1057 614 deinceps
1126 526 1381 593 omnino
1449 527 1796 595 servandae
1863 526 2171 594 decernas

588 616 878 703 Capitulo
907 617 1171 704 Insignis
1216 615 1605 701 Collegiatae
1650 614 1969 681 Ecclesiae
2015 613 2172 681 libe·

592 722 737 771 rum
786 724 924 771 esse
984 704 1308 791 propriam
1369 703 1626 790 erigere
1681 705 1992 785 Crucem,
2053 704 2172 769 sub

591 812 714 878 qua
758 793 983 859 Clerus
1030 793 1226 878 ipsius
1273 791 1594 859 Ecclesiae
1626 789 2013 877 collegiatae
2047 810 2174 856 non

593 879 827 964 minus,
875 899 1064 965 quam
1112 878 1397 966 reliquus
1440 880 1666 946 clerus
1716 878 2032 947 Secularis
2076 878 2174 945 ci-

596 967 845 1051 vitatis,
918 968 1221 1036 incedere
1283 966 1478 1034 debet
1536 985 1656 1053 per
1716 967 2045 1050 ordinem,
2107 984 2176 1031 ac

589 1055 866 1142 proinde
899 1055 1413 1144 praecedentiam
1437 1056 1794 1124 concedere
1825 1052 2178 1121 Seminario

592 1142 850 1228 Netino,
884 1143 1065 1210 cuius
1110 1144 1366 1212 Alumni
1413 1143 1747 1229 ceterique
1792 1142 1857 1209 in
1904 1161 2053 1208 casu
2083 1140 2178 1208 in·

596 1230 825 1297 cedant
868 1232 986 1299 sub
1031 1235 1237 1299 cruce
1266 1231 1679 1300 cathedralis.
1727 1231 1904 1309 Quod
1940 1228 2178 1295 sivero

595 1317 957 1404 Capitulum
1003 1321 1391 1409 Collegiatae
1440 1319 1820 1386 Sanctissimi
1870 1317 2175 1385 crucifixi

596 1406 924 1473 interdum
983 1408 1101 1475 sub
1159 1412 1364 1476 cruce
1432 1406 1823 1474 cathedralis
1891 1406 2176 1487 incedet,

602 1506 752 1561 tunc
801 1495 1018 1579 etiam,
1067 1496 1240 1563 iuxta
1286 1495 1434 1560 alias
1480 1499 1773 1577 Decreta,
1824 1493 2180 1562 Seminario

597 1582 989 1649 Catbedralis
1033 1585 1219 1650 clero
1264 1583 1470 1668 unito,
1520 1582 2040 1670 praecedentiam
2085 1599 2183 1647 ce·

599 1670 757 1736 dere
789 1680 1075 1737 tenetur.
1124 1673 1293 1749 Quae
1336 1670 1587 1758 singula
1632 1673 1855 1738 Sacrae
1902 1675 2183 1756 Congre-

600 1755 867 1845 gationis
912 1758 1175 1825 nomine
1220 1759 1641 1846 Amplitudini
1691 1764 1861 1826 Tuae
1898 1776 2186 1826 commu·

601 1844 784 1928 nice,
837 1856 942 1930 ut,
992 1866 1114 1932 qua
1177 1859 1455 1934 praestas
1518 1847 1856 1934 prudentia
1910 1867 1979 1913 ac
2037 1845 2185 1911 reli-

602 1930 817 2018 gione,
868 1952 1008 2000 rem
1053 1953 1310 2002 omnem
1354 1954 1744 2024 componere
1791 1935 2021 2001 valeas.
2065 1933 2184 2002 Diu

602 2019 761 2086 {elix
809 2031 876 2087 et
919 2023 1257 2090 incolumis
1304 2023 1503 2092 vivas.

736 2109 850 2176 Die
903 2114 981 2177 14
1030 2111 1191 2178 Iunii
1242 2114 1434 2179 1843.

606 2284 870 2355 2895.
1228 2289 1577 2355 OPPIDEN.
1958 2288 2186 2375 (5017)

736 2463 1328 2531 Reverendissimus
1423 2461 1744 2551 Oppiden.
1819 2460 2189 2551 'Episcopus

607 2570 808 2639 quum
852 2550 915 2617 id
964 2550 1368 2640 potissimum
1414 2549 1477 2618 in
1525 2550 1689 2617 votis
1734 2549 1984 2634 babeat,
2025 2552 2189 2619 utin

607 2639 796 2706 sacris
857 2638 1286 2706 functionibus
1349 2651 1414 2706 et
1484 2639 1549 2705 in
1616 2637 2036 2705 ecclesiastica
2092 2641 2187 2706 Li·

610 2726 816 2814 turgia
864 2725 1073 2792 omnia
1128 2725 1300 2793 iuxta
1346 2728 1608 2795 sancitas
1667 2728 1847 2815 leges
1894 2726 2193 2795 ordinen-

610 2825 740 2898 tur,
789 2816 1042 2881 Sacram
1088 2814 1345 2882 Rituum
1392 2816 1969 2904 congregationem
2005 2815 2192 2883 enixe

611 2900 879 2990 rogavit,
929 2913 1000 2969 ut
1044 2902 1444 2989 insequentia
1489 2904 1683 2970 dubia
1728 2903 2056 2971 declarare
2102 2903 2194 2970 di·

611 3002 952 3078 gnaretur;
1001 2992 1351 3059 nimirum:

566 3137 575 3146 .
750 3082 808 3144 1.
859 3080 956 3146 An
988 3080 1050 3147 in
1084 3083 1266 3148 Festo
1298 3083 1505 3149 Sancti
1555 3080 1864 3147 Francisci
1899 3081 1979 3147 de
2012 3081 2195 3148 Paula

612 3166 1030 3252 contessoris,
1064 3170 1254 3238 modo
1295 3188 1442 3236 cum
1488 3181 1704 3238 octava
1748 3168 1813 3235 in
1862 3168 2196 3255 utriusque

614 3253 867 3322 Siciliae
908 3259 1130 3345 Regno
1177 3257 1590 3343 celebrando,
1622 3256 1910 3325 Officium
1941 3278 1974 3323 a
2008 3256 2196 3325 clero

612 3343 1116 3498 gersolvendum
1185 3365 1325 3413 esse
1393 3346 1624 3413 debeat
1683 3344 2018 3433 proprium
2081 3363 2197 3433 pro

663 3430 851 3497 rdine
897 3432 1298 3500 Minimorum
1345 3436 1795 3523 approbatum3
1845 3434 1947 3499 vel
2010 3434 2199 3501 desu-

616 3517 924 3585 mendum
958 3539 1037 3585 ex
1070 3521 1385 3587 Breviario
1417 3533 1483 3588 et
1512 3522 1836 3590 octavario
1868 3516 2203 3589 Romano?

748 3609 817 3671 2.
865 3608 962 3672 An
1007 3609 1310 3676 Praefatio
1344 3609 1408 3675 in
1439 3610 1615 3677 Missa
1651 3609 1941 3676 eiusdem
1987 3608 2200 3677 Sancti

616 3693 743 3760 dici
791 3694 986 3782 possit
1029 3698 1315 3783 propria,
1363 3710 1436 3763 ut
1483 3699 1546 3764 in
1593 3698 1729 3785 ipso
1772 3695 2066 3765 Ordine?

750 3784 816 3848 3.
867 3782 964 3849 An
1015 3783 1365 3872 Episcopus
1415 3786 1707 3852 assistens
1752 3786 1969 3852 Missae
2023 3785 2202 3855 Sole-

618 3869 777 3954 mni,
810 3888 972 3956 quae
1005 3872 1069 3937 in
1103 3873 1383 3940 Ecclesia
1412 3873 1772 3941 celebratur
1808 3893 1955 3940 cum
1985 3884 2199 3958 cantu,

618 3958 948 4046 deponere
994 3960 1224 4028 debeat
1280 3963 1589 4051 pileolum
1635 3982 1668 4027 a
1715 3962 2201 4031 consecratione

620 4046 697 4114 ad
743 4049 1369 4116 consummationem
1401 4049 1741 4130 inclusive3
1784 4049 2085 4136 idemque
2119 4050 2206 4116 di-

623 4135 900 4203 cendum
933 4135 1018 4203 de
1049 4137 1233 4206 mitra
1263 4139 1422 4206 dum
1453 4138 1682 4206 assistit
1711 4158 1859 4207 cum
1900 4135 2208 4227 pluviali?

622 4234 688 4288 et
733 4242 811 4290 an
857 4224 1149 4291 assistens
1181 4245 1330 4293 cum
1362 4246 1571 4314 cappa
1616 4238 1682 4293 et
1729 4238 2044 4294 mozzetta
2089 4225 2202 4291 de·

621 4328 865 4396 ponere
931 4313 1165 4381 debeat
1235 4314 1510 4384 biretum
1572 4326 1855 4399 tantum,
1928 4315 2207 4382 retinens

623 4398 990 4485 pileolum?

758 4491 821 4554 4.
873 4494 968 4556 An
1022 4502 1338 4577 quatenus
1395 4492 1764 4571 declaretur
1822 4493 2207 4580 Episcopum

623 4595 811 4663 posse
842 4595 989 4646 cum
1018 4580 1259 4667 pileolo
1307 4581 1622 4665 assistere,
1672 4591 1744 4648 ut
1787 4599 2001 4670 supra,
2035 4582 2208 4649 idem

624 4666 939 4768 pileolum
986 4668 1272 4736 retinere
1317 4668 1557 4755 pariter
1618 4670 1859 4757 possint
1913 4670 2208 4737 canonici

628 4774 690 4821 ιιι
735 4754 944 4823 choro
991 4765 1054 4823 et
1099 4757 1273 4824 Solio
1319 4758 1708 4841 assistenteS,
1742 4759 1898 4827 dum
1944 4759 2211 4826 descen-

625 4843 790 4912 dunt
819 4845 896 4911 ad
930 4845 1254 4913 circulum
1279 4846 1358 4914 ad
1393 4847 1646 4931 Gloria,
1679 4848 1895 4931 Credo,
1929 4849 2209 4915 Sanctus

627 4941 695 4997 et
740 4934 962 5019 Aonas
1009 4938 1127 5002 Dei
1148 4934 1181 4999 7
1704 4971 1715 4978 -

761 5025 824 5088 ὅ.
876 5025 972 5088 An
1001 5022 1326 5108 Canonici,
1360 5036 1712 5113 utcumque
1744 5026 2061 5115 Episcopo
2092 5027 2209 5092 mi-

628 5108 967 5176 nistrantes
1024 5110 1091 5178 in
1149 5110 1339 5178 sacris
1397 5114 1828 5184 functionibus
1855 5161 1872 5196 ,
1938 5113 2212 5181 debeant

629 5213 887 5282 semper
931 5197 991 5263 id
1041 5209 1361 5286 praestare
1409 5203 1613 5290 capite
1659 5202 1919 5269 detecto
1970 5211 2035 5268 et
2080 5198 2214 5266 abs-

630 5302 760 5372 que
804 5282 1100 5373 pileolo?

2399 352 2464 416 6.
2515 349 2612 416 An
2677 348 2876 415 iidem
2938 345 3233 417 canonici
3297 346 3613 437 Episcopo
3667 343 3836 412 mini·
3961 380 3962 393 ι

2271 448 2541 504 strantes
2587 437 2742 504 dum
2789 438 3050 503 Sacrum
3093 433 3379 522 peragit,
3427 434 3662 500 saltem
3713 452 3841 521 pos·

2273 525 2398 591 sint
2443 524 2730 591 retinere
2772 524 3086 612 pileolum
3132 541 3333 610 usque
3380 522 3458 588 ad
3518 525 3844 589 consecra·
3961 528 3962 539 ¹

2277 613 2543 766 tionqm,
2593 613 2885 698 illudque
2934 630 3260 678 resumere
3305 610 3676 699 sumptione
3721 628 3848 696 per·

2278 710 2412 767 acta

2411 792 2490 854 Et
2537 791 2719 856 Sacra
2765 790 3024 857 Rituum
3070 786 3525 888 congregatio,
3575 786 3656 854 ad
3699 786 3850 853 Vati-

2281 896 2506 943 canum
2549 876 2910 966 subsignata
2957 877 3068 943 die
3113 876 3176 942 in
3205 874 3552 944 ordinariis
3585 874 3852 941 comitiis

2281 965 2652 1050 coadunata,
2704 965 3029 1032 referente
3075 962 3431 1033 Secretario
3456 1011 3473 1046 ,
3527 962 3852 1051 propositis

2282 1051 2490 1118 dubiis
2539 1064 2786 1119 maturo
2829 1054 3124 1120 examine
3155 1052 3239 1118 de
3269 1069 3450 1118 more
3500 1050 3848 1139 perpensis,

2283 1140 2804 1226 respondendum
2852 1143 3147 1208 censuit:

2414 1228 2509 1296 Ad
2563 1234 2620 1294 1.
2658 1250 2696 1299 ‹
2720 1229 3037 1312 Officium,
3074 1248 3154 1294 ex
3186 1226 3508 1295 Breviario
3545 1231 3851 1302 Roman03

2287 1327 2351 1383 et
2398 1335 2516 1402 per
2560 1329 2871 1401 octavam,
2907 1316 3385 1385 desumendum
3436 1334 3520 1381 ex
3550 1314 3858 1383 octavario

2285 1404 2512 1471 itidem
2559 1408 2837 1473 Romano
2872 1429 2937 1471 ιν.

2416 1492 2511 1558 Ad
2559 1497 2628 1560 2.
2677 1516 2715 1559 ι
2747 1494 3093 1582 Negative;
3142 1493 3258 1560 sed
3305 1491 3482 1560 illam
3531 1511 3701 1579 quae
3732 1509 3860 1578 pro·

2285 1591 2405 1646 stat
2452 1581 2518 1647 in
2567 1581 2788 1648 missali
2839 1587 3117 1649 Romano
3143 1602 3210 1648 ι».

2419 1669 2513 1735 Ad
2561 1675 2625 1738 3.
2676 1692 2714 1735 c
2747 1670 2896 1738 Sine
2946 1671 3130 1736 mitra
3176 1678 3241 1736 et
3284 1667 3424 1738 sine
3470 1670 3690 1738 bireto
3747 1675 3863 1732 tau·

2290 1766 2428 1822 tum
2463 1780 2528 1825 ».

2330 1934 2342 1946 .
2419 1847 2515 1915 Ad
2567 1850 2629 1914 t.
2679 1869 2717 1912 c
2751 1844 3098 1933 Negative3
3133 1845 3199 1912 iu
3228 1847 3527 1916 omnibus
3563 1841 3865 1933 expressis

2291 1935 2779 2002 circumstantiis
2812 1955 2874 2001 ι».

2423 2024 2519 2089 Ad
2568 2029 2630 2090 ὅ.
2683 2045 2721 2088 ι
2755 2024 3027 2110 Semper
3072 2021 3206 2089 sine
3251 2022 3501 2110 pileolo
3537 2044 3604 2088 v.

2422 2111 2517 2177 Ad
2568 2116 2632 2179 6.
2684 2133 2722 2176 c
2755 2115 2823 2177 ln
2851 2110 3041 2177 sacris
3069 2110 3504 2178 functionibus
3534 2126 3866 2196 numquam

2292 2216 2402 2263 eos
2447 2199 2689 2286 pileolo
2735 2199 2828 2266 uti
2874 2217 3064 2285 posse
3097 2219 3161 2265 ι».

2296 2374 2339 2441 d
2422 2288 2635 2439 sstque
2681 2289 2763 2354 ita
2809 2286 3134 2375 rescripsit
3161 2287 3686 2373 servandumque
3717 2303 3872 2350 man-

2340 2393 2436 2441 avi
2477 2423 2493 2441 .

2430 2463 2544 2530 Die
2594 2467 2674 2530 14
2719 2463 2881 2532 Iunii
2932 2465 3128 2530 1845.

2298 2604 2562 2675 2896.
2869 2606 3318 2674 MANDELEN.
3663 2604 3872 2693 (5019)

2429 2729 2646 2796 Dubiis
2689 2728 3031 2818 propositis
3076 2750 3109 2795 a
3153 2729 3446 2817 capitulo
3492 2725 3874 2796 Cathedralis

2296 2817 2657 2884 Mandelen.
2711 2819 3029 2885 Ecclesiae
3076 2816 3254 2885 bisce
3315 2817 3609 2884 terminis
3666 2833 3874 2884 conce-

2300 2906 2466 2994 ptis;
2516 2907 2866 2974 nimirum:

2438 2999 2495 3061 1.
2545 2999 2712 3063 Num
2759 2994 2937 3062 Missa
2995 2994 3443 3062 conventualis
3485 2994 3568 3061 sit
3621 3012 3704 3059 ex
3751 2993 3874 3058 iure

2302 3083 2681 3152 celebranda
2725 3104 2758 3149 a
2804 3082 2954 3149 solis
2999 3082 3352 3166 canonicis»,
3403 3081 3508 3149 vel
3556 3103 3593 3148 a
3641 3080 3876 3148 Mansio-

2303 3171 2493 3237 uariis
2522 3191 2782 3258 quoque
2811 3190 2926 3237 seu
2958 3192 2990 3236 a
3023 3170 3422 3237 Beneficiatis
3451 3169 3527 3237 ad
3581 3164 3876 3238 turnum?

2435 3263 2500 3326 2.
2552 3263 2717 3327 Num
2762 3258 2965 3348 prima
3013 3259 3288 3344 Dignitas
3337 3259 3399 3325 in
3439 3258 3734 3345 capitulo
3776 3275 3872 3322 seu

2303 3347 2834 3434 Archipresbyter
2856 3346 3192 3431 Parochus,
3215 3357 3473 3432 praeter
3497 3347 3712 3414 Missas
3732 3349 3873 3411 con·

2301 3434 2634 3502 ventuales
2681 3435 3090 3502 celebrandas
3122 3434 3188 3501 in
3217 3434 3361 3501 anni
3388 3435 3739 3518 curriculo,
3770 3450 3876 3499 uec

2304 3542 2430 3589 non
2491 3522 2890 3611 applicandas
2950 3521 3442 3589 solemnioribus
3499 3522 3735 3589 diebus
3777 3524 3874 3588 Fe-

2301 3609 2515 3695 stivis,
2567 3621 2863 3678 teneatur
2919 3611 2996 3677 ad
3062 3622 3327 3678 turnum
3355 3630 3506 3698 ,pro
3551 3611 3751 3678 Missis
3795 3607 3870 3674 uti

2306 3700 2504 3766 ceteri
2552 3698 2906 3766 Canonici'?

2440 3792 2508 3856 3.
2554 3789 2719 3854 Νιιιιι
2767 3789 3060 3855 canonici
3107 3787 3612 3872 Cathedralium,
3664 3788 3727 3853 in
3755 3783 3873 3870 qui·

2308 3874 2424 3941 bus
2472 3876 2646 3942 nulla
2692 3876 2898 3944 adhuc
2947 3875 3194 3943 invecta
3229 3887 3324 3941 est
3355 3876 3755 3943 consuetudo
3785 3881 3873 3937 aut

2307 3963 2703 4050 particularis
2773 3961 3118 4049 institutio,
3183 3974 3250 4030 et
3311 3962 3422 4030 ubi
3488 3962 3873 4031 Praebendae

2307 4050 2713 4118 Canonicales
2780 4054 3138 4122 nullimode
3211 4064 3360 4118 sunt
3426 4050 3762 4119 distinctae
3821 4045 3872 4112 in

2307 4138 2803 4225 presbyterales,
2840 4142 3205 4208 Diaconales
3259 4152 3326 4206 et
3372 4137 3870 4214 Subdiaconales,

2309 4236 2648 4294 teneantur
2710 4247 2791 4294 ex
2855 4229 2997 4297 iure
3043 4229 3404 4296 ministrare
3446 4247 3565 4316 pro
3627 4228 3873 4295 Diacouo

2311 4327 2375 4383 et
2444 4315 2844 4384 Subdiacono
2920 4317 3542 4407 Archipresbytero,
3614 4316 3724 4403 qui
3796 4320 3874 4377 est

2313 4404 2514 4495 prima
2559 4405 2832 4491 Capituli
2879 4405 3161 4491 Dignitas
3221 4416 3361 4494 post
3425 4403 3871 4493 Episcopalem,

2310 4491 2689 4561 solemniter
2711 4493 2956 4561 Missam
2982 4493 3483 4562 conventualem
3509 4485 3874 4586 celebranti?

2441 4585 2625 4650 Sacra
2672 4584 3100 4668 congregatio
3140 4582 3428 4664 Rituum,
3463 4581 3530 4647 in
3558 4577 3875 4650 ordinariis

2310 4670 2596 4736 Comitiis
2640 4669 2718 4736 ad
2767 4669 3139 4737 Vaticanum
3184 4670 3553 4754 coadunata,
3601 4689 3724 4758 per
3761 4683 3871 4732 mo·

2313 4758 2469 4826 dum
2500 4755 2875 4846 provisionis
2906 4759 3391 4826 rescribendum
3415 4760 3700 4825 censuit:
3733 4775 3770 4821 c
3793 4758 3872 4819 lu·

2317 4858 2420 4913 xta
2469 4857 2687 4913 votum
2733 4845 3056 4933 Episcopi,
3107 4848 3311 4916 donec
3362 4845 3732 4913 efformetur
3779 4862 3870 4910 no-

2314 4955 2467 5003 vum
2514 4935 2789 5023 Capituli
2836 4938 3154 5003 Statutum
3187 4958 3224 5000 ιν
3269 4936 3623 5003 nimirum:

2447 5025 2543 5093 Ad
2597 5030 2655 5090 1.
2707 5046 2745 5089 c
2778 5025 2830 5088 A
2875 5023 3027 5091 solis
3074 5025 3404 5092 canonicis
3436 5044 3501 5088 ιν.

2445 5113 2540 5179 Ad
2588 5117 2654 5179 2.
2706 5125 2748 5179 ι·
2776 5115 2914 5178 Non
2961 5112 3167 5180 teneri
3214 5114 3291 5179 ad
3341 5124 3603 5181 turnum
3636 5137 3696 5180 ιν.

2449 5201 2543 5269 Ad
2594 5205 2660 5269 3.
2710 5222 2748 5265 c
2781 5200 3173 5268 Affirmative
3205 5226 3271 5268 ».

2448 5288 2561 5356 Die
2613 5290 2691 5354 14
2739 5288 2899 5354 lunii
2953 5292 3142 5358 1843.
