4042 5950
1566 225 2038 305 —265—

188 388 412 460 2⁷45.
740 387 1141 455 VERONEN.

299 566 374 632 Ut
410 563 619 631 omnia
648 581 816 650 quae
841 562 957 630 Dei
987 563 1236 630 cultum
1284 560 1632 649 respiciunt
1664 559 1743 627 ad

185 651 666 720 aedificationem
712 661 778 717 et
821 651 1175 718 secundnm
1222 648 1519 718 ordinem
1563 649 1742 731 fiant,

185 760 293 828 quo
332 738 942 807 sacrisconcilietur
989 739 1375 822 reverentia,
1427 739 1746 805 excitetur

184 830 240 896 in
280 828 528 930 populis
572 826 774 912 fides,
822 839 1116 894 servetur
1175 826 1495 915 mysteriis
1550 828 1744 913 gratia

186 926 241 983 et
265 927 569 1002 maiestas,
604 915 729 982 alte
763 916 972 983 animo
1003 913 1294 982 defixum
1328 914 1592 997 habens,
1624 918 1745 981 Re-

185 1003 658 1072 verendissimus
729 1006 1052 1072 veronen.
1109 1004 1462 1106 Episcopus
1522 1006 1748 1071 Sacrae

183 1092 418 1160 Rituum
465 1092 958 1180 congregationi
1014 1091 1372 1159 humillime
1426 1091 1747 1178 supplica-

182 1182 285 1263 vit,
329 1180 631 1248 nonnulla
681 1198 1014 1267 exponens
1058 1180 1249 1248 dubia
1294 1199 1413 1268 per
1460 1179 1749 1246 eiusdem

185 1270 490 1335 oraculum
549 1270 905 1337 solvendaz
968 1279 1040 1337 ut
1095 1279 1161 1335 et
1215 1267 1648 1356 corrigantur,
1696 1266 1748 1332 si

183 1375 326 1443 quae
369 1357 768 1425 emendanda
814 1355 879 1424 in
924 1376 1037 1424 sua
1081 1356 1368 1426 Dioecesi
1415 1355 1750 1444 reperiun-

183 1455 317 1523 tur;
376 1452 441 1512 et
487 1462 561 1511 ea
615 1443 826 1512 omnia
879 1463 1043 1531 quae
1093 1446 1169 1514 ad
1226 1445 1475 1535 praxim
1529 1444 1748 1511 Sacro-

182 1550 312 1599 rum
351 1533 613 1601 Rituum
663 1542 728 1600 et
772 1533 1080 1601 Rubi-icas
1130 1534 1556 1602 observandas
1603 1550 1750 1600 conr

184 1638 426 1688 currere
485 1630 786 1708 possunt,
849 1622 1051 1710 magis
1108 1622 1444 1711 magisque
1499 1621 1749 1688 innote-

183 1720 362 1777 scant.

297 1801 373 1864 Et
417 1800 484 1866 S.
524 1802 603 1866 R.
642 1802 748 1882 C.,
798 1798 862 1865 in
906 1798 1238 1867 ordinario
1286 1801 1489 1866 coetu
1519 1798 1599 1865 ad
1634 1800 1751 1864 Va·

186 1882 395 1954 ticanas
439 1886 650 1954 Aedes
694 1888 801 1955 die
855 1891 934 1954 12
980 1887 1184 1955 Martii
1243 1886 1555 1954 vertentis
1607 1885 1750 1952 anni

186 1974 538 2059 coadunata,
574 1975 1066 2044 rescribendum
1103 1976 1381 2043 censuit:
1416 1995 1456 2042 α
1480 1979 1780 2047 Ponatur.

185 2060 240 2161 in
278 2064 474 2147 Folio,
527 2062 846 2149 exquisito
892 2073 1045 2132 voto
1099 2064 1376 2152 Magistri
1421 2067 1757 2133 caeremo-

185 2166 414 2218 marum
447 2173 513 2217 ›.

299 2239 482 2308 Hisce
527 2240 824 2309 omnibus
856 2240 941 2309 de
972 2258 1153 2308 more
1196 2241 1487 2326 servatis,
1521 2238 1757 2306 iterum

184 2329 487 2413 proposita
547 2337 698 2396 sunt
754 2330 1046 2397 eiusdem
1098 2328 1400 2432 Episcopi
1462 2347 1579 2416 pro
1640 2346 1756 2415 op·

186 2426 435 2502 portuna
503 2416 826 2485 solutione
895 2427 1229 2507 sequentia
1283 2418 1516 2498 dubia;
1572 2416 1756 2484 nimi·

187 2520 358 2569 ruma

307 2596 367 2660 1.
410 2593 574 2672 Quid
637 2595 987 2664 dicendum
1046 2596 1135 2665 de
1196 2593 1668 2663 consuetudine
1724 2614 1758 2661 a

187 2678 370 2747 doctis
411 2682 667 2770 piisque
714 2683 1188 2767 Sacerdotibus,
1235 2683 1577 2753 ordinariis
1627 2700 1761 2750 non

188 2770 778 2857 contradicentibus,
828 2771 1182 2862 usurpata?

302 2861 362 2923 2.
413 2863 580 2927 Dum
629 2881 707 2929 ex
750 2861 1221 2928 Constitutione
1256 2859 1586 2928 Benedicti
1616 2862 1754 2927 XIV

187 2945 409 3015 Summi
454 2948 778 3018 Pontificis
832 2948 941 3017 die
1004 2953 1082 3019 ta
1135 2948 1510 3017 Decembris
1560 2948 1752 3033 1740,

189 3035 547 3104 conceditur
562 3037 970 3125 indulgentia
993 3039 1058 3106 in
1081 3039 1457 3106 memoriam
1474 3037 1754 3124 Agoniae

188 3124 413 3191 Domini
444 3125 660 3194 Nostri
687 3130 831 3194 Iesu
854 3125 1232 3216 Christi‘pro
1264 3126 1531 3215 singulis
1563 3125 1757 3191 sextis

186 3211 387 3297 Feriis,
411 3215 781 3300 quaeritur:
814 3215 915 3282 An
943 3214 1219 3302 pulsatio
1243 3218 1596 3305 Campanae
1617 3212 1756 3280 fieri

185 3296 365 3366 debet
409 3301 567 3368 hora
613 3301 801 3369 tertia
847 3312 990 3391 post
1034 3302 1402 3389 meridiem,
1439 3312 1510 3370 ut
1555 3301 1761 3370 innuit

187 3386 413 3453 laudata
481 3389 902 3476 constitutio,
964 3390 1280 3477 horologii
1349 3390 1588 3478 italici;
1652 3391 1758 3458 vel

187 3474 323 3542 hora
365 3477 672 3578 vigesima
718 3479 950 3566 prima,
999 3479 1092 3547 uti
1139 3481 1279 3546 vult
1333 3478 1594 3547 libellus
1638 3482 1758 3545 Ro-

186 3577 315 3629 mae
354 3565 570 3633 editus
612 3584 775 3635 anno
813 3570 1009 3652 1334,
1042 3568 1418 3657 inscriptus:
1453 3567 1761 3635 Raccolta

185 3647 602 3809 (ἐξιθςαξίῗοπί
644 3673 676 3719 c
713 3658 821 3740 pie
867 3675 1047 3743 opere
1078 3676 1201 3723 ccc.
1252 3657 1441 3748 Typis
1486 3658 1760 3745 Perego-

280 3759 446 3809 vioni

187 3914 200 3928 .
303 3831 364 3896 3.
413 3833 674 3898 Utrum·
698 3832 1066 3901 benedictio
1112 3834 1472 3922 Apostolica
1516 3833 1762 3920 pluries

186 3918 486 4075 huperti?
546 3919 746 4006 possit
797 3940 965 3990 novo
1023 3921 1249 3989 mortis
1305 3923 1600 4012 periculo
1661 3940 1762 3988 re·

230 4015 417 4073 eunte

305 4098 368 4161 4.
417 4098 651 4163 Utrum
696 4096 885 4164 liceat
944 4097 1222 4183 simplici
1281 4097 1612 4167 Sacerdoti
1658 4117 1764 4166 su-

185 4183 572 4282 perpelliceo
622 4195 687 4252 et
731 4187 904 4253 Stota
949 4187 1179 4254 induto
1224 4196 1373 4276 post
1419 4189 1758 4275 vesperas,

185 4270 439 4338 Litanias
483 4283 549 4339 et
591 4276 822 4340 Preces
867 4273 1239 4344 immediate
1283 4276 1502 4343 Altare
1549 4293 1763 4342 ascen-

187 4355 333 4424 dere
377 4371 445 4426 et
496 4362 813 4449 poputum
871 4362 1198 4430 dimittere
1218 4410 1237 4447 ,
1289 4380 1439 4431 eum
1499 4361 1765 4431 benedi·

187 4446 379 4514 cendo
443 4449 615 4517 nuda
674 4466 866 4517 manu
926 4470 1045 4539 per
1103 4452 1331 4524 verba:
1393 4452 1763 4519 Benedictio

186 4534 295 4600 Dei
336 4541 791 4624 omnipotentis
822 4548 943 4606 etc.
994 4549 1065 4606 nt
1108 4539 1569 4628 praescribitur
1599 4559 1630 4605 a
1663 4540 1767 4606 Ri-

189 4622 332 4689 tuali
374 4637 520 4712 post
564 4627 1094 4694 communionem
1141 4640 1322 4695 extra
1368 4625 1671 4696 Missam?

307 4716 371 4779 tt.
419 4717 651 4781 Utrum
698 4714 970 4784 verbum
1017 4718 1256 4785 Deinde
1303 4718 1365 4785 in
1411 4716 1614 4784 forma
1658 4716 1764 4782 ab·

189 4799 509 4868 solutionis
553 4801 619 4868 in
663 4803 992 4871 nonnullis
1055 4805 1443 4873 editionibus
1500 4804 1765 4872 Ritualis

190 4884 372 5043 rubigo
425 4888 792 4958 charactere
849 4892 1271 4981 impressum,
1329 4891 1765 4959 omittendum

191 4984 266 5040 stt

309 5069 376 5132 6.
399 5068 606 5144 Quum
624 5065 691 5134 in
713 5066 1092 5154 quibusdam
1113 5069 1415 5137 Ecclesiis
1433 5067 1763 5138 occasione

189 5152 483 5222 Orationis
526 5156 948 5246 Quadraginta
992 5162 1302 5227 Horarum
1336 5158 1768 5247 suspendatur

320 5346 396 5419 (l)
429 5350 491 5407 E.
526 5349 668 5409 nub.
706 5352 757 5422 7,
790 5348 827 5409 9
862 5357 919 5410 et
955 5350 1040 5410 1².

1505 383 1733 473 (4782)
1827 381 2039 450 Oratio
2084 402 2118 448 a
2163 379 2465 469 vesperis
2509 398 2712 469 usque
2757 380 2836 450 ad
2885 397 3077 448 unam
3125 378 3228 446 vel
3263 377 3424 449 duas

1832 471 2017 538 horas
2047 481 2189 559 post
2219 468 2370 538 solis
2400 479 2616 537 ortum
2648 469 2776 537 diei
2807 469 3167 557 sequentis,
3203 488 3288 537 ne
3316 488 3431 537 no·

1836 570 2063 626 cturno
2090 570 2384 646 tempore
2409 558 2698 626 scandala
2726 556 3033 638 oriantur3
3062 556 3429 644 quaeritur:

1836 650 2066 714 Utrum
2113 648 2191 715 ab
2234 666 2461 714 aurora
2507 666 2714 733 usque
2743 646 2820 713 ad
2857 646 3291 715 Eucharistiae
3324 664 3433 712 ex-

1838 734 2225 823 positionem
2270 734 2336 801 in
2381 735 2579 802 Missis
2627 734 2755 801 dici
2803 734 3001 822 possit
3037 734 3319 803 collecta
3351 735 3437 802 de

1840 826 2284 911 Sacramento;
2335 842 2414 890 an
2458 824 2670 890 solnm
2733 832 3030 911 tempore
3078 821 3438 910 Expositio-

1841 913 1975 997 nis,
2041 912 2162 979 boc
2210 921 2308 979 est
2351 929 2473 999 per
2532 910 2794 978 unicum
2847 912 3124 999 spatium
3170 910 3438 998 quadra-

1842 1001 2015 1086 ginta
2063 1001 2367 1068 horarum
2413 997 2971 1086 interruptamm?
3005 1000 3100 1089 (1)

1975 1093 2043 1156 7.
2090 1090 2298 1167 Quum
2330 1088 2643 1155 Parochus
2675 1089 2932 1155 noverit
2962 1106 3213 1155 sacrum
3245 1086 3439 1154 Viati-

1846 1194 1992 1244 cum
2041 1175 2414 1244 difficillime
2462 1176 2704 1264 porrigi
2741 1195 2930 1263 posse
2961 1175 3214 1243 infirmo
3245 1175 3440 1243 morti

1847 1265 2170 1366 proximo,
2196 1264 2317 1332 nisi
2349 1265 2639 1332 celebret
2669 1263 2734 1332 in
2766 1265 3053 1331 Oratorio
3084 1263 3439 1332 domestico

1847 1354 2100 1421 indulto
2160 1352 2523 1441 Apostolico
2591 1362 2809 1420 erecto
2867 1352 3090 1420 domui
3153 1351 3437 1433 infirmi3

1846 1441 2214 1528 quaeritur:
2278 1444 2443 1509 Num
2500 1440 2699 1529 possit
2758 1461 2790 1506 a
2849 1441 3099 1529 privato
3152 1440 3440 1509 oratorio

1849 1530 2330 1601 sanctissimum
2356 1532 2835 1597 Sacramentum
2860 1527 3163 1597 deferre?
3196 1538 3261 1596 et
3287 1547 3443 1615 qua-

1845 1629 2037 1687 tenus
2097 1617 2504 1686 affirmative:
2566 1620 2732 1684 Num
2796 1617 2861 1685 in
2907 1617 3018 1684 tali
3077 1637 3225 1685 casu
3269 1616 3443 1686 cele-

1846 1708 2031 1775 brare
2076 1707 2275 1794 possit
2322 1704 2513 1773 etiam
2567 1705 2911 1773 indultario
2956 1702 3272 1774 absente?

1983 1799 2052 1863 8.
2113 1798 2326 1862 Potest
2394 1814 2476 1861 ne
2546 1794 2896 1878 Sacerdos,
2959 1793 3256 1863 omnibus
3323 1792 3441 1861 sibi

1849 1884 2028 1973 prius
2074 1883 2416 1952 commode
2472 1881 2795 1971 dispositis
2854 1901 3020 1969 quae
3066 1883 3146 1950 ad
3195 1881 3447 1951 Sacrifi-

1852 1973 2021 2042 cium
2083 1991 2426 2040 occurrere
2488 1981 2786 2059 possunt,
2850 1989 2934 2039 ne
2989 1970 3297 2039 mulieres
3352 1971 3446 2039 in·

1847 2061 2130 2129 serviant
2175 2059 2402 2144 Altari,
2451 2059 2543 2127 uti
2592 2058 2947 2129 ministerio
2995 2060 3288 2128 mulieris
3318 2070 3447 2127 tan·

1855 2162 1991 2218 tum
2035 2168 2154 2238 pro
2202 2145 2570 2237 responsis?
3026 2228 3034 2236 ·

1983 2244 2050 2310 9.
2100 2241 2330 2306 Utrum
2376 2235 2608 2331 Officiis
2653 2235 2844 2303 alicui
2890 2236 3252 2305 Dominicae
3298 2233 3445 2303 assi·

1851 2326 2095 2413 gnatis,
2145 2335 2297 2415 puta
2356 2324 2688 2411 Puritatis‚
2742 2324 3158 2394 Maternitatis
3218 2330 3445 2391 Beatae

1854 2416 2082 2482 Mariae
2143 2414 2421 2500 Virginis
2466 2423 2595 2480 etc.
2646 2413 2712 2481 in
2774 2416 3161 2484 Dioecesano
3221 2414 3448 2482 Galen-

1853 2503 2059 2589 dario,
2095 2502 2158 2569 in
2188 2503 2397 2590 aliqua
2428 2501 2735 2589 peculiari
2769 2502 3053 2570 Ecclesia
3100 2506 3287 2570 Festo
3317 2518 3448 2568 ma—

1856 2592 2006 2659 ioris
2054 2592 2215 2660 ritus
2261 2599 2582 2680 perpetuo
2629 2589 2982 2679 impeditis,
3029 2590 3262 2660 debeat
3304 2588 3449 2657 assi·

1858 2680 2037 2769 gnari
2082 2681 2200 2750 alia
2245 2680 2386 2748 dies
2431 2678 2603 2764 fixa,
2659 2698 2739 2746 an
2783 2688 3101 2769 perpetuo
3148 2675 3410 2748 omitti?

1986 2773 2067 2836 Et
2113 2774 2299 2839 Sacra
2332 2767 2559 2835 eadem
2590 2767 2854 2836 Bituum
2886 2769 3348 2858 congregatio,
3384 2767 3450 2833 in

1852 2857 2186 2926 Ordinatio
2232 2860 2438 2925 coetu
2483 2857 2561 2924 ad
2608 2856 2964 2935 Quirinales
3007 2857 3219 2924 Aedes
3259 2856 3451 2924 inira·

1852 2947 2089 3035 scripta
2123 2945 2233 3014 die
2264 2944 2637 3031 coadunata,
2673 2955 2923 3014 mature
2968 2945 3449 3034 diligenterque

1853 3034 2154 3104 omnibus
2197 3035 2562 3122 perpensis,
2610 3035 2994 3123 praesertim
3041 3035 3114 3102 iis
3157 3053 3322 3121 quae
3368 3033 3452 3100 al-

1855 3124 1977 3190 lata
2021 3132 2171 3191 sunt
2216 3123 2293 3189 in·
2327 3122 2643 3209 exquisita
2694 3124 3008 3190 sententia
3055 3122 3321 3190 alterius
3367 3139 3451 3188 ex

1857 3210 2367 3318 Apostolicarum
2389 3208 2950 3279 caeremoniarum
2973 3210 3281 3299 magistris
3303 3211 3454 3277 scri-

1857 3310 1982 3388 ptis
2023 3300 2276 3368 reddita
2321 3299 2674 3401 praeloque
2721 3317 2894 3384 cusa,
2944 3299 3023 3366 ad
3069 3298 3448 3367 relationem

1859 3388 2362 3457 Eminentissimi
2383 3396 2446 3454 et
2468 3385 3009 3455 Reverendissimi
3032 3386 3282 3455 Domini
3306 3390 3450 3455 Car-

1856 3477 2085 3546 dinalis
2127 3476 2374 3545 loannis
2403 3475 2713 3543 Francisci
2745 3479 2953 3544 Marco
2983 3493 3026 3566 y
3056 3477 3310 3546 Catalan
3338 3479 3452 3544 Po-

1856 3565 2092 3652 nentis,
2142 3564 2631 3633 rescribendum
2682 3567 2981 3633 censuit:

1898 3742 1964 3809 ,b
1989 3654 2087 3722 Ad
2143 3658 2201 3723 1.
2253 3675 2291 3719 ‹
2323 3656 2635 3721 Recurrat
2695 3653 2759 3721 in
2815 3654 3061 3724 casibus
3114 3653 3453 3742 particula·

1862 3763 1915 3810 ri
1965 3763 2042 3811 us
2073 3764 2136 3811 r.

1992 3832 2091 3902 Ad
2137 3836 2205 3900 2.
2254 3853 2291 3897 α
2327 3830 2422 3899 Ad
2459 3834 2710 3900 Sacram
2741 3830 3323 3920 congregationem
3357 3833 3453 3896 ln-

1861 3919 2346 4010 dulgentiarum
2377 3941 2442 3987 ›.

1991 4010 2089 4077 Ad
2136 4014 2202 4077 3.
2253 4030 2292 4073 ‹
2325 4012 2407 4075 Ut
2453 4009 2531 4077 ad
2577 4006 2950 4096 proximum
2984 4027 3050 4074 r.

1939 4098 2091 4255 dAd
2141 4100 2204 4164 4.
2256 4118 2295 4161 ‹
2327 4097 2755 4180 Affirmative,
2827 4095 2881 4162 si
2947 4095 3111 4165 adsit
3188 4114 3456 4163 consue-

1864 4195 1936 4254 tu
1986 4205 2023 4252 o
2067 4208 2132 4252 r.

1898 4362 1911 4375 .
1995 4276 2094 4343 Ad
2141 4279 2206 4342 tt.
2257 4294 2297 4341 α
2329 4273 2422 4342 Ad
2475 4277 2727 4342 Sacram
2770 4273 3211 4342 Universalem
3242 4272 3456 4360 lnqui-

1863 4363 2166 4431 sitionem
2202 4384 2264 4429 ›.

1997 4452 2095 4519 Ad
2140 4455 2204 4518 6.
2259 4472 2296 4516 ‹
2330 4451 2665 4538 Negative,
2714 4451 2791 4518 ad
2842 4450 3117 4539 primam
3163 4457 3453 4537 partem;

1867 4539 2287 4624 Affirmative,
2336 4540 2416 4608 ad
2458 4539 2807 4608 secundam
2843 4562 2908 4606 υ.

1996 4629 2095 4695 Ad
2146 4632 2211 4696 7.
2262 4651 2301 4694 ‹
2335 4628 2767 4714 Affirmative,
2818 4627 3011 4695 etiam
3056 4625 3319 4693 absente
3366 4624 3459 4691 in-

1868 4714 2149 4786 dultario
2181 4737 2244 4783 ι.

1997 4804 2095 4873 Ad
2146 4808 2213 4872 8.
2262 4825 2302 4872 c
2343 4805 2773 4890 Affirmative,
2838 4813 3116 4892 urgente
3181 4800 3460 4869 necessi-

1872 4905 1999 4961 tate
2034 4913 2098 4960 t.

1998 4982 2096 5049 Ad
2145 4984 2215 5049 9.
2263 5002 2303 5049 c
2336 4981 2433 5048 Ad
2525 4981 2749 5048 rimam
2795 4991 3072 5070 partem,
3107 4978 3457 5067 Negative3

1868 5071 1946 5139 ad
1992 5071 2364 5155 secundam,
2411 5074 2464 5135 A
2534 5068 2837 5157 rmative;
2888 5069 3007 5137 nisi
3053 5070 3463 5159 supplicetur

1876 5179 1993 5249 pro
2044 5158 2452 5226 translatione
2484 5180 2552 5226 ι.
