4042 5950
2115 263 2585 342 —198—

712 425 1054 493 ordinariis
1095 423 1556 491 observantiam
1603 441 1751 512 erga
1797 440 1988 508 saepe
2052 439 2294 488 memo-

718 524 843 580 rata
889 518 1152 581 Decreta
1200 510 1432 578 Urbani
1465 514 1595 578 Vm
1628 533 1691 577 ν.

845 599 1147 668 Salutaria
1177 599 1333 666 haec
1356 598 1640 664 instituta
1672 597 2001 684 paullatim
2033 598 2291 681 langue·

715 708 894 755 scere
940 706 1010 752 ac
1057 706 1137 753 ex
1182 706 1303 753 usu
1350 687 1537 774 plane
1582 685 1705 752 iam
1750 686 2095 753 decessisse
2128 704 2297 751 com·

720 787 975 864 portum
1023 786 1166 854 est;
1214 775 1495 861 ideoque
1540 776 1606 840 S.
1641 778 1715 841 R.
1759 778 1828 841 c.
1876 771 2294 855 Secretarius,

717 864 801 931 de
849 874 1211 950 opportuno
1271 861 1562 928 remedio
1616 861 1982 930 adhibendo
2046 860 2178 945 egit
2233 859 2296 925 in

719 952 1002 1040 generali
1034 954 1371 1019 conventu
1420 949 1630 1016 habito
1662 951 1769 1017 die
1798 954 1884 1016 28
1922 949 2063 1016 lulii
2100 951 2291 1014 1821.

718 1045 809 1107 Re
857 1041 1068 1125 itaque
1114 1038 1462 1126 diligenter
1493 1056 1831 1125 perpensa,
1868 1038 2010 1104 Emi
2040 1040 2155 1102 PP.
2189 1036 2299 1103 de-

720 1128 1114 1195 cernendum
1160 1144 1518 1192 censuere:
1579 1147 1617 1190 (
1650 1130 1846 1192 Detur
1893 1143 2132 1192 novum
2176 1127 2295 1189 De-

721 1225 996 1299 cretum,
1046 1215 1209 1281 l'acto
1256 1215 1453 1281 verbo
1503 1232 1648 1279 cum
1695 1217 1935 1282 SSffio:
1987 1223 2052 1280 et
2101 1223 2298 1278 trans·

720 1303 1005 1370 mittatur
1052 1322 1133 1368 ex
1178 1301 1392 1368 Officio
1439 1304 1507 1367 P.
1556 1304 1640 1369 ΙΙ.
1673 1305 1742 1369 S.
1774 1301 1985 1368 Palatii
2031 1303 2298 1387 Aposto-

723 1390 825 1456 lici
857 1410 920 1457 a».

851 1483 1027 1545 Facta
1058 1489 1273 1544 autem
1298 1478 1384 1544 de
1406 1478 1765 1564 praemissis
1793 1477 2085 1545 omnibus
2109 1479 2300 1543 SSfiio

718 1571 792 1634 D.
828 1569 904 1633 N.
940 1567 1046 1631 Pio
1093 1569 1198 1631 Vll
1239 1569 1424 1632 Pont.
1471 1570 1636 1633 Max.
1682 1566 1994 1632 relatione
2041 1584 2158 1651 per
2204 1564 2296 1630 in-

720 1652 1122 1737 frascriptum
1177 1654 1630 1738 secretarium,
1678 1654 1984 1723 Sanctitas
2030 1656 2152 1719 Sua
2197 1655 2301 1718 Sa-

721 1760 863 1808 crae
908 1740 1431 1828 Congregationis
1461 1746 1802 1809 Decretum
1833 1740 2205 1828 approbavit
2237 1749 2302 1805 et

719 1826 1154 1909 confirmavit3
1204 1848 1273 1894 ac
1312 1838 1383 1894 ut
1413 1829 1489 1896 ab
1522 1830 1815 1897 omnibus
1845 1837 2166 1912 servetur,
2204 1838 2299 1913 ty·

719 1914 816 2003 pis
848 1916 1137 2004 evulgari
1180 1928 1371 2002 atque
1404 1917 1468 1984 in
1498 1917 1651 1985 actis
1685 1917 1974 1984 eiusdem
2018 1919 2300 2002 Congre-

719 2004 985 2091 gationis
1013 2004 1242 2072 referri
1274 2006 1619 2073 mandavit.
1661 2005 1772 2072 Die
1806 2009 1886 2072 31
1921 2003 2062 2072 Iulii
2101 2007 2295 2069 1821.

721 2147 973 2216 2618.
1301 2146 1735 2214 corneum.
2065 2143 2295 2229 (asse)

846 2268 1150 2337 Nonnulli
1194 2279 1344 2335 sunt
1394 2270 1456 2336 in
1502 2267 1862 2335 Cathedrali
1916 2270 2294 2352 cotronen.,

716 2358 827 2443 qui
872 2358 1153 2423 sentiunt
1197 2357 1443 2423 Missam
1486 2356 1990 2423 conventualem
2039 2357 2120 2424 de
2149 2358 2298 2423 San-

716 2454 821 2511 cto
866 2444 1050 2529 dupl.
1099 2444 1202 2511 vel
1250 2443 1602 2532 semidupl.
1652 2453 2031 2510 occurrente
2077 2442 2141 2508 in
2183 2447 2298 2510 Fe-

714 2533 824 2598 riis
870 2533 1200 2599 Adventus
1244 2543 1390 2619 post
1433 2534 1677 2598 Nonam
1722 2549 1861 2596 esse
1907 2531 2293 2611 canendam;

716 2630 910 2707 prout
941 2619 1131 2684 etiam
1160 2620 1556 2687 contendunt
1589 2618 1653 2686 in
1684 2619 2021 2686 Dominicis
2046 2620 2298 2686 Adven-

720 2720 819 2772 tus
866 2715 931 2772 et
974 2706 1497 2793 Quadragesimae
1534 2707 1952 2773 omittendam
1986 2726 2126 2774 esse
2157 2708 2300 2775 col-

720 2794 949 2860 lectam
976 2793 1055 2859 ab
1083 2795 1412 2861 ordinario
1446 2795 1842 2882 imperatam.
1895 2798 2056 2862 cum
2082 2805 2298 2861 autem

717 2885 791 2948 R.
826 2886 898 2949 D.
934 2881 1242 2948 Antonius
1289 2883 1580 2951 Lucifero
1640 2893 2027 2949 memoratae
2067 2882 2297 2950 cathe-

715 2968 907 3037 dralis
959 2969 1362 3038 primicerius
1430 2973 1584 3040 baec
1639 2969 2055 3038 Rubi-icarum
2115 2992 2298 3058 prae-

715 3057 952 3145 scripto
996 3057 1260 3126 adversa
1320 3059 1695 3144 existimem
1758 3059 2121 3126 humillime
2183 3080 2295 3148 po-

713 3147 998 3230 stulavit,
1047 3158 1118 3213 ut
1162 3148 1302 3213 Emi
1350 3159 1417 3214 et
1459 3148 1598 3214 Ruti
1644 3152 1756 3215 PP.
1803 3148 2003 3215 Sacris
2049 3148 2295 3215 Ritibus

716 3235 1056 3324 praepositi
1100 3235 1454 3325 subscripta
1508 3235 1696 3304 dubia
1754 3254 1870 3323 pro
1929 3253 2153 3302 eorum
2201 3256 2295 3300 sa-

711 3324 947 3411 pientia
995 3323 1273 3390 enodare
1325 3334 1390 3390 et
1451 3325 1780 3390 resolvere
1833 3323 2292 3412 dignarentur:

851 3418 912 3480 1.
961 3415 1057 3478 An
1103 3421 1395 3499 tempore
1439 3413 1767 3479 Adventus
1796 3413 1972 3478 Missa
2003 3414 2293 3477 conven-

700 3499 897 3577 ‚tualis
942 3498 1026 3565 de
1072 3500 1300 3565 Sancto
1347 3510 1724 3566 occurrente
1767 3498 1887 3566 sub
1934 3499 2063 3566 ritu
2104 3499 2291 3587 dupl.

714 3585 819 3652 vel
863 3585 1208 3672 semidupl.
1261 3597 1402 3673 post
1461 3589 1702 3654 Nonam
1765 3605 2019 3675 semper
2064 3589 2144 3654 sit
2191 3605 2293 3653 ce-

717 3669 1072 3740 lebranda‘?

845 3764 908 3826 2.
945 3761 1039 3826 An
1070 3760 1135 3827 in
1167 3760 1504 3829 Dominicis
1547 3763 1876 3830 Adventus
1923 3772 1988 3829 et
2019 3762 2294 3842 Quadra-

713 3846 994 3934 gesimae
1040 3849 1413 3916 omittenda·
1448 3849 1530 3917 sit
1586 3850 1867 3918 collecta
1911 3871 1944 3916 a
1992 3850 2295 3938 Superio-

714 3935 887 4002 ribus
935 3932 1295 4024 imperata?

805 4027 924 4124 ,βε
953 4028 1083 4091 EE.
1120 4028 1231 4091 PP.
1267 4025 1469 4093 Sacris
1498 4025 1743 4093 Ritibus
1775 4026 2146 4115 praepositi,
2183 4045 2292 4093 ex-

711 4121 938 4196 quisita
983 4112 1160 4199 prius
1206 4124 1586 4203 matureque
1629 4132 1749 4200 per
1836 4133 1946 4180 nsa
1975 4115 2293 4182 sententia

711 4199 972 4267 alterius
1029 4220 1111 4267 ex
1172 4203 1675 4289 Apostolicarum
1787 4202 2289 4269 aeremoniarum

711 4287 1021 4374 Magistris
1074 4288 1312 4376 scripto
1371 4290 1620 4358 reddita
1687 4291 2040 4378 praeloque
2105 4310 2287 4375 cusa,

710 4373 788 4440 ad
847 4376 1226 4444 relationem
1292 4378 1427 4444 Emi
1473 4389 1539 4445 et
1581 4382 1724 4447 Rmi
1768 4383 1844 4445 D.
1892 4379 2077 4446 card.
2127 4382 2291 4446 Naro

709 4464 1031 4551 Ponentis,
1079 4484 1184 4532 res
1272 4467 1606 4534 ndendum
1650 4478 2090 4533 censuerunt:

839 4553 933 4620 Ad
973 4556 1032 4618 1.
1082 4575 1120 4618 ‹
1209 4556 1506 4642 egative;
1559 4566 1623 4621 et
1670 4554 1912 4622 Missam
1945 4555 2030 4621 de
2062 4558 2287 4623 Sancto

708 4637 826 4705 sub
871 4641 998 4706 ritu
1046 4641 1230 4731 dupl.
1270 4644 1376 4710 vel
1423 4642 1802 4730 semidupl.,
1839 4644 1905 4710 in
1934 4642 2130 4709 Feriis
2162 4643 2288 4708 Ad-

707 4737 936 4794 ventus
966 4742 1371 4816 occurrente‚
1397 4748 1655 4819 semper
1678 4731 2125 4799 celebrandam
2152 4748 2288 4797 esse

706 4824 847 4902 post
892 4816 1194 4899 Tertiam,
1247 4818 1417 4903 iuxta
1463 4818 1762 4887 Rubricas
1796 4841 1862 4888 ι».

835 4903 931 4970 Ad
962 4910 1027 4969 2.
1062 4926 1100 4970 ι
1128 4908 1465 4992 Negativ03
1496 4909 1782 4997 exceptis
1807 4908 2124 4976 Dominica
2150 4907 2282 4973 Pal-

705 5011 986 5076 marum,
1037 5004 1103 5059 et
1146 4996 1467 5062 Dominica
1496 4998 1576 5063 IV
1609 5000 1934 5066 Adventus
1982 4997 2046 5063 in
2093 4995 2281 5063 huius

636 5103 646 5111 ·
702 5098 968 5147 occursu
1014 5098 1163 5147 cum
1209 5082 1436 5169 Vigilia
1465 5084 1821 5152 Nativitatis
1867 5089 1939 5150 D.
1976 5084 2052 5151 N.
2094 5088 2139 5150 l.
2175 5087 2277 5168 c.‚

706 5167 767 5233 in
797 5167 1028 5253 quibus
1059 5168 1408 5238 omittenda
1445 5183 1539 5237 est
1568 5174 1847 5240 collecta
1883 5172 2187 5259 imperata
2214 5193 2280 5237 ιν.

834 5258 914 5320 Et
958 5254 1043 5321 ita
1086 5258 1151 5323 S.
1188 5261 1261 5323 R.
1298 5262 1369 5326 c.
1408 5259 1760 5345 respondit,
1794 5262 2013 5325 statuit
2045 5268 2110 5324 et
2141 5257 2280 5325 ubi·

702 5361 829 5429 que
871 5343 1107 5410 servari
1155 5344 1496 5411 mandavit.
1546 5345 1658 5411 Die
1690 5349 1774 5411 20
1803 5346 2041 5434 Aprilis
2078 5349 2271 5413 1822.

2403 421 2654 492 2619.
2967 424 3406 492 DERTONEN.
3743 423 3929 511 (4587)

2534 601 2598 663 ln
2652 596 3032 684 Apostolicis
3095 597 3322 665 Literis
3382 597 3443 663 in
3505 596 3704 663 [orma
3756 599 3932 664 Brevis

2403 684 2720 773 expeditis
2765 684 2874 752 die
2925 689 3002 751 17
3049 686 3186 752 lulii
3226 689 3414 768 1817,
3464 703 3584 770 pro
3628 705 3787 753 nova
3827 691 3937 774 Epi·

2398 772 2666 858 scopalis
2712 771 2894 840 Sedis
2953 777 3301 840 Dertonen.
3355 773 3705 857 erectione,
3751 775 3937 840 cathe-

2402 861 2594 928 dralis
2625 861 2905 926 Ecclesia
2938 860 3314 927 enunciatur
3342 861 3459 928 sub
3492 861 3683 927 titulo
3706 866 3771 927 B.
3789 865 3859 927 M.
3877 865 3934 928 V.

2406 949 2469 1015 in
2501 948 2756 1014 coelum
2801 952 3200 1037 Assumptae,
3235 947 3384 1015 licet
3414 949 3479 1014 in
3513 951 3866 1036 perantiqua
3891 963 3940 1014 et

2400 1036 2671 1102 solemni
2719 1035 2887 1102 illius
2934 1038 3409 1104 consecratione
3455 1036 3657 1104 dicata
3689 1036 3939 1104 fueritin

2403 1124 2710 1190 honorem
2735 1127 2800 1190 S.
2831 1125 3115 1211 Martyris
3145 1123 3465 1192 Laurentii
3495 1123 3800 1225 principis
3816 1125 3943 1192 civi·
3985 1141 3986 1202 ι

2402 1212 2542 1278 tatis
2562 1212 2834 1279 Patroni.
2858 1212 3014 1279 Hinc
3039 1222 3257 1278 exorta
3280 1224 3565 1298 quaestio
3591 1224 3691 1278 est
3713 1213 3860 1279 circa
3881 1213 3942 1278 al-

2403 1299 2708 1366 terutrius
2748 1300 3207 1387 praelationem
3238 1300 3455 1382 Tituli,
3488 1321 3558 1365 ac
3587 1300 3751 1368 ritus
3778 1302 3940 1367 varie·
3985 1339 3986 1354 ι

2399 1398 2595 1454 tatem
2628 1390 2730 1454 vel
2779 1389 3140 1475 paritatem,
3174 1388 3610 1455 dubitantibus
3658 1389 3940 1455 nonnullis

2401 1474 2689 1562 quisnam
2728 1495 2764 1541 e
2801 1477 3051 1543 duobus
3085 1477 3210 1543 illis
3241 1488 3410 1542 esset
3438 1477 3837 1561 retinendus,
3859 1480 3939 1563 qni
3985 1525 3986 1552 ἢ

2405 1563 2900 1648 relinquendus;
2945 1576 3011 1631 et
3053 1585 3130 1630 an
3161 1564 3374 1664 potius
3402 1563 3662 1652 utrique
3691 1566 3942 1631 servandi

2402 1652 2553 1719 licet
2596 1651 2865 1717 diversis
2911 1651 3308 1740 temporibus
3337 1663 3403 1718 et
3441 1652 3693 1720 diversa
3741 1655 3943 1718 ratione

2400 1740 2605 1808 dictae
2653 1739 2972 1806 Ecclesiae
3016 1736 3363 1824 assignati?
3406 1743 3488 1807 Ut
3531 1751 3749 1807 autem
3779 1742 3945 1806 omnis

2400 1829 2682 1914 desuper
2727 1839 2949 1894 exorta
2995 1828 3282 1914 quaestio
3328 1847 3365 1894 e
3429 1827 3648 1895 medio
3697 1829 3943 1911 tollatur,

2402 1916 2712 1983 Sacerdos
2756 1916 3066 1983 Antonius
3114 1917 3298 1983 Maria
3342 1916 3620 1983 Remotti
3670 1918 3947 1983 Parocbns

2402 2014 2467 2070 et
2527 2008 2870 2069 Dertonen.
2927 2002 3284 2072 calendarii
3351 2006 3638 2071 Director
3704 2006 3946 2093 supplex

2399 2092 2553 2159 adiit
2600 2095 2851 2159 Sacram
2908 2095 3170 2159 Rituum
3231 2092 3830 2180 Congregationem,
3873 2113 3948 2157 ro·

2401 2197 2554 2267 gans
2598 2179 3058 2247 resolutionem
3112 2180 3521 2265 sequentium
3584 2180 3945 2247 dubiorum:

2539 2272 2597 2335 1.
2648 2272 2993 2334 An-novus
3041 2268 3262 2336 titulus
3297 2267 3380 2334 sit
3426 2268 3828 2353 retinendus,
3869 2288 3948 2334 re·

2403 2356 2555 2423 licto
2602 2352 2865 2443 primo?
3183 2389 3188 2394 ·
3987 2403 3988 2426 ι

2531 2449 2599 2511 2.
2648 2447 2745 2511 An
2803 2444 3030 2510 relicto
3080 2445 3400 2529 secundo,
3463 2443 3840 2513 retinendus
3888 2435 3988 2510 ,ιιι1

2401 2529 2700 2619 primus?

2530 2626 2595 2688 3.
2645 2626 2741 2686 An
2787 2620 2996 2708 potius
3041 2623 3224 2688 ambo
3272 2620 3596 2687 retinendi
3643 2620 3824 2688 sint?

2531 2714 2595 2776 4.
2646 2714 2767 2790 An,
2807 2708 3113 2776 ambobus
3155 2710 3448 2792 retentiS,
3483 2710 3805 2797 gaudeant
3849 2709 3952 2798 pari

2399 2796 2549 2882 ritu,
2576 2796 3007 2881 solemnitate,
3035 2807 3099 2863 et
3130 2798 3302 2863 iuxta
3334 2798 3811 2866 caeremoniale
3837 2797 3954 2885 Epi·

2398 2903 2738 2970 scoporum
2787 2886 3106 2969 gaudeant
3150 2895 3298 2951 nota
3342 2883 3749 2953 Pontificali‘?

2528 2977 2857 3040 Praeterea
2903 2993 3051 3041 cum
3096 2992 3215 3060 per
3268 2978 3609 3041 Decretum
3673 2973 3952 3042 Gener-ale

2397 3064 2462 3130 S.
2512 3061 2699 3128 buius
2760 3062 3283 3149 congregationis
3332 3062 3469 3129 dies
3531 3062 3951 3151 designentur,

2394 3148 2623 3236 quibus
2649 3148 2828 3215 Missa
2851 3166 2969 3236 pro
2993 3168 3225 3237 sponso
3252 3161 3318 3216 et
3338 3168 3570 3237 sponsa
3597 3149 3954 3239 prohibetur
3989 3162 3990 3223 ζ

2397 3238 2588 3305 etiam
2632 3235 2861 3303 diebus
2892 3238 3385 3306 excludentibus
3412 3238 3698 3326 duplicia
3732 3259 3848 3327 per
3870 3259 3954 3304 an·
3989 3242 3990 3257 ¹

2395 3345 2576 3410 num,
2627 3326 2905 3410 ideoque
2951 3328 3142 3392 etiam
3180 3325 3341 3393 inl'ra
3374 3338 3660 3394 octavam
3711 3327 3953 3416 Epipha-

2392 3415 2561 3499 niae,
2595 3413 2660 3480 in
2692 3412 2921 3500 vigilia
2950 3418 3372 3480 Pentecosten
3403 3424 3470 3481 et
3500 3414 3665 3481 infra
3698 3426 3954 3482 octavam

2397 3501 2867 3589 privilegiatam
2918 3502 3095 3568 ssmi
3147 3503 3444 3602 Corporis
3498 3503 3762 3589 Christi,
3809 3503 3955 3570 idem

2394 3590 2707 3656 Parochus
2755 3588 2941 3677 petiit
2986 3591 3332 3657 declararit

2525 3684 2594 3744 δ.
2638 3680 2736 3743 An
2784 3678 3146 3746 huiusmodi
3195 3676 3375 3743 Missa
3421 3677 3548 3744 dici
3595 3679 3798 3765 possit
3847 3678 3954 3746 die·

2392 3767 2510 3868 bus
2556 3764 2846 3920 {inplicia
2911 3766 3438 3850 excludentibus,
3488 3778 3557 3831 ut
3617 3786 3812 3855 supra
3864 3786 3955 3834 no-

2393 3866 2536 3921 tal-ts

2524 3947 2587 4009 6.
2637 3944 2734 4008 An
2782 3942 3302 4010 commemoratio
3349 3941 3565 4009 Missae
3597 3964 3719 4031 pro
3749 3959 3955 4031 sponso

2393 4041 2456 4096 et
2500 4049 2728 4118 sponsa
2774 4031 3069 4116 dicenda,
3119 4042 3313 4119 prout
3346 4048 3427 4096 ex
3457 4029 3631 4097 dicto
3682 4036 3952 4110 Decreto,

2393 4119 2457 4184 in
2503 4118 2697 4186 Missis
2744 4118 2827 4185 de
2873 4118 3122 4207 duplici
3161 4125 3189 4187 1
3226 4118 3332 4185 vel
3365 4121 3405 4185 2
3450 4117 3665 4185 classis
3709 4119 3832 4187 dici
3861 4117 3955 4184 de·

2392 4206 2533 4272 beat
2586 4207 2705 4274 sub
2763 4206 2945 4273 unica
3004 4207 3415 4276 conclusione
3471 4226 3614 4273 cum
3682 4206 3954 4276 Oratione

2389 4293 2603 4375 Festi3
2657 4294 2761 4361 vel
2807 4296 2928 4362 sub
2972 4297 3170 4362 altera
3217 4292 3688 4362 conclusione?

2519 4385 2585 4448 7.
2634 4386 2730 4448 An
2779 4383 2915 4449 talis
2978 4382 3501 4450 commemoratio
3561 4384 3809 4472 pariter
3848 4379 3954 4448 dici

2389 4469 2619 4538 debeat
2654 4470 2774 4536 sub
2808 4473 2988 4538 unica
3019 4473 3123 4537 vel
3155 4471 3275 4538 sub
3306 4471 3505 4538 altera
3536 4471 3954 4549 conclusione,

2391 4570 2581 4644 prout
2624 4561 2789 4626 solet
2834 4562 2918 4627 de
2952 4561 3086 4625 aliis
3124 4559 3839 4627 commemorationibus
3868 4578 3956 4624 oc·

2387 4647 2820 4730 currentibus,
2873 4647 2938 4713 in
2993 4647 3218 4714 diebus
3273 4646 3613 4715 Dominicis
3665 4660 3732 4716 et
3778 4645 3957 4713 Festis

2388 4736 2469 4803 de
2516 4732 2919 4822 praecepto?

2515 4827 2580 4890 8.
2631 4823 2766 4899 Quo
2829 4824 3010 4908 loco,
3074 4825 3326 4909 quando
3396 4823 3555 4890 aliae
3624 4830 3956 4890 occurrunt

2382 4912 3050 4996 commemorationes,
3099 4922 3170 4978 ut
3216 4912 3281 4978 in
3328 4912 3621 5001 proximo
3653 4909 3953 4998 quaesito,

2381 5000 2918 5066 commemoratio
2954 5002 3171 5066 Missae
3265 5021 3337 5068 ro
3382 5019 3614 5087 sponso
3651 5011 3713 5066 et
3746 5015 3956 5087 sponsa

2382 5085 2652 5154 dicenda
2699 5088 2783 5154 sit
2827 5089 2946 5154 sub
2991 5107 3191 5155 secun
3240 5109 3272 5154 a
3320 5085 3774 5157 conclusione?

2515 5179 2590 5240 Et
2637 5178 2704 5241 S.
2740 5178 2817 5241 R.
2852 5179 2953 5259 c.‚
2989 5177 3301 5262 exquisita
3349 5175 3667 5243 sententia
3704 5173 3953 5242 alterius

2380 5281 2460 5326 ex
2508 5263 3017 5347 Apostolicarum
3063 5265 3624 5331 caeremoniarum
3659 5258 3955 5351 Magistris

2376 5349 2612 5436 scripto
2661 5359 2912 5416 exarata
2958 5352 3256 5438 typisque
3314 5353 3632 5439 evulgata,
3681 5352 3760 5420 ad
3807 5351 3953 5416 rela-
