4042 5950
1527 268 1639 349 ...’
1685 288 1788 369 35
1839 334 1942 349 -

269 450 323 512 1.
368 452 483 529 An,
530 459 730 514 stante
776 448 1039 533 allegata
1087 447 1550 514 consuetudine
1581 465 1679 519 ce-
1774 466 1919 512 rum
1966 448 2202 533 absque
2250 450 2380 516 ulla
2428 451 2680 517 licentia
2726 454 2986 519 Parochi
3033 456 3098 520 8.
3158 455 3350 521 Elisa·

114 509 119 513 ⁸
156 534 405 601 lebrandi
445 539 657 601 Festos
703 535 1011 602 Titulares
1045 535 1466 602 Ecclesiamm
1499 534 1678 600 Dice-

155 621 286 686 cesis
329 624 655 704 lanuensiS,
684 633 975 691 teneatur
1019 623 1293 710 populus
1337 624 1453 689 sub
1498 642 1679 707 prae-

153 720 312 794 cepto
356 710 429 776 ad
477 713 851 777 eorumdem
893 710 1415 778 celebrationem.

1782 535 2008 601 bethae
2039 532 2071 601 'i‘

1911 628 1975 688 2.
2029 626 2123 689 An
2173 624 2356 690 liceat
2404 626 2619 693 eidem
2680 627 3196 695 confrater-nitati
3244 648 3352 695 ex-

1781 728 2023 795 ponere
2072 714 2184 778 SS.
2233 716 2713 780 Sacramentum
2761 716 2826 781 in
2875 715 3073 782 forma
3121 719 3203 783 40
3241 717 3354 781 ho·

261 801 318 863 2.
364 802 456 864 An
515 798 581 864 in
636 819 822 882 casu,
872 819 997 883 quo
1060 798 1227 865 dicta
1286 798 1680 865 consuetudo
1779 816 1991 864 rarum
2041 798 2134 864 bis
2181 801 2241 865 in
2289 821 2477 885 anno,
2525 804 2763 888 absque
2808 822 3119 870 consensu
3167 814 3233 868 et
3278 803 3353 869 li·

154 885 533 970 praecesserit
577 886 1106 952 constitutionem
1138 885 1426 973 Jerani,
1476 886 1681 953 adhuc

153 973 214 1037 sit
236 973 461 1038 licitum
507 971 708 1039 dictos
752 973 889 1040 dies
912 978 1128 1039 Festos
1158 992 1284 1039 non
1316 970 1687 1039 celebrare?

258 1064 319 1125 3.
363 1064 480 1141 An,
529 1062 780 1147 quando
828 1081 956 1127 non
1004 1072 1249 1127 constet
1280 1061 1684 1141 consuetudi-

152 1165 275 1213 nem
295 1148 1124 1238 praedictam.praecessisse
1155 1148 1684 1216 constitutionem

154 1234 375 1319 Urbani,
420 1237 625 1303 adhuc
655 1238 935 1324 populus
969 1248 1259 1303 teneatur
1283 1238 1685 1304 servare·sub

154 1335 461 1410 praecepto
506 1325 708 1391 dictos
756 1325 892 1391 dies
938 1322 1203 1391 Festos?

224 1413 731 1495 S.R.c.,audito
779 1412 955 1498 prius
1003 1423 1150 1477 voto
1200 1417 1379 1479 Dom.
1430 1410 1687 1478 Abbatis

154 1499 524 1566 cambarucci
571 1503 745 1569 88ῶί
790 1500 1034 1566 Domini
1068 1500 1274 1565 Nostri
1307 1505 1504 1587 Papae
1537 1503 1687 1568 Cae-

154 1586 548 1653 remoniarum
575 1588 876 1674 Magistri,
905 1586 1388 1654 rescribendum
1415 1588 1686 1654 censuit:

261 1677 348 1742 Ad
400 1679 455 1740 1.
505 1700 545 1743 ‹
580 1679 671 1742 Ne
720 1677 888 1742 ative
926 1681 993 1740 ὗ.

262 1763 347 1830 Λᾶ
393 1769 457 1830 2.
508 1786 545 1828 ι
582 1764 663 1829 Af
710 1763 976 1829 rmative
1012 1785 1077 1829 ».

268 1853 353 1917 Ad
400 1858 460 1919 3.
510 1874 549 1917 ι
583 1852 888 1938 Negative
921 1874 984 1918 ιν.

262 1943 335 2005 Et
375 1940 454 2005 ita
513 1939 860 2007 declaravit
920 1959 989 2004 ac
1047 1940 1285 2005 servari
1344 1939 1687 2005 mandavit.

158 2026 247 2091 Die
293 2030 361 2094 11
407 2028 610 2094 nai-tii
663 2032 853 2096 1719.

159 2166 378 2236 2262.
660 2170 1176 2237 rotomum.
1468 2170 1693 2256 (3927)

264 2296 412 2362 cum
456 2312 537 2359 ex
587 2303 767 2378 parte
818 2292 1110 2380 Episcopi
1155 2292 1555 2378 Fulginaten.
1588 2310 1696 2357 ex-

158 2382 401 2465 positum
447 2382 673 2464 fuerit,
701 2380 870 2465 quod
907 2380 1188 2444 Vicarius
1220 2380 1568 2464 Generalis,
1595 2381 1696 2445 Di-

52 2472 53 2475 ’
159 2469 399 2550 gnitates
453 2489 523 2534 ac
588 2468 884 2536 canonici
952 2487 1104 2532 suae
1166 2467 1558 2534 Cathedralis
1632 2470 1698 2534 in

52 2548 53 2581 ff
160 2555 344 2621 Missae
388 2557 675 2645 privatae
714 2555 1140 2621 celebratione
1184 2554 1276 2620 uti
1309 2556 1551 2621 soleant
1583 2556 1698 2621 mi-

159 2642 327 2742 nistro
350 2643 829 2730 superpelliceo
855 2642 1105 2725 indutu,
1134 2643 1241 2726 qui
1270 2644 1348 2710 ad
1373 2642 1698 2710 celebran-

52 2796 55 2807 Γ
161 2740 223 2793 us
262 2731 411 2798 latus
462 2735 763 2797 assistens
827 2729 1138 2796 substinet
1194 2730 1478 2812 Missale,
1530 2731 1699 2798 illius

52 2856 53 2861 =
163 2816 281 2883 lolia
324 2821 516 2886 volvit
568 2830 633 2884 et
680 2818 915 2884 indicat
965 2818 1239 2901 legenda
1283 2835 1402 2883 nec
1450 2835 1575 2884 non
1610 2830 1700 2885 te—

164 2904 237 2991 git
275 2926 337 2974 ac
380 2906 635 2995 detegit
679 2906 982 2988 calicem,
1021 2916 1085 2970 et
1116 2915 1262 2970 ante
1292 2905 1700 2974 offertorium

162 3013 349 3077 aquam
391 3007 456 3062 et
499 2998 729 3061 vinum
776 2993 839 3059 in
883 2993 1158 3061 Calicem
1190 2993 1498 3072 infundit3
1532 3015 1698 3062 nunc

164 3079 302 3148 idem
344 3083 697 3182 Episcopus
742 3082 911 3168 apud
957 3085 1024 3149 8.
1074 3084 1146 3146 R.
1195 3085 1265 3149 c.
1322 3082 1701 3167 supplicavit

162 3187 257 3252 pro
295 3170 757 3236 declaratione:
820 3172 915 3234 An
971 3168 1334 3254 supradicta
1381 3169 1445 3233 in
1490 3181 1703 3254 poste-

165 3273 278 3321 rum
318 3257 753 3346 permittenda
799 3255 976 3321 sint?

270 3351 337 3410 Et
381 3350 444 3414 S.
466 3349 543 3411 R.
566 3341 1134 3411 &rescribendum
1166 3346 1452 3410 censuit:
1491 3350 1701 3412 «Dan-

161 3430 289 3496 dum
332 3452 463 3498 esse
497 3438 844 3498 Decretum
884 3432 948 3497 in
994 3435 1404 3499 caesenaten.
1455 3434 1702 3500 editum

162 3519 247 3584 die
286 3525 324 3588 9
364 3520 688 3586 Februarii
742 3523 933 3600 1675,
961 3529 1024 3584 et
1071 3521 1259 3585 etiam
1302 3520 1473 3586 aliud
1522 3540 1701 3607 prae-

163 3605 319 3691 cipue
364 3609 426 3673 in
470 3627 657 3673 causa
700 3610 938 3675 Senen.
974 3610 1056 3673 20
1103 3607 1238 3673 Iulii
1280 3611 1483 3686 16863
1521 3620 1585 3673 et
1622 3610 1701 3672 ita

164 3694 323 3759 etiam
368 3696 433 3761 in
486 3695 760 3762 Civitate
824 3716 894 3760 ac
952 3694 1239 3760 Dioecesi
1296 3696 1697 3780 Fulginaten.

164 3783 367 3848 servari
413 3783 823 3849 mandavit».
875 3780 989 3849 Die
1042 3787 1118 3849 13
1166 3782 1303 3849 Maii
1356 3787 1544 3851 1719.

168 3929 392 4029 2263.
744 3964 1145 4029 venusina,

458 4069 727 4134 tultum
785 4068 1373 4134 PAROCHIALIUM.

1480 3960 1705 4046 (3928)

276 4229 478 4313 Super
527 4229 875 4313 praetensis
941 4229 1180 4294 iuribus
1248 4226 1708 4315 parochialibus

169 4323 223 4374 et
272 4313 691 4381 functionibus
738 4316 1173 4381 ecclesiasticis
1215 4315 1596 4401 peragendis
1645 4314 1710 4379 in

172 4398 391 4483 publica
440 4403 717 4469 Ecclesia
773 4404 1317 4469 Confraternitatis
1376 4407 1442 4468 B.
1496 4405 1575 4468 M.
1628 4402 1719 4467 de

170 4485 398 4556 Planctu
442 4490 726 4557 civitatis
769 4491 1132 4572 Perusinae,
1168 4491 1332 4556 inter
1361 4489 1709 4557 Parochum

171 4572 227 4669 S.
258 4577 644 4645 Elisabethae
683 4598 752 4642 ac
789 4583 1224 4644 Promotorem
1254 4579 1711 4644 Eiscalem*cu-

173 4677 281 4726 riae
320 4665 711 4752 episcopalis·
743 4684 821 4730 ex
869 4687 1015 4748 una,
1052 4675 1117 4730 et
1160 4667 1523 4732 confratres
1552 4667 1712 4731 con-

126 4779 137 4792 ·
177 4745 555 4818 fraternitatis
584 4755 949 4839 praedictae
982 4773 1062 4818 ex
1094 4754 1290 4818 altera
1320 4762 1528 4838 parte,
1564 4751 1716 4818 ortis

52 4883 55 4902 ,
176 4841 637 4918 controversiis3
688 4839 941 4926 illisque
987 4842 1061 4907 ad
1113 4842 1177 4906 S.
1216 4845 1291 4907 R.
1326 4844 1394 4906 C.
1448 4840 1715 4938 delatis,

178 4922 346 4989 Esnns
392 4937 456 4991 et
501 4932 693 4993 Rmus
738 4933 814 4996 D.
848 4929 1033 4994 card.
1066 4928 1379 4994 Oliverius
1412 4927 1721 4992 infrascri-

178 5019 266 5092 pta
308 5009 491 5080 d‘ubia
544 5015 921 5082 declaranda
968 5017 1357 5102 ‚proposuitg

296 5103 353 5165 1.
400 5105 495 5167 An
540 5104 724 5169 liceat
771 5104 1152 5188 cappellano
1184 5101 1720 5169 confraternitatis

181 5185 235 5248 S.
274 5188 487 5254 Mariae
534 5191 619 5257 de
666 5191 921 5256 Planctu
971 5191 1033 5257 in
1084 5190 1362 5256 Ecclesia
1416 5189 1521 5254 vel
1578 5193 1722 5254 Ora-

185 5274 327 5338 torio
369 5276 571 5344 dictae
618 5277 1159 5346 confraternitatis
1205 5278 1470 5362 explere
1530 5275 1723 5341 bene—

186 5355 477 5430 dictiones
521 5366 835 5450 cinerum,
898 5365 1244 5452 palmarum
1309 5374 1372 5430 et
1440 5364 1725 5429 candela·

1783 886 1987 951 centia
2035 886 2338 954 Parochi‘?

1917 978 1978 1039 3.
2029 976 2125 1041 An
2171 975 2359 1041 liceat
2411 975 2619 1043 eidem
2670 978 3180 1045 confraternitati
3243 999 3353 1044 ex-

1784 1081 2026 1148 ponere
2074 1065 2181 1130 SS.
2233 1065 2704 1130 Sacramentum
2750 1066 2813 1132 in
2856 1065 2964 1132 die
3008 1067 3356 1133 Nativitatis

1784 1155 1853 1215 B.
1907 1153 1989 1216 Μ.
2046 1154 2121 1217 V.
2173 1156 2357 1217 Festo
2423 1153 2756 1239 principali
2826 1153 3031 1220 dictae
3099 1155 3355 1222 confra-

1787 1239 2122 1320 ternitatis,
2171 1241 2405 1324 absque
2452 1258 2765 1306 consensu
2825 1250 2888 1306 et
2949 1241 3202 1308 licentia
3247 1246 3353 1309 Pa-

1698 1342 1705 1348 ·
1786 1326 1964 1392 rochi
1993 1323 2025 1389 ⁶?

1920 1417 1985 1479 4.
2034 1417 2129 1479 An
2177 1414 2361 1480 liceat
2422 1414 2633 1481 eidem
2691 1415 3197 1483 Confratemitati
3245 1436 3354 1482 ex-

1792 1520 2034 1588 ponere
2073 1504 2180 1567 SS.
2235 1505 2710 1569 Sacramentum
2760 1502 2823 1567 in
2869 1505 3033 1570 dicta
3080 1505 3357 1571 Ecclesia

1793 1588 2076 1674 qualibet
2122 1589 2478 1673 Dominica,
2556 1609 2722 1674 quae
2784 1592 3107 1678 praecedit
3163 1593 3356 1658 Festi-

1792 1677 2054 1742 vitatem
2100 1679 2167 1742 S.
2194 1678 2444 1743 Antonii
2499 1677 2777 1762 Abbatis,
2827 1689 2892 1744 et
2936 1698 3083 1745 cum
3128 1683 3356 1748 eodem

1794 1765 2176 1917 benedicere
2236 1765 2548 1850 populum
2616 1784 2737 1852 per
2801 1785 2987 1833 suum
3032 1771 3358 1855 cappella-

1799 1870 1954 1918 num

1931 1944 1993 2004 5.
2029 1945 2125 2006 An
2155 1939 2339 2004 liceat
2370 1939 2582 2006 eidem
2614 1941 2852 2008 ducere
2889 1945 3361 2011 Processionem

1796 2027 2150 2093 solemnem
2212 2044 2356 2092 cum
2424 2027 2741 2095 delatione
2809 2030 2919 2097 SS.
2979 2033 3362 2099 Sacramenti

1798 2117 2020 2182 eadem
2069 2115 2174 2181 die
2220 2114 2538 2190 Dominica
2572 2114 2730 2180 intra
2766 2117 2997 2182 limites
3030 2120 3362 2185 Parochiae

1797 2209 1862 2274 S.
1914 2200 2334 2286 Elisabethae,
2366 2203 2603 2286 absque
2635 2203 2882 2269 licentia
2913 2206 3167 2271 Parocbi
3209 2228 3365 2293 quo-

1799 2291 2002 2358 tannis
2049 2288 2447 2356 obtinenda?

1928 2384 1992 2445 6.
2043 2381 2138 2444 An
2186 2379 2368 2443 liceat
2411 2379 2799 2464 cappellano
2855 2381 3185 2466 praedicto
3231 2385 3366 2449 sive

1797 2468 1933 2533 aliis
1978 2465 2425 2532 Sacerdotibus
2454 2468 2530 2533 ab
2578 2467 2886 2554 Episcopo
2910 2471 3267 2570 approbatis
3299 2481 3363 2535 et

1798 2575 1920 2641 per
1961 2553 2557 2621 confraternitatem
2605 2555 2970 2639 invitandis,
3016 2576 3080 2622 tn
3142 2560 3365 2625 eadem

1805 2642 2083 2709 Ecclesia
2129 2641 2338 2706 Missas
2383 2653 2653 2707 cantatas
2700 2643 3028 2711 celebrare
3062 2657 3126 2710 et
3155 2648 3368 2712 Sacra·

1798 2730 2111 2797 mentales
2157 2729 2600 2796 confessiones
2646 2731 2867 2796 audire
2903 2732 3136 2816 absque
3170 2734 3368 2800 licen-

1800 2819 1883 2885 tia
1930 2814 2241 2883 Parochi'?
3319 2870 3326 2875 .

1933 2909 1994 2971 7.
2048 2907 2144 2969 An
2186 2904 2505 2991 pertineat
2550 2904 2625 2969 ad
2675 2908 3025 2974 Parochum
3074 2912 3139 2977 S.
3174 2909 3370 2978 Elisa-

1800 2994 2031 3060 bethae
2079 2994 2182 3058 vel
2230 2993 2444 3081 potius
2489 2994 2563 3058 ad
2611 2996 2739 3081 Cap
2791 2995 3068 3062 ellanum
3116 2998 3371 3064 Confra-

1806 3081 2115 3148 ternitatis
2161 3081 2369 3152 facere
2413 3080 2702 3148 Officium
2774 3082 3017 3148 unebre
3049 3101 3245 3171 super
3276 3107 3373 3152 ca-

1804 3170 2141 3235 daveribus
2189 3187 2440 3249 eorum,
2491 3167 2598 3252 qui
2644 3187 2773 3234 non
2818 3181 2967 3234 sunt
3011 3173 3369 3255 parochiani

1803 3262 1871 3324 S.
1918 3256 2346 3337 Elisabethae,
2396 3255 2784 3342 sepeliendis
2833 3257 2894 3320 in
2940 3255 3108 3322 dicta
3153 3261 3372 3325 Eccle-

1803 3346 1887 3409 sia
1915 3341 2521 3410 confraternitatis?

1938 3436 2017 3497 Et
2066 3436 2129 3498 S.
2160 3435 2232 3497 R.
2263 3435 2333 3497 C.
2363 3430 2724 3518 rescripsit:
2773 3451 2811 3495 c
2836 3430 3031 3497 Dilata
3057 3455 3095 3499 »
3143 3454 3210 3499 ac
3256 3438 3376 3501 Re-

1805 3519 2184 3586 missoriales
2232 3538 2262 3582 a
2307 3519 2582 3585 Parocho
2629 3517 2939 3605 expetitas
2973 3520 3049 3586 ad
3077 3521 3376 3589 effectum

1801 3608 2112 3697 probandi
2161 3617 2562 3693 praetensam
2611 3606 3182 3674 immemorabilem
3231 3629 3378 3677 con·
3473 3619 3478 3630 '

1802 3696 2213 3762 suetudinem
2262 3695 2597 3776 concessit,
2632 3713 2779 3760 cum
2811 3696 3088 3761 clausula
3135 3706 3376 3783 tamen,

1807 3803 1933 3849 non
2003 3785 2338 3850 retardata
2394 3785 2758 3848 executione
2815 3786 3226 3848 Decretorum
3284 3805 3381 3869 ye-

1808 3873 2134 3938 neralium
2178 3872 2452 3937 eiusdem
2483 3870 2554 3933 S.
2598 3871 2668 3935 G.
2711 3873 2956 3935 Verum
3003 3873 3077 3937 ab
3112 3890 3188 3937 eo
3219 3883 3381 3938 tem·
3487 3877 3496 3890 ’

1804 3979 1963 4048 pore
2009 3980 2041 4023 a
2087 3953 2364 4025 Parocho
2413 3958 2824 4042 expeditione
2861 3957 3218 4024 Literarum
3262 3963 3381 4025 Re-

1808 4046 2249 4114 missorialium
2341 4044 2768 4126 recrastinata,
2804 4047 2869 4109 S.
2922 4047 2997 4110 R.
3046 4048 3115 4112 c.
3169 4047 3245 4113 ad
3291 4048 3380 4111 in-

1805 4136 2112 4208 stantiam,
2142 4138 2270 4200 con
2304 4131 2683 4199 raternitatis
2728 4129 2847 4196 sub
2893 4131 2995 4197 die
3043 4136 3127 4198 28
3171 4139 3383 4199 lanua-

1809 4223 1883 4287 rii
1906 4222 2198 4308 proxime
2220 4220 2546 4305 praeteriti
2574 4219 3081 4306 peremptorium
3105 4219 3394 4286 duorum

1812 4310 2129 4375 mensium
2199 4310 2543 4373 terminum
2611 4307 2686 4372 ad
2757 4306 3214 4373 deducendum
3274 4327 3381 4371 sua

1811 4398 1943 4462 iura
1989 4397 2261 4462 parocho
2308 4395 2665 4483 assignavit.
2719 4394 2942 4479 Elapso
2967 4393 3177 4478 itaque
3211 4394 3385 4459 dicto

1814 4485 2111 4566 termine,
2161 4484 2526 4570 reiectaque
2571 4501 2733 4549 nova
2764 4481 2958 4568 ipsius
3001 4479 3259 4544 Parochi
3296 4479 3385 4543 in-

1812 4574 2036 4637 stantia
2080 4591 2276 4657 super
2319 4571 2667 4648 dilatione;

1947 4660 2187 4725 Eadem
2231 4663 2296 4725 S.
2331 4663 2406 4724 R.
2443 4662 2543 4742 c.,
2577 4658 2653 4722 ad
2700 4655 3080 4722 relationem
3134 4654 3269 4720 Emi
3321 4667 3386 4722 et

1818 4748 1955 4812 Rmi
2007 4746 2249 4813 Domini
2299 4745 2639 4813 cardinalis
2681 4741 2978 4826 oliverii,
3028 4740 3178 4807 visis
3237 4743 3388 4809 iuri-

1820 4836 1937 4899 bus
2000 4835 2291 4900 deductis
2359 4843 2423 4898 et
2488 4842 2612 4896 tam
2674 4848 2831 4895 voce
2893 4847 3081 4913 quam
3143 4829 3390 4917 scriptis

1821 4925 2231 4986 Procuratore
2265 4920 2580 5006 praefatae
2610 4917 3155 4984 confraternitatis
3202 4918 3392 4985 infor-

1822 5018 2038 5073 mante
2094 5008 2336 5092 audito,
2398 5008 2474 5073 ad
2527 5005 2885 5091 supradicta
2934 5004 3121 5069 dubia
3169 5008 3393 5072 rescri-

1826 5094 2108 5161 bendum
2155 5096 2440 5161 censuit:

1956 5186 2051 5250 Ad
2105 5188 2166 5249 1.
2214 5203 2252 5247 αι
2280 5181 2668 5248 Affirmative
2703 5202 2765 5245 ι».

1958 5273 2053 5339 Ad
2100 5276 2167 5336 2.
2216 5292 2253 5335 «
2287 5270 2675 5336 Affirmative
2708 5289 2770 5331 ν.

1965 5359 2056 5424 Ad
2109 5363 2174 5424 3.
2223 5381 2260 5424 α
2296 5357 2675 5424 Affirmative
2709 5373 2769 5422 ν.
