4042 5950
1535 307 1639 324 ...
1690 263 1848 344 23r9
1902 306 2006 323 ...

101 420 265 489 simi
310 426 524 488 Patres
555 420 757 489 Sacris
800 419 1054 488 tuendis
1085 419 1334 490 Ritibus
1365 420 1708 509 praepositi

102 509 205 575 nil
258 509 618 576 decernere
665 508 782 575 rati
829 519 1004 592 sunt,
1054 509 1168 576 sed
1226 509 1710 577 rescribendum

105 607 564 664 censuerunt:
621 617 658 660 «
690 600 961 664 Ponatur
1009 596 1072 663 in
1118 597 1320 681 Folio,
1371 609 1437 664 et
1480 596 1712 663 scribat

105 685 419 771 Magister
463 683 1023 753 caeremoniarum
1055 707 1117 750 i».
1179 689 1418 751 lterum
1479 703 1713 772 propo-

105 773 232 840 sita
282 776 482 841 causa
527 773 593 839 in
638 791 804 839 novo
850 771 1179 839 Ordinatio
1226 776 1560 842 conventu
1607 776 1711 841 Sa·

111 880 387 928 crorum
449 860 710 927 Rituum
771 859 1130 947 subsignata
1178 860 1284 929 die
1331 862 1710 946 coadunato,

105 969 184 1015 ac
218 948 557 1036 proposito
603 959 754 1016 voto
799 948 1061 1016 alterius
1092 967 1174 1015 ex
1205 947 1713 1034 Apostolicarum

108 1037 688 1104 Caeremoniarum
722 1036 1028 1122 Magistris
1058 1037 1308 1125 scriptis
1339 1037 1619 1121 reddito,
1644 1055 1713 1102 ac

111 1145 190 1191 re
240 1135 496 1192 mature
541 1135 877 1212 perspecta
931 1124 1356 1213 diligentique
1422 1125 1716 1192 examine

110 1212 423 1298 cribrata,
475 1213 730 1280 tandem
790 1215 972 1280 Sacra
1022 1213 1248 1280 eadem
1291 1212 1713 1300 congregatio

111 1313 414 1368 mentem
459 1321 637 1368 suam
683 1322 716 1365 a
767 1300 961 1384 eruit,
1008 1321 1076 1367 ac
1121 1300 1463 1389 propositis
1506 1298 1716 1367 dubiis

110 1412 146 1453 a
197 1388 498 1455 Pan-ochis
558 1393 707 1455 Prae
758 1388 1003 1455 endatis
1060 1388 1343 1456 Oriolen.
1393 1389 1714 1454 Ecclesiae

114 1478 300 1543 iuxta
362 1477 770 1544 enunciatum
835 1487 1055 1543 votum
1111 1476 1483 1565 rescripsit;
1532 1474 1715 1542 nimi·

113 1582 322 1631 rum:

258 1654 359 1720 Ad
399 1657 457 1719 1.
494 1675 533 1718 ι
559 1651 976 1737 Affirmative,
1009 1653 1085 1719 ad
1123 1653 1392 1742 primam
1425 1663 1712 1740 partem;

113 1741 469 1830 negative,
517 1741 594 1807 ad
643 1742 990 1808 secundam
1020 1763 1087 1808 ».

261 1830 361 1897 Ad
408 1834 474 1895 2.
524 1849 561 1892 «
595 1829 938 1915 Negative,
1002 1832 1078 1897 ad
1142 1841 1541 1915 utrumque;
1600 1828 1714 1895 sed

119 1918 270 1985 fieri
310 1918 508 1986 debet
538 1936 699 1983 nova
730 1919 944 1984 Fontis
974 1918 1336 1986 benedictio
1369 1935 1514 1985 cum
1546 1916 1715 1983 Oleis

120 2007 274 2073 anni
323 2004 804 2093 praecedentia,
852 2026 973 2073 ceu
1033 2006 1359 2094 provisum
1404 2006 1470 2071 in
1516 2004 1718 2092 prima

119 2109 312 2180 parte
361 2093 710 2181 superioris
755 2092 1028 2160 dubii».

261 2182 363 2250 Ad
412 2187 476 2250 3.
525 2202 562 2245 «
596 2181 928 2268 Negative,
976 2183 1052 2279 ad
1110 2182 1377 2268 primam
1428 2193 1712 2269 partem,

123 2270 553 2352 Affirmative‚
602 2271 680 2337 ad
725 2271 1074 2337 secundam
1108 2292 1171 2336 i».

268 2359 366 2425 Ad
418 2362 482 2424 4.
532 2356 1029 2443 ‹Affirmative,
1092 2360 1170 2426 ad
1238 2360 1507 2446 primam
1580 2378 1720 2446 par-

129 2458 315 2531 tem;
366 2445 697 2535 Negative‚
748 2448 826 2515 ad
872 2449 1220 2516 secundam
1252 2470 1314 2513 iv.

269 2535 484 2620 Atque
552 2535 634 2600 ita
693 2535 1040 2622 rescripsit.
1104 2536 1218 2603 Die
1283 2541 1367 2603 23
1428 2538 1718 2622 Septem-

131 2622 267 2689 bris
322 2626 521 2691 1837.

133 2798 394 2868 2⁷⁷4.
787 2800 1089 2865 onleS

499 2908 569 2970 B.
607 2905 688 2970 Μ.
725 2906 800 2971 V.
839 2907 939 2970 DE
971 2906 1369 2971 MERCEDE.

273 3065 478 3141 Quum
510 3062 766 3129 Alumni
795 3060 1045 3130 Ordinis
1074 3066 1299 3129 Beatae
1331 3062 1554 3128 Mariae
1587 3062 1724 3128 Vir-

132 3152 306 3240 ginis
331 3153 417 3219 de
435 3152 731 3217 Mercede
747 3151 1112 3251 Apostolico
1136 3149 1455 3236 gaudeant
1479 3150 1724 3218 indulto

133 3248 333 3307 sexto
386 3240 532 3306 Idus
585 3240 870 3306 Octobris
924 3238 1260 3324 quotannis
1324 3237 1541 3305 Officio
1608 3238 1727 3304 snb

135 3330 276 3396 ritu
321 3327 595 3413 duplicis
640 3325 883 3414 primae
928 3325 1137 3393 classis
1182 3344 1331 3394 cum
1375 3337 1593 3392 octava
1626 3345 1728 3391 re-

135 3417 364 3483 colere
406 3413 921 3483 Anniversarium
967 3414 1390 3482 Dedicationis
1436 3413 1725 3480 omnium

138 3502 575 3572 Ecclesiarum
621 3501 871 3570 Ordinis
917 3502 1151 3590 ipsius;
1202 3502 1504 3569 nonnulla
1535 3501 1729 3569 dubia

139 3593 208 3660 in
272 3590 778 3679 praesentiarum
848 3590 1116 3656 excitata
1181 3593 1412 3657 Sacrae
1467 3589 1727 3656 Ritnum

138 3679 653 3778 congregationi·
682 3697 803 3764 pro
846 3688 1200 3767 opportuna
1233 3677 1549 3745 solutione
1581 3695 1727 3763 pro·

139 3786 454 3858 posuere,
503 3784 852 3834 nimirum:

287 3853 350 3923 ’1.
400 3858 497 3923 An
542 3855 942 3944 praedictum
998 3854 1286 3922 Officium
1330 3856 1434 3923 die
1481 3853 1729 3921 decima

139 3942 436 4013 Octobris
477 3944 979 4031 persolvendum
1038 3943 1118 4009 sit
1166 3942 1240 4008 iis
1287 3943 1351 4009 in
1396 3940 1730 4010 coenobiis

145 4043 423 4117 tantum,
456 4032 520 4098 in
551 4031 782 4119 quibus
812 4041 990 4098 certo
1028 4042 1268 4098 constat
1297 4032 1568 4099 adiectas
1614 4034 1732 4096 Ec-

144 4122 374 4188 clesias
410 4121 604 4188 fuisse
648 4129 1038 4186 consecratas
1068 4135 1087 4199 ;
1135 4138 1214 4186 an
1244 4139 1398 4186 vero
1429 4119 1495 4186 in
1530 4118 1732 4185 omni·

144 4212 268 4277 bus
315 4208 568 4275 Ordinis
617 4206 987 4291 coenobiis,
1052 4208 1242 4274 etiam
1302 4208 1352 4272 si
1415 4206 1732 4275 Ecclesiae

146 4298 436 4365 adnexae
481 4315 610 4363 non
654 4296 779 4361 sint
823 4292 1281 4362 consecratae?

285 4389 354 4452 2.
405 4387 503 4452 An
547 4384 611 4450 in
660 4382 951 4452 omnibus
995 4381 1354 4467 coenobiiS,
1386 4382 1519 4450 sive
1554 4394 1731 4450 certe

147 4473 390 4540 sciatur
432 4469 569 4539 sive
614 4491 741 4539 non
786 4470 1019 4539 sciatur
1069 4472 1207 4538 dies
1254 4470 1738 4538 consecrationis

151 4580 267 4628 seu
317 4559 739 4628 Dedicationis
787 4559 1133 4643 Ecclesiae,
1268 4558 1463 4626 rsolvi
1509 4560 1739 4626 debeat

151 4648 447 4718 Officium
493 4648 984 4716 consecrationis
1028 4648 1134 4715 die
1225 4649 1424 4715 ecima
1454 4646 1739 4715 Octobris

155 4737 284 4805 fixe
309 4736 619 4826 assignata
642 4756 760 4824 pro
785 4741 972 4803 Festo
1005 4735 1423 4803 Dedicationis
1455 4735 1738 4803 omnium

155 4824 588 4894 Ecclesiamm
632 4822 930 4893 Ordinis?

1495 2797 1720 2887 (assi)

287 4917 368 4980 Et
415 4915 600 4981 Sacra
646 4914 873 4980 eadem
905 4912 1164 4980 Rituum
1195 4911 1643 5000 congregatio,
1679 4912 1743 4978 in

156 4999 486 5071 ordinario
552 5002 752 5069 coetu
821 5001 895 5068 ad
966 5000 1338 5069 Vaticanum
1403 5001 1742 5070 coadunata

158 5091 382 5178 quinto
447 5088 596 5155 Idus
656 5089 855 5155 Martii
915 5088 1226 5154 vertentis
1269 5089 1447 5171 anni,
1498 5087 1584 5153 nil
1644 5108 1747 5155 re·

1816 421 1941 509 ptis
1974 422 2173 508 edito,
2199 423 2527 511 relataque
2553 424 2788 493 iterum
2820 424 3109 493 instantia
3143 426 3205 494 in
3237 448 3404 495 novo

1814 510 2142 577 Ordinario
2189 513 2389 579 coetu
2435 512 2793 599 subsignata
2853 512 2961 580 die
3023 516 3403 601 coadunato,

1819 598 2315 666 Eminentissimi
2351 611 2416 666 et
2453 601 2991 668 Reverendissimi
3037 606 3250 670 Patres
3297 608 3405 672 Sa-

1815 684 1939 751 cris
1989 687 2244 753 tuendis
2293 688 2537 757 Ritibus
2574 689 2945 777 praepositi,
2982 690 3191 757 audita
3225 692 3401 760 fideli

1814 774 2124 842 relatione
2154 774 2229 841 ab
2260 774 2659 863 infrascripto
2697 777 3054 845 Secretario
3084 777 3268 865 facta,
3301 799 3404 847 re·

1816 862 2180 949 scripsere:
2244 883 2281 926 «
2315 867 2491 930 quta
2538 874 2760 931 votum
2821 864 3020 952 ipsius
3065 868 3404 934 caeremo-

1817 948 2065 1015 niarum
2113 950 2386 1037 Magistri
2419 974 2503 1017 »ε
2553 952 2905 1020 videlicet:

1946 1038 2042 1104 Ad
2094 1043 2154 1105 1.
2204 1060 2243 1103 ι
2274 1039 2605 1124 Negative,
2654 1039 2732 1105 ad
2780 1042 3049 1130 primam
3114 1054 3398 1131 partem;

1814 1124 2230 1211 Affirmative,
2282 1128 2358 1194 ad
2405 1128 2748 1195 secundam
2783 1151 2848 1195 ».

1821 1300 1833 1312 ·
1947 1214 2045 1314 Ad
2093 1219 2161 1282 2.
2214 1237 2251 1279 (t
2283 1214 2718 1296 Affirmative;
2766 1236 2883 1283 seu
2917 1216 3042 1285 iam
3072 1219 3400 1306 provisum

1820 1319 1882 1367 in
1928 1321 2142 1388 primo
2175 1324 2241 1369 ».

1947 1391 2157 1477 Atque
2221 1391 2303 1457 ita
2363 1391 2747 1459 servandum
2804 1394 3209 1462 mandarunt.
3286 1395 3401 1462 Die

1820 1481 1903 1545 23
1953 1478 2351 1566 Septembris
2400 1482 2590 1547 1837.

1821 1635 2066 1705 2775.
2373 1638 2852 1745 SPOLETANA.
3175 1637 3402 1725 (4824)

1995 1779 2181 1847 lllme
2229 1791 2295 1845 et
2340 1784 2498 1847 ane
2529 1780 2796 1847 Domine
2843 1780 2937 1847 uti
2984 1785 3229 1849 Frater.

1954 1922 2178 1987 Sacrae
2207 1919 2466 1987 Rituum
2501 1922 2989 2009 congregationi
3042 1921 3404 1989 humillime

1821 2008 2264 2095 supplicarunt
2311 2007 2486 2074 Prior
2532 2018 2597 2074 et
2638 2008 3159 2094 Archidiaconus,
3191 2010 3405 2096 Digni-

1820 2106 1979 2163 tates
2023 2094 2203 2162 istius
2245 2098 2771 2185 metropolitanae
2817 2097 3138 2164 Ecclesiae
3185 2099 3408 2185 Spole-

1821 2194 2029 2267 tanae,
2062 2183 2368 2251 declarari
2415 2198 2632 2252 utrum
2668 2184 2817 2272 ipsis
2850 2184 2986 2272 (qui
3028 2203 3105 2252 ex
3141 2187 3407 2271 Aposto-

1822 2270 1959 2338 licis
2007 2270 2261 2337 Litteris
2308 2272 2373 2339 in
2420 2273 2622 2340 forma
2666 2272 2883 2340 Brevis
2936 2273 3254 2359 expeditis
3301 2274 3408 2341 die

1829 2364 1906 2427 13
1938 2359 2174 2447 Aprilis
2221 2379 2384 2426 anno
2439 2365 2631 2440 1802,
2681 2371 3100 2427 accensentur
3143 2362 3286 2428 albo
3342 2371 3407 2429 et

1821 2465 2096 2514 numero
2141 2450 2571 2516 Praelatorum
2620 2447 3155 2535 Domesticorum)
3203 2450 3265 2516 vi
3312 2449 3407 2515 iu-

1821 2536 1990 2602 rium
2040 2546 2105 2602 et
2154 2535 2643 2624 privilegiorum
2695 2536 2992 2603 Praelatis
3038 2537 3409 2605 Domesticis

1827 2623 2320 2710 inhaerentium,
2357 2625 2544 2692 liceat
2573 2625 2667 2691 uti
2710 2643 2838 2691 non
2867 2624 3075 2690 solum
3109 2625 3410 2695 violaceis

1829 2711 2110 2779 vestibus
2156 2731 2301 2778 cum
2350 2712 2667 2797 rochetto,
2702 2712 2816 2778 sed
2867 2711 3054 2779 etiam
3101 2712 3166 2779 in
3205 2713 3408 2780 eccle-

1823 2798 2088 2865 siasticis
2133 2798 2560 2867 functionibus
2606 2805 2858 2868 canone
2905 2811 2970 2866 et
3017 2800 3406 2889 palmatoria,

1830 2898 1953 2953 tam
1984 2887 2146 2953 intra
2176 2889 2501 2976 propriam
2544 2888 2894 2955 Ecclesiam
2930 2900 2994 2954 et
3024 2887 3406 2974 Dioecesim,

1831 2994 2018 3061 quam
2083 2986 2261 3041 extra
2326 2978 2488 3045 illas.
2555 2975 2881 3063 Proposito
2943 2977 3141 3044 dubio
3201 2979 3252 3044 si
3316 2976 3412 3044 di-

1828 3074 2008 3129 recte
2078 3065 2242 3129 l'oret
2310 3065 2822 3148 occurrendum,
2895 3063 3162 3131 cuilibet
3229 3064 3411 3133 facile

1830 3162 2083 3239 pateret
2118 3153 2602 3239 responsionem
2637 3153 2789 3219 illuc
2823 3152 3123 3237 tendere,
3160 3163 3237 3220 ut
3265 3173 3410 3253 per-

1831 3240 2095 3305 missum
2148 3239 2229 3304 sit
2289 3240 2644 3308 oratoribus
2697 3240 2789 3305 uti
2845 3239 3083 3325 ubique
3129 3239 3413 3308 vestibus

1828 3326 2149 3411 violaceis,
2200 3346 2328 3395 non
2372 3346 2527 3395 vero
2574 3327 2940 3416 palmatoria
3004 3337 3069 3394 et
3127 3332 3409 3415 canone,

1831 3433 1993 3499 quae
2039 3415 2472 3483 attribuuntur
2516 3414 2816 3501 collegiis
2862 3415 3184 3482 nonnullis
3229 3420 3413 3482 Prae·

1832 3504 2129 3587 latorum,
2158 3503 2423 3571 minime
2447 3523 2600 3570 vero
2632 3502 2899 3589 singulis
2928 3503 3250 3570 Praelatis.
3285 3503 3414 3573 Sed

1832 3592 2129 3677 quoniam
2177 3593 2397 3659 Sacrae
2458 3591 2949 3679 congregationi
3011 3592 3286 3660 innotuit
3333 3590 3409 3658 ad

1835 3680 1952 3747 boc
2021 3678 2367 3746 excitatum
2436 3680 2629 3747 fuisse
2695 3679 3004 3764 dubium,
3069 3691 3140 3746 ut
3202 3682 3415 3768 aliquo

1832 3766 2025 3833 modo
2072 3787 2105 3834 a
2151 3767 2529 3854 supradictis
2588 3767 2800 3834 Priore
2849 3778 2915 3835 et
2959 3768 3416 3836 Archidiacono

1831 3855 2290 3921 cohonestetur
2354 3875 2503 3923 usus
2562 3856 2829 3923 canonis
2892 3868 2956 3922 et
3003 3856 3417 3945 palmatoriae

1833 3943 2061 4009 saltem
2120 3944 2281 4010 intra
2339 3945 2662 4031 propriam
2733 3943 3114 4029 Ecclesiam,
3177 3944 3242 4010 in
3297 3962 3418 4030 qua

1836 4030 2072 4097 iamdiu
2120 4032 2379 4119 proprio
2427 4041 2631 4097 marte
2676 4033 2830 4099 baec
2878 4031 3222 4110 adhibent;
3274 4050 3420 4119 pro-

1835 4130 2055 4208 pterea
2081 4123 2159 4184 ad
2186 4119 2451 4185 abusum
2474 4119 2728 4208 penitus
2756 4118 3218 4186 eliminandum
3256 4120 3421 4186 Emi-

1836 4207 2190 4274 nentissimi
2237 4218 2302 4273 et
2356 4206 2893 4275 Reverendissimi
2948 4210 3161 4274 Patres
3216 4206 3423 4276 Sacris

1836 4294 2081 4363 Ritibns
2125 4296 2383 4362 tuendis
2431 4293 2773 4384 praepositi
2820 4295 2883 4361 in
2926 4295 3268 4363 ordinariis
3302 4297 3423 4364 Co-

1838 4382 2033 4451 mitiis
2076 4383 2427 4484 subscripta
2490 4384 2595 4450 die
2656 4383 3019 4450 coadunatis
3064 4381 3257 4468 satius
3301 4383 3428 4450 du-·

1840 4482 2078 4538 xerunt
2148 4472 2547 4539 rescribere:
2620 4493 2658 4534 ι
2700 4470 3022 4539 Scribatur
3089 4470 3423 4558 Archiepi-

1838 4579 2033 4646 scopo
2080 4558 2253 4625 iuxta
2300 4570 2611 4626 mentem.
2676 4563 2849 4627 Mens
2909 4566 3120 4625 autem
3183 4570 3304 4643 est,
3353 4570 3424 4625 ut

1840 4646 2212 4736 Amplitudo
2260 4652 2415 4730 Tua,
2467 4646 2875 4715 consideratis
2914 4646 3207 4715 omnibus
3252 4647 3426 4712 iuxta

1843 4736 2130 4822 exposita
2162 4734 2315 4801 iuris
2345 4747 2411 4802 et
2440 4735 2762 4823 privilegii
2796 4735 3134 4824 principia,
3169 4734 3427 4801 nomine

1845 4823 2139 4890 eiusdem
2160 4825 2384 4891 Sacrae
2406 4823 2924 4909 congregationis
2951 4823 3231 4891 inhibeat
3253 4842 3432 4910 prae·

1846 4910 2031 4980 dictis
2076 4910 2498 4997 Dignitatibus
2543 4930 2727 4977 usum
2776 4911 3183 4998 palmatoriae
3218 4921 3285 4976 et
3318 4913 3428 4977 ca-

1847 4998 2054 5084 nonis,
2107 5009 2234 5064 tam
2281 4998 2440 5065 intra
2487 5017 2675 5084 quam
2727 5009 2903 5065 extra
2954 4999 3277 5100 propriam
3308 5000 3431 5066 Ec-

1851 5087 2130 5173 clesiam;
2158 5086 2455 5172 quoniam
2491 5106 2711 5153 eorum
2746 5106 2898 5154 usus
2927 5086 3289 5153 nullimode
3320 5106 3433 5154 ne-

160 5176 576 5246 scribendum
622 5177 868 5244 censuit
900 5177 1052 5264 quin
1084 5188 1264 5244 antea
1299 5175 1748 5260 exquireretur
1853 5193 1978 5262 que
2025 5196 2057 5240 a
2103 5174 2246 5241 iure
2290 5193 2502 5261 neque
2559 5194 2640 5240 ex
2700 5173 3042 5262 privilegio
3088 5192 3302 5260 neque
3352 5194 3434 5242 ex

162 5279 386 5333 votum
433 5266 695 5333 alterius
744 5284 826 5331 ex
872 5266 1378 5353 Apostolicarum
1415 5268 1749 5331 caeremo-

163 5356 411 5422 niarum
459 5353 794 5442 magistris.
848 5354 983 5432 Quo
1029 5352 1241 5421 habito
1288 5363 1438 5419 voto
1484 5351 1549 5420 in
1594 5352 1748 5420 scri-

1854 5263 2104 5331 indulto
2173 5263 2298 5331 illis
2357 5263 2759 5352 competit».
2822 5263 3000 5330 Adeo
3062 5266 3244 5331 Sacra
3304 5264 3434 5352 ipsa

1857 5352 2280 5440 Congregatio
2327 5352 2408 5420 de
2455 5351 2911 5440 Amplitudinis
2973 5355 3138 5421 Tuae
3196 5352 3435 5442 pietate
