4042 5950
2075 259 2547 337 —420—

655 416 803 484 beat
846 425 988 506 post
1031 417 1505 485 Processionem
1555 418 1731 486 Missa
1777 417 2247 507 Rogationum3

654 506 759 572 vel
808 505 1022 593 potius
1067 505 1244 572 Missa
1293 505 1512 572 Feriae
1556 507 1878 574 secundae
1911 507 2245 593 Paschatis‚

657 594 899 661 ratione
946 594 1350 681 potissimum
1399 593 1633 679 habita,
1682 595 1856 681 quod
1905 595 1967 661 in
2015 593 2116 661 his
2149 614 2247 662 re·

654 681 947 767 gionihus
992 682 1169 748 Feria
1234 683 1512 750 secunda
1576 692 1641 749 et
1700 683 1886 750 tertia
1934 681 2247 748 Paschatis

655 769 861 836 adhuc
909 772 1193 837 Festivae
1241 771 1322 837 de
1373 781 1722 858 praecepto
1765 767 2161 837 serventur?

786 861 966 925 Sacra
1016 877 1207 947 porro
1238 858 1500 926 Rituum
1536 860 1985 947 congregatio,
2020 859 2096 926 ad
2129 862 2246 926 Va-

2353 416 2683 503 crationis,
2754 427 3033 505 spectata
3094 417 3417 485 Ecclesiae
3473 417 3811 506 disciplina
3871 430 3929 485 et

2350 503 2556 592 praxi,
2590 524 2719 572 non
2766 506 3048 573 absolute
3094 506 3371 593 intelligi
3406 505 3651 573 debere
3680 506 3800 573 sed
3846 509 3933 572 ci·

2348 597 2639 674 scrotina,
2692 594 2995 660 nimirum
3043 597 3267 660 ceteris
3307 595 3578 679 paribus
3612 595 3676 660 in
3706 596 3932 662 eodem

2352 681 2554 769 gradu
2588 681 3040 772 existentibus;
3078 694 3266 777 atque
3301 682 3564 769 insuper
3599 683 3933 750 attendens
4006 763 4007 778 χ

2349 771 2675 854 vigentem
2739 773 2815 838 ab
2874 770 3128 858 antiqua
3188 782 3394 837 aetate
3457 774 3521 837 in
3580 771 3933 856 Hungarico

2346 861 2569 944 Regno
2630 859 3159 926 consuetudinem
3220 858 3731 947 interpretationi
3798 861 3935 948 Epi-
4006 887 4007 892 ¹

653 945 931 1012 ticanum
978 946 1282 1013 hodierna
1330 945 1434 1013 die
1483 947 1828 1014 coadunata
1875 946 1939 1012 in
1983 946 2244 1013 Ordine·
2332 946 2522 1033 scopi
2577 947 2875 1031 Quinque
2920 947 3272 1015 Ecclesiar.
3322 959 3545 1034 aperte
3603 967 3748 1013 esse
3800 967 3937 1013 con-
4006 989 4007 1012 2

652 1033 762 1099 riis
792 1032 1102 1117 comitiis,
1136 1034 1465 1101 referente
1495 1034 1853 1122 subscripto
1884 1034 2243 1103 Secretario

655 1133 721 1188 et
751 1141 822 1189 re
854 1132 1143 1188 accurate
1176 1123 1554 1206 examinata,
1584 1122 2070 1189 rescribendum
2102 1140 2247 1189 cen-

652 1211 812 1276 suit:
862 1231 901 1274 (
933 1214 1004 1275 ln
1049 1229 1193 1276 casu
1227 1211 1313 1278 de
1344 1229 1471 1296 quo
1503 1210 1737 1296 agitur,
1773 1211 2029 1298 legatur
2068 1211 2240 1276 Missa

652 1298 735 1364 de
782 1298 888 1365 die
944 1316 1092 1364 cum
1151 1297 1760 1365 commemoratione
1818 1299 2241 1386 Rogationum

647 1385 771 1452 sub
814 1386 997 1453 unica
1042 1387 1455 1454 conclusione
1490 1409 1554 1452 ιν.
1603 1387 1815 1473 Atque
1862 1387 1942 1451 ita
1998 1386 2242 1455 servari

651 1474 998 1542 mandavit.

731 1623 740 1628 .
782 1565 895 1629 Die
944 1566 1029 1629 26
1061 1562 1277 1628 ⁴Martii
1332 1566 1526 1632 1859.

649 1701 916 1772 3080.
1203 1706 1692 1772 srfflcomnn.
2009 1703 2236 1790 (seso)

779 1830 850 1891 ln
895 1823 1151 1912 Synodo
1197 1823 1568 1892 Provinciali
1616 1824 1959 1892 novissime
2005 1826 2242 1914 Strigo-

647 1914 785 1979 niae
820 1913 1162 1996 celebrata,
1190 1924 1328 1978 orta
1359 1923 1454 1978 est
1487 1914 1917 1980 controversia
1949 1914 2033 1981 de
2057 1931 2238 1999 prae·

646 2000 940 2068 cedentia
970 2001 1241 2068 sedendi
1286 2002 1860 2088 subscribendique
1894 2003 2067 2069 inter
2098 2006 2147 2068 E
2195 2001 2239 2067 i·

647 2108 872 2178 scopos
919 2089 1342 2156 Provinciales
1404 2088 1488 2155 ibi
1536 2101 1982 2178 congregatos.
2052 2092 2101 2156 A
2176 2110 2235 2156 r·

647 2176 965 2244 mantibus
1007 2177 1325 2264 siquidem
1360 2182 1521 2245 Eme
1570 2185 1639 2245 et'
1682 2183 1839 2245 Rmo
1870 2181 2006 2245 Dflo
2040 2179 2230 2247 card.

644 2265 1144 2354 Arcbiepiscopo
1174 2264 1441 2352 aliisque
1473 2267 1805 2354 Episcopis
1851 2268 2236 2352 praeceden-

646 2352 765 2419 tiae
836 2354 1131 2422 ordinem
1204 2359 1375 2419 inter
1439 2355 1723 2440 singulos
1791 2354 2233 2440 Suffraganeos

635 2441 1118 2532 ¹desumendum
1169 2460 1308 2508 esse
1354 2461 1384 2505 a
1431 2442 1562 2525 die,
1611 2460 1736 2528 qua
1782 2442 2057 2528 quisque
2101 2442 2234 2510 illo·

642 2547 789 2596 rum
847 2529 1450 2616 comprovincialem
1509 2529 1746 2597 Sedem
1808 2529 2229 2614 obtinuisset3

642 2621 838 2684 umus
900 2617 1207 2705 Georgius
1266 2615 1418 2682 Girk
1479 2617 1838 2706 Episcopali
1903 2635 2232 2685 consecra-

642 2704 817 2771 tione
865 2716 931 2771 et
975 2704 1164 2772 titulo
1211 2704 1532 2772 Ecclesiae
1579 2706 1946 2772 Adrasensis
1994 2706 2055 2771 in
2090 2726 2230 2793 par-

640 2791 811 2859 tibus
857 2794 933 2860 ab
964 2811 1125 2860 anno
1166 2796 1333 2860 1838
1363 2792 1655 2877 donatus,
1690 2794 2044 2881 Episcopus
2076 2815 2229 2862 vero

641 2880 1044 2948 Provincialis
1088 2879 1380 2966 Quinque
1440 2882 1784 2949 Ecclesiar.
1832 2883 2231 2950 renuntiatus

641 2969 747 3036 die
781 2974 858 3038 10
882 2970 1081 3037 Martii
1114 2974 1306 3054 1853,
1334 2971 1793 3057 protestatione
1828 2971 2227 3058 interposita,

642 3059 1032 3146 prolatisque
1096 3059 1160 3126 in
1213 3060 1499 3126 medium
1551 3062 1701 3126 can.
1758 3062 2098 3145 Episcopus
2148 3058 2221 3143 8,

639 3148 790 3214 dist.
850 3150 967 3232 17,
1015 3152 1169 3216 can.
1237 3146 1503 3214 Placuit
1554 3152 1626 3231 1,
1687 3147 1840 3214 Dist.
1900 3151 2018 3230 18,
2068 3152 2219 3216 can.

643 3238 807 3303 cum
853 3246 1100 3304 certum
1151 3241 1211 3317 1,
1260 3236 1345 3303 de
1391 3236 1658 3302 Maiorit.
1701 3245 1765 3301 et
1798 3235 2022 3316 obed.;
2076 3238 2224 3303 Cac-

636 3324 982 3391 remom'alt'
1027 3327 1486 3410 Episcoporum
1530 3327 1686 3412 cap.
1733 3327 1958 3405 XXXI,
2009 3323 2121 3391 lib.
2166 3329 2222 3410 1,

638 3413 676 3497 g
733 3416 836 3494 15,
879 3432 999 3478 nec
1043 3432 1171 3479 non
1214 3412 1350 3479 aliis
1395 3412 1914 3489 auctoritatibus;
1963 3431 2223 3500 praece-

636 3501 922 3567 dentiam
969 3499 1086 3567 sibi
1135 3501 1393 3568 omnino
1439 3500 1664 3567 deberi
1706 3499 2091 3567 existimavit
2120 3521 2224 3567 su-

637 3607 747 3677 pra
809 3589 1089 3674 reliquos
1140 3589 1567 3675 coepiscopos
1630 3587 1951 3655 recentius
2003 3607 2222 3655 conse·

636 3685 865 3758 cratos,
901 3675 1051 3743 licet
1079 3677 1323 3743 ratione
1356 3677 1622 3762 adeptae
1655 3677 2220 3775 comprovincialis

637 3764 817 3832 Sedis
865 3763 1280 3849 antiquiores.
1342 3765 1599 3850 synodo
1655 3765 1911 3831 interim
1959 3766 2220 3851 pacifice

633 3852 941 3937 absoluta,
991 3853 1198 3919 delata
1249 3853 1679 3919 controversia
1727 3852 1847 3919 fuit
1893 3853 1969 3920 ad
2019 3854 2220 3940 pedes

635 3939 810 4009 SSmi
857 3944 931 4007 D.
983 3942 1059 4006 N.
1109 3940 1196 4007 Pii
1242 3944 1441 4029 Papae
1487 3943 1593 4025 lx,
1659 3959 1866 4027 eoque
1925 3939 2216 4025 iubente,

633 4028 868 4098 iudicio
930 4031 1151 4097 Sacrae
1209 4031 1468 4097 Rituum
1528 4028 2020 4115 congregationi
2073 4028 2219 4096 sub-

635 4120 819 4186 iecta.

763 4210 927 4274 Haec
986 4224 1221 4292 porro,
1269 4216 1538 4292 utraque
1597 4214 1779 4292 parte
1841 4204 1907 4270 in
1967 4206 2219 4293 scriptis

629 4297 867 4379 audita,
917 4313 1169 4362 necnon
1217 4296 1533 4381 exquisito
1581 4296 1864 4382 desuper
1909 4305 2058 4360 voto
2127 4297 2213 4361 al-

633 4385 831 4452 terius
863 4402 943 4449 ex
974 4384 1479 4470 Apostolicarum
1509 4379 2062 4449 Caeremoniarum
2103 4388 2217 4450 Ma-

629 4473 865 4562 gistris‚
913 4472 980 4541 in
1024 4471 1367 4539 Ordinariis
1412 4471 1601 4538 huius
1644 4470 1773 4538 diei
1822 4470 2104 4538 comitiis
2134 4474 2212 4540 ad

630 4560 998 4630 Vaticanum
1047 4559 1298 4645 habitis,
1348 4560 1668 4625 referente
1717 4561 1876 4624 Ειῖιο
1936 4570 2001 4624 et
2052 4564 2213 4627 Pano

627 4655 702 4718 D.
766 4646 1079 4717 cardinali
1145 4649 1548 4716 Constantino
1608 4646 1826 4713 Patrizi
1899 4647 2215 4738 Episcopo

625 4736 936 4805 Albanen.
1001 4746 1068 4802 et
1134 4739 1470 4804 Sacrorum
1531 4737 1791 4803 Rituum
1852 4738 2214 4824 congrega—

627 4825 780 4893 tioni
812 4824 1162 4909 Praefecto,
1199 4826 1696 4890 controversiam
1731 4825 1927 4911 ipsam
1963 4836 2210 4892 mature

625 4913 921 4981 discussit
986 4931 1057 4979 ac
1124 4911 1438 4980 definivit.
1520 4914 1929 4999 Perpendens
1995 4913 2208 4999 itaque

623 5005 908 5069 Canones
951 5002 1231 5088 aliasque
1295 5002 1700 5067 auctoritates
1762 5001 1838 5066 ab
1893 5001 2207 5088 Episcopo

630 5092 926 5174 Quinque
970 5091 1321 5157 Ecclesiar.
1364 5087 1721 5174 deductas,
1771 5090 1923 5157 dum
1981 5091 2208 5157 decer-

622 5186 787 5245 nunt
855 5188 1173 5264 tamquam
1244 5180 1529 5264 regulam
1601 5180 1972 5245 statuendae
2042 5177 2210 5243 inter

625 5269 973 5354 Episcopus
1019 5266 1506 5352 praecedentiae
1551 5264 2050 5351 praerogativam
2100 5268 2210 5331 Or·

624 5355 847 5437 diuum
893 5365 959 5418 et
1008 5364 1261 5441 tempus
1317 5352 1738 5419 ordinationis
1791 5370 1904 5417 seu
1973 5356 2204 5420 conse-

2346 1034 2628 1118 trariam‚
2681 1034 3072 1102 declaravit:

2476 1143 2515 1186 ‹
2551 1127 2619 1188 ln
2666 1142 2811 1189 casu
2858 1124 2946 1190 de
2988 1143 3119 1210 quo
3151 1124 3383 1214 agitur,
3416 1125 3933 1209 praecedentiam

2346 1209 2662 1297 Episcopo
2736 1213 3033 1296 Quinque
3098 1215 3449 1280 Ecclesiam
3521 1213 3930 1300 competere,

2346 1296 2523 1364 iuxta
2550 1309 2805 1387 tempus
2827 1301 3093 1387 adeptae
3116 1302 3300 1368 Sedis
3324 1300 3718 1387 Episcopalis
3740 1302 3935 1377 Quin·

2342 1405 2467 1470 que
2509 1389 2859 1455 Ecclcstar.
2898 1409 2963 1455 ν.

2376 1503 2389 1514 -
2482 1476 2592 1541 Die
2638 1480 2723 1543 26
2771 1477 2968 1543 Martii
3021 1480 3213 1545 1859.

2344 1655 2615 1723 3090.
2867 1655 3396 1721 ΜΕυιοιΑΝΕΝ.

2722 1744 3548 1824 pmnnmmnn‘rmnuu.

2472 1904 2713 1968 Statuta
2743 1900 3013 1988 capituli
3048 1901 3566 1987 Metropolitanae
3610 1902 3931 1969 Ecclesiae

2339 1988 2822 2057 mediolanensis
2852 1989 3130 2077 primum
3158 2010 3191 2054 a
3224 1993 3294 2057 S.
3326 1989 3551 2056 carolo
3584 1993 3931 2056 Bon-emec

2338 2078 2616 2161 condita,
2663 2078 2903 2144 deinde
2949 2097 2984 2143 a
3029 2077 3353 2145 Friderico
3411 2077 3737 2145 cardinali
3792 2082 3933 2146 Bor-

2339 2184 2585 2249 romeo‚
2636 2166 2933 2232 facultate
2976 2185 3033 2231 s.
3084 2185 3173 2232 m.
3222 2165 3575 2234 Clementis
3608 2164 3932 2234 Vm'Pon-

2337 2254 2523 2320 tilicis
2581 2254 2830 2320 Maximi
2892 2253 3408 2338 interveniente,
3468 2253 3813 2338 recognita
3876 2265 3935 2320 et

2335 2341 2647 2424 absoluta,
2696 2343 3082 2424 decernunt,
3117 2354 3188 2407 ut
3218 2341 3732 2428 Archiepiscopo
3764 2343 3934 2430 gravi

2334 2431 2420 2498 de
2449 2448 2634 2497 causa
2666 2430 3003 2516 impedito,
3046 2429 3260 2498 divina
3290 2429 3503 2497 Officia
3535 2448 3713 2515 quae
3746 2431 3937 2497 certis

2332 2519 2561 2586 diebus
2623 2518 2999 2586 solemniter
3054 2517 3167 2583 ille
3224 2519 3556 2587 celebrare
3626 2517 3933 2602 deberet,

2334 2607 2750 2674 celebrentur
2817 2605 2895 2673 ab
2959 2604 3534 2694 archipresbytero
3564 2655 3582 2689 ‚
3656 2608 3779 2693 qui
3846 2619 3937 2674 est

2336 2696 2536 2783 prima
2595 2694 2912 2780 Dignitas3
2966 2712 3173 2780 eoque
3229 2694 3493 2760 absente
3557 2695 3668 2761 vel
3738 2696 3935 2783 impe-

2333 2784 2508 2866 dito,
2573 2803 2606 2848 a
2664 2781 3069 2860 Primicerio;
3132 2782 3368 2851 deinde
3430 2803 3465 2849 a
3535 2786 3935 2872 Praeposito,

2331 2881 2474 2959 post
2520 2891 2550 2935 a
2613 2876 2899 2949 Decano;
2949 2869 3152 2957 iisque
3213 2871 3510 2940 omnibus
3572 2872 3933 2959 impeditis,
4006 2947 4007 2952 ,

2331 2960 2408 3027 ab
2452 2980 2530 3026 eo
2578 2960 2747 3026 inter
2793 2959 3161 3043 canonicos,
3197 2979 3354 3045 quos
3399 2971 3633 3028 vocant
3661 2961 3934 3029 Ordina-

2331 3048 2483 3131 rios‚
2533 3050 2638 3135 qui
2690 3048 2866 3135 prior
2912 3048 3451 3133 postDiguitates
3480 3050 3562 3115 sit
3596 3068 3933 3135 praesens.

2326 3140 2536 3215 Quum
2581 3147 2797 3203 autem
2846 3140 2916 3203 D.
2954 3138 3216 3204 carolus
3247 3155 3283 3201 e
3315 3135 3680 3204 comitibus
3714 3140 3935 3204 Caccia

2328 3225 2685 3293 Dominioni
2718 3223 3070 3292 canonicus
3101 3225 3528 3308 Primicerius,
3564 3227 3683 3311 qui
3717 3227 3783 3292 in
3826 3230 3935 3294 Or·

2328 3315 2481 3380 dine
2538 3313 3065 3398 Presbyterorum
3126 3324 3223 3379 est
3284 3314 3565 3380 secunda
3612 3313 3930 3401 Dignitas,

2327 3403 2543 3490 paucis
2588 3400 2813 3467 abhinc
2859 3402 3035 3468 annis
3085 3401 3433 3490 Episcopus
3481 3403 3791 3469 Titularis
3825 3407 3935 3469 Fa·

2325 3499 2720 3577 maugustan.
2771 3509 2841 3556 ac
2887 3490 3146 3556 insimul
3194 3489 3533 3557 Auxiliaris
3594 3492 3743 3556 ami
3810 3496 3933 3559 no·

2325 3577 2478 3644 mini
2509 3576 2973 3643 Bartholomaei
2996 3577 3249 3645 Romilli
3273 3578 3765 3666 Archiepiscopi
3802 3582 3931 3645 He·

2322 3665 2709 3734 diolanensis
2738 3683 2770 3729 a
2804 3667 3026 3733 Sancta
3056 3667 3229 3733 Sede
3268 3666 3631 3753 Apostolica
3686 3685 3929 3733 renun-

2324 3756 2509 3820 tiatus
2539 3753 2762 3836 fuerit,
2793 3753 3183 3821 existimavit
3213 3773 3340 3820 non
3372 3754 3638 3839 quidem
3674 3755 3925 3821 ratione

2322 3842 2810 3924 primiceriatus,
2859 3843 2972 3908 sed
3024 3844 3265 3910 ratione
3314 3843 3576 3909 honoris
3621 3852 3695 3907 et
3737 3843 3923 3909 obse—

2320 3932 2480 4016 quii,
2530 3931 2703 4016 quod
2749 3931 3169 4016 praecellenti
3216 3930 3576 4019 Episcopali
3616 3931 3920 4019 Dignitati

2323 4030 2386 4085 et
2433 4019 2776 4086 characteri
2822 4019 3139 4085 debetur:
3189 4022 3536 4106 praecipue
3571 4031 3797 4086 autem
3832 4040 3923 4085 ra-

2323 4108 2496 4173 tione
2542 4105 2858 4192 qualitatis
2904 4106 3198 4195 Episcopi
3232 4105 3610 4174 Auxiliaris:
3663 4107 3919 4193 praedi·

2320 4205 2495 4261 ctum
2561 4213 2655 4260 lus
2714 4211 2831 4282 pro
2889 4195 3390 4283 Archiepiscopo
3447 4194 3769 4283 impedito
3822 4196 3917 4262 di·

2318 4282 2460 4348 vina
2483 4282 2694 4350 Officia
2722 4283 3098 4351 solemniter
3129 4284 3524 4368 celebrandi,
3554 4283 3919 4372 posthabita

2318 4373 2510 4438 etiam
2557 4372 2759 4460 prima
2805 4372 3081 4458 capituli
3131 4372 3470 4460 nignitate,
3519 4373 3635 4439 sibi
3691 4373 3919 4439 exclu-

2314 4461 2447 4525 sive
2493 4470 2892 4548 competere,
2927 4472 3123 4545 prout
3165 4461 3416 4546 saepius
3461 4462 3547 4528 de
3594 4460 3765 4527 facto
3815 4480 3919 4527 ce-

2316 4546 2609 4632 lebravit,
2660 4549 2850 4614 etiam
2896 4560 3231 4634 praesente
3277 4549 3618 4635 aliquando
3668 4561 3737 4615 et
3766 4550 3919 4617 assi·

2314 4648 2530 4703 stente
2589 4640 2723 4727 ipso
2782 4634 3300 4725 Arcbiepiscopo.
3370 4643 3645 4704 Evectus
3690 4650 3913 4704 autem
4006 4692 4007 4707 ,

2314 4743 2533 4791 mense
2578 4725 2780 4813 Aprili
2834 4728 3001 4794 1858
3059 4726 3137 4792 ad
3201 4728 3474 4813 primam
3519 4726 3912 4814 Dignitatem

2311 4814 2985 4901 Archipresbyteratus
3030 4814 3380 4881 Canonicus
3410 4816 3718 4882 Dominus
3759 4818 3911 4881 Cae-
4006 4830 4007 4869 ³

2313 4924 2412 4969 sar
2458 4904 2642 4969 Maria
2690 4903 2994 4970 Pertusati
3042 4902 3314 4985 obstitit,
3349 4915 3415 4969 et
3444 4903 3543 4968 ius
3588 4902 3757 4970 illud
3791 4902 3909 4969 sihi

2310 4993 2570 5059 omnino
2619 5009 2769 5078 prae
2816 4991 3073 5074 ceteris,
3123 4993 3343 5077 quavis
3388 4990 3505 5056 alia
3563 5002 3909 5077 quantum·

2314 5081 2468 5147 libet
2517 5081 2746 5167 insigni
2806 5079 3121 5165 Dignitate
3167 5100 3200 5145 a
3247 5080 3539 5166 Capitulo
3602 5092 3907 5146 extranea
4006 5122 4007 5151 1

2310 5168 2729 5256 fulgentibus,
2778 5177 3148 5255 competere
3196 5170 3568 5248 contendit3
3618 5180 3761 5235 tum
3827 5187 3907 5234 ex
4006 5192 4007 5203 ¹

2313 5257 2442 5342 ipsa
2474 5259 2683 5323 nativa
2715 5257 3005 5323 eiusdem
3036 5257 3282 5343 primae
3313 5256 3645 5342 Dignitatis
3682 5255 3907 5323 indole

2310 5347 2443 5412 sive
2508 5344 2743 5410 iurium
2806 5346 3264 5433 capitularium
3311 5359 3568 5432 natura,
3619 5357 3761 5415 tum
3821 5365 3899 5410 ex

3707 1655 3931 1741 (52⁹2)
