4042 5950
1585 281 2056 357 -129—

199 453 355 515 vera,
403 453 565 518 quae
614 436 948 503 exhumari
999 437 1331 502 debebunt
1377 436 1547 502 iuxta
1591 456 1771 504 men-

197 533 308 585 tem
354 524 606 588 Decreti
640 573 655 604 ‚
709 525 878 608 quod
928 525 1080 590 alias
1126 525 1201 590 ad
1252 525 1496 591 similes
1542 545 1769 611 preces

198 609 382 674 edidit
408 611 693 675 Pontifex
724 613 1111 678 Benedictus
1133 615 1309 680 let
1348 614 1444 681 his
1468 623 1770 679 oretenus

195 698 511 782 explicatis
547 704 620 764 R.
655 705 718 765 P.
749 705 821 765 D.
865 699 1223 768 Secretario
1263 701 1553 767 eiusdem
1605 705 1768 768 con-

194 786 590 870 gregationis,
642 789 952 853 concessit
1001 802 1073 854 ιιι
1121 790 1404 873 interim,
1453 791 1502 853 si
1553 789 1768 854 Missae

193 891 259 935 ex
318 874 524 958 aliqua
587 874 978 961 obligatione
1038 876 1100 941 in
1166 879 1394 944 eodem
1459 876 1768 944 celebrari

192 961 516 1046 deberent,
567 964 983 1030 celebrentur
1032 966 1092 1030 in
1141 964 1265 1031 alio
1310 965 1505 1032 Altari
1542 986 1607 1032 ».
1656 965 1768 1032 Die

195 1052 224 1113 7
269 1048 401 1114 lulii
458 1054 655 1117 1766.

195 1225 440 1292 2480.
787 1230 1155 1294 ΜΕΙΛΤΕΝ.
1537 1229 1763 1314 (1333)

307 1405 522 1467 Electa
571 1422 779 1490 nuper
822 1424 856 1467 a
902 1404 1091 1469 clero
1140 1404 1455 1472 Saeculari
1522 1417 1586 1472 et
1646 1412 1764 1473 Re-

191 1490 374 1574 gulari
423 1511 493 1555 ac
541 1491 783 1576 populo
817 1495 1045 1556 Terrae
1080 1491 1413 1559 Radicinae
1447 1496 1768 1561 Dioecesis

193 1578 461 1643 Meliten.
487 1584 554 1644 B.
587 1582 668 1643 M.
698 1582 806 1661 V„
840 1578 959 1642 sub
994 1580 1184 1646 titulo
1214 1581 1380 1646 della
1414 1583 1765 1668 Montayna

190 1665 324 1730 delle
380 1671 608 1749 yrazie
669 1669 868 1750 vulgo
911 1681 1274 1753 nuncupata
1324 1669 1386 1735 in
1435 1673 1763 1736 Patronam

192 1753 588 1841 principalem
639 1755 848 1820 dictae
897 1757 1162 1841 Terrae3
1215 1757 1406 1824 modo
1457 1777 1536 1822 ex
1586 1769 1764 1845 parte

191 1842 545 1908 eorumdem
595 1861 714 1928 pro
762 1840 1244 1909 confirmatione
1277 1845 1597 1929 praefatae
1629 1847 1766 1914 ele·

191 1929 394 2080 {⁸⁵9⁰ss
416 1932 582 2017 apud
616 1933 679 1996 S.
719 1933 791 1996 R.
830 1933 903 1995 C.
935 1930 1295 1997 humillime
1328 1933 1759 2019 supplicatum

211 2027 294 2080 nit
324 2039 339 2079 ε

305 2108 381 2169 Et
445 2109 512 2169 S.
563 2109 791 2171 eadem
855 2111 929 2172 R.
982 2107 1450 2193 congregatio,
1518 2120 1764 2176 attento

191 2193 343 2274 quod
396 2190 763 2259 huiusmodi
811 2194 1068 2277 electio,
1102 2194 1366 2260 servatis
1411 2198 1764 2279 servandis,

189 2291 242 2343 et
287 2281 451 2345 iuxta
500 2281 966 2367 praescriptum
1015 2281 1080 2347 in
1124 2286 1397 2348 Decreto
1429 2305 1481 2348 s.
1518 2303 1608 2351 m.
1647 2288 1762 2351 Ur-

193 2366 313 2433 bani
375 2371 576 2453 Papae
627 2372 754 2434 Vnt
817 2370 939 2434 sub
1000 2370 1104 2435 die
1151 2375 1257 2436 -23
1326 2372 1525 2437 Martii
1596 2376 1765 2440 1630

189 2456 371 2538 edito,
408 2455 697 2540 legitime
731 2457 888 2523 facta
922 2456 1143 2539 fuerit,
1181 2458 1529 2524 accedente
1572 2460 1761 2525 etiam

190 2545 332 2609 Rev.
383 2545 680 2630 Episcopi
729 2543 1013 2626 asse'nsu,
1062 2546 1136 2611 ad
1192 2545 1574 2612 relationem
1626 2549 1760 2614 Emi

191 2642 246 2695 et
285 2633 417 2698 Rmi
470 2632 715 2697 Domini
767 2632 1112 2699 cardinalis
1159 2633 1420 2699 Ferroni
1454 2635 1764 2701 Praefecti

193 2718 503 2784 ponentis:
567 2742 606 2783 ‹
657 2722 957 2787 Eamdem
1025 2721 1410 2787 electionem
1483 2722 1762 2809 benigne

190 2806 544 2892 approbavit
615 2818 680 2873 et
749 2807 1196 2888 confirmavit,
1265 2828 1412 2876 cum
1483 2810 1760 2877 clausula

192 2906 382 2960 tamen
449 2896 623 2980 quod
686 2896 984 2961 deleatur
1047 2896 1272 2962 titulus
1333 2897 1529 2984 vulgo
1597 2898 1763 2964 della

193 2984 522 3066 Nautaque
569 2983 725 3048 delle
754 2989 1005 3067 mazia,-
1038 2985 1537 3071 praedictaeque
1569 2992 1642 3054 B.
1678 2990 1760 3052 Μ.

189 3090 428 3156 semper
452 3069 754 3157 Virginis,
782 3074 870 3137 sic
899 3072 960 3137 in
988 3076 1310 3138 Patronem
1339 3074 1761 3161 principalem

185 3158 434 3239 electae,
473 3159 819 3224 Festivitati
855 3161 1323 3244 praerogativas
1356 3180 1577 3226 omnes
1612 3167 1764 3229 San-

185 3258 408 3311 ctorum
429 3250 865 3312 Protectornm
894 3247 1345 3334 principalium
1365 3249 1565 3314 Festis
1591 3267 1761 3315 com·

187 3344 466 3417 petentes
513 3335 806 3401 attribuit
839 3347 1032 3419 atque
1065 3338 1382 3401 concessit
1415 3358 1479 3399 ».
1532 3336 1644 3403 Die
1684 3342 1762 3403 12

189 3422 553 3489 tunit766.

187 3592 412 3665 2481.
644 3600 1271 3665 THERMULARUM.
1528 3600 1757 3683 (4334)

589 3705 1327 3805 ASSfS‘l'ENTlAE.

299 3864 551 3927 Exortis
635 3862 962 3928 nonnullis
1047 3864 1502 3928 controversiis
1589 3864 1760 3928 inter

187 3952 385 4015 limum
449 3951 844 4036 Episcopum
898 3952 1427 4032 Thermularum,
1492 3952 1757 4036 eiusque

186 4036 604 4104 Promotorem
655 4039 961 4103 Fiscalem
1011 4058 1092 4102 ex
1140 4058 1290 4118 una,
1326 4049 1518 4122 atque
1568 4044 1762 4105 Anto·

188 4125 338 4189 nium
386 4127 470 4192 de
521 4125 839 4191 Antonolo
885 4126 1277 4191 canonicum
1332 4127 1760 4192 Poenitentia·

189 4212 326 4277 n‘um
377 4225 443 4278 et
488 4214 789 4279 carolum
823 4213 1060 4278 crisma
1095 4216 1337 4298 pariter
1366 4215 1756 4280 Canonicum

191 4301 488 4366 Ecclesiae
538 4301 936 4368 cathedralis
980 4301 1191 4366 dictae
1237 4301 1526 4368 Civitatis
1560 4322 1635 4369 ex
1673 4303 1760 4366 al-

189 4397 300 4453 tera
345 4392 673 4475 partibus,
721 4408 922 4475 super
965 4389 1316 4454 assistentia
1382 4390 1760 4476 praestanda

189 4476 479 4562 Episcopo
529 4477 910 4542 solemniter
964 4476 1352 4557 celebranti,
1405 4477 1609 4562 iisque
1681 4478 1756 4542 ad

189 4564 240 4626 S.
271 4568 338 4630 Β.
373 4563 904 4651 congregationis
951 4564 1260 4632 iudicium
1308 4565 1565 4647 delatis,
1611 4586 1756 4631 con-

188 4652 415 4716 cordata
468 4654 776 4735 fuerunt,
829 4671 1038 4719 coram
1103 4656 1261 4718 Emo
1310 4663 1374 4717 et
1420 4655 1580 4719 Rmo
1639 4657 1758 4719 Do-

191 4736 339 4805 mino
404 4741 716 4806 Cardinali
785 4739 1008 4805 Albani
1073 4740 1389 4828 Episcopo
1452 4741 1755 4807 Sabinen.

191 4826 472 4910 Ponente,
521 4828 853 4915 sequentia
902 4828 1122 4911 dubia,
1174 4846 1449 4913 nempe:

309 4919 366 4978 1.
399 4919 498 4981 An
531 4928 597 4980 et
627 4914 735 5001 qui
769 4936 850 4980 ex
882 4914 1310 4999 Dignitatibus
1342 4927 1406 4981 et
1429 4916 1764 4981 canonicis

189 5001 559 5068 cathedralis
607 5004 930 5069 Ecclesiae
976 5004 1463 5069 Thermularum
1501 5016 1758 5071 tenean-

192 5089 364 5153 turin
403 5092 610 5156 officio
661 5092 1076 5156 Diaconorum
1127 5092 1541 5157 assistentiam
1581 5111 1759 5179 prae·

189 5186 331 5239 stare
365 5179 679 5265 Episcopo
710 5180 1090 5245 solemniter
1121 5178 1472 5245 celebranti
1509 5200 1619 5244 seu
1661 5179 1760 5244 Di·

193 5263 330 5332 vinis
373 5286 519 5332 cum
569 5287 764 5353 cappa
817 5264 1282 5333 interessenti?

302 5357 367 5417 2.
414 5359 505 5420 An
570 5364 636 5419 et
697 5357 955 5439 quando
1015 5356 1370 5422 Canonicus
1430 5353 1761 5421 Poeniten·
1801 5408 1818 5427 .

379 5496 592 5539 Decreta
619 5493 938 5540 Anthentioe
968 5496 1018 5538 s.
1048 5496 1109 5538 R.
1138 5497 1191 5539 c.
1220 5516 1268 5527 —
1299 5494 1409 5538 vol.
1437 5496 1499 5538 11.

1868 439 2084 506 tiarius
2154 441 2447 507 eiusdem
2531 439 2853 506 Ecclesiae
2917 441 3015 508 sit.
3071 441 3370 507 immunis
3430 463 3461 506 a

1872 528 2243 614 praestanda
2291 529 2457 594 dicta
2502 528 2853 594 assistentia
2901 528 3273 616 Episcopo?

2002 619 2081 680 Et
2130 619 2200 682 S.
2245 619 2321 682 R.
2369 620 2473 697 C.,
2539 628 2810 701 utraque
2872 629 3051 703 parte
3111 621 3353 704 scripto
3403 630 3467 682 et

1872 722 2030 767 voce
2058 703 2441 771 informante
2465 705 2706 786 audita,
2735 704 3015 790 visisque
3039 704 3284 772 iuribus
3317 706 3464 772 hinc

1869 791 2021 855 inde
2070 791 2407 873 deductis,
2457 794 2533 859 ad
2584 792 2966 860 relationem
3014 793 3276 878 praefati
3326 794 3463 859 Emi

1870 881 2195 962 PonentiS,
2246 882 2775 965 respondendum
2822 881 3117 947 censuit:

2005 968 2097 1032 Ad
2152 972 2210 1034 1.
2266 990 2303 1030 αι
2339 968 2771 1036 Assistentiam
2820 980 3109 1054 spectare
3142 969 3217 1035 ad
3253 969 3466 1035 Diaco-

1872 1073 2022 1139 nos;
2078 1054 2251 1121 iuxta
2297 1056 2779 1122 caeremoniale
2816 1079 2879 1121 ιν.

2005 1142 2099 1208 Ad
2153 1148 2218 1208 2.
2271 1164 2310 1205 ‹
2343 1143 2672 1210 Provisum
2722 1146 2783 1212 in
2833 1144 3042 1232 primo
3077 1166 3142 1210 ».

2007 1233 2082 1295 Et
2147 1231 2227 1295 ita
2289 1231 2636 1297 declaravit
2682 1252 2750 1298 ac
2812 1232 3047 1298 servari
3113 1233 3459 1300 mandavit.

1871 1318 1983 1384 Die
2032 1322 2112 1384 21
2165 1318 2322 1384 lunii
2377 1322 2567 1386 1776.

2004 1405 2331 1474 Adversus
2378 1408 2556 1474 istam
2622 1407 3080 1476 resolutionem
3142 1427 3222 1473 ex
3287 1421 3462 1496 parte

1870 1498 2026 1560 Rev.
2065 1495 2393 1580 Episcopi,
2426 1494 2562 1560 sive
2595 1496 2734 1561 eius
2765 1496 3149 1562 Promotoris
3183 1495 3461 1573 Fiscalis,

1871 1582 2154 1665 expetita
2204 1593 2269 1646 et
2302 1582 2563 1648 obtenta
2592 1602 2753 1649 nova
2786 1583 3136 1664 audientia,
3173 1595 3237 1649 et
3276 1584 3464 1649 huius

1871 1670 2094 1754 vigore
2145 1669 2538 1757 reproposita
2588 1689 2710 1756 per
2741 1672 3046 1738 eumdem
3081 1675 3311 1740 Effium
3344 1676 3464 1737 Do·

1870 1758 2113 1822 minum
2192 1757 2595 1823 cardinalem
2674 1763 3025 1828 Ponentem
3096 1759 3460 1828 huiusmodi

1870 1846 2306 1910 controversia
2350 1864 2551 1930 super
2595 1864 2763 1911 novo
2812 1847 3051 1928 dubio,
3102 1847 3456 1913 videlicett

1868 1935 1966 1998 An
2010 1932 2092 1998 sit
2137 1933 2460 2012 standum,
2495 1934 2593 1999 vel
2648 1934 3085 2002 recedendum
3121 1956 3152 1999 a
3187 1931 3467 1999 decisis?

2002 2023 2067 2085 S.
2109 2021 2334 2085 eadem
2379 2024 2454 2087 R.
2491 2024 2594 2102 C.,
2642 2023 2884 2110 scripto
2934 2022 3171 2108 pariter
3211 2035 3274 2087 et
3309 2039 3466 2086 voce

1873 2120 2141 2192 utraque
2192 2119 2369 2195 parte
2422 2107 2566 2174 hinc
2613 2108 2763 2174 inde
2812 2109 3196 2176 informante
3230 2110 3462 2175 iterum

1869 2196 2107 2278 audita,
2139 2195 2502 2281 respondit:
2539 2218 2576 2258 c
2607 2200 2671 2262 ln
2698 2197 2963 2270 decisis;
3001 2210 3065 2261 et
3097 2197 3369 2282 amplius
3396 2219 3457 2259 ».

1871 2287 1948 2347 Et
1995 2281 2077 2347 ita
2125 2284 2418 2348 decrevit
2463 2303 2530 2347 ar
2578 2283 2817 2349 servari
2849 2283 3201 2349 mandavit.
3231 2284 3344 2350 Die
3382 2287 3460 2348 12

1871 2371 2009 2436 Iulii
2069 2374 2265 2442 1766..

1871 2511 2129 2579 2482.
2370 2512 2946 2577 CARTHAGINIEN
2959 2557 2976 2575 .
3233 2512 3459 2596 (4336)

1998 2637 2156 2700 Cum
2221 2635 2513 2702 Parochis
2569 2634 2801 2720 Oppidi
2849 2637 3081 2701 Lorcae
3143 2634 3462 2704 Dioecesis

1868 2721 2371 2806 Gathaginiensis
2432 2723 2735 2789 nonnulla
2807 2724 3205 2789 occurrerint
3275 2723 3459 2790 dubia

1867 2811 2034 2874 circa
2079 2807 2366 2876 Officium
2415 2822 2480 2874 et
2527 2810 2738 2875 Missas
2785 2809 3241 2877 defunctorum
3290 2810 3459 2875 cele-

1873 2896 2137 2964 brandas
2183 2895 2412 2963 diebus
2472 2898 2660 2962 etiam
2726 2897 3098 2996 impeditis,
3148 2917 3264 2966 nec
3334 2917 3460 2964 non

1867 2984 2030 3050 circa
2094 2987 2358 3051 modum
2424 2985 2762 3052 incedendi
2824 3005 2885 3050 in
2951 2986 3461 3055 Processionibus

1865 3072 2133 3156 aliisque
2163 3071 2351 3138 sacris
2384 3072 2838 3154 functionibus»,
2873 3093 2951 3137 ex
2985 3085 3163 3159 parte
3207 3093 3461 3138 eorum-

1866 3162 2016 3226 dem
2069 3160 2234 3246 apud
2287 3163 2349 3227 S.
2388 3163 2467 3227 R.
2499 3165 2574 3227 c.
2625 3159 2985 3227 humillime
3030 3160 3455 3248 supplicatum

1868 3248 2013 3330 fuit,
2063 3259 2378 3332 quatenus
2428 3270 2499 3312 ea
2550 3249 2823 3333 benigne
2874 3247 3200 3313 declarare
3242 3248 3459 3334 digna-

1868 3347 2050 3402 retur
2077 3342 2108 3400 ε’

2008 3427 2069 3487 1.
2118 3428 2212 3487 An
2259 3422 2486 3489 diebus
2520 3443 2649 3490 non
2679 3421 2926 3489 festivis
2957 3422 3043 3489 de
3082 3435 3455 3510 praecepto,

1867 3510 1932 3576 in
1977 3510 2210 3595 quibus
2260 3521 2473 3577 tamen
2523 3512 2826 3577 recitatur
2870 3511 3154 3578 Officium
3212 3510 3453 3598 duplex

1864 3600 2182 3663 secundae
2218 3597 2455 3681 classis,
2491 3608 2557 3663 et
2588 3598 2818 3667 diebus
2850 3599 3004 3664 infra
3040 3610 3289 3665 octavas
3330 3599 3455 3686 pri·

1864 3685 2214 3770 vilegiatas,
2253 3683 2562 3751 celebrari
2597 3687 2790 3774 possit
2836 3686 3124 3752 Officium
3177 3699 3457 3753 mortuo-

1865 3793 2005 3841 rum
2055 3791 2198 3840 cum
2248 3773 2422 3838 Missa
2470 3772 2990 3859 dietam-renus,
3022 3775 3097 3840 ad
3130 3774 3457 3861 implenda

1865 3863 2068 3947 legata
2119 3880 2281 3946 quae
2328 3880 2455 3927 non
2500 3872 2648 3929 sunt
2697 3860 3135 3927 Anniversaria
3167 3882 3458 3948 quaeque

1862 3971 1892 4013 a
1946 3949 2350 4102 ιθειειρῖἰὺιιε
2400 3949 2617 4014 relicta
2664 3960 2812 4014 sunt
2856 3948 2993 4014 sine
3066 3950 3458 4037 praefixione

1865 4037 2123 4103 dierum

1996 4129 2065 4189 2.
2117 4127 2208 4191 An
2259 4124 2487 4191 diebus
2534 4130 2635 4206 111,
2678 4127 2775 4189 Vll
2809 4136 2876 4190 et
2906 4126 3079 4191 XXX
3125 4147 3157 4191 a
3203 4126 3454 4213 depesi·

1863 4212 2032 4278 tione
2082 4212 2398 4296 defuncti,
2454 4212 2519 4278 in
2564 4211 2796 4297 quibus
2843 4212 3124 4278 occurrit
3169 4212 3454 4278 Officium

1861 4302 2107 4386 duplex
2177 4319 2290 4386 per
2336 4319 2596 4384 annum,
2650 4317 2776 4365 non
2827 4310 3039 4366 tamen
3086 4298 3326 4365 festivis
3374 4303 3456 4367 de

1863 4397 2232 4474 praecepte,
2260 4388 2571 4453 celebrari
2600 4386 2843 4473 possint
2867 4386 3154 4453 Officium
3190 4400 3255 4454 et
3280 4390 3454 4453 Missa

1861 4472 2368 4542 defunctorum?
2412 4488 2478 4541 et
2508 4494 2583 4540 an
2619 4474 2925 4562 praedicti
2966 4474 3106 4540 dies
3138 4478 3455 4541 numerari

1858 4564 2138 4633 debeant
2186 4583 2216 4627 a
2266 4563 2371 4629 die
2406 4563 2615 4628 obitus
2646 4565 2747 4629 vel
2785 4584 2815 4626 a
2849 4562 2955 4628 die
3004 4562 3459 4646 depositionis?

1993 4656 2061 4725 3,.
2112 4654 2208 4716 An
2269 4651 2567 4716 sustineri
2632 4651 2831 4737 possit
2891 4649 3335 4731 consuetudo,
3387 4666 3457 4717 ut

1861 4738 1922 4804 in
1952 4736 2468 4804 Processionibus
2491 4738 2757 4823 aliisque
2784 4737 2976 4802 sacris
2999 4736 3455 4824 functionibus,

1860 4828 1919 4891 in
1970 4827 2202 4911 quibus
2247 4827 2595 4892 celebrans
2644 4836 2736 4890 est
2786 4825 3046 4891 indutus
3092 4823 3357 4910 pluviali
3389 4841 3456 4892 et

1862 4915 1998 4979 eius
2047 4910 2312 4978 Ministri
2360 4911 2759 4989 sunt,induti
2793 4910 3127 4978 Dalmatica
3172 4924 3235 4975 et
3267 4914 3457 4978 Tuni-

1861 5001 2052 5081 cella,
2101 5000 2256 5067 dicti
2307 5000 2569 5066 Ministri
2638 5020 2752 5063 seu
2818 4998 3126 5066 Diaconus
3188 5011 3249 5064 et
3297 5002 3455 5066 Sub·

1860 5090 2163 5155 diaconus
2235 5087 2532 5153 incedant
2601 5087 2661 5152 in
2742 5087 2956 5153 medio
3034 5088 3460 5153 Processionis

1863 5196 2026 5243 unus
2076 5186 2218 5260 post
2265 5174 2458 5241 alium
2505 5188 2649 5241 ante
2697 5175 3145 5243 celebrantem
3179 5224 3195 5257 ‚
3245 5176 3315 5240 ad
3373 5175 3456 5240 la-

1862 5277 1994 5330 tera
2046 5283 2200 5327 vero
2248 5262 2647 5329 celebrantis
2708 5263 3004 5329 adsistant
3070 5262 3202 5328 duo
3261 5268 3457 5328 Cano·

1861 5353 1988 5419 nici
2037 5351 2174 5417 sive
2222 5352 2509 5435 Parochi,
2544 5351 2750 5418 induti
2788 5350 3300 5439 superpelliceo;
3350 5350 3451 5414 vel

3115 5490 3144 5531 9
