4042 5950
1695 292 2110 369 ..31-

268 472 458 540 scopo
502 451 855 541 approbati,
905 461 970 517 et
1013 470 1134 538 per
1175 448 1537 519 comt-atres
1581 450 1847 533 invitati,

268 541 822 694 Ρέῗὲἑιέξᾶὲὲθ.
854 538 1849 726 sssstlssssssz⁰¹¹35a22⁰¹s⁸3gffttlssff

267 714 505 800 absque
553 714 809 780 licentia
860 727 922 781 et
971 733 1282 781 consensu
1329 711 1632 781 Parocht?

400 806 469 867 2.
520 807 613 869 An
659 802 1020 877 confratres
1051 820 1166 868 seu
1200 801 1571 888 cappellani
1608 801 1848 887 possint

269 888 590 976 impedire
637 907 718 955 ne
764 890 1077 956 Parochus
1135 889 1350 955 audiat
1402 888 1848 956 confessiones

264 975 329 1043 in
376 977 545 1043 dicta
591 975 871 1043 Ecclesia
917 996 1033 1043 seu
1079 973 1406 1044 oratorio?

399 1068 466 1131 3.
516 1068 613 1131 An
660 1063 859 1149 iidem
882 1063 1251 1153 cappellani
1282 1064 1515 1151 absque
1557 1064 1711 1131 dicti
1744 1068 1849 1131 Pa-

264 1152 443 1218 rocbi
496 1150 749 1218 licentia
795 1151 1042 1240 possint
1086 1152 1458 1221 solemniter
1502 1152 1709 1218 Missas
1754 1172 1849 1217 ca-

266 1257 467 1323 nere,
516 1237 911 1307 benedicere
957 1251 1023 1304 et
1082 1236 1468 1306 distribuere
1513 1238 1846 1321 candelas,

264 1328 511 1413 palmas
556 1336 624 1391 et
668 1327 947 1411 cineres,
994 1345 1109 1391 ova
1157 1337 1225 1393 et
1270 1325 1488 1413 fruges
1537 1323 1722 1392 etc.?

396 1416 468 1481 δ.
514 1419 614 1480 An
658 1415 903 1501 possint
949 1413 1159 1480 facere
1225 1414 1515 1482 Officium
1578 1414 1848 1482 funebre

264 1522 466 1591 super
497 1501 910 1569 cadaveribus
943 1494 1397 1569 defunctorum
1428 1501 1563 1568 sive
1595 1501 1854 1568 confra-

268 1603 439 1657 trum
484 1590 623 1656 sive
654 1588 1034 1674 eligentium
1079 1590 1472 1689 sepulturam
1513 1590 1574 1655 in
1625 1607 1849 1655 eorum

262 1677 577 1760 oratorio,
622 1686 752 1743 tam
812 1694 1036 1743 eorum
1081 1696 1189 1760 qut
1234 1675 1503 1743 subiecti
1548 1689 1698 1743 sunt
1753 1681 1855 1742 Pa-

265 1767 496 1851 rocho‚
529 1783 718 1852 quam
753 1764 1271 1831 tumulandomm
1315 1765 1399 1831 de
1445 1764 1644 1830 aliena
1669 1769 1849 1830 Paro·

266 1852 431 1938 chia,
481 1852 619 1919 sine
666 1853 1033 1927 interventu
1081 1852 1337 1919 Parochi
1382 1853 1449 1920 S.
1501 1849 1771 1919 Severi?

397 1946 465 2008 δ.
519 1944 615 2007 An
646 1937 972 2006 occasione
1008 1938 1440 2005 tumulationis
1471 1940 1848 2007 cadaverum

264 2029 350 2096 de
398 2027 700 2095 Parocbia
759 2028 824 2093 S.
893 2025 1117 2093 Severi
1178 2025 1540 2114 explendae
1600 2027 1664 2093 in
1733 2031 1851 2093 Ec-

266 2115 461 2183 clesia
522 2114 728 2183 dictae
789 2113 1143 2196 societatis,
1205 2110 1519 2179 Parocbus
1582 2134 1851 2203 perven-

268 2214 369 2270 tus
418 2203 496 2270 ad
549 2202 781 2268 ostium
829 2202 1117 2268 eiusdem
1186 2199 1508 2268 Ecclesiae
1559 2212 1854 2269 teneatur

271 2290 608 2377 deponere
654 2284 944 2355 stolam?

400 2382 469 2444 6.
522 2382 617 2444 An
642 2378 898 2464 ipsimet
919 2375 1283 2464 Gappellani
1312 2377 1684 2443 incedentes
1707 2395 1851 2443 cum

264 2463 706 2532 Confratribus
751 2465 992 2553 possint
1037 2462 1343 2529 associare
1392 2464 1695 2530 cadavera
1738 2465 1854 2531 de·

269 2552 639 2619 functorum
690 2570 832 2619 cum
880 2551 1084 2635 stola,
1137 2562 1471 2638 praesente
1530 2553 1851 2632 Paroch03

264 2652 336 2707 et
381 2640 453 2707 in
499 2639 636 2707 aliis
680 2639 1195 2726 quibuscumque
1240 2638 1673 2706 functionibus
1716 2642 1855 2706 Sto·

270 2727 394 2794 lam
447 2727 707 2795 deferre
755 2735 935 2792 extra
981 2743 1204 2793 eorum
1252 2723 1651 2793 Ecclesiam?

404 2819 476 2882 7.
526 2817 623 2882 An
665 2814 1028 2881 confratres
1073 2814 1139 2880 in
1186 2814 1568 2880 cadaverum
1593 2816 1852 2883 associa·

273 2904 453 2971 tione
499 2914 567 2968 et
612 2904 675 2968 in
716 2901 933 2969 Officio
989 2901 1243 2969 funebri
1313 2900 1556 2990 possint
1602 2902 1856 2991 erigere

269 2995 579 3070 cmcem3
626 2991 760 3056 sive
805 2988 1020 3076 potius
1066 2990 1368 3058 incedere
1417 2989 1694 3057 debeant
1738 2994 1857 3059 sub

270 3082 483 3146 cruce
531 3075 926 3167 parochiali?

404 3171 470 3234 8.
527 3170 623 3233 An
668 3166 730 3231 in
777 3165 945 3232 dicta
990 3166 1274 3233 Ecclesia
1321 3185 1435 3233 seu
1488 3167 1777 3233 oratorio
1823 3188 1856 3232 a

271 3256 475 3322 Morte
521 3264 888 3340 nuncupato
936 3254 1202 3320 retineri
1244 3255 1446 3341 possit
1492 3253 1603 3321 diu
1634 3268 1857 3321 noctu-

271 3362 398 3429 que
448 3344 716 3410 SSdtum
764 3340 1189 3408 Eucharistiae
1235 3339 1760 3409 Sacramentum?

401 3433 470 3497 9.
522 3429 619 3494 An
664 3427 861 3515 possit
906 3427 1064 3494 illud
1119 3448 1197 3494 ex
1287 3430 1350 3495 ni
1375 3429 1670 3518 publicae
1708 3432 1858 3497 ado-

272 3517 499 3584 rationi
550 3515 708 3583 infra
776 3533 1009 3582 annum
1071 3515 1161 3583 in·
1207 3536 1384 3583 orma
1445 3518 1857 3606 quadraginta

272 3607 576 3680 horarum
608 3603 742 3669 sive
774 3603 896 3670 alio
941 3605 1160 3686 modo,
1187 3605 1322 3670 sine
1354 3605 1721 3672 interventu
1752 3605 1855 3672 vel

273 3692 531 3759 licentia
570 3689 878 3758 Parochi?

416 3783 523 3847 10.
585 3782 682 3845 An
739 3780 940 3866 possit
1001 3779 1276 3865 publicis
1346 3782 1861 3849 Processionibus

271 3865 675 3934 circumferri
745 3877 924 3932 extra
993 3867 1338 3934 Ecclesiam
1368 3918 1391 3948 ,
1439 3867 1592 3933 facta
1663 3870 1853 3935 etiam

273 3953 640 4021 ostensione
689 3971 810 4039 per
853 3953 1092 4042 plateas
1137 3966 1204 4021 et
1248 3954 1403 4038 vias,
1436 3955 1569 4021 sine
1603 3956 1857 4023 licentia

276 4053 339 4108 et
387 4040 758 4109 interventu
802 4041 1057 4111 Par-ochi
1113 4062 1228 4108 seu
1274 4043 1695 4110 parochorum
1741 4062 1859 4131 per

276 4148 550 4215 quorum
606 4128 842 4194 limites
888 4141 981 4196 est
1028 4130 1507 4199 incedendum?

419 4220 521 4283 11.
579 4222 675 4284 An
719 4217 1051 4286 occasione
1098 4217 1463 4285 huiusmodi
1508 4218 1860 4286 Processio·

277 4322 433 4371 num
528 4305 719 4371 ossint
765 4305 1130 4373 confratres
1175 4306 1309 4372 sive
1357 4306 1460 4372 alii
1506 4307 1763 4394 erigere
1790 4306 1855 4372 in

277 4392 399 4458 viis
623 4392 701 4477 ‘a‚
750 4395 828 4459 ad
875 4411 1041 4479 quae
1071 4393 1248 4459 sistat
1292 4393 1600 4461 Sacerdos
1648 4405 1715 4459 et
1752 4397 1855 4461 Sa·

280 4490 679 4549 eramentnm
727 4480 1031 4581 deponat,
1081 4489 1220 4548 tum
1268 4482 1431 4549 intra
1490 4493 1627 4547 tum
1676 4493 1854 4548 extra

279 4568 671 4654 Parochiam,
719 4567 934 4635 invitis
981 4580 1046 4635 et
1096 4569 1474 4655 irrequisitis
1518 4565 1860 4637 Pal-ochis?

420 4660 527 4723 12.
575 4659 671 4723 An
717 4656 903 4723 liceat
931 4656 999 4722 in
1028 4657 1159 4723 fine
1192 4656 1558 4723 huiusmodi
1600 4660 1857 4724 Proces-

280 4743 530 4809 sionum
580 4743 640 4809 in
689 4743 868 4809 ianua
934 4743 1267 4832 principali
1336 4744 1659 4810 Ecclesiae
1705 4762 1851 4811 cum

283 4829 643 4897 Venerabili
690 4831 1122 4898 Eucharistiae
1153 4834 1561 4900 sacramento
1593 4831 1860 4898 benedi-

282 4936 433 5072 2³⁶3
468 4918 720 5073 33ξῶἷὲ
767 4917 854 5073 aisn
877 4919 1251 5073 ῑιῗῖἒῖῗίἓιιῗιιι
1292 4918 1852 5095 ἕρζῖᾱῗῖιῗεῗῆθχο’

421 5097 530 5160 13.
578 5094 674 5160 An
717 5094 1078 5161 confratres
1121 5096 1367 5182 possint
1413 5113 1532 5182 per
1589 5096 1719 5183 cap
1768 5095 1858 5160 el·

287 5181 461 5248 lanos
500 5201 651 5247 suos
693 5183 1016 5248 manuales
1075 5201 1388 5269 peregere
1435 5201 1654 5249 omnes
1742 5202 1854 5249 un·

288 5270 528 5337 ctiones
574 5270 1019 5336 Hebdomadae
1065 5269 1319 5336 maioris
1352 5271 1412 5335 in
1441 5271 1604 5336 dicta
1633 5290 1854 5337 eorum

290 5356 595 5442 Ecclesia,
643 5376 883 5443 nempe
928 5376 1157 5426 canere
1203 5358 1412 5423 Missas
1436 5369 1499 5423 et
1527 5357 1855 5442 Officia‚ac

1951 468 2271 535 reponere
2296 450 2405 517 SS.
2433 450 2890 519 Eucharistiam
2911 451 2982 518 in
3007 454 3090 519 Se
3135 451 3317 519 ulcro
3350 453 3525 519 alias-

1955 557 2082 622 que
2138 535 2497 603 functiones
2552 537 3006 605 ecclesiasticas
3115 540 3210 606 eri
3271 538 3531 608 solitas?

2092 628 2200 691 14.-
2245 625 2341 690 An
2397 624 2615 691 nissae
2659 626 2889 692 cantari
2935 626 3212 695 debeant
3260 630 3433 717 prius
3465 628 3529 696 in

1954 712 2236 778 Ecclesia
2363 712 2667 797 rochiali,
2714 725 3049 800 antequam
3109 727 3412 783 canantur
3463 716 3530 784 in

1952 800 2120 866 dicta
2166 803 2289 865 Ecc
2319 800 2444 865 esia
2473 802 2575 867 vel
2609 800 2916 883 craterio,
2942 822 3057 869 seu
3102 803 3315 890 potius
3344 803 3422 869 ad
3455 802 3528 869 li-

1958 887 2159 954 bitum
2208 885 2546 955 cuiuslibet
2592 888 2658 955 in
2705 890 2956 976 propria
3005 887 3330 957 Ecclesia?

2068 979 2195 1056 15.
2247 975 2342 1040 An
2389 976 2752 1043 confratres
2813 977 3247 1064 eleemosynas
3294 1000 3327 1044 a
3371 977 3530 1046 flde-

1956 1061 2120 1128 libus
2149 1061 2411 1149 exigere
2437 1062 2705 1149 possint,
2726 1064 3043 1131 mediante
3068 1063 3316 1151 publica
3343 1085 3531 1152 quae·

1952 1149 2293 1233 stuatione,
2341 1149 2475 1215 sine
2524 1167 2834 1219 consensu
2888 1152 3178 1231 Parochi3
3229 1162 3295 1217 et
3342 1154 3529 1221 etiam

1955 1237 2192 1322 absque
2242 1237 2491 1304 licentia
2536 1235 2873 1326 Episcopi?

2095 1327 2196 1390 16.
2269 1328 2365 1390 An
2422 1326 2508 1391 de
2565 1326 3046 1411 quaestuatione
3110 1336 3176 1392 et
3240 1328 3529 1396 collectis

1957 1413 2385 1498 eleemosynis
2419 1423 2754 1481 teneantur
2801 1414 3078 1481 reddere
3101 1413 3408 1482 rationem
3439 1417 3529 1484 ei-

1956 1502 2108 1568 dem
2153 1499 2452 1583 Parocho,
2498 1520 2612 1567 seu
2651 1501 2862 1590 potius
2905 1499 3160 1569 officiali
3208 1520 3325 1589 pro
3373 1512 3529 1570 tem-

1957 1606 2115 1674 pore
2162 1587 2367 1654 dictae
2415 1586 2796 1656 societatis?

2087 1680 2169 1741 Et
2214 1678 2280 1742 S.
2329 1679 2403 1741 R.
2462 1679 2575 1760 c.,
2624 1688 2894 1763 utraque
2952 1688 3132 1765 parte
3194 1688 3315 1743 tam
3374 1698 3533 1745 voce

1956 1782 2151 1849 quam
2225 1763 2474 1849 scriptis
2542 1763 2918 1831 informante
2977 1764 3184 1832 audita
3253 1764 3531 1852 visisque

1960 1851 2203 1918 iuribus
2250 1849 2396 1915 hinc
2446 1849 2593 1918 inde
2659 1852 3002 1937 deductis,
3051 1852 3532 1921 rescribendum

1958 1938 2246 2006 censuit:

2093 2026 2187 2092 Ad
2240 2032 2297 2093 1.
2349 2049 2388 2092 c
2423 2025 2813 2094 Affirmative
2843 2049 2906 2095 ν.

2091 2113 2187 2179 Ad
2236 2120 2300 2181 2.
2350 2136 2389 2179 ‹
2423 2113 2815 2182 Affirmative
2847 2136 2909 2182 ›.

2089 2203 2185 2268 Ad
2232 2206 2295 2268 3.
2349 2223 2386 2265 ι
2418 2201 2851 2280 Affirmative3
2931 2212 3197 2289 excepta
3277 2203 3535 2271 benedi-

1955 2292 2173 2357 ctione
2219 2306 2488 2355 ovorum
2536 2300 2602 2356 et
2650 2289 2904 2377 frugum
2940 2312 2997 2357 ».

2090 2377 2185 2443 Ad
2235 2382 2299 2442 4.
2349 2397 2386 2439 ι
2423 2376 2857 2455 Affirmative;
2934 2390 3245 2464 quatenus
3324 2387 3533 2444 tumu-

1960 2466 2182 2533 landus
2230 2464 2311 2529 sit
2356 2465 2436 2530 de
2483 2464 2685 2531 aliena
2734 2465 3023 2532 Parochia
3057 2486 3120 2529 ›.

2093 2552 2188 2618 Ad
2238 2556 2305 2617 ὅ.
2351 2572 2390 2615 ‹
2423 2553 2726 2637 Negative
2761 2574 2822 2618 ›.

2092 2641 2186 2706 Ad
2234 2642 2303 2704 6.
2347 2660 2386 2703 ι
2419 2639 2727 2725 Negative
2758 2662 2822 2704 ›.

2092 2727 2186 2794 Ad
2235 2730 2297 2792 7.
2349 2747 2386 2789 ι
2421 2727 2514 2793 Ad
2571 2729 2837 2813 primam
2916 2740 3140 2813 artem,
3187 2730 3530 2815 Negative‚

1958 2815 2428 2916 interveniente
2474 2815 2779 2891 Parocbo;
2828 2835 2860 2879 a
2946 2817 3317 2900 secundam,
3352 2817 3534 2884 Affir-

1958 2916 2191 2974 mallve
2225 2923 2290 2968 >0

2092 2992 2186 3058 Ad
2220 2994 2285 3057 8.
2338 3010 2375 3052 ι
2412 2989 2798 3056 Affirmative
2832 3013 2894 3058 t.

2091 3077 2186 3144 Ad
2234 3081 2301 3144 9.
2352 3098 2390 3141 c
2424 3077 2812 3145 Affirmative
2843 3099 2904 3143 ›.

2095 3167 2189 3234 Ad
2255 3170 2358 3233 10.
2407 3185 2445 3228 c
2481 3163 2889 3248 Affirmative,
2940 3167 3022 3233 de
3076 3167 3326 3234 licentia
3395 3169 3535 3255 Epi-

1962 3276 2070 3323 sco
2122 3275 2241 3320 ι».

2073 3277 2187 3446 ξω
2244 3345 2348 3408 11.
2396 3363 2435 3406 ‹
2468 3339 2745 3408 Arbitrio
2800 3353 2864 3410 et
2922 3343 3298 3432 prudentiae
3358 3344 3534 3411 Ordi-

1962 3452 2118 3499 naru
2153 3453 2215 3495 ›.
2319 3493 2334 3512 ,

2093 3519 2189 3585 Ad
2242 3521 2341 3583 12.
2395 3537 2433 3580 c
2467 3518 2798 3605 Negative‚
2833 3518 2950 3585 nisi
2986 3518 3068 3584 de
3106 3519 3354 3585 licentia
3387 3520 3534 3607 Epi·

1960 3626 2070 3673 sco
2120 3628 2135 3671 ι
2172 3627 2238 3670 a,

2069 3626 2188 3762 PA'd
2241 3697 2345 3760 13.
2396 3714 2434 3757 e
2467 3693 2797 3780 Negativs,
2850 3705 3044 3784 prout
3089 3695 3340 3762 iacet».

2093 3781 2190 3883 hd
2254 3785 2358 3848 14.
2419 3802 2458 3845 ι
2492 3779 2768 3848 Arbitrio
2837 3794 2904 3849 et
2954 3784 3330 3870 prudentiae
3393 3782 3535 3869 Epi·
3588 3823 3598 3834 -

1962 3889 2072 3935 sco
2171 3891 2232 3936 ›.

2075 3891 2189 4022 qd
2247 3961 2349 4024 16.
2400 3977 2438 4020 e
2473 3956 2906 4042 Affirmative‚
2977 3958 3186 4043 quoad
3264 3956 3533 4044 primam

1964 4055 2236 4132 partem
2287 4045 2618 4130 Negative‚
2666 4046 2871 4130 quoad
2917 4045 3256 4111 secundam
3292 4067 3356 4110 ›.

2096 4132 2188 4198 Ad
2243 4135 2344 4198 16.
2397 4153 2435 4196 ‹
2476 4132 2706 4197 'reneri
2757 4135 3032 4201 reddere
3081 4133 3390 4199 rationem
3431 4136 3534 4198 Pa·

1963 4219 2184 4301 rocho,
2238 4229 2556 4306 nmquam
2619 4217 2927 4307 deputato
2979 4220 3056 4284 ab
3124 4221 3435 4308 Episcopo
3467 4241 3528 4287 a·

2093 4312 2173 4373 Et
2219 4307 2298 4372 ita
2347 4307 2635 4373 decrevit
2681 4327 2747 4372 ac
2779 4308 3015 4372 servari
3048 4306 3386 4374 mandavit.
3423 4307 3534 4373 Die

1961 4397 2004 4462 9
2049 4394 2190 4461 Iulii
2241 4398 2430 4462 1718.

1961 4571 2218 4639 2252.
2554 4573 2972 4637 CATANlEN.
3305 4574 3531 4659 (3912)

2090 4746 2249 4810 cum
2298 4762 2378 4809 ex
2431 4755 2617 4831 parte
2674 4742 2906 4809 civium
2969 4742 3249 4810 Civitatis
3304 4745 3530 4811 Platiae

1962 4830 2277 4896 Dioecesis
2324 4832 2643 4899 catanien.
2697 4831 3055 4917 expositum
3105 4831 3324 4916 fuerit,
3358 4833 3530 4917 quod

1958 4919 2288 4984 occasione
2336 4936 2454 5003 qua
2504 4918 2568 4982 in
2615 4917 2915 4983 Ecclesiis
2957 4916 3238 4985 civitatis
3283 4920 3533 5020 praedi·

1961 5015 2099 5071 ctae
2149 5006 2381 5093 exponi
2427 5006 2590 5071 solet
2634 5007 2896 5073 SSmum
2952 5007 3381 5074 Eucharistiae
3427 5013 3532 5074 Sa-

1959 5103 2383 5175 cramentum,
2410 5092 2751 5160 inoleverit
2783 5092 3014 5159 abusus
3058 5095 3365 5159 recitandi
3390 5106 3532 5180 post

1960 5179 2157 5247 linem
2213 5182 2475 5247 ultimae
2518 5180 2848 5263 Orationis,
2900 5182 3039 5246 loco
3090 5185 3215 5259 Qut·
3263 5185 3430 5248 vivis
3469 5193 3530 5248 et

1960 5288 2189 5352 regnas
2234 5279 2356 5333 etc.
2413 5270 2531 5338 Per
2581 5270 2921 5334 Dominum
2967 5271 3273 5335 Nostrum
3327 5272 3531 5334 Iesum

1964 5356 2291 5424 camum
2339 5357 2588 5421 Filium
2629 5367 2795 5435 etc.,·
2840 5375 3008 5421 nunc
3053 5357 3218 5443 apud
3245 5358 3316 5420 S.
3353 5360 3426 5424 R.
3453 5359 3528 5422 c.
