4042 5950
1607 338 2020 418 ...83-

180 501 680 567 animadvertens
705 499 1020 586 praefatus
1051 497 1601 567 caeremoniarum
1628 503 1748 565 Ma·-

182 590 373 674 gister
423 608 540 673 per
583 589 784 653 dictos
845 588 1245 653 Primicerios
1300 590 1583 671 aliosque
1643 590 1748 652 Sa-

182 677 472 741 cerdotes
497 675 634 741 fieri
667 687 881 740 contra
917 676 1178 740 formam
1203 675 1465 740 Ritualis
1491 676 1747 740 Romani

181 775 239 828 et
280 779 468 828 usum
515 763 797 829 omnium
846 764 1296 840 Ecclesiarum3
1346 772 1415 827 ut
1468 763 1748 828 declara-

179 862 349 915 retur
406 851 564 935 quid
632 852 1051 936 imposterum
1111 850 1495 916 servandum
1553 863 1745 932 esset,

182 938 534 1004 humillime
581 938 984 1026 supplicavit.

297 1029 374 1091 Et
423 1028 488 1091 S.
544 1029 765 1091 eadem
814 1030 887 1092 R.
924 1031 1027 1108 c.‚
1076 1026 1283 1094 audita
1334 1025 1508 1114 prius
1555 1025 1747 1091 infor-

181 1113 443 1179 matione
506 1113 853 1196 Ordinarii,
914 1115 1030 1179 sub
1076 1115 1181 1180 die
1244 1118 1327 1181 20
1387 1113 1522 1180 Maii
1582 1115 1744 1179 1741

182 1201 358 1266 rescri
412 1200 534 1266 sit:
586 1224 623 1265 ι
651 1203 957 1268 Servetur
1004 1202 1251 1269 Rituale
1297 1207 1644 1270 Romanum
1684 1222 1749 1279 »‚.

297 1291 342 1351 A
394 1308 621 1354 versus
688 1289 1051 1355 huiusmodi
1117 1289 1520 1376 Rescriptum
1569 1307 1746 1376 prae-

182 1378 508 1442 tendentes
571 1376 971 1443 Primicerius
1039 1389 1102 1442 et
1149 1380 1523 1444 Sacerdotes
1568 1395 1747 1463 prae·

179 1464 314 1529 dicti
383 1466 662 1548 probare
724 1464 1295 1531 immemorabilem
1341 1463 1748 1531 consuetudi·

177 1569 335 1634 nem,
385 1551 758 1617 institerunt
804 1572 920 1639 pro
967 1551 1471 1641 repropositione
1511 1555 1743 1618 Causae

181 1639 232 1704 in
275 1641 502 1705 eadem
553 1643 617 1706 S.
655 1642 755 1720 C.,
785 1640 845 1705 in
893 1659 1013 1725 qua
1064 1646 1256 1705 Emus
1290 1653 1354 1705 et
1384 1643 1578 1706 Rthus
1601 1642 1742 1706 car·

179 1727 386 1792 dinalis
431 1728 730 1811 Belluga·
748 1727 1214 1814 infrascriptum
1261 1726 1526 1794 dubium
1578 1727 1742 1792 inter

181 1827 370 1908 partes
417 1815 878 1881 concordatum
926 1815 1301 1901 proposuit:

291 1906 384 1968 An
443 1902 512 1968 in
562 1902 970 1968 associatione
1014 1904 1391 1969 cadaverum
1439 1901 1740 1969 Sacerdo-

181 2001 299 2056 tum
341 1988 590 2056 attendi
637 1989 868 2055 debeat
913 1990 1245 2076 dispositio
1308 1990 1570 2056 Ritualis
1624 1991 1742 2054 Ro·
1809 2051 1818 2060 .

179 2079 324 2143 mani
372 2079 470 2144 tit.
525 2078 612 2143 de
670 2078 1012 2162 Exequiis‚
1061 2097 1174 2144 seu
1235 2078 1445 2163 potius
1504 2077 1740 2142 servari

179 2177 493 2250 praetensa
541 2167 941 2232 consuetudo
971 2164 1236 2232 canendi
1283 2183 1401 2250 per
1446 2165 1610 2230 viam
1645 2169 1742 2228 ln·

179 2253 524 2318 vitatorium
569 2272 718 2319 cum
765 2256 1042 2319 Psalmo:
1099 2256 1336 2334 Venite,
1385 2253 1740 2318 emultcmus

179 2341 424 2405 Domino
469 2352 623 2418 etc„
680 2351 742 2406 et
789 2342 852 2406 in
901 2341 1182 2407 Ecclesia
1229 2340 1555 2406 residuum
1594 2337 1737 2405 offi-

178 2429 328 2493 cium
375 2426 889 2495 defunctorum?
1341 2441 1347 2448 ’

289 2520 362 2580 Et
389 2520 455 2584 S.
485 2520 565 2583 R.
593 2520 666 2583 c.
699 2517 1218 2602 respondendum
1244 2516 1514 2581 censuit:
1542 2536 1579 2577 ι
1601 2518 1740 2581 Ser-

179 2614 343 2667 vetur
387 2606 643 2670 Ritnale
679 2627 740 2668 2».
791 2607 872 2669 Et
920 2603 1000 2669 ita
1052 2603 1338 2670 decrevit
1385 2622 1454 2667 ac
1500 2602 1738 2668 servari

179 2690 505 2757 mandavit.
560 2692 673 2757 Die
724 2697 755 2758 l
806 2692 1175 2757 Decembris
1225 2694 1416 2757 1⁷42.

179 2863 394 2934 23⁷1.
742 2869 1151 2932 ALtPHANA.
1511 2867 1732 2955 (uas)

286 3038 445 3103 ortis
493 3038 820 3104 nonnullis
866 3040 1315 3117 controversiis
1361 3041 1528 3107 inter
1559 3042 1735 3129 capi·

179 3124 360 3190 tulum
428 3126 825 3191 cathedralis
883 3126 1203 3193 Ecclesiae
1251 3128 1593 3212 Alipbanae
1656 3149 1735 3195 ex

177 3231 316 3293 una,
360 3226 556 3299 atque
603 3213 964 3312 Capitulum
1028 3225 1092 3279 et
1137 3215 1482 3281 canonicos
1528 3217 1735 3283 colle-

175 3300 352 3383 giatae
378 3315 442 3368 et
467 3302 751 3367 matricis
797 3302 1115 3367 Ecclesiae
1161 3304 1567 3369 Pedemontis
1598 3323 1737 3390 par-

178 3388 320 3453 tibus
355 3410 434 3454 ex
461 3392 691 3472 altera,
717 3409 913 3477 super
936 3390 1259 3456 nonnullis
1289 3392 1733 3476 praeeminen-

179 3474 302 3549 tiis;
377 3478 635 3562 illisque
695 3477 772 3542 ad
839 3480 906 3543 S.
956 3483 1031 3546 R.
1080 3481 1150 3545 c.
1216 3479 1479 3564 delatis,
1545 3484 1734 3546 Emus

179 3574 228 3624 et
267 3568 454 3631 Rt'nus
503 3570 576 3631 D.
627 3565 977 3631 cardinalis
1020 3568 1369 3653 Guadagni,
1418 3587 1537 3654 pro
1579 3572 1737 3634 Eme

178 3661 229 3712 et
269 3655 420 3718 Rmo
469 3658 549 3719 D.
599 3652 912 3719 Cardinali
959 3655 1254 3719 Lercario
1302 3658 1609 3738 Ponente,
1647 3656 1738 3723 in-

180 3736 476 3826 trascripta
528 3740 720 3806 dubia
772 3742 937 3807 inter
984 3754 1193 3829 partes
1214 3744 1590 3809 concordata
1623 3744 1736 3808 de·

177 3825 435 3894 claranda
483 3828 841 3914 proposuit,
888 3848 1166 3916 nempe:

180 3998 188 4007 ι
288 3921 346 3981 l.
395 3920 493 3982 An
556 3917 868 4003 Episcopo
937 3916 1318 3982 Pontificalia
1388 3918 1732 3984 celebranti

177 4018 226 4064 m
269 4003 492 4089 insigni
542 4004 888 4090 collegiata
912 4007 976 4071 S.
1006 4004 1230 4069 Mariae
1262 4004 1506 4070 Maioris
1535 4009 1732 4072 Pede-

179 4092 380 4155 montis
423 4091 694 4176 aliisque
743 4092 1040 4157 Ecclesiis
1076 4093 1212 4157 sitis
1245 4093 1402 4158 intra
1437 4093 1608 4159 illius
1639 4094 1730 4161 di-

178 4177 465 4263 strictum,
495 4180 788 4244 assistere
817 4180 1096 4245 debeant
1120 4182 1412 4246 canonici
1444 4181 1729 4247 eiusdem

177 4266 578 4351 Collegiatae3
627 4287 742 4332 seu
813 4268 1025 4352 potius
1069 4267 1364 4334 canonici
1413 4270 1732 4335 Ecclesiae

177 4354 538 4421 cztbedralis
572 4353 974 4439 Alipbanae?
1019 4367 1081 4419 et
1113 4367 1424 4441 quatenus
1468 4357 1730 4423 affirma·

179 4440 382 4506 native
426 4444 638 4528 quoad
685 4444 1031 4509 secundam
1077 4454 1352 4527 partem,

287 4532 346 4593 2.
395 4534 492 4595 An
540 4529 695 4597 dicti
739 4530 1032 4596 canonici
1066 4531 1459 4597 cathedralis
1490 4532 1730 4617 possint

180 4616 437 4707 assistere
502 4618 962 4704 capitulariter,
1023 4620 1274 4703 quande
1327 4619 1731 4705 singulariter

183 4703 629 4771 interveniant?

217 4872 227 4883 .
267 4796 348 4885 ·3.
393 4796 490 4858 An
553 4793 726 4858 idem
785 4794 1094 4879 procedat
1137 4796 1271 4860 sive
1318 4794 1470 4860 dicti
1535 4798 1728 4862 cano-

181 4890 280 4971 ¹¹.¹⁶¹
323 4882 717 4946 cathedralis
759 4882 883 4946 sint
932 4882 1172 4948 invitati
1241 4881 1319 4947 ab
1391 4884 1725 4969 Episcopo,

182 4978 294 5028 sive
335 4986 456 5034 non
487 4966 519 5033 ἲ

289 5056 344 5117 4.
393 5059 516 5137 An,
566 5068 627 5121 et
675 5057 925 5141 quibus,
963 5057 1025 5123 in
1056 5057 1176 5122 boc
1227 5077 1371 5123 casu
1419 5058 1730 5124 debeatur

184 5144 596 5218 praecedentia
626 5142 659 5209 ¹?

289 5233 346 5293 5.
395 5236 486 5295 An
533 5233 826 5297 canonici
876 5234 1081 5298 dictae
1129 5234 1463 5298 Ecclesiae.
1503 5234 1725 5300 cathe-

184 5310 368 5397 dralis,
402 5318 463 5383 in
495 5321 986 5385 convisitatores
1031 5321 1318 5403 adhibiti,
1350 5322 1584 5408 possint
1616 5340 1727 5407 ge·

185 5408 324 5467 stare
363 5407 608 5491 signum
660 5409 1017 5473 canonicale
1069 5410 1132 5473 in
1176 5410 1339 5474 dicta
1382 5409 1727 5495 collegiata

1844 521 1913 566 ac
1961 498 2099 564 aliis
2143 501 2443 566 Ecclesiis
2488 499 2623 565 sitis
2670 499 2831 565 intra
2882 497 3039 566 fines
3085 491 3430 568 eiusdem?

1852 599 1915 653 et
1963 598 2275 673 quatenus
2329 587 2725 670 affirmative,

1978 679 2043 740 6.
2096 676 2215 756 An,
2252 685 2316 740 et
2362 674 2617 761 quibua,
2648 675 2708 740 in
2757 676 2875 740 hoc
2926 696 3067 741 casu
3117 676 3427 743 debeatur

1848 762 2296 848 praecedentia
2325 760 2359 827 ’ἓ

1983 855 2061 915 Et
2094 853 2158 916 S.
2187 855 2261 916 R.
2290 854 2396 933 C.,
2422 850 2568 916 visis
2601 850 2842 916 iuribus
2874 851 3021 918 binc
3051 852 3202 918 inde
3226 853 3428 918 dedu-

1848 938 1964 1002 ctis
2011 948 2075 1002 et
2122 948 2391 1022 utraque
2484 950 2618 1003 arte
2665 937 2915 1024 scriptis
2948 951 3013 1003 et
3046 958 3202 1004 voce
3236 939 3429 1005 infor·

1849 1035 2061 1091 mante
2105 1026 2341 1109 audita,
2388 1049 2417 1090 a
2513 1025 2896 1091 relationem
2943 1026 3231 1092 eiusdem
3290 1027 3424 1092 Emi

1849 1117 2028 1178 Dom.
2109 1113 2456 1180 cardinalis
2523 1111 2881 1197 Guadagni,
2948 1113 3425 1182 rescribendum

1848 1202 2134 1266 censuit:

1985 1288 2078 1353 Ad
2137 1295 2193 1353 l.
2246 1310 2283 1352 α
2316 1289 2649 1376 Negative,
2698 1289 2772 1354 ad
2824 1288 3093 1375 primam
3140 1300 3425 1377 partem3

1849 1375 2265 1460 Affirmative,
2315 1378 2391 1443 ad
2438 1377 2784 1442 secundam
2819 1400 2884 1442 »-

1987 1464 2082 1529 Ad
2130 1469 2193 1530 2.
2245 1485 2282 1527 ι
2317 1464 2619 1551 Negative
2653 1486 2719 1528 ».

1978 1553 2070 1617 Ad
2123 1556 2185 1619 3.
2235 1574 2273 1616 «
2307 1554 2625 1630 Quatenus
2661 1550 2932 1628 invitati,
2959 1564 3022 1617 et
3044 1571 3169 1617 non
3195 1555 3423 1619 alias».

1975 1639 2072 1704 Ad
2124 1643 2188 1705 4.
2238 1661 2275 1703 ι
2309 1639 2539 1706 Deberi
2585 1639 2915 1705 Canonicis
2942 1641 3339 1707 Cathedralis
3359 1664 3420 1707 ιν.

1975 1728 2070 1794 Ad
2120 1733 2182 1793 ὅ.
2235 1749 2272 1791 ‹
2307 1727 2694 1796 Affirmative
2730 1751 2791 1790 ».

1975 1816 2070 1884 Ad
2120 1820 2181 1882 6.
2233 1836 2271 1878 «
2307 1815 2535 1881 Deberi
2622 1815 2952 1879 Canonicis
3039 1815 3427 1883 cathedralis

1844 1901 2404 1970 Convisitatoribus
2436 1927 2498 1965 ».

1972 1992 2052 2055 Et
2098 1991 2180 2057 ita
2242 1990 2592 2056 declaravit
2646 2010 2714 2056 ac
2775 1990 3014 2056 servari
3076 1992 3419 2058 mandavit.

1844 2079 1954 2144 Die
2011 2081 2090 2144 19
2136 2077 2397 2145 Ianuarii
2456 2079 2646 2144 1743.

1846 2217 2091 2285 2372.
2184 2205 2195 2216 ⁸
2445 2218 2811 2284 FIRMANA.
3196 2222 3418 2306 (4147)

1971 2343 2132 2407 cum
2182 2339 2245 2404 in
2292 2338 2557 2404 civitate
2607 2338 2887 2406 Firmana
2934 2359 3191 2428 semper
3250 2342 3420 2409 inva-

1813 2428 2037 2495 ‘luerit
2084 2426 2224 2514 pius
2269 2444 2417 2492 usus
2466 2426 2790 2493 indicendi
2841 2428 3124 2527 publicas
3168 2433 3422 2494 Proces-

1840 2516 2051 2581 siones
2093 2513 2375 2599 qualibet
2419 2514 2697 2580 secunda
2744 2515 3060 2582 Dominica
3106 2515 3419 2583 mensium

1839 2603 2220 2669 aestivorum
2269 2600 2333 2666 in
2379 2601 2684 2668 honorem
2732 2608 2955 2669 Beatae
3014 2603 3237 2670 Mariae
3282 2607 3421 2670 Vir-

1842 2690 2030 2776 ginis,
2099 2689 2280 2755 cuius
2339 2693 2544 2774 [mago
2606 2701 2961 2756 asservatur
3029 2691 3092 2758 in
3138 2693 3419 2758 Ecclesia

1844 2783 2128 2845 Fratrum
2176 2774 2486 2842 Minorum
2535 2777 2617 2842 de
2662 2778 3065 2845 observantia
3129 2780 3419 2846 eiusdem

1840 2864 2143 2947 civitatis,
2178 2884 2211 2927 a
2246 2880 2366 2946 qua
2400 2863 2676 2931 Ecclesia
2711 2866 3146 2934 Processiones
3177 2869 3420 2934 ducun-

1839 2966 1945 3021 tur
1997 2953 2077 3018 ad
2141 2951 2481 3017 Ecclesiam
2535 2953 3105 3039 metropolitanam,
3155 2955 3273 3022 hoc
3321 2978 3420 3023 or-

1840 3042 2028 3109 dine:
2066 3050 2207 3125 post
2238 3038 2794 3106 confraternitates
2826 3043 3186 3126 Laicorum,
3217 3045 3421 3129 sequi·

1844 3143 1946 3194 tur
1981 3128 2212 3193 Clems
2258 3126 2587 3210 Regularis
2636 3141 2701 3194 et
2755 3130 3128 3211 Saecularis,
3179 3132 3415 3197 deinde

1837 3215 2200 3301 Capitulum
2247 3214 2455 3280 dictae
2488 3216 3041 3302 metropolitanam
3088 3231 3223 3303 post
3259 3219 3416 3284 illud

1836 3323 1988 3369 vero
2037 3303 2511 3387 subsequuntur
2557 3302 2896 3368 ordinatim
2944 3316 3215 3390 quatuor
3258 3310 3415 3372 con-

1839 3393 2061 3458 fratres
2139 3390 2636 3474 uniuscuiusque
2712 3390 3042 3456 Societatis
3118 3406 3417 3478 gerentes

1837 3476 2164 3560 intortitia‚
2192 3476 2500 3561 assignato
2532 3478 2759 3544 ultimo
2792 3477 2931 3545 loco
2957 3491 3228 3563 quatuor
3261 3486 3415 3546 con-

1836 3565 2131 3634 fratribus
2176 3564 2505 3629 Societatis
2551 3567 2724 3632 88ῶί
2797 3567 3182 3633 Sacramenti
3256 3568 3417 3634 ince-

1809 3652 2134 3723 'dentibus
2182 3651 2547 3719 immediate
2590 3672 2737 3719 cum
2786 3654 3112 3720 intortitiis
3133 3668 3279 3723 ante
3311 3660 3415 3722 Sa-

1837 3761 2003 3808 cram
2050 3740 2395 3827 lmaginem
2442 3763 2473 3807 a
2519 3741 2963 3809 Sacerdotibus
2994 3745 3416 3841 processiona-

1837 3832 1983 3896 liter
2028 3829 2331 3910 delatam,
2367 3849 2435 3893 ac
2484 3840 2809 3915 postremo
2839 3841 3131 3914 sequitur
3175 3832 3415 3897 Guber-

1836 3930 2017 3983 nator
2061 3934 2179 4000 pro
2228 3929 2518 4001 tempore
2590 3935 2735 3982 cum
2792 3916 2960 3983 illius
3005 3916 3409 4005 Magistratu3

1836 4025 1980 4071 cum
2028 4015 2239 4069 autem
2290 4018 2565 4088 quatuor
2609 4005 2851 4087 famuli,
2887 4004 2996 4091 qui
3021 4026 3050 4070 a
3086 4006 3255 4073 dicto
3294 4011 3413 4073 Ma-

1834 4094 2103 4179 gistratu
2172 4093 2247 4157 ad
2310 4094 2783 4158 Processionem
2842 4094 3224 4177 mittuntur,
3288 4114 3410 4162 non

1834 4200 1973 4246 raro
1998 4182 2511 4264 praetensionem
2545 4180 2961 4246 excitaverint
2986 4183 3411 4269 praecedendi

1831 4268 2194 4334 confratres
2237 4267 2779 4333 confraternitatis
2824 4271 2995 4334 88ῶί
3030 4270 3409 4337 sacramenti

1803 4356 2117 4421 ‚vestibus
2163 4356 2450 4421 eiusdem
2500 4356 2858 4421 sodalitatis
2905 4356 3183 4439 indutos,
3221 4370 3410 4423 etoc-

1831 4443 2102 4529 cupandi
2148 4442 2525 4509 nobiliorem
2590 4445 2800 4508 locum
2849 4443 3218 4510 immediate
3265 4456 3408 4510 ante

1831 4530 2065 4598 dictam
2121 4533 2367 4597 Sacram
2440 4531 2828 4618 lmaginem;
2894 4544 3267 4618 propterea,
3332 4534 3407 4598 ad

1832 4618 2224 4684 dirimendas
2267 4618 2612 4684 seditiones
2659 4631 2723 4682 et
2767 4620 3078 4701 scandala,
3104 4618 3407 4684 officiales

1831 4705 2148 4794 praefatae
2194 4706 2519 4772 Societatis
2565 4706 2737 4771 88ῶί
2776 4707 3156 4771 sacramenti
3192 4726 3408 4772 recur-

1829 4813 1970 4859 sum
2019 4793 2378 4858 babuerunt
2424 4797 2495 4859 ad
2550 4798 2614 4860 S.
2651 4798 2725 4861 R.
2760 4798 2833 4860 c.
2881 4794 3183 4859 adversus
3227 4813 3406 4879 prae-

1830 4881 2071 4948 dictum
2117 4880 2544 4968 Magistratum
2590 4899 2706 4965 pro
2755 4881 3180 4946 declaratione
3220 4881 3406 4947 infra-

1829 4967 2049 5053 scripti
2095 4966 2270 5033 dubii
2345 4970 2422 5035 ab
2502 4974 2653 5033 Eme
2724 4980 2789 5033 et
2862 4973 3019 5034 Rfim
3080 4974 3156 5035 D.
3214 4970 3400 5035 Card.

1833 5055 2177 5141 Sacripanti
2227 5056 2562 5141 propositi,
2610 5073 2884 5143 nempe:

1963 5143 2059 5208 An
2106 5144 2552 5228 praecedentia
2605 5154 2727 5208 tam
2798 5145 2859 5211 in
2922 5145 3169 5210 incessu
3216 5162 3402 5229 quam

1834 5235 1894 5298 in
1943 5231 2249 5313 Ecclesia,
2299 5230 2623 5297 occasione
2692 5251 3005 5298 sacrarum
3068 5231 3405 5297 Processio·

1831 5339 2011 5400 num,
2063 5320 2370 5386 debeatur
2407 5319 2843 5386 Confratribus
2875 5323 3036 5387 Ven.
3076 5318 3403 5384 Societatis

1832 5410 2005 5473 SSmi
2057 5407 2439 5474 sacramenti
2502 5409 2897 5492 gestantibus
2958 5407 3257 5472 intortitia
3305 5424 3404 5470 ac·
