4042 5950
2115 262 2530 339 -34-

701 428 1009 486 assertum
1058 420 1198 504 luit,
1236 418 1670 508 postmodnm,
1704 417 2140 504 permanendo
2189 428 2281 483 et-

701 507 821 572 iam
870 507 933 571 in
980 525 1200 575 eorum
1262 506 1536 595 propriis
1588 506 1825 588 stalliS‚
1889 525 2029 571 sese
2091 505 2277 571 absti-

700 605 1016 673 nuerunt;
1093 592 1458 660 huiusmodi
1536 591 1892 680 praetensio
1967 611 2272 659 novarum

699 680 1262 747 controversiarum
1319 681 1486 746 inter
1549 682 1811 749 eosdem
1878 680 2272 746 occasionem

697 767 1010 852 praebuit,
1061 778 1126 834 et
1188 790 1222 833 a
1266 766 1658 835 Beneficiatis
1718 789 1788 834 ac
1848 766 2273 833 Mansionariis

699 854 1034 941 praedictis
1078 854 1379 922 adversus
1417 855 1760 921 Canonicos
1794 856 2030 921 iterum
2061 854 2273 920 habito

698 961 998 1025 recursu,
1047 941 1300 1028 illisque
1346 943 1790 1008 controversiis
1835 943 1912 1009 ad
1961 944 2029 1009 S.
2077 944 2154 1008 R.
2195 944 2266 1009 C.

696 1029 960 1108 delatis;
1010 1034 1202 1095 Effius
1232 1040 1296 1094 et
1324 1033 1516 1095 Rfilus
1560 1033 1631 1095 D.
1667 1028 1853 1096 card.
1890 1029 2275 1095 corradinus

698 1115 1088 1204 infrascripta
1132 1118 1319 1184 dubia
1364 1116 1739 1183 declaranda
1786 1116 2158 1204 proposuit:

831 1209 889 1269 1.
939 1207 1034 1269 An
1081 1204 1375 1270 canonici
1420 1204 1806 1289 collegiatae
1861 1208 1924 1270 S.
1969 1202 2269 1270 Antonini

695 1292 1046 1356 Placentiae
1093 1302 1454 1374 teneantur,
1481 1292 1914 1376 permanendo
1946 1291 2010 1355 in
2043 1310 2268 1357 eorum

694 1378 912 1461 stallis,
971 1388 1035 1443 et
1080 1379 1317 1462 absque
1354 1396 1610 1462 ,accessu
1674 1379 1752 1444 ad
1797 1378 2114 1444 Lectorile
2161 1398 2271 1465 po-

693 1466 884 1530 situm
932 1465 993 1531 in
1040 1465 1252 1530 medio
1297 1464 1512 1547 chori,
1550 1484 1774 1531 canere
1806 1485 1928 1531 una
1962 1486 2108 1531 cum
2123 1468 2269 1533 aliis

694 1551 1084 1619 Beneficiatis
1128 1552 1191 1616 in
1235 1551 1571 1633 MatutiniS,
1621 1554 1919 1639 vesperis
1966 1566 2030 1619 et
2077 1554 2271 1619 Missis

694 1637 1227 1705 Conventualibus
1301 1658 1369 1703 ac
1439 1640 1840 1705 Solemnibus
1911 1642 2269 1726 respective

695 1727 1183 1806 Invitatorium,
1216 1727 1512 1809 Hymnus,
1559 1728 1934 1808 Versiculos,
1965 1730 2269 1812 Antipho-

695 1834 838 1895 nas,
875 1815 1311 1896 Responsoria,
1350 1817 1689 1894 Introitus,
1726 1819 1941 1897 Kyrie,
1982 1816 2274 1883 Gracina·

695 1902 815 1984 lia,
869 1901 1083 1980 Credo,
1137 1898 1542 1986 offertorium
1590 1913 1653 1966 et
1699 1903 2011 1988 quidquid
2058 1905 2135 1971 ad
2166 1925 2268 1971 su-

692 1987 1048 2074 pradictum
1076 1989 1389 2055 Lectorile
1422 1989 1776 2055 canendum
1820 1990 2126 2078 occurrit3
2161 1993 2267 2058 vel

694 2074 1090 2225 solungmodo
1138 2085 1472 2142 teneantur
1519 2076 1878 2143 Beneficiati
1914 2089 1979 2143 et
2008 2080 2269 2145 Mansio-

696 2183 851 2228 narn

825 2254 887 2315 2.
940 2252 1035 2315 An
1080 2250 1330 2315 licuerit
1378 2261 1442 2315 et
1490 2249 1673 2316 liceat
1709 2250 1776 2316 in
1806 2260 2135 2337 posterum
2173 2254 2268 2319 di-

695 2338 810 2404 ctis
855 2336 1181 2404 canonicis
1227 2338 1557 2423 imponere
1608 2339 1874 2405 mulctas
1922 2340 2268 2407 extraordi-

693 2426 891 2491 narias
936 2423 1324 2490 Beneficiatis
1348 2435 1412 2490 et
1442 2426 1864 2492 mansionariis
1895 2446 2021 2493 non
2068 2427 2264 2494 adim-

692 2512 1013 2598 plentibus
1082 2530 1303 2577 eorum
1362 2531 1593 2578 munus
1660 2512 1724 2577 in
1782 2513 1957 2579 dicto
2003 2514 2264 2581 servitio

691 2599 907 2683 chori,
930 2599 1190 2750 ⁸?absque
1242 2599 1502 2665 scientia
1552 2607 1617 2663 et
1661 2601 2115 2687 approbatione
2154 2607 2265 2669 Or-

694 2686 917 2753 dinarii

823 2778 885 2840 3.
937 2777 1030 2839 An
1095 2772 1425 2857 canonici,
1475 2774 1843 2841 Beneficiati
1889 2787 1955 2843 et
2001 2778 2259 2843 Mansio-

690 2861 842 2928 narii
874 2879 1203 2946 assurgere
1228 2860 1527 2943 debeant,
1562 2862 1817 2928 detecto
1851 2864 2078 2949 capite,
2106 2885 2258 2952 qno-

695 2951 809 3015 ties
853 2971 883 3015 a
930 2948 1348 3033 Dignitatibus
1395 2958 1456 3014 et
1503 2949 1640 3015 aliis
1685 2952 2010 3018 canonicis
2054 2953 2114 3018 in
2148 2958 2257 3019 Fe-

690 3036 1064 3103 stivitatibus
1107 3036 1495 3102 solemnibus
1540 3049 1687 3103 ante
1732 3039 1997 3106 alicuius
2033 3042 2256 3107 Psalmi

691 3125 938 3191 initium
983 3124 1433 3212 praecinuntur
1479 3125 1889 3213 antiphonae,
1913 3129 2032 3195 sub
2056 3148 2258 3216 poena

688 3215 1063 3280 mulctarum
1107 3212 1364 3278 arbitrio
1408 3212 1762 3279 ordinarii?

822 3305 884 3367 4.
937 3304 1031 3367 An
1075 3300 1228 3366 dicti
1261 3299 1580 3384 Canonici,
1609 3302 1968 3369 Beneficiati
2004 3315 2068 3369 et
2092 3309 2255 3372 Man-

689 3388 934 3454 sionarii
984 3388 1271 3453 assistere
1318 3389 1591 3454 debeant
1623 3390 2054 3474 concionibus,
2095 3413 2255 3477 quae

689 3477 1000 3541 habentur
1046 3484 1337 3560 tempore
1385 3476 1710 3542 Adventus
1751 3489 1814 3542 et
1846 3480 2255 3564 Quadragesi·

690 3581 828 3628 mae
876 3561 1161 3714 in?dicta
1230 3563 1615 3647 collegiata,
1684 3566 1801 3631 sub
1851 3587 2052 3652 poena
2099 3569 2257 3634 mul-

693 3660 932 3715 ctarum

820 3740 883 3801 5.
934 3737 1028 3800 An
1074 3734 1227 3801 dicti
1272 3737 1972 3822 canonici,Beneficiati
2001 3752 2066 3807 et
2090 3746 2253 3809 Man-

689 3824 941 3890 sionarii
988 3833 1278 3907 tempore
1324 3825 1683 3910 Missarum,
1733 3845 1893 3911 quae
1943 3840 2255 3896 canuntur

691 3912 754 3977 in
807 3915 964 3976 Hora
1028 3911 1273 3975 Tertiae
1342 3912 1403 3977 in
1470 3913 1637 3978 dicta
1701 3915 2065 4001 Collegiata,
2113 3937 2257 4003 pos-

689 3998 812 4064 sint
858 3997 1145 4082 accipere
1190 3999 1392 4064 Missas
1437 4000 1669 4084 aliquas
1700 4003 1996 4069 dicendas
2030 4005 2090 4070 in
2123 4005 2258 4070 aliis

688 4085 1021 4169 EcclesiiS,
1056 4085 1158 4150 vel
1194 4089 1498 4152 accedere
1544 4090 1619 4155 ad
1668 4090 2146 4157 inserviendum
2195 4093 2256 4156 in

691 4172 811 4238 illis
856 4172 931 4237 ad
981 4174 1245 4238 formam
1292 4175 1539 4240 Decreti
1587 4177 1741 4243 editi
1791 4177 1852 4243 in
1898 4178 2254 4245 visitatione

689 4259 831 4326 anni
884 4258 1093 4326 1567?
1276 4319 1282 4324 .

817 4353 879 4414 6.
931 4351 1025 4415 An
1087 4361 1150 4415 et
1206 4352 1528 4435 quomodo
1605 4357 1911 4436 Decreta,
1975 4353 2250 4419 alterum

689 4455 922 4523 nempe
952 4437 1196 4503 editum
1224 4440 1287 4503 in
1311 4441 1492 4505 Sacra
1516 4439 1869 4506 visitatione
1898 4460 2058 4505 anno
2091 4446 2246 4520 1681

689 4536 753 4589 et
798 4527 1069 4591 alterum
1138 4526 1200 4590 in
1246 4525 1499 4612 Synodo
1563 4546 1723 4592 anno
1796 4530 1981 4611 1632,
2032 4529 2134 4594 tit.
2180 4529 2251 4592 de

692 4612 886 4681 Ghori
932 4617 1248 4698 inyressu,
1296 4615 1420 4680 sint
1464 4612 1813 4680 servanda?

815 4706 894 4767 Et
940 4705 1006 4767 S.
1042 4706 1116 4768 R.
1149 4705 1251 4783 C.,
1279 4702 1558 4788 partibus
1597 4710 1722 4767 tam
1768 4701 2017 4789 scriptis
2063 4721 2249 4788 qnam

686 4808 843 4854 voce
912 4788 1389 4856 informantibus
1454 4788 1705 4871 auditis,
1772 4791 2250 4857 rescribendum

691 4874 964 4939 censuit:

818 4960 911 5027 Ad
960 4969 1018 5029 1.
1071 4987 1108 5028 ς
1142 4967 1475 5053 Negative,
1527 4968 1603 5034 ad
1647 4966 1915 5055 primam
1964 4979 2247 5054 partem3

688 5049 1098 5133 Affirmative,
1148 5054 1224 5119 ad
1268 5055 1610 5121 secundam
1642 5077 1705 5121 ».

687 5226 727 5291 d
772 5137 907 5313 lAd
958 5143 1025 5204 2.
1073 5160 1110 5202 ι
1144 5142 1493 5206 Serventur
1539 5144 2030 5209 constitutiones
2062 5162 2248 5230 syno-

734 5248 763 5290 a
796 5245 863 5289 es
896 5247 962 5291 ».

812 5315 908 5386 Ad
957 5317 1022 5380 3.
1071 5283 1531 5379 «sAsfirmative
1567 5338 1630 5378 ».

2509 418 2605 484 Ad
2653 422 2715 482 4.
2768 440 2805 483 «
2841 418 3259 493 Affirmative‚
3310 417 3427 483 sub
3449 434 3670 503 poena
3703 415 3949 481 mulcta·

2381 523 2547 587 rum,
2597 503 2852 571 arbitrio
2898 505 3301 573 ordinarii».
3558 522 3568 531 ’

2509 591 2603 656 Ad
2653 598 2719 658 ὅ.
2768 613 2805 655 ι
2839 593 3142 678 Negative
3174 614 3240 658 ι».

2507 679 2599 745 Ad
2650 684 2717 744 6.
2775 701 2812 743 ι
2848 680 3161 746 Servanda
3233 699 3370 745 esse
3430 684 3712 746 Decreta
3775 690 3950 766 prout

2376 766 2617 851 iacent;
2668 767 2924 853 dempta
2971 786 3174 854 poena
3222 785 3732 833 censurarum».

2507 859 2585 919 Et
2647 854 2729 920 ita
2776 854 3124 925 declaravit
3182 865 3247 921 et
3305 855 3545 921 servari
3611 856 3945 920 mandavit.

2379 941 2487 1007 Die
2535 945 2613 1007 10
2654 942 3022 1008 Decembris
3075 946 3268 1008 1718.

2375 1079 2634 1147 2259.
3047 1083 3291 1147 unms.
3737 1082 3947 1168 (3921)

2503 1208 2567 1271 S.
2609 1205 2874 1271 R.c.ad
2924 1204 3308 1271 humillimas
3354 1223 3583 1291 preces
3635 1202 3950 1269 Guberna-

2377 1293 2527 1358 toris
2573 1302 2637 1357 et
2685 1292 3084 1360 confratrum
3129 1290 3688 1359 confraternitatis
3737 1292 3855 1356 sub
3887 1292 3950 1355 ti·

2375 1382 2508 1446 tulo
2555 1384 2921 1447 Sanctarum
2969 1381 3295 1467 Plagarum
3344 1386 3419 1447 D.
3455 1381 3529 1445 N.
3565 1383 3620 1446 1.
3671 1382 3780 1467 C.,
3833 1397 3952 1442 ere-

2373 1480 2509 1534 ctae
2571 1469 2635 1534 in
2693 1468 2975 1533 Ecclesia
3043 1470 3107 1534 S.
3173 1468 3447 1555 Philippi
3507 1466 3691 1532 Nerii
3753 1467 3820 1531 in
3862 1467 3952 1530 via

2374 1556 2550 1638 Iulia,
2587 1555 2864 1639 benigne
2897 1554 3161 1621 indulsit
3193 1566 3379 1640 atque
3411 1554 3774 1620 concessit:
3810 1573 3847 1615 ι
3882 1555 3948 1618 Ut

2371 1644 2434 1709 in
2465 1642 2848 1709 novemdiali
2878 1651 3025 1708 ante
3055 1638 3457 1708 Nativitatem
3489 1641 3750 1707 Domini
3783 1640 3948 1707 Missa

2369 1731 2577 1796 votiva
2607 1735 2679 1795 B.
2713 1733 2791 1796 M.
2831 1733 2936 1812 V.,
2969 1749 3130 1814 qnae
3161 1729 3417 1816 incipit:
3453 1734 3722 1810 Βαναία,
3768 1746 3948 1813 quam

2371 1816 2676 1884 hactenus
2744 1818 2980 1902 absque
3055 1818 3279 1882 Gloria
3345 1828 3410 1883 et
3474 1818 3718 1897 Credo,
3785 1816 3947 1880 iuxta

2367 1904 2784 1972 Rubricarum
2828 1904 3317 1990 praescriptum,
3365 1905 3764 1971 celebratam
3810 1902 3949 1968 fuis·

2367 2012 2436 2058 se
2499 2004 2807 2058 assertum
2869 1992 3013 2073 fuit,
3076 1991 3140 2057 in
3198 2002 3532 2077 posterum
3595 1992 3680 2058 ad
3753 1990 3944 2075 magis

2366 2080 2692 2164 magisque
2761 2080 3116 2164 augendam
3182 2079 3468 2164 ipsorum
3537 2079 3945 2146 confratrum

2367 2168 2781 2234 devotionem
2827 2184 2973 2232 cum
3024 2167 3245 2231 Gloria
3288 2176 3350 2231 et
3401 2168 3597 2232 Credo
3629 2165 3940 2232 celebrari

2366 2255 2563 2343 possit
2611 2264 2676 2320 et
2720 2255 3015 2320 valeat».
3052 2256 3165 2319 Die
3209 2258 3288 2320 10
3326 2254 3698 2321 Decembris
3754 2256 3935 2318 1718.

2369 2394 2630 2463 2269.
3002 2396 3336 2462 LUCANA.
3715 2390 3933 2480 (3922)

2496 2520 2653 2584 Cum
2703 2515 2767 2583 in
2812 2517 3079 2584 civitate
3111 2526 3175 2581 et
3205 2515 3486 2581 Dioecesi
3520 2518 3779 2580 Lucana
3801 2530 3937 2583 con·

2362 2616 2453 2669 tra
2498 2606 2964 2691 praescriptum
3011 2603 3261 2669 Decreti
3319 2602 3638 2688 generalis
3704 2600 3814 2666 die
3864 2600 3933 2662 13

2363 2692 2754 2778 Septembris
2785 2695 2977 2777 1692,
3005 2689 3329 2757 occasione
3353 2689 3738 2755 Festivitatis
3762 2689 3936 2754 S.1o·

2359 2779 2539 2865 sephi
2588 2780 2765 2844 Feria
2811 2783 2864 2847 V
2909 2780 2972 2844 in
3018 2783 3223 2846 coena
3291 2778 3534 2843 Domini
3596 2792 3932 2843 occurren·

2363 2868 2460 2949 tis,
2513 2867 2987 2951 emanati,-quo
3035 2865 3412 2954 permissum
3447 2864 3565 2931 fuit
3595 2882 3721 2950 pro
3769 2861 3934 2927 satis-

2359 2953 2647 3019 faciendo
2711 2965 3053 3039 praecepto
3100 2953 3268 3020 dicta
3313 2953 3416 3019 die
3461 2954 3686 3038 plures
3734 2950 3930 3017 Missas

2360 3041 2666 3108 celebrari
2711 3054 2857 3108 ante
2903 3042 3145 3108 Missam
3191 3041 3732 3123 conventualem,
3785 3039 3930 3103 irre·

2357 3131 2557 3215 pserit
2602 3126 2829 3194 abusus
2877 3129 3237 3196 celebrandi
3266 3128 3332 3194 in
3364 3127 3658 3193 omnibus
3716 3124 3929 3192 Eccle-

2353 3219 2458 3283 siis
2492 3228 2615 3281 tam
2648 3217 3052 3300 Regularium
3085 3234 3271 3299 quam
3301 3215 3926 3291 confraternitatum,

2359 3304 2556 3372 ianuis
2601 3304 3021 3391 semiapertiS,
3067 3306 3290 3390 plures
3336 3304 3541 3370 Missas
3590 3315 3740 3369 ante
3777 3304 3928 3366 Con-

2361 3393 2753 3476 ventualem;
2828 3402 3169 3477 propterea
3236 3391 3585 3477 Episcopus
3645 3396 3927 3456 Lucanus

2358 3480 2682 3546 humiliter
2727 3478 3103 3565 supplicavit
3149 3499 3264 3566 pro
3312 3478 3791 3544 declaratione:
3844 3476 3926 3538 An

2358 3567 2544 3633 liceat
2569 3589 2619 3632 ·a
2663 3565 2988 3651 quibusvis
3035 3567 3479 3632 Sacerdotibus
3527 3566 3590 3630 in
3628 3579 3925 3649 quacum·

2357 3674 2481 3741 que
2507 3654 2782 3720 Ecclesia
2813 3674 2928 3719 seu
2958 3653 3266 3736 Oratorio,
3302 3653 3493 3718 etiam
3529 3652 3731 3718 ianuis
3764 3652 3926 3717 clan-

2354 3743 2482 3825 sis,
2535 3750 2788 3825 praeter
2855 3742 3100 3807 Missam
3167 3740 3668 3807 conventualem
3734 3739 3924 3804 dictas

2356 3828 2563 3895 Missas
2608 3826 2963 3895 celebrari?

2441 3919 2521 3980 Et
2567 3920 2630 3982 S.
2668 3919 2741 3981 R.
2781 3919 2851 3981 c.
2887 3937 2904 3978 ι
2954 3937 2991 3978 ‹
3027 3915 3227 3982 Dictas
3257 3917 3491 4000 Missas,
3523 3914 3770 3981 nedum
3803 3928 3918 3988 non

2356 4003 2785 4086 celebrandaS,
2821 4022 3045 4069 verum
3092 4004 3282 4068 etiam
3326 4002 3756 4087 probibendas
3790 4014 3918 4066 esse

2354 4091 2642 4157 decrevit
2690 4103 2754 4154 et
2801 4090 3181 4167 declaravit;
3231 4089 3417 4156 firmo
3469 4102 3679 4155 tamen
3728 4105 3919 4154 rema·

2353 4187 2548 4243 nente
2602 4183 2870 4243 Decreto
2928 4179 3209 4262 generali
3265 4178 3381 4243 sub
3438 4176 3758 4265 praedicta
3818 4171 3914 4238 die

2357 4274 2638 4330 emanato
2672 4287 2732 4330 ».
2774 4265 2886 4330 Die
2933 4270 3016 4331 28
3062 4264 3324 4332 Ianuarii
3379 4269 3566 4332 1719.

2356 4407 2600 4475 2261.

2483 4532 2643 4595 Cum
2689 4531 3014 4597 occasione
3073 4532 3548 4598 constitutionis
3592 4553 3644 4598 S.
3681 4550 3773 4598 m.
3807 4533 3910 4595 Ur-

2355 4617 2495 4682 bani
2545 4621 2652 4681 PP.
2705 4621 2835 4683 Vlll
2902 4620 3121 4704 plures
3191 4620 3358 4685 inter
3423 4621 3680 4686 Clerum
3727 4633 3913 4704 snper

2350 4705 2775 4771 celebratione
2807 4705 3264 4772 nonnullorum
3294 4711 3625 4773 Festorum
3663 4714 3909 4772 exortae

2352 4792 2584 4857 fuerint
2644 4793 3148 4872 controversiae;
3212 4805 3555 4894 propterea
3604 4798 3796 4859 Emus
3852 4796 3910 4853 et

2351 4883 2538 4945 Rmus
2586 4885 2767 4946 Dom.
2818 4882 3007 4949 card.
3054 4882 3583 4970 Arcbiepiscopns
3629 4887 3906 4956 Ianuen„

2351 4968 2427 5034 ad
2462 4968 2806 5036 tollendam
2841 4970 2901 5035 in
2934 4981 3262 5056 posterum
3293 4970 3605 5037 variarum
3627 4970 3726 5035 sui
3751 4965 3906 5035 Cleri

2352 5055 2719 5140 opinionum
2765 5057 3267 5144 discrepantiam,
3315 5077 3385 5122 ac
3434 5056 3622 5123 etiam
3667 5058 3744 5123 ad
3793 5056 3908 5122 for-

2352 5144 2637 5209 mandam
2686 5143 2748 5209 in
2795 5145 3087 5211 universa
3134 5165 3241 5210 sua
3275 5145 3556 5212 Dioecesi
3590 5137 3906 5211 uniformi·

2350 5238 2567 5312 tatem,
2605 5249 2718 5316 pro
2754 5231 3176 5298 declaratione
3225 5233 3766 5318 infrascriptorum
3802 5230 3903 5296 du-

2353 5314 2596 5381 biorum
2642 5319 2708 5381 S.
2757 5320 2830 5382 R.
2883 5323 2956 5385 c.
3006 5320 3194 5385 enixe
3241 5319 3654 5405 supplicavit:

2991 4410 3312 4475 IANUEN.
3698 4401 3911 4495 (3924)
