4042 5950
1556 243 2028 324 -229-

162 406 440 464 utuntur.
494 397 840 486 cupientes
887 417 1042 466 vero
1092 400 1443 470 recensitae
1489 400 1737 468 consti-

163 485 406 552 tutionis
456 487 920 578 praescriptum
966 507 1098 555 non
1153 489 1502 572 declinare,
1551 508 1731 576 prae·

159 573 439 659 fataeque
486 594 688 642 novae
737 576 1162 643 concessionis
1197 577 1639 644 authenticum
1671 576 1734 643 in

160 661 445 740 archivio
501 663 731 730 futuris
792 665 1187 754 temporibus
1238 666 1735 736 successoribus-

159 769 272 833 que
318 750 649 819 canonicis
694 764 1185 821 monumentum
1231 772 1576 838 asservare,
1628 755 1733 820 Sa-

160 857 291 904 crae
337 839 605 907 Rituum
650 842 1158 931 ,congregationi
1212 841 1537 928 supplices
1598 840 1732 907 eni-

163 945 380 1012 xasque
431 928 723 1015 porrexit
768 948 993 1017 preces
1038 931 1211 997 idem
1256 935 1451 998 Rmus
1502 934 1726 998 Baren.

157 1016 676 1103 Arcbiepiscopus
702 1036 847 1084 cum
873 1021 1395 1108 Metropolitanae
1418 1017 1731 1107 capitulo,

158 1104 465 1188 postulans
515 1104 1002 1193 privilegiorum
1049 1108 1332 1175 omnium
1382 1107 1730 1194 legitimam

158 1191 717 1261 confirmationem.

275 1285 337 1349 S.
384 1285 462 1349 R.
519 1283 631 1365 C.,
681 1282 757 1349 ad
829 1283 1197 1352 Vaticanum
1270 1284 1332 1350 in
1398 1281 1726 1350 Ordinario

156 1371 337 1434 coetu
381 1369 503 1437 sub
550 1369 945 1458 infrascripta
976 1372 1084 1439 die
1119 1372 1488 1455 coadunata,
1523 1371 1725 1439 omni-

158 1456 260 1522 bus
279 1467 531 1524 mature
559 1461 922 1546 perpensis,
949 1460 1494 1545 consideratisque
1524 1458 1727 1524 allatis

157 1544 581 1629 documentis5
631 1547 1116 1615 rescribendum
1174 1550 1474 1615 censuit:
1535 1567 1572 1611 ι
1608 1549 1725 1613 Pro

157 1631 334 1717 gratia
391 1634 927 1719 confirmationiS,
992 1647 1262 1725 excepta
1321 1638 1508 1703 mitra
1570 1654 1724 1702 auro

158 1731 471 1801 contexta;
523 1733 592 1790 et
636 1724 715 1790 ad
747 1724 1086 1793 Dominum
1120 1725 1546 1793 Secretarium
1579 1742 1724 1789 cum

157 1809 535 1877 Sanctissimo
568 1833 639 1877 ».
687 1811 802 1879 Die
854 1817 932 1880 19
977 1812 1345 1880 Decembris
1392 1816 1584 1879 1829.

266 1902 444 1966 Facta
472 1910 694 1966 autem
726 1901 809 1968 de
844 1901 1201 1989 praemissis
1234 1904 1428 1971 SSmo
1451 1901 1718 1967 Domino

157 1987 355 2051 Nostro
396 1988 505 2054 Pio
541 1992 675 2057 vm
719 1990 1005 2057 Pontifici
1050 1990 1319 2057 Maximo
1367 2007 1485 2076 per
1528 1988 1717 2055 infra-

155 2073 439 2160 scriptum
506 2077 938 2145 Secretarium
1002 2078 1346 2161 relatione,
1413 2077 1720 2144 Sanctitas

157 2163 259 2227 Sua
300 2165 520 2232 Sacrae
570 2165 1095 2252 congregationis
1149 2166 1555 2254 Rescriptum
1608 2184 1717 2252 ap-

161 2248 419 2348 probavit
465 2264 532 2319 et
597 2252 994 2321 confirmavit
1039 2254 1105 2320 in
1154 2254 1493 2354 omnibus,
1557 2253 1716 2320 adeo

157 2347 214 2401 ut
243 2357 297 2403 in
328 2351 658 2427 posterum
691 2342 1210 2429 Metropolitanae
1247 2343 1571 2409 Ecclesiae
1602 2345 1716 2406 Ba-

160 2426 331 2492 tensis
373 2430 673 2497 canonici
722 2430 895 2497 licite
943 2431 1035 2496 uti
1084 2431 1338 2497 valeant
1384 2428 1711 2496 Pontifica-

159 2511 325 2598 libus,
376 2515 565 2583 sicuti
628 2530 775 2585 aute
835 2530 1250 2586 memoratam
1304 2516 1715 2585 constitutio—

156 2620 307 2688 nem,
352 2603 412 2671 in
460 2606 910 2675 ecclesiasticis
953 2606 1409 2690 functionibus,
1444 2616 1711 2693 excepta

156 2699 369 2844 tbantum
413 2694 605 2761 mitra
636 2715 790 2761 auro
824 2704 1144 2763 contexta.
1179 2694 1291 2762 Die
1324 2698 1407 2760 23
1443 2697 1709 2760 Decem-

191 2778 267 2844 ris
313 2784 502 2850 1829.

157 2915 367 2992 2671.
460 2941 466 2945 ·
702 2925 1123 2993 οΑΤΑΝιΕΝ.
1474 2923 1702 3014 (4650)

262 3047 563 3115 sodalitas
594 3050 769 3119 ssffii
804 3049 1193 3117 Sacramenti
1222 3060 1434 3117 erecta
1466 3050 1531 3116 in
1563 3050 1707 3117 col·

155 3131 349 3219 legista
391 3137 675 3203 Ecclesia
722 3137 1006 3205 civitatis
1050 3140 1390 3207 Aci-Realc
1420 3139 1485 3204 in
1522 3138 1705 3205 Dioe·

155 3220 260 3285 cesi
300 3224 645 3291 cataniensi
698 3225 1129 3314 expostulavit
1180 3227 1543 3294 facultatem
1591 3225 1704 3294 de-

153 3310 404 3377 cantandi
449 3314 697 3381 Missam
728 3315 812 3381 de
844 3315 1159 3400 Requiem
1191 3334 1338 3382 cum
1371 3317 1564 3383 SSmo
1596 3319 1704 3382 Sa.-

154 3410 440 3465 cramento
486 3402 781 3488 exposito
831 3402 895 3469 in
939 3405 1156 3472 Altare
1199 3404 1471 3470 laterali.

206 3570 217 3581 ⁵
260 3488 332 3551 Et
374 3490 434 3555 S.
469 3492 548 3557 R.
584 3492 656 3556 c.
709 3491 1083 3578 rescripsit:
1134 3512 1174 3557 ι
1204 3490 1418 3558 Obstat
1463 3497 1700 3559 lnstru-

156 3580 257 3635 ctio
296 3574 640 3644 clementis
667 3580 782 3658 X1;
831 3597 949 3647 nec
997 3599 1127 3648 non
1171 3584 1438 3647 Decreta
1484 3583 1700 3647 Sacro-

154 3674 273 3724 rum
309 3660 564 3732 Rituum
617 3668 1144 3755 congregationis
1174 3687 1241 3734 ».
1290 3668 1405 3735 Die
1457 3672 1536 3737 19
1584 3672 1699 3734 De-

155 3748 393 3816 cembris
438 3757 635 3822 1829.

158 3885 370 3960 2672.
648 3900 1157 3966 FLOREN'I'INA.
1467 3898 1691 3986 (4651)

260 4014 535 4085 Director
593 4019 951 4087 Calendarii
1007 4020 1260 4088 Ordinis
1313 4022 1696 4109 capuccino-

159 4115 274 4167 rum
314 4106 667 4174 Provinciae
722 4110 1122 4176 Florentinae
1174 4113 1279 4176 Fr.
1330 4111 1557 4177 Paulus
1618 4110 1694 4176 ab

159 4188 301 4273 Apua
327 4196 650 4280 sequentia
681 4197 872 4265 dubia
903 4196 1327 4283 discutienda,
1364 4197 1695 4265 enodanda

161 4284 211 4339 et
236 4282 590 4352 resolvenda
636 4288 860 4353 Sacrae
898 4288 1158 4352 Rituum
1204 4282 1693 4374 congregationi

160 4371 471 4456 proposuit,
521 4372 871 4441 videlicet-x

216 4538 226 4549 ·
268 4458 322 4555 ¹5
364 4459 457 4526 An
510 4472 806 4547 tempore
860 4463 1247 4531 Sacrosancti
1311 4462 1532 4529 Missae
1592 4465 1693 4529 Sa-

160 4539 341 4633 crificii
369 4546 430 4612 in
459 4549 1001 4619 administratione
1037 4549 1283 4635 viatici,
1320 4551 1693 4638 praesertim

161 4644 211 4690 tn
258 4633 698 4722 xenodochiis,
750 4637 934 4705 liceat
990 4640 1067 4706 ab
1127 4638 1324 4705 Altari
1378 4641 1692 4707 recedere

161 4730 328 4814 usque
369 4724 439 4790 ad
485 4736 892 4811 aegrotorum
942 4728 1182 4794 lectum
1228 4727 1553 4794 recitando
1600 4728 1691 4794 in·

162 4807 316 4952 {Qum
344 4812 649 4964 pzalmnm
680 4816 1001 4899 Miserere,
1036 4822 1109 4883 ut
1140 4815 1281 4881 fieri
1314 4816 1479 4883 solet
1512 4826 1689 4881 extra

208 4909 369 4961 issam

264 4984 324 5081 2.
354 4987 572 5057 Utrum
606 5001 896 5079 tempore
928 4990 1119 5058 etiam
1142 4990 1439 5058 Sacrificii
1469 4991 1688 5056 Missae

161 5062 529 5173 administrari
577 5079 773 5167 possit
818 5082 1085 5147 ssfflum
1115 5079 1427 5148 viaticum
1472 5079 1538 5146 in
1581 5097 1689 5165 pa-

163 5167 420 5228 ramentis
461 5166 683 5255 nigris.

266 5249 322 5345 3,-
365 5253 560 5328 Quum
606 5255 934 5324 occasione
980 5255 1204 5323 mortis
1243 5253 1511 5322 alicuius
1544 5254 1690 5342 Epi-

165 5342 305 5417 800111
328 5344 699 5425 praescribat
719 5343 1195 5414 caeremoniale
1226 5343 1689 5431 Episcoporum

1835 402 1951 469 lib.
1987 408 2053 487 2,
2087 423 2146 472 c.
2185 408 2293 488 38,
2332 406 2370 489 9
2403 408 2513 489 27,
2548 405 2721 492 quod
2773 405 2910 493 ipso
2956 425 3026 473 se
3078 406 3243 490 ulto,
3278 424 3428 493 pre·

1834 510 1939 558 ces
1972 512 2089 579 pro
2120 502 2476 579 opportuna
2515 493 2836 563 electione
2869 499 2998 561 Deo

1832 580 2194 664 quaeritur:
2233 585 2461 648 Utrum
2495 584 2650 651 baec
2672 583 2956 650 collecta
2977 600 3096 667 pro
3121 579 3424 666 eligendo

1831 667 2149 756 Episcopo
2196 670 2555 738 continuari
2592 671 2824 740 debeat
2871 688 3075 756 usque
3123 670 3200 737 ad
3249 669 3423 737 diem

1834 757 2361 844 consecrationiS,
2409 779 2487 826 an
2536 757 2867 826 electionis
2913 753 3215 825 tantum?

1967 847 2031 910 4.
2080 850 2176 912 An
2224 850 2484 914 Festum
2531 850 2599 915 S.
2644 846 2923 913 Ioacbim
2967 845 3163 913 Patris
3192 850 3422 913 Beatae

1830 932 2057 998 Mariae
2081 932 2357 1018 Virginis
2391 935 2453 1001 in
2485 935 2931 1002 concurrentia
2957 933 3122 1000 Festi
3154 932 3419 999 alterius

1832 1021 2042 1086 Sancti
2087 1022 2369 1108 aequalis
2419 1022 2581 1090 ritus
2637 1021 3031 1090 considerari
3088 1021 3287 1109 possit
3344 1030 3417 1088 ut

1829 1109 2247 1193 Patriarcbae,
2295 1130 2374 1176 an
2421 1109 2726 1197 simplicis
2772 1104 3216 1178 Confessoris‘?

1959 1200 2042 1263 Et
2087 1199 2155 1264 S.
2189 1202 2261 1264 R.
2299 1201 2400 1283 C.,
2451 1209 2707 1287 accepta
2750 1198 2817 1265 in
2860 1196 3112 1284 scriptis
3157 1206 3414 1264 senten·

1830 1285 1909 1351 tia
1954 1286 2215 1352 alterius
2278 1305 2358 1352 ex
2417 1285 2924 1375 Apostolicarum
2972 1283 3412 1352 Caeremonia-

1828 1391 1972 1439 rum
2021 1373 2355 1462 Magistris,
2403 1396 2474 1442 ac
2519 1395 2590 1442 re
2636 1383 2883 1440 mature
2932 1372 3410 1460 diligenterque

1825 1460 2132 1542 discussa,
2166 1463 2692 1549 respondendum
2737 1461 3024 1528 censuit:

1958 1548 2054 1615 Ad
2107 1553 2164 1615 1.
2215 1571 2254 1615 ι
2286 1551 2621 1639 Negative,
2671 1550 2877 1637 quoad
2929 1551 3246 1616 Psalmum
3288 1549 3408 1617 Mt-

1807 1657 2025 1719 ¹ser-erc
2087 1638 2510 1706 recitandum.
2573 1643 2841 1726 Insuper
2898 1637 3408 1704 animadverten-

1822 1725 2006 1808 dum,
2057 1726 2228 1811 quod
2274 1728 2327 1794 si
2372 1725 2714 1794 celebrans
2767 1745 2884 1812 pro
2933 1723 3158 1794 Viatici
3208 1722 3408 1792 admi-

1819 1813 2188 1880 nistratione
2238 1814 2398 1880 intra
2444 1818 2689 1883 Missam
2736 1815 2954 1881 Altare
2986 1833 3022 1881 e
3054 1821 3403 1899 conspectu

1818 1902 2249 1986 sunamitin,
2299 1903 2458 1970 banc
2505 1902 3120 1971 administrationem
3164 1918 3294 1969 non
3332 1898 3403 1965 li-

1820 2008 1970 2056 cere
2004 2012 2073 2055 ».

1946 2079 2046 2146 Ad
2098 2083 2166 2145 2.
2216 2101 2252 2145 ‹
2285 2078 2676 2146 Affirmative
2709 2099 2773 2146 ιν.

1946 2168 2044 2235 Ad
2073 2170 2141 2234 3.
2189 2188 2226 2232 ι
2260 2167 2609 2234 collectam
2641 2166 2995 2234 continuari
3025 2166 3270 2234 debere
3300 2183 3400 2231 us-

1816 2272 1943 2340 que
1988 2255 2066 2323 ad
2111 2256 2287 2323 diem
2335 2254 2693 2339 electionis,
2742 2255 2851 2341 qui
2898 2265 2995 2322 est
3042 2253 3180 2322 dies
3237 2256 3401 2321 con-

1813 2341 2047 2409 sistorii
2102 2342 2433 2409 secreti».
2954 2420 2963 2429 ,

1944 2431 2044 2499 Ad
2091 2434 2156 2497 4.
2205 2450 2242 2494 ι
2275 2433 2484 2509 Quum
2526 2435 2782 2498 Festum
2829 2433 2894 2499 S.
2929 2429 3202 2499 Ioacbim
3246 2448 3395 2517 per-

1815 2517 2011 2585 tineat
2054 2518 2437 2605 simpliciter
2481 2518 2557 2586 ad
2596 2523 2778 2587 Festa
2820 2521 3292 2602 confessorum,
3329 2517 3395 2583 in

1809 2607 2058 2692 aequali
2102 2607 2233 2674 ritu
2280 2607 2600 2675 observari
2646 2607 2888 2675 debere
2931 2607 3272 2679 Rubricam
3307 2606 3392 2673 de

1809 2695 2255 2762 concurrentia
2294 2700 2626 2764 Festorum
2660 2719 2729 2761 ι».

1811 2869 1853 2936 b
1942 2784 2162 2938 Atqug
2221 2784 2303 2849 ita
2373 2783 2727 2872 respondit.
2800 2784 2911 2852 Die
2982 2786 3062 2851 19
3127 2787 3391 2850 Decem·

1857 2870 1939 2937 ris
1993 2874 2116 2939 182
2169 2919 2184 2937 .

1806 3013 2057 3082 2673.
2387 3016 2791 3083 HISPALEN.
3156 3014 3386 3105 (4652)

1933 3135 2236 3203 Moniales
2284 3135 2557 3224 Spiritus
2612 3137 2821 3203 Sancti
2877 3136 3128 3204 Ordinis
3173 3139 3384 3206 Sancti

1803 3223 2075 3311 Spiritus
2118 3224 2186 3291 in
2231 3224 2498 3292 civitate
2545 3224 2861 3312 Hispalen.
2915 3233 3219 3312 rogarunt
3267 3244 3386 3314 pro

1804 3310 2102 3378 facultate
2141 3312 2463 3380 retinendi
2509 3312 2770 3378 Pallium
2818 3312 3047 3379 coloris
3092 3314 3267 3380 rubri
3318 3313 3383 3380 in

1801 3399 2025 3482 Altari,
2063 3400 2128 3467 in
2159 3420 2290 3486 quo
2321 3399 2665 3488 exponitur
2711 3402 2975 3467 SSflium
3021 3404 3383 3469 Sacramen-

1799 3497 1970 3572 tum,
2022 3488 2346 3556 Dominica
2408 3492 2814 3555 pentecostes
2871 3498 2942 3554 et
2984 3488 3227 3557 duabus
3283 3508 3381 3556 se-

1799 3576 2144 3661 quentibus
2191 3576 2412 3643 Feriis.
2489 3614 2501 3626 ·
2812 3640 2818 3647 .

1931 3666 2112 3730 Sacra
2172 3669 2245 3733 R.
2293 3668 2365 3733 c.
2418 3664 2794 3753 respondit:
2863 3685 2902 3729 ι
2944 3667 3202 3733 Obstant
3260 3668 3379 3731 De-

1796 3762 1969 3817 creta
2001 3774 2065 3818 ».
2119 3753 2230 3819 Die
2282 3757 2361 3821 19
2409 3752 2774 3821 Decembris
2825 3756 3016 3822 1829.
3200 3786 3204 3794 ·

1799 3893 2053 3963 2674.
2350 3895 2818 3963 VELITERNA.

1925 4022 2152 4086 Sacrae
2216 4019 2478 4086 Rituum
2547 4018 3040 4106 congregationi
3095 4035 3374 4102 sequens

1794 4108 2128 4195 proposuit
2187 4107 2456 4175 dubium
2527 4111 2737 4194 Eques
2805 4104 3141 4175 colonnesi
3204 4103 3376 4172 Veli-

1798 4206 2058 4263 ternus:
2109 4199 2266 4263 cum
2296 4216 2328 4261 a
2358 4215 2410 4261 s.
2433 4216 2522 4263 m.
2550 4196 2655 4263 Pio
2684 4199 2760 4261 Pa
2809 4216 2844 4262 a
2874 4196 2976 4261 Vll
3009 4192 3373 4259 facultatem

3149 3892 3375 3982 (test)

1792 4283 2066 4351 obtinuit
2096 4302 2215 4369 pro
2245 4303 2316 4350 se
2345 4285 2706 4370 ceterisque
2785 4303 2821 4350 e
2850 4280 3083 4350 familia
3129 4279 3373 4347 aditum

1789 4372 2123 4459 aperiendi
2155 4392 2192 4437 e
2224 4372 2521 4459 propriae
2551 4372 2782 4439 domus
2814 4369 3110 4438 viridario
3139 4368 3217 4436 ad
3251 4371 3370 4434 Ec·

1790 4460 2044 4527 clesiam
2091 4459 2413 4546 publicam
2460 4462 2523 4527 S.
2565 4460 2964 4549 Apolloniae,
3016 4456 3231 4544 ibique
3268 4459 3371 4524 Sa-

1792 4566 1972 4614 crum
2040 4547 2386 4627 audiendi;
2449 4548 2823 4634 quaeritur:
2884 4550 3108 4614 Utrum
3154 4548 3371 4613 Sacro-

1790 4647 2079 4703 sanctum
2157 4637 2372 4703 Missae
2444 4636 2837 4705 Sacrificium
2913 4634 2979 4700 in
3044 4631 3372 4733 praecepti

1789 4725 2366 4812 adimplementum
2411 4725 2619 4791 valeat
2665 4722 2855 4790 etiam
2915 4739 3034 4807 pro
3094 4721 3232 4788 aliis
3277 4739 3372 4786 in·

1790 4812 2050 4899 quilinis
2097 4811 2182 4878 ibi
2226 4808 2675 4881 morantibus?

1922 4903 1987 4967 S.
2021 4905 2098 4968 R.
2134 4903 2208 4968 c.
2243 4901 2612 4988 respondit:
2670 4920 2709 4964 ι
2742 4896 3027 4966 Strictim
3073 4904 3373 4962 servetur

1791 4989 2200 5076 privilegium
2233 5011 2299 5055 ι».
2346 4988 2459 5055 Die
2511 4992 2589 5055 19
2635 4984 3003 5054 Decembris
3056 4986 3247 5052 1829.

1794 5129 2051 5199 2675.
2447 5130 2708 5197 v1cEN.
3138 5121 3367 5214 (4555)

1923 5258 2097 5321 Inter
2138 5253 2453 5340 postulata
2498 5273 2532 5319 a
2576 5255 2734 5320 Rmo
2780 5249 3094 5338 Episcopo
3140 5248 3362 5318 Vicen.

1794 5344 1860 5413 in
1904 5342 2274 5413 Visitatione
2322 5342 2398 5409 ad
2450 5341 2692 5409 Limina
2745 5338 3104 5408 transmissa
3163 5354 3366 5406 unum

3100 493 3381 561 ndantur
3405 508 3424 572 ;
3519 549 3529 559 .
