4042 5950
1531 246 2003 328 —315—

149 414 365 488 torem,
414 402 910 471 Eminentissimi
945 416 1009 470 et
1040 402 1574 473 Reverendissimi
1606 409 1713 471 Pa-

145 503 263 558 tres
305 490 511 558 Sacris
553 492 801 560 Ritibus
847 493 1215 594 praepositi,
1250 493 1545 561 omnibus
1592 513 1718 560 ma·

145 591 276 647 ture
345 581 599 665 riteque
669 581 948 664 libratis,
1015 580 1499 650 rescribendum
1569 601 1714 649 cen-

143 678 444 768 suerunt:
495 689 532 732 ‹
566 672 740 772 quta
786 680 1007 737 votum
1056 671 1330 759 Magistri
1379 674 1715 739 caeremo-

143 775 375 822 niarum
411 772 492 835 »;
542 775 890 824 nimirum:

260 846 355 911 Ad
411 849 472 911 1.
528 867 564 907 «
596 845 1044 929 Reiterandam
1093 866 1231 914 esse
1279 846 1508 912 Altaris
1569 864 1717 915 con-

143 931 588 1017 secrationem,
639 935 991 1004 dummodo
1059 954 1273 1002 mensa
1323 953 1402 1001 ex
1461 934 1712 1021 integro

146 1019 345 1106 lapide
402 1020 858 1109 constituatur3
917 1023 1196 1110 alioquin
1255 1024 1307 1089 si
1369 1023 1486 1090 hoc
1544 1042 1713 1090 com·

143 1109 320 1175 mode
368 1109 508 1175 fieri
553 1129 681 1176 non
725 1112 944 1197 possit,
993 1131 1225 1198 parvus
1272 1112 1426 1196 lapis
1466 1111 1715 1178 medius

145 1195 474 1348 col-{locatus
519 1211 933 1266 consecretur
962 1200 1039 1267 ad
1074 1200 1267 1266 instar
1310 1198 1540 1266 Altaris
1567 1219 1716 1288 por-

148 1294 244 1348 tatt
273 1286 321 1349 is
355 1309 419 1350 ν.

261 1373 353 1440 Ad
401 1377 470 1441 2.
520 1396 557 1437 α
591 1374 941 1442 Ecclesiam
974 1375 1169 1444 fuisse
1216 1376 1338 1443 rite
1384 1394 1714 1443 consecra·

146 1472 256 1524 tam
290 1485 349 1526 ».

261 1551 355 1618 Ad
401 1554 470 1618 3.
522 1574 559 1615 ι
595 1556 721 1619 lam
751 1553 1077 1639 provisum
1100 1554 1163 1621 in
1186 1550 1622 1643 superioribus
1647 1574 1712 1618 ι.

261 1637 354 1704 Ad
403 1641 468 1706 4.
521 1661 558 1702 ‹
590 1641 1001 1725 Affirmative,
1029 1660 1147 1729 pro
1174 1642 1294 1709 boc
1319 1661 1497 1727 casu;
1533 1640 1715 1707 dum·

144 1726 319 1792 modo
367 1746 492 1794 una
538 1748 684 1795 cum
733 1729 1024 1797 formulis
1071 1729 1278 1798 omnia
1328 1730 1565 1796 fuerint
1609 1750 1712 1796 su-

149 1833 252 1899 per
309 1814 429 1882 boc
488 1816 704 1884 Altare
764 1828 1017 1903 peracta
1085 1819 1269 1886 sicuti
1387 1815 1718 1884 raescribit

145 1902 495 1970 Pontificale
556 1907 942 1973 Romanum:
997 1915 1061 1974 et
1108 1927 1234 1974 non
1293 1930 1324 1974 a
1375 1916 1593 1973 eratur
1650 1904 1714 1973 in

148 1990 505 2079 exemplum
541 2014 607 2059 ».

262 2082 471 2167 Atque
518 2080 602 2148 ita
653 2082 1121 2173 rescripserunt
1166 2104 1234 2149 ac
1284 2083 1539 2151 omnino
1584 2104 1717 2151 ser-

149 2165 262 2232 vari
307 2170 711 2238 mandarunt.
762 2172 873 2239 Die
927 2177 1005 2240 17
1052 2173 1208 2239 lunii
1263 2176 1454 2240 1843.

149 2324 387 2393 2863.
777 2331 1081 2398 ORDlNlS

555 2434 830 2501 SANCTI
876 2437 1285 2504 BENEDICTI

270 2539 929 2610 CONGREGATIONIS
975 2545 1559 2611 CASSINENSIUM.

1485 2330 1707 2418 (4972)

265 2702 348 2764 Ea
405 2712 502 2768 est
565 2701 844 2769 conditio
911 2702 1337 2770 Patriarcbalis
1389 2701 1708 2770 Ecclesiae

152 2786 339 2852 Sancti
382 2788 557 2855 Pauli
603 2789 887 2876 Apostoli
935 2790 1034 2855 via
1077 2790 1345 2858 Ostiensi
1382 2801 1448 2856 et
1479 2791 1709 2858 adnexi

153 2876 483 2943 nonasterii
530 2877 780 2946 Ordinis
811 2878 1031 2947 Sancti.
1065 2879 1395 2945 Benedicti
1429 2882 1709 2965 congre-

152 2963 395 3047 gationis
439 2966 947 3051 cassinensium,
998 2979 1067 3033 ut
1112 2968 1350 3035 aestivo
1413 2978 1707 3055 tempore

155 3053 410 3121 Mouacbi
457 3056 543 3121 ob
587 3055 748 3121 aeris
815 3055 1317 3122 insalubritatem
1371 3056 1708 3142 adigantur

153 3138 294 3206 illud
326 3144 771 3210 Monasterium
808 3142 1137 3228 deserere,
1173 3153 1238 3210 et
1271 3147 1411 3212 loco
1443 3144 1705 3230 Hospitii

152 3247 212 3291 se
275 3231 558 3318 recipere
605 3232 681 3298 ad
730 3231 939 3299 Aedes
999 3250 1162 3316 quae
1228 3232 1513 3299 adnexae
1559 3242 1706 3298 sunt

157 3315 446 3384 Ecclesiae
494 3318 707 3388 Sancti
753 3319 987 3388 Callisti
1051 3324 1246 3408 Papae
1305 3338 1506 3406 penes
1551 3320 1708 3387 Basi-

156 3401 317 3469 licam
361 3408 621 3474 Sanctae
680 3406 905 3475 Mariae
961 3412 1153 3474 Trans
1198 3409 1514 3496 Tyberim.
1571 3410 1704 3487 Quo

155 3498 418 3579 tempore
463 3496 882 3585 perdurante,
931 3497 1221 3563 nonnulli
1271 3517 1353 3564 ex
1393 3496 1706 3564 Monacbis

156 3596 407 3665 pergunt
451 3604 575 3673 pei·
622 3596 884 3650 turnum
953 3603 1137 3651 mane
1208 3595 1450 3653 tantum
1494 3585 1704 3652 Officia

152 3685 456 3755 sacrasque
504 3671 864 3740 functiones
912 3674 1227 3761 peracturi
1277 3674 1589 3740 recensita
1646 3673 1708 3739 in

155 3755 553 3844 Patriarcbali,
603 3762 759 3828 dum
817 3762 1114 3848 vesperis
1148 3762 1209 3826 in
1243 3762 1450 3829 choro
1498 3761 1706 3828 Sancti

153 3843 366 3910 Callisti
428 3850 664 3917 ceteris
723 3869 866 3916 cum
910 3849 1223 3917 monacbis
1275 3850 1594 3934 assistunt,
1643 3859 1711 3914 et

156 3929 258 3997 hoc
302 3936 642 4024 Vesperale
687 3937 974 4005 Officium
1005 3936 1225 4004 satisfit
1270 3957 1336 4006 ac
1385 3937 1435 4004 si
1485 3938 1706 4004 recita·

157 4028 315 4114 retur
345 4023 407 4089 in
449 4025 733 4092 Ecclesia
764 4027 972 4094 Sancti
1004 4026 1201 4093 Pauli.
1250 4028 1456 4105 Quum
1493 4026 1705 4111 itaque

157 4117 289 4174 istae
335 4113 653 4180 Ecclesiae
684 4115 842 4181 adeo
891 4116 1057 4183 inter
1086 4131 1156 4180 se
1200 4115 1324 4180 sint
1370 4115 1608 4198 unitae,
1637 4122 1709 4180 ut

158 4211 262 4260 una
315 4217 572 4284 prorsus
639 4213 1009 4291 censeatur;
1067 4202 1216 4269 binc
1262 4223 1293 4268 a
1342 4215 1595 4271 centum
1643 4212 1711 4268 et

160 4281 302 4381 ultra
343 4292 516 4357 annis
563 4290 796 4358 factum
830 4304 951 4380 est,
990 4304 1057 4357 ut
1088 4289 1153 4356 in
1196 4291 1382 4357 natali
1418 4292 1524 4358 die
1557 4295 1708 4359 San·

158 4377 230 4434 cti
285 4376 509 4444 callisti
566 4381 761 4466 Papae
823 4381 1108 4466 Martyris
1168 4379 1461 4446 Titularis
1519 4381 1708 4447 buius

157 4464 444 4560 secundae
491 4466 595 4533 vel
645 4468 906 4569 Hospitii
954 4467 1302 4552 Ecclesiae,
1339 4468 1402 4534 iu
1448 4469 1708 4534 Patriar-

157 4545 298 4613 cbali
341 4551 421 4619 de
466 4554 699 4621 eodem
745 4567 825 4622 sit
872 4556 1205 4623 recitatum
1260 4556 1545 4624 Officium
1594 4555 1711 4622 sub

159 4641 542 4737 respondenti
594 4642 718 4709 ritu
761 4644 1007 4731 primae
1055 4644 1291 4728 classiS,
1325 4665 1393 4711 ac
1425 4645 1709 4712 Monachi

159 4721 277 4822 (qui
307 4727 445 4795 buic
480 4731 835 4799 inserviunt
867 4750 1048 4799 mane
1081 4733 1160 4800 ad
1191 4752 1362 4799 sacra
1398 4733 1705 4819 facienda)

158 4808 454 4907 difformes
499 4831 711 4886 essent
756 4840 1024 4908 vespere
1070 4841 1103 4885 a
1151 4821 1381 4888 ceteris
1427 4822 1491 4889 in
1543 4821 1709 4888 Divi-

160 4914 240 4963 ms
268 4907 698 4988 persolvendis
728 4907 1067 4978 Laudibus.
1120 4908 1273 4975 Huic
1314 4922 1528 4977 tamen
1560 4928 1710 4977 con·

157 4993 448 5061 suetudini
509 4994 864 5084 refragatur
934 5001 1276 5063 Decretum
1330 5002 1552 5088 Sacrae
1608 4998 1710 5066 Ri-

162 5081 319 5142 tuum
361 5085 882 5172 Congressationis
926 5085 1054 5153 diei
1102 5090 1142 5153 6
1172 5087 1458 5153 Octobris
1497 5090 1708 5167 16973

161 5177 468 5264 propterea
518 5172 734 5240 eidem
783 5177 1004 5241 Sacrae
1050 5176 1542 5262 congregationi
1591 5176 1709 5243 bu-

163 5251 401 5324 millime
444 5261 826 5349 supplicavit
868 5262 1461 5331 Reverendissimus
1508 5263 1711 5331 Abbas

163 5346 428 5413 recensiti
451 5350 849 5434 Nonasterii,
901 5361 995 5435 ut,
1044 5361 1282 5418 attenta
1327 5351 1442 5420 bac
1490 5363 1708 5421 cente-

1817 405 1985 472 naria
2026 407 2515 492 consuetudine,
2546 408 2924 497 supradictis
2970 409 3289 476 Monachis
3322 410 3398 481 li·.

1821 505 1959 561 ceat
2002 493 2251 581 praxim
2311 496 2471 563 banc
2532 515 2789 563 servare
2844 497 3051 583 quoad
3111 496 3397 566 Officium

1820 585 2027 650 Sancti
2076 584 2314 650 Callisti
2361 587 2561 670 Papae
2607 584 2920 672 Martyris.

1951 676 2031 738 Et
2076 674 2258 739 Sacra
2305 672 2567 739 Rituum
2613 673 3059 760 congregatio,
3112 674 3175 740 in
3219 674 3397 742 Ordi-

1817 758 2007 826 nariis
2036 759 2319 827 comitiis
2356 760 2523 861 apud
2559 761 2881 828 Vaticauas
2911 761 3122 829 Aedes
3166 762 3396 829 coactis

1818 846 1923 913 die
1977 852 2056 915 18
2101 848 2422 915 Februarii
2468 867 2629 914 anno
2675 859 2999 933 vertente,
3049 849 3258 916 audita
3302 870 3398 917 re-

1819 934 2051 1002 latione
2088 957 2122 1002 a
2166 936 2522 1022 subscripto
2555 937 2909 1004 Secretario
2957 938 3138 1022 facta,
3183 938 3402 1004 rescri-

1822 1021 2103 1092 bendum
2149 1025 2434 1091 censuit:
2485 1046 2522 1087 α
2559 1024 2867 1092 Audiatur
2905 1025 3199 1113 Magister
3244 1029 3397 1093 cae-

1817 1113 2248 1179 remoniarum
2282 1136 2348 1179 ».
2409 1113 2743 1180 Elaborato
2796 1112 3011 1200 itaque
3070 1132 3267 1201 super
3324 1134 3397 1181 re

1815 1208 1964 1266 voto
2010 1203 2089 1269 ab
2134 1201 2441 1268 alterutro
2491 1220 2571 1268 ex
2618 1202 3122 1288 Apostolicarum
3170 1204 3397 1269 caere-

1819 1288 2171 1356 moniarum
2205 1288 2534 1376 nagistris,
2569 1288 2809 1375 illoque
2855 1291 2918 1357 in
2946 1289 3242 1375 sequenti
3286 1293 3397 1358 Or-

1816 1375 2059 1444 dinario
2106 1380 2438 1444 Sacrorum
2472 1378 2732 1446 Rituum
2762 1381 3096 1447 conventu
3125 1376 3398 1446 subscri·

1818 1477 1924 1552 pta
1968 1464 2076 1532 die
2124 1465 2500 1552 coadunato,
2538 1466 3064 1534 Eminentissimis
3111 1465 3396 1534 Patribus

1816 1554 2309 1636 communicato,
2337 1556 2633 1639 quoniam
2658 1564 2880 1621 votum
2907 1574 3034 1623 non
3067 1554 3186 1622 fuit
3215 1573 3396 1642 prae-

1820 1642 1879 1707 lo
1926 1661 2179 1726 cusum,
2231 1642 2293 1707 in
2341 1642 2662 1709 communi
2709 1661 2900 1710 sensu
2948 1643 3130 1711 fuere
3185 1642 3399 1709 remit-

1818 1731 2082 1797 tendum
2128 1748 2265 1796 esse
2298 1730 2375 1796 ad
2423 1732 2760 1798 Dominum
2806 1734 3231 1814 Assessorem,
3282 1730 3391 1817 qui

1817 1817 2052 1884 videat.
2102 1817 2403 1885 Omnibus
2463 1819 2742 1905 denique
2790 1819 3008 1887 debito
3072 1820 3262 1887 modo
3305 1818 3397 1885 vi-

1813 1905 1896 1972 sis
1945 1916 2012 1972 et
2059 1905 2464 1991 examinatis,
2512 1905 2711 1975 iidem
2777 1906 3274 1976 Eminentissimi
3331 1916 3399 1973 et

1814 1993 2347 2061 Reverendissimi
2379 1998 2590 2062 Patres
2617 1995 2681 2063 in
2711 2015 2857 2062 casu
2892 1997 3393 2084 rescripserunt:

1816 2104 1856 2146 ι
1891 2087 2067 2149 quta
2100 2091 2357 2168 votum3
2409 2082 2709 2150 nimirum
2741 2085 2977 2150 servari
3019 2103 3200 2172 posse
3247 2102 3397 2150 con-

1812 2171 2223 2238 suetudinem
2270 2170 2475 2257 quoad
2522 2171 2809 2239 Officium
2869 2173 3080 2239 Sancti
3125 2171 3395 2257 callisti,

1812 2277 2017 2344 usque
2064 2259 2220 2326 dum
2267 2258 2387 2325 hoc
2433 2259 2878 2328 nonasterium
2925 2271 3212 2328 naturam
3275 2261 3397 2325 Ho-

1811 2346 1982 2432 spitii
2030 2346 2276 2431 induat,
2324 2367 2393 2414 ac
2441 2349 2773 2415 restrictus
2816 2348 2899 2414 sit
2946 2348 3396 2416 Monachorum

1814 2454 2125 2502 numerus
2157 2456 2224 2501 ι.

1944 2525 2157 2609 Atque
2188 2523 2273 2590 ita
2304 2524 2797 2611 rescripserunt,
2831 2546 2903 2593 ac
2938 2524 3174 2593 servari
3205 2543 3392 2614 posse

1812 2611 2217 2679 mandarunt.
2267 2612 2380 2679 Die
2419 2616 2495 2679 17
2546 2613 2704 2681 lunii
2758 2618 2953 2682 1843.

1816 2788 2081 2859 2864.
2378 2791 2840 2858 ARELLINEN.

3167 2790 3397 2880 (4973)

1943 2969 2204 3036 Certum
2237 2966 2770 3054 exploratumque
2801 2986 3002 3053 quum
3034 2968 3115 3033 sit
3148 2964 3211 3035 in
3244 2987 3424 3054 una<

1814 3075 2065 3143 quaque
2112 3054 2425 3136 Dioecesi,
2473 3055 2687 3142 elapso
2735 3074 2898 3122 anno
2945 3076 2978 3120 a
3023 3056 3132 3123 die
3186 3055 3395 3122 novis-

1812 3146 2008 3212 simae
2059 3143 2438 3211 visitationis
2496 3154 2791 3231 peractae
2836 3143 2913 3209 ab
2957 3142 3186 3211 ultimo
3247 3143 3397 3236 Epi·

1811 3250 2002 3319 scopo
2036 3231 2364 3314 defunct0,
2403 3250 2588 3319 posse
2619 3231 2938 3299 vicarium
2968 3231 3395 3332 capitularem

1816 3319 2105 3407 legitime
2152 3320 2433 3386 electum
2491 3320 2649 3387 banc
2711 3319 2909 3405 ipsam
2957 3319 3393 3387 visitationem

1814 3428 1931 3497 per
1975 3408 2327 3475 Dioecesim
2383 3408 2756 3491 instituere,
2805 3408 2972 3476 Sede
3033 3407 3238 3474 adhuc
3285 3427 3393 3473 va-

1813 3507 2028 3575 cante;
2091 3515 2219 3562 non
2263 3496 2369 3563 abs
2417 3518 2486 3562 re
2540 3499 2618 3565 ab
2663 3496 2979 3583 aliquibus
3031 3494 3411 3564 dubitatum

1815 3595 1935 3667 est,
1963 3603 2091 3670 quo
2124 3583 2317 3651 modo
2343 3595 2408 3650 et
2440 3586 2566 3651 ritu
2591 3585 2871 3652 vicarius
2895 3585 2974 3651 sit
3005 3606 3039 3651 a
3069 3584 3259 3653 Clero
3285 3603 3395 3650 ex-

1813 3673 2147 3759 cipiendus
2181 3672 2294 3739 hac
2327 3672 2390 3738 in
2421 3673 2691 3757 actione,
2726 3691 3020 3760 quaeque
3052 3672 3128 3740 ab
3161 3674 3393 3741 eodem

1815 3763 1999 3830 clero
2034 3760 2335 3847 obsequia
2379 3761 2472 3827 illi
2514 3762 2641 3828 sint
2673 3762 3089 3850 praestanda3
3140 3771 3395 3849 oportet

1814 3850 1983 3916 enim
2014 3860 2086 3916 ut
2107 3849 2348 3916 minora
2379 3850 2505 3915 sint
2537 3849 2663 3916 illis
2686 3868 2848 3935 quae
2874 3850 3191 3938 Episcopo
3217 3849 3397 3916 exbi-

1812 3939 2075 4005 bentur.
2106 3941 2447 4026 Propterea
2478 3949 2722 4005 attento
2756 3938 3226 4026 Liturgicorum
3274 3936 3393 4004 hoc

1814 4025 1877 4092 iu
1935 4026 2266 4113 proposito
2324 4026 2614 4112 silentio,
2678 4027 2899 4093 volens
2953 4025 3158 4093 omnia
3220 4025 3396 4094 ordi-

1813 4124 1958 4180 nate
1993 4113 2328 4180 instituere
2359 4112 2948 4181 Revereudissimus
2983 4113 3262 4181 vicarius
3283 4116 3395 4181 ca-

1813 4201 2102 4290 pitularis
2147 4202 2605 4286 AbellinensiS,
2657 4205 2881 4270 Sacrae
2926 4201 3184 4269 Rituum
3231 4205 3392 4269 con-

1813 4291 2165 4378 gregationi
2227 4290 2560 4376 sequentia
2620 4290 2812 4358 dubia
2866 4290 3194 4358 enodanda
3247 4308 3396 4377 pro-

1812 4378 2061 4467 posuit;
2115 4379 2451 4446 nimirum:

1950 4470 2010 4532 1.
2061 4468 2195 4545 Quo
2243 4467 2364 4533 ritu
2417 4467 2834 4554 excipiendus
2878 4468 2961 4535 sit
2994 4468 3273 4536 Vicarius
3316 4469 3392 4535 ad

1814 4555 2023 4622 valvas
2055 4555 2554 4642 uniuscuiusque
2588 4557 2907 4624 Ecclesiae
2939 4554 3304 4624 Dioecesis?

1945 4647 2014 4710 2.
2062 4648 2157 4711 An
2206 4663 2427 4711 omnes
2473 4644 2557 4711 de
2611 4646 2798 4713 clero
2843 4657 2910 4712 et
2954 4646 3143 4711 etiam
3200 4648 3394 4713 cano-

1814 4732 1936 4798 nici
1984 4734 2070 4801 de
2117 4732 2403 4818 capitulo
2435 4732 2745 4800 accedere
2790 4733 3070 4800 debeant
3101 4735 3177 4802 ad
3212 4751 3395 4820 prae-

1811 4821 2099 4888 standam
2146 4819 2625 4888 obedientiam?

1944 4910 2025 4975 Et
2078 4908 2142 4976 in
2197 4901 2561 4977 Ordinariis‘
2606 4908 2888 4977 Comitiis
2946 4909 3023 4976 ad
3074 4909 3395 4980 Vaticanas

1813 4996 2021 5063 Aedes
2069 4998 2432 5065 coadunatis
2479 4996 2585 5064 die
2638 5001 2716 5064 16
2763 5017 2984 5065 mense
3039 4999 3239 5088 Aprili
3289 5018 3395 5065 an-

1816 5104 1898 5152 no
1965 5088 2163 5170 1842,
2214 5091 2397 5154 Sacra
2457 5086 2716 5153 Rituum
2777 5086 3239 5175 congregatio,
3287 5106 3394 5153 au·

1817 5174 1947 5242 dita
1993 5174 2299 5241 relatione
2346 5195 2378 5239 a
2420 5174 2774 5263 subscripto
2806 5174 3163 5243 Secretario
3211 5177 3393 5260 facta,

1815 5261 2296 5331 rescribendum
2341 5263 2623 5332 censuit:
2674 5285 2711 5328 ‹
2745 5264 3134 5351 Exquiratur
3172 5276 3393 5332 votum

1814 5351 2088 5441 Magistri
2149 5352 2702 5420 caeremoniarum
2734 5374 2798 5421 ».
2870 5353 3003 5433 Quo
3072 5351 3393 5421 elaborato
