4042 5950
2021 264 2495 348 -382-

618 429 748 488 tur.
797 401 1135 501 Quaeritur
1180 433 1437 491 autem:
1488 424 1582 490 An
1628 422 1982 515 Episcopus
2017 426 2081 493 in
2112 446 2211 493 ca-

614 507 788 578 sibus
834 509 1362 596 particularibus,
1414 522 1480 580 et
1539 513 1622 579 ob
1684 512 2085 580 rationabiles
2142 524 2210 582 et
2310 513 2613 583 mutare?

614 612 844 682 graves
875 618 1110 682 causas,
1153 598 1343 666 etiam
1380 600 1443 668 in
1475 600 1596 667 hoc
1644 601 2013 689 dispensare
2060 620 2204 688 pos·

612 684 716 772 sit,
752 698 823 752 ut
852 687 1102 753 secluso
1149 687 1416 773 quidem
1462 707 1721 778 semper
1748 689 1870 755 alio
1901 708 2206 776 quocum-

612 791 740 859 que
788 785 1091 863 apparatu
1137 796 1206 841 ac
1253 775 1970 876 strepitu,'nuptiarum
2010 779 2207 845 bene-

613 861 808 930 dictio
868 873 1083 929 tamen
1146 865 1451 932 solemnis
1508 885 1690 932 more
1749 865 1968 933 debito
2025 867 2202 934 adhi-

612 947 883 1018 beatur?
924 952 1131 1028 Quum
1174 952 1346 1019 enim
1394 953 1458 1021 in
1504 974 1574 1019 re
1620 958 1971 1021 Auctorem
2010 955 2202 1022 etiam

610 1037 1130 1127 gravissimorum
1177 1061 1304 1108 non
1356 1060 1474 1109 una
1503 1040 1584 1109 sit
1629 1044 1993 1110 sententia:
2040 1042 2203 1110 affir-

614 1126 929 1194 mantibus
990 1128 1308 1215 siquidem
1370 1128 1775 1216 quibusdam,
1838 1129 1973 1197 aliis
2016 1130 2082 1198 id
2131 1151 2201 1198 o-

612 1213 828 1282 mnino
861 1215 1368 1303 denegantibus3
1402 1219 1481 1286 ad
1512 1217 1911 1286 dubietatem
1945 1237 2203 1287 omnem

611 1303 1063 1371 eliminandam
1113 1306 1512 1394 Apostolicae
1560 1307 1739 1373 istius
1785 1310 2051 1377 Sanctae
2091 1311 2203 1376 Se-

609 1391 707 1460 dis
751 1392 1094 1459 declaratio
1142 1393 1525 1481 exquiritur.

744 1483 824 1546 Et
868 1481 1170 1548 Sanctitas
1217 1486 1340 1550 Sua
1383 1502 1582 1572 super
1631 1484 1952 1570 requisitis
1979 1506 2010 1550 a
2043 1489 2203 1553 Rmo

608 1568 923 1654 Episcopo
956 1581 1234 1653 oratore,
1261 1570 1471 1640 audita
1495 1594 1528 1638 a
1559 1571 1919 1663 subscripto
1942 1576 2100 1642 S.R.
2122 1577 2193 1640 C.

610 1657 1129 1725 Pro-secretario
1176 1659 1483 1727 relatione
1526 1660 1731 1744 fideli,
1766 1661 2083 1729 mandavit
2129 1672 2200 1728 ut

610 1741 821 1811 dubiis
879 1745 1072 1831 ipsis,
1125 1748 1298 1813 iuxta
1360 1759 1646 1816 mentem
1708 1769 1887 1817 suam
1938 1760 2002 1815 et
2049 1749 2198 1817 alias

609 1832 896 1917 decreta,
947 1853 1248 1923 responsa
1295 1836 1639 1921 darentur;
1689 1838 2041 1907 nimirum:

742 1921 835 1989 Ad
889 1927 950 1989 1.
1002 1945 1038 1987 α
1075 1924 1250 1999 Missa
1296 1923 1360 1991 in
1404 1925 1656 2012 Nuptiis
1704 1945 1967 2015 semper
1998 1927 2197 1994 debet

609 2028 749 2077 esse
796 2010 1004 2076 votiva
1053 2031 1170 2100 pro
1218 2015 1463 2100 Sponso
1495 2024 1560 2081 et
1591 2017 1831 2102 Sponsa
1863 2025 1935 2081 ut
1968 2015 2030 2083 in
2063 2014 2201 2080 His-

608 2097 745 2183 sali,
794 2110 1242 2187 praeterquam
1289 2101 1354 2169 in
1402 2102 1598 2168 Festis
1634 2106 1716 2172 de
1750 2115 2097 2206 praecepto
2129 2114 2199 2169 et

609 2186 980 2274 Duplicibus
1028 2189 1271 2277 primae
1324 2200 1389 2256 et
1448 2192 1768 2259 secundae
1827 2192 2080 2277 classis3
2132 2192 2196 2259 in

608 2273 840 2360 quibus
887 2277 1106 2344 Missae
1151 2277 1512 2345 occurrenti
1558 2279 1851 2348 addenda
1898 2290 1997 2347 est
2028 2298 2200 2348 com-

609 2364 988 2431 memoratio
1049 2385 1166 2453 pro
1237 2368 1480 2454 Sponso
1545 2377 1610 2433 et
1672 2371 1935 2458 Sponsa.
1998 2373 2069 2435 ln
2126 2388 2199 2435 ea

608 2470 763 2518 vero
809 2454 1113 2540 assignata
1177 2453 1579 2537 benedictio,
1632 2455 1803 2524 iuxta
1867 2456 2195 2542 Rubricas,

608 2558 736 2606 non
784 2551 880 2606 est
926 2541 1356 2630 impertienda
1400 2541 1520 2608 nisi
1566 2543 1630 2609 in
1679 2545 1854 2611 Missa
1889 2568 1951 2610 s.

740 2630 834 2696 Ad
883 2634 950 2696 2.
998 2651 1037 2692 ι
1070 2630 1397 2697 Provisum
1473 2630 1537 2698 in
1601 2633 2058 2721 praecedenti;
2132 2643 2199 2699 et

606 2717 863 2802 quando
909 2717 1338 2804 impertienda
1370 2727 1466 2786 est
1497 2719 1886 2807 benedictio,
1935 2721 2196 2789 omnino

604 2815 905 2871 servetur
946 2805 1219 2874 Rubrica
1264 2807 1549 2875 missalis.
1598 2809 1812 2888 Quoad
1844 2810 2194 2898 specialem

604 2888 1070 3045 penedictionis
1115 2893 1457 2963 formulam
1515 2908 1692 2964 extra
1752 2898 2034 2985 Missam,
2083 2901 2196 2965 Re-

631 2989 818 3048 ctum
851 3004 916 3049 a.

737 3070 834 3137 Ad
870 3075 933 3140 3.
969 3092 1008 3138 α
1035 3076 1101 3139 ln
1135 3093 1281 3141 casu
1313 3074 1584 3162 Nuptiae
1614 3075 2029 3144 celebrentur
2058 3076 2195 3144 sine

603 3158 1052 3241 solemnitate;
1101 3161 1378 3251 ideoque
1433 3162 1770 3251 privatim,
1820 3166 1958 3232 sine
2017 3166 2194 3234 Missa

605 3255 672 3312 et
694 3246 829 3314 sine
856 3248 1324 3336 benedictione,
1354 3252 1750 3340 temporibus
1773 3252 2190 3341 prohibitis».

736 3335 847 3403 Die
892 3341 977 3406 23
1024 3339 1184 3406 lunii
1238 3343 1434 3409 1853.

603 3513 852 3586 301⁷.
1014 3520 1293 3586 MONTIS
1337 3520 1790 3587 PESSULANl.
1962 3518 2192 3607 (5192)

721 3693 926 3771 Quum
941 3697 1137 3761 nunus
1151 3694 1458 3761 Dominus
1472 3694 1696 3762 Montis
1712 3695 2030 3761 Pessulani
2052 3694 2196 3782 Epi·

604 3799 835 3867 scopus
874 3784 1138 3849 SSmum
1169 3782 1509 3850 Dominum
1547 3785 1843 3850 Nostrum
1877 3784 2058 3850 Pium
2083 3786 2192 3870 IX,

601 3872 782 3937 Pont.
820 3873 1010 3971 Μαι.Ξ
1048 3870 1235 3936 enixe
1284 3870 1546 3958 rogarit,
1580 3881 1653 3937 ut
1681 3890 1880 3960 super
1923 3890 2197 3959 sequen-

606 3956 773 4025 tibus
832 3958 1042 4027 dubiis
1103 3968 1389 4025 mentem
1452 3977 1627 4025 suam
1674 3960 1925 4046 aperire
1971 3960 2193 4048 digna-

609 4057 820 4128 retur;
871 4047 1223 4114 nimirum:

739 4140 798 4203 1.
849 4135 1140 4204 Pluribus
1188 4136 1251 4203 in
1298 4135 1599 4204 Ecclesiis
1643 4136 1832 4203 huius
1878 4135 2195 4203 Dioecesis

601 4240 740 4289 mos
802 4223 1110 4308 invaluit,
1160 4235 1232 4291 ut
1294 4242 1439 4291 cum
1500 4227 1697 4293 88ῶο
1758 4223 2194 4291 Eucharistiae

603 4315 1009 4380 sacramento
1056 4312 1423 4380 benedictio
1469 4313 1712 4400 populo
1761 4312 2193 4401 impertiatur,

606 4400 869 4487 expleto
913 4401 1130 4469 Officio
1177 4400 1583 4488 Vespertino,
1635 4402 1697 4468 in
1745 4400 1854 4468 die
1898 4402 2194 4467 Comme·

602 4490 968 4556 motationis
1010 4489 1309 4558 Omnium
1354 4488 1672 4557 Fidelium
1701 4489 2192 4574 Defunctorum,

604 4586 667 4642 et
700 4574 889 4642 etiam
924 4596 1044 4667 per
1072 4577 1574 4665 subsequentem
1608 4589 1920 4646 octavam.
1952 4581 2192 4662 Potest,

602 4683 723 4731 nec
755 4683 865 4748 ne,
898 4665 1058 4733 haec
1102 4667 1503 4734 consuetudo
1549 4665 1842 4734 servari?

731 4757 801 4820 2.
850 4759 919 4822 ln
966 4754 1285 4840 aliquibus
1329 4754 1632 4822 Ecclesiis
1678 4756 2044 4845 praedictae
2084 4754 2194 4821 be-

602 4840 1005 4911 nedictiones
1051 4863 1132 4910 ex
1188 4842 1308 4929 piis
1367 4842 1661 4912 fidelium
1718 4844 2196 4912 fundationibus

603 4930 978 5018 explentur,
1027 4933 1133 5004 vel
1182 4933 1246 4999 in
1305 4931 1680 5020 suffragium
1740 4933 2198 5001 defunctorum

602 5020 710 5084 vel
743 5020 818 5086 ad
856 5038 1101 5088 meram
1132 5020 1545 5089 devotionem
1575 5022 1988 5106 donatorum,
2020 5021 2198 5088 statis

604 5109 1026 5196 temporibus.
1061 5110 1237 5176 Licet
1268 5129 1351 5178 ne
1383 5110 1786 5180 fundationes
1826 5108 2196 5184 huiusmodi

604 5207 983 5284 acceptare;
1033 5208 1100 5264 et
1143 5198 1194 5264 si
1241 5209 1605 5287 acceptatae
1664 5199 1904 5267 fuerint
1957 5210 2026 5265 et
2084 5199 2197 5266 de·

604 5301 795 5350 cursu
839 5285 1148 5373 temporis
1194 5288 1354 5355 adeo
1403 5288 1809 5354 excreverint
1852 5297 1925 5352 ut
1970 5285 2196 5354 iisdem

604 5373 945 5450 commode
990 5374 1280 5446 satisfieri
1326 5385 1627 5465 nequeat,
1675 5373 1911 5441 eritne
1944 5375 2194 5442 licitum

2311 426 2447 493 illas
2494 427 2902 513 imminuere,
2937 431 3040 496 vel
3075 429 3141 497 in
3186 429 3306 496 alia
3350 428 3453 519 pia
3499 448 3693 519 opera
3721 448 3890 498 com·

2439 604 2745 671 Sanctitas
2757 606 2907 690 Sua,
2925 606 3249 674 referente
3273 606 3632 695 subscripto
3647 611 3711 675 S.
3725 611 3802 675 B.
3817 612 3886 675 C.

2308 692 2688 778 secretario,
2725 693 2897 761 iuxta
2930 694 3080 761 alias
3111 695 3369 763 decreta
3411 695 3891 764 rescribendum
4001 770 4002 775 η

2311 779 2668 847 mandavit:
2727 804 2763 846 α
2798 781 3063 871 Singula
3120 782 3418 870 superias
3473 802 3554 850 ex
3677 785 3692 797 '
3821 783 3900 850 li·
4001 808 4002 813 ¹

2304 885 2496 934 cere:
2546 868 2661 936 sed
2708 871 2918 957 quoad
2950 872 3458 939 immutationem
3488 891 3530 935 v
3643 873 3894 940 transla-

2308 953 2550 1022 tionem
2575 976 2844 1025 onerum
2893 978 3057 1046 quae
3092 958 3329 1026 fuerint
3370 971 3716 1047 acceptata,
3746 981 3893 1049 sup-

2309 1042 2673 1131 plioendum
2720 1066 2840 1134 pro
2886 1059 3245 1149 opportuna
3294 1047 3588 1115 facultate
3620 1070 3687 1114 ι.
3731 1051 3892 1115 Com
4003 1096 4004 1149 ¹

2306 1132 2510 1198 trariis
2554 1153 2683 1201 non
2728 1135 3121 1203 obstantibus
3168 1136 3711 1223 quibuscumque.
4003 1194 4004 1205 ,

2433 1221 2546 1289 Die
2600 1226 2673 1290 11
2725 1223 2994 1309 Augusti
3047 1228 3239 1292 1853.

4003 1348 4004 1383 l

2302 1397 2558 1468 3018.
2913 1402 3286 1469 MELITEN.
3664 1402 3890 1487 (5103)
4003 1472 4004 1497 ¹

2431 1573 2640 1651 Quum
2690 1572 2753 1639 in
2799 1573 3140 1641 ordinariis
3185 1576 3468 1643 comitiis
3524 1581 3748 1645 Sacrae
3795 1579 3895 1645 Ri-

2303 1670 2487 1728 tuum
2532 1662 3083 1749 congregationis,
3132 1662 3442 1731 hodierna
3487 1665 3594 1732 die
3640 1666 3718 1734 ad
3749 1666 3898 1746 Qui-

2304 1747 2505 1815 rinale
2537 1748 2796 1832 habitis,
2821 1753 3014 1817 Emus
3048 1762 3114 1816 et
3144 1755 3342 1819 Rmus
3369 1755 3678 1822 Dominus
3699 1756 3890 1822 eard.

2300 1836 2528 1923 loseph
2574 1836 2842 1905 Bofondi
2892 1842 3136 1905 Ponens
3183 1841 3595 1928 proposuerit
3641 1862 3894 1910 causam

2303 1924 2584 1993 Meliten.
2637 1925 3079 1993 Associationis
3123 1930 3507 1996 cadaverum
3538 1942 3604 1998 et
3635 1934 3898 2001 Praece-
4005 1934 4006 2009 1

2302 2012 2562 2080 dentiae
2625 2012 2791 2080 inter
2851 2014 3631 2085 Archiconfraternitatem
3676 2021 3745 2086 8.
3797 2021 3890 2085 lo·
4005 2042 4006 2137 ¹

2300 2099 2811 2187 sephierectam
2859 2103 2923 2169 in
2966 2102 3246 2171 Ecclesia
3293 2103 3545 2172 Ordinis
3580 2105 3898 2173 Minorem
4005 2150 4006 2161 κ

2303 2189 2511 2256 Sancti
2558 2189 2866 2259 Francisci
2899 2191 2982 2259 de
3012 2191 3418 2260 Observantia
3464 2192 3766 2263 suburbii
3797 2194 3904 2262 ci·
4005 2222 4006 2279 3

2300 2275 2510 2344 vitatis
2555 2278 2888 2363 Notabilis,
2922 2292 3114 2366 atque
3143 2281 3748 2350 confraternitatem
3779 2286 3895 2352 88.

2300 2366 2687 2433 Sacramenti
2752 2377 3029 2436 erectam
3093 2368 3154 2436 in
3212 2370 3498 2436 Ecclesia
3541 2370 3900 2460 parochiali

2301 2456 2365 2522 S.
2417 2454 2589 2522 Pauli
2640 2453 2932 2524 eiusdem
2981 2456 3264 2525 Civitatis
3310 2458 3376 2525 in
3423 2457 3708 2526 Dioecesi
3770 2463 3902 2526 Me·

2304 2541 2518 2622 liten.;
2545 2561 2662 2610 nec
2694 2562 2824 2610 non
2849 2544 3041 2612 dubia
3072 2563 3286 2611 coram
3318 2548 3391 2612 R.
3421 2550 3495 2613 D.
3532 2546 3901 2636 subscripto

2301 2631 2658 2698 Secretario
2705 2631 2996 2700 formiter
3044 2633 3224 2712 inter,
3254 2645 3467 2721 partes
3514 2637 3900 2703 concordata

2297 2719 2596 2804 sequenti
2644 2720 2913 2800 ordine;
2962 2720 3313 2789 nimirum:

2384 2895 2397 2909 ·
2439 2811 2498 2874 1.
2549 2811 2646 2874 An
2692 2807 3486 2912 Arcbiconfraternitatiss.
3524 2812 3783 2913 losephi
3815 2813 3904 2879 sit

2299 2896 2716 3052 ἐξτὲὲῖξΐξΐ
2749 2899 3907 3074 {53322‘2331‘31‘1232‘tamt
4007 3019 4008 3076 ÷

2303 3072 2419 3141 bus
2467 3072 2856 3144 Sodalibus?
3605 3085 3610 3090 ’

2432 3165 2497 3229 2.
2546 3164 2644 3230 An
2703 3171 2952 3231 constet
3005 3164 3087 3232 de
3152 3163 3293 3231 iure
3348 3166 3904 3235 Archiconfrater·

2297 3250 2511 3318 nitatis
2556 3253 2620 3317 S.
2673 3250 2922 3338 losephi
2970 3250 3317 3320 associandi
3375 3252 3680 3321 cadavera
3743 3275 3903 3323 suo-

2299 3357 2441 3406 rum
2505 3339 2951 3424 confratrum,
3002 3342 3194 3407 etiam
3249 3341 3302 3408 si
3372 3340 3752 3409 deferantur
3815 3346 3904 3413 ad

2300 3429 2482 3495 aliam
2530 3425 2932 3494 Ecclesiam?

2432 3520 2494 3584 3.
2546 3517 2644 3582 An
2689 3513 2788 3582 ius
2830 3516 2914 3581 sit
2959 3516 3214 3602 eidem,
3262 3536 3390 3585 non
3437 3528 3695 3586 vocatae
3724 3569 3745 3606 ,
3797 3522 3898 3588 in·

2302 3603 2705 3673 terveniendi
2752 3622 2899 3671 cum
2946 3605 3482 3674 confraternitate
3542 3607 3721 3675 88ῶί
3788 3612 3902 3677 Sa-

2301 3692 2636 3777 cramenti,
2684 3692 2785 3759 cui
2832 3692 3186 3782 adscriptus
3229 3694 3385 3761 item
3434 3696 3630 3763 fuerit
3659 3696 3898 3765 defun·

2300 3791 2464 3865 ctus,
2517 3780 2705 3867 eique
2754 3781 3140 3869 praeeundi;
3197 3784 3451 3870 quando
3498 3784 3563 3851 in
3608 3786 3898 3853 Ecclesia

2301 3869 2510 3936 Sancti
2556 3869 2751 3954 Pauli,
2804 3870 2905 3935 vel
2957 3870 3095 3937 iure
3141 3874 3245 3937 vel
3290 3890 3371 3938 ex
3405 3872 3760 3959 electione,
3796 3885 3897 3941 tu·
3947 3893 3954 3900 ·

2301 3957 2676 4025 mutandum
2724 3957 2806 4023 sit
2850 3956 3172 4025 cadaver?

2433 4049 2500 4112 t.
2547 4048 2644 4114 An
2703 4045 3195 4115 Confraternitas
3258 4049 3431 4117 88ῶί
3498 4052 3894 4120 sacramenti

2300 4143 2595 4202 teneatur
2639 4133 2947 4201 accedere
2994 4153 3145 4202 cum
3190 4137 3492 4206 sodalitio
3539 4140 3758 4206 Sancti
3804 4144 3894 4207 lo·

2297 4222 2484 4311 sephi
2543 4223 2622 4290 ad
2680 4221 2904 4289 funera
2951 4226 3387 4294 communium
3443 4226 3889 4310 confratrum,

2299 4313 2408 4396 qui
2441 4310 2507 4378 in
2540 4310 2728 4378 huius
2773 4311 3056 4396 Ecclesia
3082 4311 3203 4381 sibi
3229 4316 3627 4401 sepulturam
3670 4318 3892 4405 elege-

2300 4400 2452 4483 rint,
2501 4401 2644 4468 data
2691 4400 2839 4467 buic
2885 4398 2951 4466 in
2996 4401 3226 4469 ordine
3269 4402 3786 4491 praecedentia?

2430 4489 2711 4575 Utraque
2757 4499 2938 4576 parte
2981 4489 3221 4576 scripto
3265 4501 3332 4557 et
3379 4509 3539 4558 voce
3587 4490 3728 4557 iura
3785 4512 3890 4558 sua

2299 4586 2672 4664 protuente,
2710 4576 2846 4642 Emi
2877 4586 2944 4644 et
2974 4580 3110 4647 Emi
3145 4581 3360 4645 Patres
3391 4578 3592 4646 Sacris
3631 4580 3893 4648 tuendis

2297 4665 2542 4733 Ritibus
2591 4663 2966 4751 praepositi,
3014 4677 3159 4751 post
3217 4678 3539 4735 maturum
3597 4668 3890 4736 omnium

2299 4771 2613 4910 exuffin,¹
2648 4751 3126 4908 roaiz-gendum
3171 4767 3600 4823 censuerunt:

2625 4889 2641 4908 .
2692 4863 2728 4905 α
2886 4858 3022 4908 rma
3054 4861 3156 4909 ive
3188 4863 3258 4909 ι.

2428 4932 2525 5000 Ad
2574 4933 2638 4997 2.
2689 4951 2728 4997 α
2761 4929 3199 5010 Affirmative3
3248 4931 3603 5001 dummodo
3651 4934 3736 5000 sit
3784 4953 3888 5001 vo-

2301 5030 2431 5087 cata
2465 5043 2532 5088 ».

2429 5110 2524 5178 Ad
2576 5112 2639 5176 3.
2687 5130 2727 5173 ‹
2758 5108 2975 5191 Quoad
3026 5106 3122 5176 ius
3171 5107 3687 5194 interveniendi,
3738 5131 3888 5199 pro-

2298 5197 2507 5267 visum
2552 5198 2620 5265 in
2667 5196 2991 5274 secund03
3041 5197 3250 5285 quoad
3314 5198 3886 5286 praecedentiam:

2298 5285 2717 5369 Affirmative,
2742 5288 2934 5356 etiam
2966 5287 3032 5354 in
3065 5288 3345 5356 Ecclesia
3376 5286 3587 5355 Sancti
3619 5285 3882 5357 Pauli».

2432 5376 2527 5443 Ad
2564 5376 2626 5440 t.
2665 5400 2701 5442 ‹
2726 5377 2941 5455 Quoad
2974 5377 3426 5465 obligationem
3451 5378 3888 5447 intervenien-
