<?xml version="1.0" encoding="UTF-8"?>
<!DOCTYPE html PUBLIC "-//W3C//DTD XHTML 1.0 Transitional//EN"
    "http://www.w3.org/TR/xhtml1/DTD/xhtml1-transitional.dtd">
<html xmlns="http://www.w3.org/1999/xhtml" xml:lang="en" lang="en">
 <head>
  <title>
</title>
<meta http-equiv="Content-Type" content="text/html;charset=utf-8" />
  <meta name='ocr-system' content='tesseract 3.04.00' />
  <meta name='ocr-capabilities' content='ocr_page ocr_carea ocr_par ocr_line ocrx_word'/>
</head>
<body>
  <div class='ocr_page' id='page_1' title='image "./decretaauthenti00ritugoog_0138.png"; bbox 0 0 4042 5950; ppageno 0'>
   <div class='ocr_carea' id='block_1_1' title="bbox 2028 293 2492 369">
    <p class='ocr_par' dir='ltr' id='par_1_1' title="bbox 2028 293 2492 369">
     <span class='ocr_line' id='line_1_1' title="bbox 2028 293 2492 369; baseline 0.004 -2"><span class='ocrx_word' id='word_1_1' title='bbox 2028 293 2492 369; x_wconf 73' lang='lat'>-106—</span> 
     </span>
    </p>
   </div>
   <div class='ocr_carea' id='block_1_2' title="bbox 617 447 2205 1501">
    <p class='ocr_par' dir='ltr' id='par_1_2' title="bbox 621 447 2205 604">
     <span class='ocr_line' id='line_1_2' title="bbox 621 447 2205 599; baseline 0.001 -87"><span class='ocrx_word' id='word_1_2' title='bbox 621 459 936 599; x_wconf 74' lang='lat' dir='ltr'>praestare</span> <span class='ocrx_word' id='word_1_3' title='bbox 969 448 1283 535; x_wconf 82' lang='lat' dir='ltr'>Episcopo</span> <span class='ocrx_word' id='word_1_4' title='bbox 1320 450 1380 515; x_wconf 90' lang='lat' dir='ltr'>in</span> <span class='ocrx_word' id='word_1_5' title='bbox 1416 447 1706 513; x_wconf 87' lang='lat' dir='ltr'>omnibus</span> <span class='ocrx_word' id='word_1_6' title='bbox 1739 447 2205 536; x_wconf 82' lang='lat' dir='ltr'>pontificalibus</span> 
     </span>
     <span class='ocr_line' id='line_1_3' title="bbox 652 535 1106 604; baseline 0.009 -5"><span class='ocrx_word' id='word_1_7' title='bbox 652 535 1106 604; x_wconf 77' lang='lat' dir='ltr'>unctionibus?</span> 
     </span>
    </p>

    <p class='ocr_par' dir='ltr' id='par_1_3' title="bbox 619 619 2204 1061">
     <span class='ocr_line' id='line_1_4' title="bbox 701 619 2204 709; baseline 0.001 -21"><span class='ocrx_word' id='word_1_8' title='bbox 701 619 708 628; x_wconf 84' lang='grc'><strong><em>’</em></strong></span> <span class='ocrx_word' id='word_1_9' title='bbox 751 628 813 688; x_wconf 81' lang='grc'><strong>3.</strong></span> <span class='ocrx_word' id='word_1_10' title='bbox 841 632 935 690; x_wconf 85' lang='lat' dir='ltr'>An</span> <span class='ocrx_word' id='word_1_11' title='bbox 966 623 1231 690; x_wconf 87' lang='lat' dir='ltr'>Diacono</span> <span class='ocrx_word' id='word_1_12' title='bbox 1259 624 1679 709; x_wconf 82' lang='lat' dir='ltr'>Evangelium</span> <span class='ocrx_word' id='word_1_13' title='bbox 1707 636 2021 707; x_wconf 85' lang='lat' dir='ltr'>cantante,</span> <span class='ocrx_word' id='word_1_14' title='bbox 2051 624 2204 691; x_wconf 91' lang='lat' dir='ltr'>Sub-</span> 
     </span>
     <span class='ocr_line' id='line_1_5' title="bbox 619 711 2204 797; baseline 0.001 -21"><span class='ocrx_word' id='word_1_15' title='bbox 619 711 917 776; x_wconf 86' lang='lat' dir='ltr'>diaconus</span> <span class='ocrx_word' id='word_1_16' title='bbox 968 722 1255 778; x_wconf 88' lang='lat' dir='ltr'>teneatur</span> <span class='ocrx_word' id='word_1_17' title='bbox 1292 715 1620 779; x_wconf 86' lang='lat' dir='ltr'>sustinere’</span> <span class='ocrx_word' id='word_1_18' title='bbox 1645 711 1876 777; x_wconf 88' lang='lat' dir='ltr'>librum</span> <span class='ocrx_word' id='word_1_19' title='bbox 1917 716 2204 797; x_wconf 82' lang='lat' dir='ltr'>Evange-</span> 
     </span>
     <span class='ocr_line' id='line_1_6' title="bbox 620 798 2199 886; baseline 0.001 -24"><span class='ocrx_word' id='word_1_20' title='bbox 620 798 851 863; x_wconf 87' lang='lat' dir='ltr'>liorum</span> <span class='ocrx_word' id='word_1_21' title='bbox 901 798 1040 865; x_wconf 61' lang='lat' dir='ltr'>Sive</span> <span class='ocrx_word' id='word_1_22' title='bbox 1101 811 1245 865; x_wconf 85' lang='lat' dir='ltr'>ante</span> <span class='ocrx_word' id='word_1_23' title='bbox 1307 814 1534 886; x_wconf 90' lang='lat' dir='ltr'>pectus</span> <span class='ocrx_word' id='word_1_24' title='bbox 1591 800 1724 864; x_wconf 90' lang='lat' dir='ltr'>sive</span> <span class='ocrx_word' id='word_1_25' title='bbox 1775 800 1837 865; x_wconf 90' lang='lat' dir='ltr'>in</span> <span class='ocrx_word' id='word_1_26' title='bbox 1885 801 2199 867; x_wconf 88' lang='lat' dir='ltr'>Lectorile</span> 
     </span>
     <span class='ocr_line' id='line_1_7' title="bbox 619 887 2201 976; baseline 0.002 -26"><span class='ocrx_word' id='word_1_27' title='bbox 619 887 1049 963; x_wconf 78' lang='lat' dir='ltr'>existentem;</span> <span class='ocrx_word' id='word_1_28' title='bbox 1099 890 1203 953; x_wconf 89' lang='lat' dir='ltr'>vel</span> <span class='ocrx_word' id='word_1_29' title='bbox 1251 888 1464 976; x_wconf 91' lang='lat' dir='ltr'>potius</span> <span class='ocrx_word' id='word_1_30' title='bbox 1512 889 1818 952; x_wconf 86' lang='lat' dir='ltr'>servanda</span> <span class='ocrx_word' id='word_1_31' title='bbox 1856 889 1936 952; x_wconf 91' lang='lat' dir='ltr'>sit</span> <span class='ocrx_word' id='word_1_32' title='bbox 1967 901 2201 953; x_wconf 86' lang='lat' dir='ltr'>asserta</span> 
     </span>
     <span class='ocr_line' id='line_1_8' title="bbox 619 972 2171 1061; baseline 0.006 -24"><span class='ocrx_word' id='word_1_33' title='bbox 619 973 1016 1058; x_wconf 85' lang='lat' dir='ltr'>consuetudo</span> <span class='ocrx_word' id='word_1_34' title='bbox 1068 975 1284 1061; x_wconf 65' lang='lat' dir='ltr'>vigens</span> <span class='ocrx_word' id='word_1_35' title='bbox 1333 977 1394 1041; x_wconf 89' lang='lat' dir='ltr'>in</span> <span class='ocrx_word' id='word_1_36' title='bbox 1445 975 1721 1041; x_wconf 81' lang='lat' dir='ltr'><strong>Ecclesia</strong></span> <span class='ocrx_word' id='word_1_37' title='bbox 1770 972 2118 1041; x_wconf 66' lang='lat' dir='ltr'>casalem?</span> <span class='ocrx_word' id='word_1_38' title='bbox 2166 1041 2171 1046; x_wconf 83' lang='grc'><em>,</em></span> 
     </span>
    </p>

    <p class='ocr_par' dir='ltr' id='par_1_4' title="bbox 619 1061 2202 1306">
     <span class='ocr_line' id='line_1_9' title="bbox 748 1061 2197 1152; baseline 0 -26"><span class='ocrx_word' id='word_1_39' title='bbox 748 1065 811 1126; x_wconf 76' lang='lat'>4.</span> <span class='ocrx_word' id='word_1_40' title='bbox 850 1065 942 1127; x_wconf 86' lang='lat' dir='ltr'>An</span> <span class='ocrx_word' id='word_1_41' title='bbox 980 1061 1326 1152; x_wconf 84' lang='lat' dir='ltr'>Episcopus</span> <span class='ocrx_word' id='word_1_42' title='bbox 1360 1063 1603 1129; x_wconf 78' lang='lat' dir='ltr'>Missam</span> <span class='ocrx_word' id='word_1_43' title='bbox 1629 1062 2064 1128; x_wconf 78' lang='lat' dir='ltr'>Pontificatem</span> <span class='ocrx_word' id='word_1_44' title='bbox 2098 1083 2197 1129; x_wconf 69' lang='lat' dir='ltr'>ci·-</span> 
     </span>
     <span class='ocr_line' id='line_1_10' title="bbox 619 1147 2202 1234; baseline 0.003 -23"><span class='ocrx_word' id='word_1_45' title='bbox 619 1147 1001 1234; x_wconf 73' lang='lat' dir='ltr'>lebraturuS,</span> <span class='ocrx_word' id='word_1_46' title='bbox 1055 1162 1348 1217; x_wconf 89' lang='lat' dir='ltr'>teneatur</span> <span class='ocrx_word' id='word_1_47' title='bbox 1395 1151 1680 1216; x_wconf 91' lang='lat' dir='ltr'>intonare</span> <span class='ocrx_word' id='word_1_48' title='bbox 1726 1150 1995 1215; x_wconf 88' lang='lat' dir='ltr'>Tertiam</span> <span class='ocrx_word' id='word_1_49' title='bbox 2040 1152 2202 1216; x_wconf 88' lang='lat' dir='ltr'>etin</span> 
     </span>
     <span class='ocr_line' id='line_1_11' title="bbox 620 1235 1501 1306; baseline 0.002 -6"><span class='ocrx_word' id='word_1_50' title='bbox 620 1235 744 1302; x_wconf 79' lang='lat' dir='ltr'>line</span> <span class='ocrx_word' id='word_1_51' title='bbox 791 1249 1040 1303; x_wconf 90' lang='lat' dir='ltr'>cantare</span> <span class='ocrx_word' id='word_1_52' title='bbox 1087 1235 1501 1306; x_wconf 76' lang='lat' dir='ltr'>Orationem?</span> 
     </span>
    </p>

    <p class='ocr_par' dir='ltr' id='par_1_5' title="bbox 617 1326 2200 1501">
     <span class='ocr_line' id='line_1_12' title="bbox 750 1326 2200 1414; baseline 0.001 -25"><span class='ocrx_word' id='word_1_53' title='bbox 750 1329 814 1389; x_wconf 78' lang='lat'>5.</span> <span class='ocrx_word' id='word_1_54' title='bbox 855 1327 946 1389; x_wconf 72' lang='lat' dir='ltr'>An</span> <span class='ocrx_word' id='word_1_55' title='bbox 978 1326 1130 1391; x_wconf 90' lang='lat' dir='ltr'>dum</span> <span class='ocrx_word' id='word_1_56' title='bbox 1165 1328 1465 1393; x_wconf 89' lang='lat' dir='ltr'>recitatur</span> <span class='ocrx_word' id='word_1_57' title='bbox 1490 1327 1724 1408; x_wconf 87' lang='lat' dir='ltr'>Tertia,</span> <span class='ocrx_word' id='word_1_58' title='bbox 1754 1337 1817 1390; x_wconf 88' lang='lat' dir='ltr'>et</span> <span class='ocrx_word' id='word_1_59' title='bbox 1850 1327 2200 1414; x_wconf 82' lang='lat' dir='ltr'>Episcopus</span> 
     </span>
     <span class='ocr_line' id='line_1_13' title="bbox 617 1412 2196 1501; baseline 0.006 -30"><span class='ocrx_word' id='word_1_60' title='bbox 617 1432 683 1475; x_wconf 75' lang='lat' dir='ltr'>se</span> <span class='ocrx_word' id='word_1_61' title='bbox 730 1425 1062 1497; x_wconf 87' lang='lat' dir='ltr'>praeparat</span> <span class='ocrx_word' id='word_1_62' title='bbox 1109 1433 1177 1478; x_wconf 89' lang='lat' dir='ltr'>ac</span> <span class='ocrx_word' id='word_1_63' title='bbox 1225 1435 1393 1480; x_wconf 89' lang='lat' dir='ltr'>sacra</span> <span class='ocrx_word' id='word_1_64' title='bbox 1443 1425 1800 1501; x_wconf 89' lang='lat' dir='ltr'>paramenta</span> <span class='ocrx_word' id='word_1_65' title='bbox 1864 1412 2059 1479; x_wconf 90' lang='lat' dir='ltr'>sumit</span> <span class='ocrx_word' id='word_1_66' title='bbox 2118 1415 2196 1480; x_wconf 92' lang='lat' dir='ltr'>ad</span> 
     </span>
    </p>
   </div>
   <div class='ocr_carea' id='block_1_3' title="bbox 618 1498 2239 1589">
    <p class='ocr_par' dir='ltr' id='par_1_6' title="bbox 618 1498 2239 1589">
     <span class='ocr_line' id='line_1_14' title="bbox 618 1498 2239 1589; baseline 0.002 -26"><span class='ocrx_word' id='word_1_67' title='bbox 618 1498 861 1564; x_wconf 82' lang='lat' dir='ltr'>Missam</span> <span class='ocrx_word' id='word_1_68' title='bbox 928 1500 1399 1583; x_wconf 78' lang='lat' dir='ltr'>pontificalem,</span> <span class='ocrx_word' id='word_1_69' title='bbox 1478 1501 1838 1589; x_wconf 80' lang='lat' dir='ltr'>Capitulum</span> <span class='ocrx_word' id='word_1_70' title='bbox 1909 1503 2239 1567; x_wconf 54' lang='lat' dir='ltr'>teneatur*</span> 
     </span>
    </p>
   </div>
   <div class='ocr_carea' id='block_1_4' title="bbox 616 1587 2200 2027">
    <p class='ocr_par' dir='ltr' id='par_1_7' title="bbox 616 1587 2200 1846">
     <span class='ocr_line' id='line_1_15' title="bbox 616 1587 2199 1672; baseline 0.003 -23"><span class='ocrx_word' id='word_1_71' title='bbox 616 1599 778 1650; x_wconf 84' lang='lat' dir='ltr'>stare</span> <span class='ocrx_word' id='word_1_72' title='bbox 830 1587 1032 1672; x_wconf 89' lang='lat' dir='ltr'>capite</span> <span class='ocrx_word' id='word_1_73' title='bbox 1080 1589 1363 1671; x_wconf 83' lang='lat' dir='ltr'>detecto,</span> <span class='ocrx_word' id='word_1_74' title='bbox 1400 1601 1464 1653; x_wconf 91' lang='lat' dir='ltr'>et</span> <span class='ocrx_word' id='word_1_75' title='bbox 1496 1589 1668 1654; x_wconf 91' lang='lat' dir='ltr'>idem</span> <span class='ocrx_word' id='word_1_76' title='bbox 1700 1590 2088 1654; x_wconf 87' lang='lat' dir='ltr'>servandum</span> <span class='ocrx_word' id='word_1_77' title='bbox 2120 1590 2199 1654; x_wconf 88' lang='lat' dir='ltr'>sit</span> 
     </span>
     <span class='ocr_line' id='line_1_16' title="bbox 619 1673 2200 1762; baseline 0.004 -27"><span class='ocrx_word' id='word_1_78' title='bbox 619 1675 680 1738; x_wconf 90' lang='lat' dir='ltr'>in</span> <span class='ocrx_word' id='word_1_79' title='bbox 717 1676 1012 1761; x_wconf 76' lang='lat' dir='ltr'>vesperis</span> <span class='ocrx_word' id='word_1_80' title='bbox 1060 1676 1563 1762; x_wconf 70' lang='lat' dir='ltr'>pontificalibus5</span> <span class='ocrx_word' id='word_1_81' title='bbox 1613 1676 1715 1742; x_wconf 88' lang='lat' dir='ltr'>vel</span> <span class='ocrx_word' id='word_1_82' title='bbox 1767 1673 1978 1762; x_wconf 75' lang='lat' dir='ltr'>potius</span> <span class='ocrx_word' id='word_1_83' title='bbox 2028 1689 2200 1744; x_wconf 90' lang='lat' dir='ltr'>utro-</span> 
     </span>
     <span class='ocr_line' id='line_1_17' title="bbox 616 1762 2200 1846; baseline 0.003 -20"><span class='ocrx_word' id='word_1_84' title='bbox 616 1780 743 1846; x_wconf 86' lang='lat' dir='ltr'>que</span> <span class='ocrx_word' id='word_1_85' title='bbox 791 1782 933 1826; x_wconf 90' lang='lat' dir='ltr'>casu</span> <span class='ocrx_word' id='word_1_86' title='bbox 980 1763 1059 1828; x_wconf 90' lang='lat' dir='ltr'>sit</span> <span class='ocrx_word' id='word_1_87' title='bbox 1105 1766 1411 1830; x_wconf 83' lang='lat' dir='ltr'>servanda</span> <span class='ocrx_word' id='word_1_88' title='bbox 1471 1776 1704 1830; x_wconf 89' lang='lat' dir='ltr'>asserta</span> <span class='ocrx_word' id='word_1_89' title='bbox 1749 1762 2200 1830; x_wconf 86' lang='lat' dir='ltr'>consuetudo?</span> 
     </span>
    </p>

    <p class='ocr_par' dir='ltr' id='par_1_8' title="bbox 618 1851 2198 2027">
     <span class='ocr_line' id='line_1_18' title="bbox 748 1851 2198 1919; baseline 0.003 -5"><span class='ocrx_word' id='word_1_90' title='bbox 748 1854 815 1914; x_wconf 87' lang='grc'>6.</span> <span class='ocrx_word' id='word_1_91' title='bbox 866 1853 958 1915; x_wconf 86' lang='lat' dir='ltr'>An</span> <span class='ocrx_word' id='word_1_92' title='bbox 1004 1852 1292 1918; x_wconf 85' lang='lat' dir='ltr'>Canonici</span> <span class='ocrx_word' id='word_1_93' title='bbox 1348 1864 1683 1917; x_wconf 86' lang='lat' dir='ltr'>teneantur</span> <span class='ocrx_word' id='word_1_94' title='bbox 1737 1851 1948 1918; x_wconf 76' lang='lat' dir='ltr'>facere</span> <span class='ocrx_word' id='word_1_95' title='bbox 1996 1853 2198 1919; x_wconf 90' lang='lat' dir='ltr'>circu-</span> 
     </span>
     <span class='ocr_line' id='line_1_19' title="bbox 618 1935 2197 2027; baseline 0.004 -28"><span class='ocrx_word' id='word_1_96' title='bbox 618 1935 752 2001; x_wconf 90' lang='lat' dir='ltr'>lum</span> <span class='ocrx_word' id='word_1_97' title='bbox 807 1939 1122 2025; x_wconf 84' lang='lat' dir='ltr'>Episcopo</span> <span class='ocrx_word' id='word_1_98' title='bbox 1170 1939 1511 2005; x_wconf 74' lang='lat' dir='ltr'>assumenti</span> <span class='ocrx_word' id='word_1_99' title='bbox 1558 1942 1660 2005; x_wconf 87' lang='lat' dir='ltr'>vel</span> <span class='ocrx_word' id='word_1_100' title='bbox 1711 1940 2059 2006; x_wconf 75' lang='lat' dir='ltr'>dimittenti</span> <span class='ocrx_word' id='word_1_101' title='bbox 2093 1960 2197 2027; x_wconf 90' lang='lat' dir='ltr'>pa-</span> 
     </span>
    </p>
   </div>
   <div class='ocr_carea' id='block_1_5' title="bbox 617 2026 2233 2104">
    <p class='ocr_par' dir='ltr' id='par_1_9' title="bbox 617 2026 2233 2104">
     <span class='ocr_line' id='line_1_20' title="bbox 617 2026 2233 2104; baseline 0.004 -17"><span class='ocrx_word' id='word_1_102' title='bbox 617 2038 897 2091; x_wconf 87' lang='lat' dir='ltr'>ramenta</span> <span class='ocrx_word' id='word_1_103' title='bbox 947 2026 1010 2091; x_wconf 90' lang='lat' dir='ltr'>iu</span> <span class='ocrx_word' id='word_1_104' title='bbox 1069 2027 1393 2104; x_wconf 89' lang='lat' dir='ltr'>Sacristia;</span> <span class='ocrx_word' id='word_1_105' title='bbox 1461 2037 1524 2092; x_wconf 91' lang='lat' dir='ltr'>et</span> <span class='ocrx_word' id='word_1_106' title='bbox 1582 2026 1836 2093; x_wconf 84' lang='lat' dir='ltr'>ubinam</span> <span class='ocrx_word' id='word_1_107' title='bbox 1885 2028 2002 2095; x_wconf 90' lang='lat' dir='ltr'>boc</span> <span class='ocrx_word' id='word_1_108' title='bbox 2053 2048 2233 2094; x_wconf 73' lang='lat' dir='ltr'>casu,</span> 
     </span>
    </p>
   </div>
   <div class='ocr_carea' id='block_1_6' title="bbox 610 2111 2198 5279">
    <p class='ocr_par' dir='ltr' id='par_1_10' title="bbox 616 2111 1848 2200">
     <span class='ocr_line' id='line_1_21' title="bbox 616 2111 1848 2200; baseline 0.002 -24"><span class='ocrx_word' id='word_1_109' title='bbox 616 2111 981 2179; x_wconf 87' lang='lat' dir='ltr'>collocanda</span> <span class='ocrx_word' id='word_1_110' title='bbox 1026 2114 1106 2179; x_wconf 88' lang='lat' dir='ltr'>sit</span> <span class='ocrx_word' id='word_1_111' title='bbox 1152 2113 1350 2181; x_wconf 86' lang='lat' dir='ltr'>Sedes</span> <span class='ocrx_word' id='word_1_112' title='bbox 1402 2112 1848 2200; x_wconf 86' lang='lat' dir='ltr'>Episcopalis?</span> 
     </span>
    </p>

    <p class='ocr_par' dir='ltr' id='par_1_11' title="bbox 614 2201 2197 2565">
     <span class='ocr_line' id='line_1_22' title="bbox 749 2201 2194 2289; baseline 0.001 -23"><span class='ocrx_word' id='word_1_113' title='bbox 749 2204 813 2266; x_wconf 97' lang='grc'><strong>7.</strong></span> <span class='ocrx_word' id='word_1_114' title='bbox 846 2203 939 2266; x_wconf 78' lang='lat' dir='ltr'>An</span> <span class='ocrx_word' id='word_1_115' title='bbox 975 2213 1037 2267; x_wconf 92' lang='lat' dir='ltr'>et</span> <span class='ocrx_word' id='word_1_116' title='bbox 1072 2222 1190 2288; x_wconf 89' lang='lat' dir='ltr'>qua</span> <span class='ocrx_word' id='word_1_117' title='bbox 1244 2202 1392 2267; x_wconf 88' lang='lat' dir='ltr'>bora</span> <span class='ocrx_word' id='word_1_118' title='bbox 1440 2202 1721 2268; x_wconf 78' lang='lat' dir='ltr'>facienda</span> <span class='ocrx_word' id='word_1_119' title='bbox 1766 2201 1850 2269; x_wconf 83' lang='lat' dir='ltr'>sit</span> <span class='ocrx_word' id='word_1_120' title='bbox 1897 2203 2048 2268; x_wconf 91' lang='lat' dir='ltr'>lotio</span> <span class='ocrx_word' id='word_1_121' title='bbox 2082 2221 2194 2289; x_wconf 90' lang='lat' dir='ltr'>pe-</span> 
     </span>
     <span class='ocr_line' id='line_1_23' title="bbox 615 2288 2197 2377; baseline 0.001 -25"><span class='ocrx_word' id='word_1_122' title='bbox 615 2288 921 2375; x_wconf 86' lang='lat' dir='ltr'>dum-per</span> <span class='ocrx_word' id='word_1_123' title='bbox 955 2288 1366 2376; x_wconf 67' lang='lat' dir='ltr'>Episcopum</span> <span class='ocrx_word' id='word_1_124' title='bbox 1404 2301 1467 2354; x_wconf 90' lang='lat' dir='ltr'>et</span> <span class='ocrx_word' id='word_1_125' title='bbox 1499 2310 1576 2354; x_wconf 91' lang='lat' dir='ltr'>an</span> <span class='ocrx_word' id='word_1_126' title='bbox 1610 2291 1724 2377; x_wconf 89' lang='lat' dir='ltr'>ipsi</span> <span class='ocrx_word' id='word_1_127' title='bbox 1761 2291 2070 2358; x_wconf 80' lang='lat' dir='ltr'>functioni</span> <span class='ocrx_word' id='word_1_128' title='bbox 2105 2311 2197 2355; x_wconf 91' lang='lat' dir='ltr'>as-</span> 
     </span>
     <span class='ocr_line' id='line_1_24' title="bbox 614 2374 2193 2463; baseline 0.002 -25"><span class='ocrx_word' id='word_1_129' title='bbox 614 2374 838 2441; x_wconf 76' lang='lat' dir='ltr'>sistere</span> <span class='ocrx_word' id='word_1_130' title='bbox 890 2381 1227 2443; x_wconf 84' lang='lat' dir='ltr'>teneantur</span> <span class='ocrx_word' id='word_1_131' title='bbox 1273 2395 1495 2444; x_wconf 89' lang='lat' dir='ltr'>omnes</span> <span class='ocrx_word' id='word_1_132' title='bbox 1549 2378 1842 2444; x_wconf 83' lang='lat' dir='ltr'>Canonici</span> <span class='ocrx_word' id='word_1_133' title='bbox 1890 2378 2193 2463; x_wconf 89' lang='lat' dir='ltr'>capitula-</span> 
     </span>
     <span class='ocr_line' id='line_1_25' title="bbox 616 2461 2099 2565; baseline 0.003 -39"><span class='ocrx_word' id='word_1_134' title='bbox 616 2461 819 2542; x_wconf 88' lang='lat' dir='ltr'>riter;</span> <span class='ocrx_word' id='word_1_135' title='bbox 867 2466 973 2530; x_wconf 88' lang='lat' dir='ltr'>vel</span> <span class='ocrx_word' id='word_1_136' title='bbox 1020 2466 1230 2565; x_wconf 86' lang='lat' dir='ltr'>potius</span> <span class='ocrx_word' id='word_1_137' title='bbox 1280 2466 1339 2530; x_wconf 89' lang='lat' dir='ltr'>in</span> <span class='ocrx_word' id='word_1_138' title='bbox 1385 2464 1614 2530; x_wconf 91' lang='lat' dir='ltr'>minori</span> <span class='ocrx_word' id='word_1_139' title='bbox 1651 2463 1975 2531; x_wconf 83' lang='lat' dir='ltr'>numero?</span> <span class='ocrx_word' id='word_1_140' title='bbox 2008 2468 2099 2552; x_wconf 85' lang='grc'>(1)</span> 
     </span>
    </p>

    <p class='ocr_par' dir='ltr' id='par_1_12' title="bbox 611 2553 2198 3411">
     <span class='ocr_line' id='line_1_26' title="bbox 745 2553 2194 2619; baseline 0.001 -1"><span class='ocrx_word' id='word_1_141' title='bbox 745 2556 809 2618; x_wconf 87' lang='grc'><strong>8.</strong></span> <span class='ocrx_word' id='word_1_142' title='bbox 861 2554 959 2618; x_wconf 80' lang='lat' dir='ltr'>An</span> <span class='ocrx_word' id='word_1_143' title='bbox 1001 2565 1082 2618; x_wconf 79' lang='lat' dir='ltr'>sit</span> <span class='ocrx_word' id='word_1_144' title='bbox 1137 2553 1439 2618; x_wconf 87' lang='lat' dir='ltr'>servanda</span> <span class='ocrx_word' id='word_1_145' title='bbox 1502 2565 1733 2618; x_wconf 88' lang='lat' dir='ltr'>asserta</span> <span class='ocrx_word' id='word_1_146' title='bbox 1793 2554 2194 2619; x_wconf 84' lang='lat' dir='ltr'>consuetudo</span> 
     </span>
     <span class='ocr_line' id='line_1_27' title="bbox 614 2638 2193 2728; baseline 0.003 -26"><span class='ocrx_word' id='word_1_147' title='bbox 614 2638 954 2705; x_wconf 85' lang='lat' dir='ltr'>adhibendi</span> <span class='ocrx_word' id='word_1_148' title='bbox 989 2642 1048 2705; x_wconf 91' lang='lat' dir='ltr'>in</span> <span class='ocrx_word' id='word_1_149' title='bbox 1081 2640 1345 2707; x_wconf 88' lang='lat' dir='ltr'>Sabbato</span> <span class='ocrx_word' id='word_1_150' title='bbox 1371 2643 1596 2705; x_wconf 89' lang='lat' dir='ltr'>Sancto</span> <span class='ocrx_word' id='word_1_151' title='bbox 1617 2660 1898 2728; x_wconf 76' lang='lat' dir='ltr'>parvum</span> <span class='ocrx_word' id='word_1_152' title='bbox 1930 2661 2193 2707; x_wconf 88' lang='lat' dir='ltr'>cereum</span> 
     </span>
     <span class='ocr_line' id='line_1_28' title="bbox 613 2729 2196 2812; baseline 0.004 -23"><span class='ocrx_word' id='word_1_153' title='bbox 613 2745 728 2812; x_wconf 89' lang='lat' dir='ltr'>pro</span> <span class='ocrx_word' id='word_1_154' title='bbox 775 2729 1116 2793; x_wconf 88' lang='lat' dir='ltr'>Praeconio</span> <span class='ocrx_word' id='word_1_155' title='bbox 1173 2731 1246 2794; x_wconf 89' lang='lat' dir='ltr'>ad</span> <span class='ocrx_word' id='word_1_156' title='bbox 1311 2729 1615 2793; x_wconf 89' lang='lat' dir='ltr'>maiorem</span> <span class='ocrx_word' id='word_1_157' title='bbox 1678 2730 2196 2795; x_wconf 85' lang='lat' dir='ltr'>commoditatem</span> 
     </span>
     <span class='ocr_line' id='line_1_29' title="bbox 612 2813 2195 2901; baseline 0.004 -24"><span class='ocrx_word' id='word_1_158' title='bbox 612 2813 1032 2897; x_wconf 72' lang='lat' dir='ltr'>celebrantis,</span> <span class='ocrx_word' id='word_1_159' title='bbox 1083 2816 1404 2901; x_wconf 86' lang='lat' dir='ltr'>aliumque</span> <span class='ocrx_word' id='word_1_160' title='bbox 1454 2819 1756 2883; x_wconf 89' lang='lat' dir='ltr'>maiorem</span> <span class='ocrx_word' id='word_1_161' title='bbox 1806 2817 1953 2882; x_wconf 87' lang='lat' dir='ltr'>alias</span> <span class='ocrx_word' id='word_1_162' title='bbox 2000 2816 2195 2883; x_wconf 90' lang='lat' dir='ltr'>bene-</span> 
     </span>
     <span class='ocr_line' id='line_1_30' title="bbox 612 2900 2196 2973; baseline 0.003 -8"><span class='ocrx_word' id='word_1_163' title='bbox 612 2900 858 2966; x_wconf 87' lang='lat' dir='ltr'>dictum</span> <span class='ocrx_word' id='word_1_164' title='bbox 916 2905 1306 2973; x_wconf 89' lang='lat' dir='ltr'>accendendi</span> <span class='ocrx_word' id='word_1_165' title='bbox 1377 2904 1437 2968; x_wconf 91' lang='lat' dir='ltr'>in</span> <span class='ocrx_word' id='word_1_166' title='bbox 1508 2904 1827 2971; x_wconf 90' lang='lat' dir='ltr'>Dominica</span> <span class='ocrx_word' id='word_1_167' title='bbox 1890 2909 2196 2971; x_wconf 86' lang='lat' dir='ltr'>Resurre-</span> 
     </span>
     <span class='ocr_line' id='line_1_31' title="bbox 615 2989 2195 3080; baseline 0.002 -25"><span class='ocrx_word' id='word_1_168' title='bbox 615 2989 837 3055; x_wconf 89' lang='lat' dir='ltr'>ctionis</span> <span class='ocrx_word' id='word_1_169' title='bbox 884 3008 951 3055; x_wconf 91' lang='lat' dir='ltr'>ac</span> <span class='ocrx_word' id='word_1_170' title='bbox 1005 3004 1133 3058; x_wconf 88' lang='lat' dir='ltr'>toto</span> <span class='ocrx_word' id='word_1_171' title='bbox 1198 3006 1488 3079; x_wconf 85' lang='lat' dir='ltr'>tempore</span> <span class='ocrx_word' id='word_1_172' title='bbox 1537 2993 1859 3072; x_wconf 86' lang='lat' dir='ltr'>Pascbali;</span> <span class='ocrx_word' id='word_1_173' title='bbox 1922 2994 2027 3059; x_wconf 87' lang='lat' dir='ltr'>vel</span> <span class='ocrx_word' id='word_1_174' title='bbox 2085 3013 2195 3080; x_wconf 89' lang='lat' dir='ltr'>po·</span> 
     </span>
     <span class='ocr_line' id='line_1_32' title="bbox 616 3077 2198 3163; baseline 0.003 -22"><span class='ocrx_word' id='word_1_175' title='bbox 616 3077 736 3142; x_wconf 90' lang='lat' dir='ltr'>tius</span> <span class='ocrx_word' id='word_1_176' title='bbox 784 3097 899 3163; x_wconf 91' lang='lat' dir='ltr'>pro</span> <span class='ocrx_word' id='word_1_177' title='bbox 949 3081 1240 3155; x_wconf 85' lang='lat' dir='ltr'>omnibus</span> <span class='ocrx_word' id='word_1_178' title='bbox 1283 3083 1384 3147; x_wconf 82' lang='lat' dir='ltr'>bis</span> <span class='ocrx_word' id='word_1_179' title='bbox 1431 3082 1865 3148; x_wconf 75' lang='lat' dir='ltr'>functionibus</span> <span class='ocrx_word' id='word_1_180' title='bbox 1897 3080 2198 3147; x_wconf 84' lang='lat' dir='ltr'>adhiben-</span> 
     </span>
     <span class='ocr_line' id='line_1_33' title="bbox 612 3167 2194 3237; baseline 0.003 -7"><span class='ocrx_word' id='word_1_181' title='bbox 612 3167 732 3231; x_wconf 91' lang='lat' dir='ltr'>dus</span> <span class='ocrx_word' id='word_1_182' title='bbox 791 3167 871 3232; x_wconf 90' lang='lat' dir='ltr'>sit</span> <span class='ocrx_word' id='word_1_183' title='bbox 930 3188 1095 3235; x_wconf 90' lang='lat' dir='ltr'>unus</span> <span class='ocrx_word' id='word_1_184' title='bbox 1150 3183 1211 3234; x_wconf 91' lang='lat' dir='ltr'>et</span> <span class='ocrx_word' id='word_1_185' title='bbox 1267 3171 1440 3236; x_wconf 92' lang='lat' dir='ltr'>idem</span> <span class='ocrx_word' id='word_1_186' title='bbox 1506 3188 1729 3235; x_wconf 86' lang='lat' dir='ltr'>cereus</span> <span class='ocrx_word' id='word_1_187' title='bbox 1781 3171 1846 3237; x_wconf 86' lang='lat' dir='ltr'>in</span> <span class='ocrx_word' id='word_1_188' title='bbox 1912 3180 2042 3234; x_wconf 93' lang='lat' dir='ltr'>toto</span> <span class='ocrx_word' id='word_1_189' title='bbox 2093 3171 2194 3234; x_wconf 88' lang='lat' dir='ltr'>vel</span> 
     </span>
     <span class='ocr_line' id='line_1_34' title="bbox 611 3255 2195 3345; baseline 0.001 -28"><span class='ocrx_word' id='word_1_190' title='bbox 611 3255 834 3321; x_wconf 88' lang='lat' dir='ltr'>saltem</span> <span class='ocrx_word' id='word_1_191' title='bbox 866 3256 934 3323; x_wconf 83' lang='lat' dir='ltr'>in</span> <span class='ocrx_word' id='word_1_192' title='bbox 964 3270 1143 3343; x_wconf 89' lang='lat' dir='ltr'>parte</span> <span class='ocrx_word' id='word_1_193' title='bbox 1176 3259 1240 3323; x_wconf 89' lang='lat' dir='ltr'>in</span> <span class='ocrx_word' id='word_1_194' title='bbox 1271 3257 1537 3345; x_wconf 80' lang='lat' dir='ltr'>singulis</span> <span class='ocrx_word' id='word_1_195' title='bbox 1586 3259 1760 3323; x_wconf 85' lang='lat' dir='ltr'>annis</span> <span class='ocrx_word' id='word_1_196' title='bbox 1797 3259 2195 3323; x_wconf 81' lang='lat' dir='ltr'>renovandus</span> 
     </span>
     <span class='ocr_line' id='line_1_35' title="bbox 617 3343 1264 3411; baseline 0.011 -7"><span class='ocrx_word' id='word_1_197' title='bbox 617 3355 680 3405; x_wconf 83' lang='lat' dir='ltr'>et</span> <span class='ocrx_word' id='word_1_198' title='bbox 731 3343 1264 3411; x_wconf 82' lang='lat' dir='ltr'>benedicendus?</span> 
     </span>
    </p>

    <p class='ocr_par' dir='ltr' id='par_1_13' title="bbox 614 3433 2195 3938">
     <span class='ocr_line' id='line_1_36' title="bbox 743 3433 2195 3519; baseline -0.001 -21"><span class='ocrx_word' id='word_1_199' title='bbox 743 3436 807 3498; x_wconf 85' lang='grc'><strong>9.</strong></span> <span class='ocrx_word' id='word_1_200' title='bbox 860 3434 952 3496; x_wconf 83' lang='lat' dir='ltr'>An</span> <span class='ocrx_word' id='word_1_201' title='bbox 999 3436 1325 3519; x_wconf 87' lang='lat' dir='ltr'>pectorale</span> <span class='ocrx_word' id='word_1_202' title='bbox 1388 3450 1500 3498; x_wconf 85' lang='lat' dir='ltr'>seu</span> <span class='ocrx_word' id='word_1_203' title='bbox 1561 3434 1822 3499; x_wconf 77' lang='lat' dir='ltr'>formale</span> <span class='ocrx_word' id='word_1_204' title='bbox 1878 3433 1956 3498; x_wconf 89' lang='lat' dir='ltr'>sit</span> <span class='ocrx_word' id='word_1_205' title='bbox 2016 3452 2195 3498; x_wconf 90' lang='lat' dir='ltr'>orna·</span> 
     </span>
     <span class='ocr_line' id='line_1_37' title="bbox 614 3520 2194 3608; baseline 0.001 -26"><span class='ocrx_word' id='word_1_206' title='bbox 614 3529 902 3584; x_wconf 88' lang='lat' dir='ltr'>mentum</span> <span class='ocrx_word' id='word_1_207' title='bbox 960 3520 1392 3587; x_wconf 87' lang='lat' dir='ltr'>adhibendum</span> <span class='ocrx_word' id='word_1_208' title='bbox 1444 3520 1750 3606; x_wconf 82' lang='lat' dir='ltr'>privative</span> <span class='ocrx_word' id='word_1_209' title='bbox 1805 3521 1879 3587; x_wconf 89' lang='lat' dir='ltr'>ab</span> <span class='ocrx_word' id='word_1_210' title='bbox 1941 3522 2194 3608; x_wconf 88' lang='lat' dir='ltr'>Episco-</span> 
     </span>
     <span class='ocr_line' id='line_1_38' title="bbox 614 3607 2194 3695; baseline 0.003 -27"><span class='ocrx_word' id='word_1_211' title='bbox 614 3626 741 3692; x_wconf 67' lang='grc' dir='ltr'>ρος</span> <span class='ocrx_word' id='word_1_212' title='bbox 792 3608 892 3672; x_wconf 86' lang='lat' dir='ltr'>vel</span> <span class='ocrx_word' id='word_1_213' title='bbox 944 3608 1054 3673; x_wconf 88' lang='lat' dir='ltr'>illo</span> <span class='ocrx_word' id='word_1_214' title='bbox 1106 3608 1192 3673; x_wconf 89' lang='lat' dir='ltr'>uti</span> <span class='ocrx_word' id='word_1_215' title='bbox 1241 3608 1481 3695; x_wconf 77' lang='lat' dir='ltr'>possint</span> <span class='ocrx_word' id='word_1_216' title='bbox 1532 3611 1729 3694; x_wconf 82' lang='lat' dir='ltr'>prima</span> <span class='ocrx_word' id='word_1_217' title='bbox 1777 3611 2063 3693; x_wconf 88' lang='lat' dir='ltr'>aliaeque</span> <span class='ocrx_word' id='word_1_218' title='bbox 2096 3607 2194 3673; x_wconf 90' lang='lat' dir='ltr'>Di·</span> 
     </span>
     <span class='ocr_line' id='line_1_39' title="bbox 614 3694 2192 3779; baseline 0.002 -22"><span class='ocrx_word' id='word_1_219' title='bbox 614 3694 883 3779; x_wconf 79' lang='lat' dir='ltr'>gnitates</span> <span class='ocrx_word' id='word_1_220' title='bbox 948 3695 1362 3763; x_wconf 84' lang='lat' dir='ltr'>et-Canonicl</span> <span class='ocrx_word' id='word_1_221' title='bbox 1427 3698 1800 3763; x_wconf 86' lang='lat' dir='ltr'>solemniter</span> <span class='ocrx_word' id='word_1_222' title='bbox 1868 3698 2192 3764; x_wconf 88' lang='lat' dir='ltr'>celebran-</span> 
     </span>
     <span class='ocr_line' id='line_1_40' title="bbox 616 3785 2193 3867; baseline 0.002 -22"><span class='ocrx_word' id='word_1_223' title='bbox 616 3792 743 3867; x_wconf 89' lang='lat' dir='ltr'>tes,</span> <span class='ocrx_word' id='word_1_224' title='bbox 810 3785 979 3849; x_wconf 81' lang='lat' dir='ltr'>iuxta</span> <span class='ocrx_word' id='word_1_225' title='bbox 1043 3798 1339 3850; x_wconf 80' lang='lat' dir='ltr'>assertam</span> <span class='ocrx_word' id='word_1_226' title='bbox 1401 3786 1928 3851; x_wconf 86' lang='lat' dir='ltr'>consuetudinem</span> <span class='ocrx_word' id='word_1_227' title='bbox 1986 3786 2193 3851; x_wconf 90' lang='lat' dir='ltr'>dictae</span> 
     </span>
     <span class='ocr_line' id='line_1_41' title="bbox 614 3870 1468 3938; baseline 0.004 -2"><span class='ocrx_word' id='word_1_228' title='bbox 614 3870 985 3938; x_wconf 77' lang='lat' dir='ltr'>Ecclesiae?</span> <span class='ocrx_word' id='word_1_229' title='bbox 1457 3880 1468 3889; x_wconf 77' lang='grc'><em>“</em></span> 
     </span>
    </p>

    <p class='ocr_par' dir='ltr' id='par_1_14' title="bbox 610 3960 2193 4489">
     <span class='ocr_line' id='line_1_42' title="bbox 750 3960 2189 4049; baseline 0.001 -24"><span class='ocrx_word' id='word_1_230' title='bbox 750 3965 850 4027; x_wconf 87' lang='grc'><strong>10.</strong></span> <span class='ocrx_word' id='word_1_231' title='bbox 907 3961 999 4026; x_wconf 78' lang='lat' dir='ltr'>An</span> <span class='ocrx_word' id='word_1_232' title='bbox 1055 3960 1352 4026; x_wconf 91' lang='lat' dir='ltr'>Canonici</span> <span class='ocrx_word' id='word_1_233' title='bbox 1415 3972 1478 4025; x_wconf 91' lang='lat' dir='ltr'>et</span> <span class='ocrx_word' id='word_1_234' title='bbox 1534 3962 1880 4049; x_wconf 83' lang='lat' dir='ltr'>Dignitates</span> <span class='ocrx_word' id='word_1_235' title='bbox 1943 3980 2189 4027; x_wconf 83' lang='lat' dir='ltr'>sacrum</span> 
     </span>
     <span class='ocr_line' id='line_1_43' title="bbox 610 4049 2192 4136; baseline 0 -22"><span class='ocrx_word' id='word_1_236' title='bbox 610 4049 893 4115; x_wconf 82' lang='lat' dir='ltr'>Officium</span> <span class='ocrx_word' id='word_1_237' title='bbox 960 4061 1370 4136; x_wconf 81' lang='lat' dir='ltr'>peragentes,</span> <span class='ocrx_word' id='word_1_238' title='bbox 1423 4050 1793 4136; x_wconf 84' lang='lat' dir='ltr'>praesertim</span> <span class='ocrx_word' id='word_1_239' title='bbox 1858 4068 2000 4115; x_wconf 89' lang='lat' dir='ltr'>cum</span> <span class='ocrx_word' id='word_1_240' title='bbox 2058 4049 2192 4135; x_wconf 87' lang='lat' dir='ltr'>plu-</span> 
     </span>
     <span class='ocr_line' id='line_1_44' title="bbox 615 4136 2193 4223; baseline 0.002 -25"><span class='ocrx_word' id='word_1_241' title='bbox 615 4136 783 4219; x_wconf 86' lang='lat' dir='ltr'>viali,</span> <span class='ocrx_word' id='word_1_242' title='bbox 833 4137 934 4200; x_wconf 87' lang='lat' dir='ltr'>vel</span> <span class='ocrx_word' id='word_1_243' title='bbox 997 4137 1405 4223; x_wconf 86' lang='lat' dir='ltr'>antiphonam</span> <span class='ocrx_word' id='word_1_244' title='bbox 1467 4137 1860 4220; x_wconf 88' lang='lat' dir='ltr'>intonantes,</span> <span class='ocrx_word' id='word_1_245' title='bbox 1911 4137 1999 4202; x_wconf 89' lang='lat' dir='ltr'>uti</span> <span class='ocrx_word' id='word_1_246' title='bbox 2053 4156 2193 4223; x_wconf 91' lang='lat' dir='ltr'>pos-</span> 
     </span>
     <span class='ocr_line' id='line_1_45' title="bbox 610 4223 2189 4315; baseline 0.001 -28"><span class='ocrx_word' id='word_1_247' title='bbox 610 4224 734 4290; x_wconf 84' lang='lat' dir='ltr'>sint</span> <span class='ocrx_word' id='word_1_248' title='bbox 783 4223 1018 4312; x_wconf 85' lang='lat' dir='ltr'>pileolo</span> <span class='ocrx_word' id='word_1_249' title='bbox 1068 4226 1236 4315; x_wconf 80' lang='lat' dir='ltr'>iuxta</span> <span class='ocrx_word' id='word_1_250' title='bbox 1278 4235 1572 4290; x_wconf 82' lang='lat' dir='ltr'>assertam</span> <span class='ocrx_word' id='word_1_251' title='bbox 1620 4226 2189 4303; x_wconf 75' lang='lat' dir='ltr'>consuetudinem;</span> 
     </span>
     <span class='ocr_line' id='line_1_46' title="bbox 613 4312 2192 4399; baseline -0.001 -22"><span class='ocrx_word' id='word_1_252' title='bbox 613 4314 712 4378; x_wconf 88' lang='lat' dir='ltr'>vel</span> <span class='ocrx_word' id='word_1_253' title='bbox 763 4312 973 4398; x_wconf 88' lang='lat' dir='ltr'>potius</span> <span class='ocrx_word' id='word_1_254' title='bbox 1026 4324 1362 4379; x_wconf 88' lang='lat' dir='ltr'>teneantur</span> <span class='ocrx_word' id='word_1_255' title='bbox 1411 4315 1563 4381; x_wconf 87' lang='lat' dir='ltr'>baec</span> <span class='ocrx_word' id='word_1_256' title='bbox 1610 4332 1949 4399; x_wconf 79' lang='lat' dir='ltr'>peragere,</span> <span class='ocrx_word' id='word_1_257' title='bbox 1987 4312 2192 4398; x_wconf 90' lang='lat' dir='ltr'>capite</span> 
     </span>
     <span class='ocr_line' id='line_1_47' title="bbox 613 4401 1953 4489; baseline 0.001 -24"><span class='ocrx_word' id='word_1_258' title='bbox 613 4420 870 4489; x_wconf 87' lang='lat' dir='ltr'>prorsus</span> <span class='ocrx_word' id='word_1_259' title='bbox 919 4401 1232 4468; x_wconf 88' lang='lat' dir='ltr'>detecto?</span> <span class='ocrx_word' id='word_1_260' title='bbox 1947 4468 1953 4473; x_wconf 77' lang='grc'><strong><em>,</em></strong></span> 
     </span>
    </p>

    <p class='ocr_par' dir='ltr' id='par_1_15' title="bbox 611 4488 2193 4908">
     <span class='ocr_line' id='line_1_48' title="bbox 751 4488 2191 4578; baseline -0.005 -20"><span class='ocrx_word' id='word_1_261' title='bbox 751 4492 854 4558; x_wconf 81' lang='grc'><strong>11.</strong></span> <span class='ocrx_word' id='word_1_262' title='bbox 905 4493 998 4554; x_wconf 85' lang='lat' dir='ltr'>An</span> <span class='ocrx_word' id='word_1_263' title='bbox 1047 4492 1443 4578; x_wconf 72' lang='lat' dir='ltr'>praepositus</span> <span class='ocrx_word' id='word_1_264' title='bbox 1490 4510 1601 4555; x_wconf 89' lang='lat' dir='ltr'>seu</span> <span class='ocrx_word' id='word_1_265' title='bbox 1672 4489 1868 4577; x_wconf 86' lang='lat' dir='ltr'>prima</span> <span class='ocrx_word' id='word_1_266' title='bbox 1914 4488 2191 4575; x_wconf 83' lang='lat' dir='ltr'>Dignitas</span> 
     </span>
     <span class='ocr_line' id='line_1_49' title="bbox 615 4576 2191 4659; baseline -0.001 -17"><span class='ocrx_word' id='word_1_267' title='bbox 615 4586 907 4643; x_wconf 85' lang='lat' dir='ltr'>teneatur</span> <span class='ocrx_word' id='word_1_268' title='bbox 953 4578 1178 4643; x_wconf 87' lang='lat' dir='ltr'>diebus</span> <span class='ocrx_word' id='word_1_269' title='bbox 1229 4579 1587 4659; x_wconf 80' lang='lat' dir='ltr'>DominiciS,</span> <span class='ocrx_word' id='word_1_270' title='bbox 1623 4579 1774 4643; x_wconf 90' lang='lat' dir='ltr'>dum</span> <span class='ocrx_word' id='word_1_271' title='bbox 1809 4590 2014 4642; x_wconf 88' lang='lat' dir='ltr'>cantat</span> <span class='ocrx_word' id='word_1_272' title='bbox 2058 4576 2191 4641; x_wconf 80' lang='lat' dir='ltr'>Mis·</span> 
     </span>
     <span class='ocr_line' id='line_1_50' title="bbox 611 4665 2193 4752; baseline -0.002 -21"><span class='ocrx_word' id='word_1_273' title='bbox 611 4684 737 4731; x_wconf 90' lang='lat' dir='ltr'>sam</span> <span class='ocrx_word' id='word_1_274' title='bbox 779 4665 916 4730; x_wconf 93' lang='lat' dir='ltr'>loco</span> <span class='ocrx_word' id='word_1_275' title='bbox 946 4665 1264 4752; x_wconf 86' lang='lat' dir='ltr'>Episcopi,</span> <span class='ocrx_word' id='word_1_276' title='bbox 1293 4683 1633 4752; x_wconf 79' lang='lat' dir='ltr'>aspergere</span> <span class='ocrx_word' id='word_1_277' title='bbox 1661 4665 1966 4748; x_wconf 86' lang='lat' dir='ltr'>Chorum,</span> <span class='ocrx_word' id='word_1_278' title='bbox 2002 4676 2193 4751; x_wconf 89' lang='lat' dir='ltr'>prout</span> 
     </span>
     <span class='ocr_line' id='line_1_51' title="bbox 612 4752 2187 4839; baseline -0.002 -20"><span class='ocrx_word' id='word_1_279' title='bbox 612 4752 848 4819; x_wconf 76' lang='lat' dir='ltr'>iaciunt</span> <span class='ocrx_word' id='word_1_280' title='bbox 893 4753 1095 4818; x_wconf 91' lang='lat' dir='ltr'>ceteri</span> <span class='ocrx_word' id='word_1_281' title='bbox 1142 4755 1481 4837; x_wconf 73' lang='lat' dir='ltr'>canonici,</span> <span class='ocrx_word' id='word_1_282' title='bbox 1536 4752 1637 4818; x_wconf 87' lang='lat' dir='ltr'>vel</span> <span class='ocrx_word' id='word_1_283' title='bbox 1691 4755 1897 4839; x_wconf 89' lang='lat' dir='ltr'>potius</span> <span class='ocrx_word' id='word_1_284' title='bbox 1942 4753 2025 4817; x_wconf 90' lang='lat' dir='ltr'>sit</span> <span class='ocrx_word' id='word_1_285' title='bbox 2063 4771 2187 4816; x_wconf 85' lang='lat' dir='ltr'>ser·</span> 
     </span>
     <span class='ocr_line' id='line_1_52' title="bbox 613 4838 1582 4908; baseline 0 -3"><span class='ocrx_word' id='word_1_286' title='bbox 613 4841 808 4906; x_wconf 88' lang='lat' dir='ltr'>vanda</span> <span class='ocrx_word' id='word_1_287' title='bbox 857 4853 1086 4905; x_wconf 89' lang='lat' dir='ltr'>asserta</span> <span class='ocrx_word' id='word_1_288' title='bbox 1136 4838 1582 4908; x_wconf 85' lang='lat' dir='ltr'>consuetudo?</span> 
     </span>
    </p>

    <p class='ocr_par' dir='ltr' id='par_1_16' title="bbox 613 4927 2194 5279">
     <span class='ocr_line' id='line_1_53' title="bbox 750 4927 2193 5015; baseline -0.001 -23"><span class='ocrx_word' id='word_1_289' title='bbox 750 4931 850 4992; x_wconf 75' lang='lat'>12.</span> <span class='ocrx_word' id='word_1_290' title='bbox 889 4932 983 4991; x_wconf 85' lang='lat' dir='ltr'>An</span> <span class='ocrx_word' id='word_1_291' title='bbox 1017 4928 1306 5014; x_wconf 75' lang='lat' dir='ltr'>capitulo</span> <span class='ocrx_word' id='word_1_292' title='bbox 1352 4941 1415 4993; x_wconf 90' lang='lat' dir='ltr'>et</span> <span class='ocrx_word' id='word_1_293' title='bbox 1449 4927 1799 5011; x_wconf 76' lang='lat' dir='ltr'>canonicis,</span> <span class='ocrx_word' id='word_1_294' title='bbox 1837 4929 1899 4993; x_wconf 91' lang='lat' dir='ltr'>in</span> <span class='ocrx_word' id='word_1_295' title='bbox 1931 4929 2193 5015; x_wconf 77' lang='lat' dir='ltr'>Presby-</span> 
     </span>
     <span class='ocr_line' id='line_1_54' title="bbox 613 5015 2191 5103; baseline 0.001 -24"><span class='ocrx_word' id='word_1_296' title='bbox 613 5015 772 5079; x_wconf 89' lang='lat' dir='ltr'>terio</span> <span class='ocrx_word' id='word_1_297' title='bbox 819 5015 1253 5081; x_wconf 78' lang='lat' dir='ltr'>assistentibus</span> <span class='ocrx_word' id='word_1_298' title='bbox 1285 5018 1592 5103; x_wconf 87' lang='lat' dir='ltr'>Episcopo</span> <span class='ocrx_word' id='word_1_299' title='bbox 1627 5017 1867 5082; x_wconf 78' lang='lat' dir='ltr'>Missam</span> <span class='ocrx_word' id='word_1_300' title='bbox 1916 5015 2191 5100; x_wconf 87' lang='lat' dir='ltr'>aliasque</span> 
     </span>
     <span class='ocr_line' id='line_1_55' title="bbox 613 5102 2194 5195; baseline 0.001 -30"><span class='ocrx_word' id='word_1_301' title='bbox 613 5102 1006 5195; x_wconf 75' lang='lat' dir='ltr'>pontificales</span> <span class='ocrx_word' id='word_1_302' title='bbox 1053 5103 1411 5170; x_wconf 80' lang='lat' dir='ltr'>functiones</span> <span class='ocrx_word' id='word_1_303' title='bbox 1459 5104 1833 5186; x_wconf 80' lang='lat' dir='ltr'>celebranti,</span> <span class='ocrx_word' id='word_1_304' title='bbox 1873 5105 2057 5169; x_wconf 88' lang='lat' dir='ltr'>liceat</span> <span class='ocrx_word' id='word_1_305' title='bbox 2090 5106 2194 5170; x_wconf 83' lang='lat' dir='ltr'>ba-</span> 
     </span>
     <span class='ocr_line' id='line_1_56' title="bbox 613 5188 2189 5279; baseline 0.001 -26"><span class='ocrx_word' id='word_1_306' title='bbox 613 5191 761 5254; x_wconf 85' lang='lat' dir='ltr'>bere</span> <span class='ocrx_word' id='word_1_307' title='bbox 812 5188 1030 5254; x_wconf 87' lang='lat' dir='ltr'>sedilia</span> <span class='ocrx_word' id='word_1_308' title='bbox 1102 5191 1162 5255; x_wconf 90' lang='lat' dir='ltr'>in</span> <span class='ocrx_word' id='word_1_309' title='bbox 1229 5192 1627 5279; x_wconf 68' lang='lat' dir='ltr'>Presbyter-io</span> <span class='ocrx_word' id='word_1_310' title='bbox 1691 5194 1989 5258; x_wconf 89' lang='lat' dir='ltr'>collocata</span> <span class='ocrx_word' id='word_1_311' title='bbox 2048 5212 2189 5257; x_wconf 89' lang='lat' dir='ltr'>cum</span> 
     </span>
    </p>
   </div>
   <div class='ocr_carea' id='block_1_7' title="bbox 754 5388 1400 5460">
    <p class='ocr_par' dir='ltr' id='par_1_17' title="bbox 754 5388 1400 5460">
     <span class='ocr_line' id='line_1_57' title="bbox 754 5388 1400 5460; baseline 0.005 -17"><span class='ocrx_word' id='word_1_312' title='bbox 754 5388 833 5460; x_wconf 82' lang='lat' dir='ltr'>(t)</span> <span class='ocrx_word' id='word_1_313' title='bbox 871 5389 929 5443; x_wconf 78' lang='lat' dir='ltr'>E.</span> <span class='ocrx_word' id='word_1_314' title='bbox 971 5388 1112 5445; x_wconf 85' lang='lat' dir='ltr'>Dub.</span> <span class='ocrx_word' id='word_1_315' title='bbox 1151 5390 1186 5445; x_wconf 89' lang='lat'>8</span> <span class='ocrx_word' id='word_1_316' title='bbox 1226 5396 1280 5446; x_wconf 85' lang='lat' dir='ltr'>et</span> <span class='ocrx_word' id='word_1_317' title='bbox 1321 5388 1400 5446; x_wconf 72' lang='lat'>12.</span> 
     </span>
    </p>
   </div>
   <div class='ocr_carea' id='block_1_8' title="bbox 2294 445 3997 5258">
    <p class='ocr_par' dir='ltr' id='par_1_18' title="bbox 2303 445 3879 887">
     <span class='ocr_line' id='line_1_58' title="bbox 2308 445 3878 536; baseline -0.003 -22"><span class='ocrx_word' id='word_1_318' title='bbox 2308 449 2582 536; x_wconf 88' lang='lat' dir='ltr'>parvulis</span> <span class='ocrx_word' id='word_1_319' title='bbox 2630 449 2898 515; x_wconf 87' lang='lat' dir='ltr'>scamnis</span> <span class='ocrx_word' id='word_1_320' title='bbox 2943 446 3152 533; x_wconf 90' lang='lat' dir='ltr'>aliquo</span> <span class='ocrx_word' id='word_1_321' title='bbox 3195 467 3405 534; x_wconf 90' lang='lat' dir='ltr'>panno</span> <span class='ocrx_word' id='word_1_322' title='bbox 3433 445 3775 531; x_wconf 85' lang='lat' dir='ltr'>coopertis,</span> <span class='ocrx_word' id='word_1_323' title='bbox 3812 458 3878 510; x_wconf 89' lang='lat' dir='ltr'>ut</span> 
     </span>
     <span class='ocr_line' id='line_1_59' title="bbox 2303 537 3878 622; baseline -0.001 -22"><span class='ocrx_word' id='word_1_324' title='bbox 2303 556 2499 622; x_wconf 90' lang='lat' dir='ltr'>super</span> <span class='ocrx_word' id='word_1_325' title='bbox 2548 537 2621 601; x_wconf 90' lang='lat' dir='ltr'>iis</span> <span class='ocrx_word' id='word_1_326' title='bbox 2668 537 3123 622; x_wconf 78' lang='lat' dir='ltr'>genuflectant,</span> <span class='ocrx_word' id='word_1_327' title='bbox 3176 537 3343 600; x_wconf 80' lang='lat' dir='ltr'>iuxta</span> <span class='ocrx_word' id='word_1_328' title='bbox 3389 543 3686 598; x_wconf 86' lang='lat' dir='ltr'>assertam</span> <span class='ocrx_word' id='word_1_329' title='bbox 3732 553 3878 598; x_wconf 89' lang='lat' dir='ltr'>con-</span> 
     </span>
     <span class='ocr_line' id='line_1_60' title="bbox 2303 620 3879 706; baseline -0.004 -18"><span class='ocrx_word' id='word_1_330' title='bbox 2303 624 2710 690; x_wconf 86' lang='lat' dir='ltr'>suetudinem</span> <span class='ocrx_word' id='word_1_331' title='bbox 2761 625 3067 689; x_wconf 88' lang='lat' dir='ltr'>hactenus</span> <span class='ocrx_word' id='word_1_332' title='bbox 3112 634 3460 697; x_wconf 88' lang='lat' dir='ltr'>servatam;</span> <span class='ocrx_word' id='word_1_333' title='bbox 3520 620 3621 684; x_wconf 89' lang='lat' dir='ltr'>vel</span> <span class='ocrx_word' id='word_1_334' title='bbox 3670 624 3879 706; x_wconf 80' lang='lat' dir='ltr'>potius</span> 
     </span>
     <span class='ocr_line' id='line_1_61' title="bbox 2304 707 3879 796; baseline -0.003 -20"><span class='ocrx_word' id='word_1_335' title='bbox 2304 711 2749 796; x_wconf 77' lang='lat' dir='ltr'>genuflectere</span> <span class='ocrx_word' id='word_1_336' title='bbox 2798 722 3133 777; x_wconf 88' lang='lat' dir='ltr'>teneantur</span> <span class='ocrx_word' id='word_1_337' title='bbox 3163 727 3355 795; x_wconf 88' lang='lat' dir='ltr'>super</span> <span class='ocrx_word' id='word_1_338' title='bbox 3402 707 3879 795; x_wconf 23' lang='lat' dir='ltr'>plano-,Presby-</span> 
     </span>
     <span class='ocr_line' id='line_1_62' title="bbox 2309 797 3120 887; baseline 0 -24"><span class='ocrx_word' id='word_1_339' title='bbox 2309 799 2445 864; x_wconf 88' lang='lat' dir='ltr'>terii</span> <span class='ocrx_word' id='word_1_340' title='bbox 2503 811 2712 887; x_wconf 89' lang='lat' dir='ltr'>tapete</span> <span class='ocrx_word' id='word_1_341' title='bbox 2760 797 3120 886; x_wconf 92' lang='lat' dir='ltr'>cooperto?</span> 
     </span>
    </p>

    <p class='ocr_par' dir='ltr' id='par_1_19' title="bbox 2302 882 3885 1567">
     <span class='ocr_line' id='line_1_63' title="bbox 2442 882 3881 973; baseline -0.002 -22"><span class='ocrx_word' id='word_1_342' title='bbox 2442 890 2544 952; x_wconf 84' lang='grc'><strong>13.</strong></span> <span class='ocrx_word' id='word_1_343' title='bbox 2594 889 2689 952; x_wconf 78' lang='lat' dir='ltr'>An</span> <span class='ocrx_word' id='word_1_344' title='bbox 2738 890 2891 953; x_wconf 90' lang='lat' dir='ltr'>dum</span> <span class='ocrx_word' id='word_1_345' title='bbox 2938 887 3287 973; x_wconf 85' lang='lat' dir='ltr'>Episcopus</span> <span class='ocrx_word' id='word_1_346' title='bbox 3336 883 3398 949; x_wconf 90' lang='lat' dir='ltr'>in</span> <span class='ocrx_word' id='word_1_347' title='bbox 3446 882 3622 950; x_wconf 76' lang='lat' dir='ltr'>Missa</span> <span class='ocrx_word' id='word_1_348' title='bbox 3675 884 3881 949; x_wconf 88' lang='lat' dir='ltr'>Ponti·</span> 
     </span>
     <span class='ocr_line' id='line_1_64' title="bbox 2304 970 3881 1061; baseline -0.003 -21"><span class='ocrx_word' id='word_1_349' title='bbox 2304 973 2493 1055; x_wconf 67' lang='lat' dir='ltr'>sicali,</span> <span class='ocrx_word' id='word_1_350' title='bbox 2544 975 2867 1061; x_wconf 82' lang='lat' dir='ltr'>signanter</span> <span class='ocrx_word' id='word_1_351' title='bbox 2914 976 3068 1041; x_wconf 90' lang='lat' dir='ltr'>dum</span> <span class='ocrx_word' id='word_1_352' title='bbox 3115 970 3337 1036; x_wconf 87' lang='lat' dir='ltr'>recitat</span> <span class='ocrx_word' id='word_1_353' title='bbox 3374 970 3725 1036; x_wconf 80' lang='lat' dir='ltr'>Psatmum:</span> <span class='ocrx_word' id='word_1_354' title='bbox 3777 974 3881 1036; x_wconf 72' lang='lat' dir='ltr'>Iu-</span> 
     </span>
     <span class='ocr_line' id='line_1_65' title="bbox 2305 1058 3885 1140; baseline -0.004 -13"><span class='ocrx_word' id='word_1_355' title='bbox 2305 1063 2451 1127; x_wconf 81' lang='lat' dir='ltr'>dica</span> <span class='ocrx_word' id='word_1_356' title='bbox 2499 1081 2594 1126; x_wconf 80' lang='lat' dir='ltr'>me</span> <span class='ocrx_word' id='word_1_357' title='bbox 2646 1064 2808 1129; x_wconf 77' lang='lat' dir='ltr'>Deus</span> <span class='ocrx_word' id='word_1_358' title='bbox 2855 1071 3000 1140; x_wconf 67' lang='lat' dir='ltr'>etc„</span> <span class='ocrx_word' id='word_1_359' title='bbox 3057 1071 3115 1125; x_wconf 92' lang='lat' dir='ltr'>et</span> <span class='ocrx_word' id='word_1_360' title='bbox 3164 1060 3222 1124; x_wconf 92' lang='lat' dir='ltr'>in</span> <span class='ocrx_word' id='word_1_361' title='bbox 3274 1058 3409 1123; x_wconf 87' lang='lat' dir='ltr'>aliis</span> <span class='ocrx_word' id='word_1_362' title='bbox 3457 1059 3885 1125; x_wconf 81' lang='lat' dir='ltr'>functionibus</span> 
     </span>
     <span class='ocr_line' id='line_1_66' title="bbox 2302 1145 3881 1233; baseline -0.003 -18"><span class='ocrx_word' id='word_1_363' title='bbox 2302 1160 2425 1215; x_wconf 91' lang='lat' dir='ltr'>stat</span> <span class='ocrx_word' id='word_1_364' title='bbox 2485 1152 2587 1215; x_wconf 83' lang='lat' dir='ltr'>vel</span> <span class='ocrx_word' id='word_1_365' title='bbox 2700 1160 2987 1215; x_wconf 88' lang='lat' dir='ltr'>ermanet</span> <span class='ocrx_word' id='word_1_366' title='bbox 3034 1145 3437 1233; x_wconf 77' lang='lat' dir='ltr'>genuflexus,</span> <span class='ocrx_word' id='word_1_367' title='bbox 3486 1145 3681 1232; x_wconf 83' lang='lat' dir='ltr'>ipsius</span> <span class='ocrx_word' id='word_1_368' title='bbox 3726 1151 3881 1212; x_wconf 86' lang='lat' dir='ltr'>Cau-</span> 
     </span>
     <span class='ocr_line' id='line_1_67' title="bbox 2305 1170 3881 1321; baseline -0.001 -21"><span class='ocrx_word' id='word_1_369' title='bbox 2305 1238 2577 1302; x_wconf 79' lang='lat' dir='ltr'>datarius</span> <span class='ocrx_word' id='word_1_370' title='bbox 2639 1170 2870 1304; x_wconf 58' lang='lat' dir='ltr'>debeat</span> <span class='ocrx_word' id='word_1_371' title='bbox 2931 1236 3251 1302; x_wconf 84' lang='lat' dir='ltr'>dimittere</span> <span class='ocrx_word' id='word_1_372' title='bbox 3314 1234 3576 1300; x_wconf 86' lang='lat' dir='ltr'>caudam</span> <span class='ocrx_word' id='word_1_373' title='bbox 3646 1251 3881 1321; x_wconf 88' lang='lat' dir='ltr'>cappae</span> 
     </span>
     <span class='ocr_line' id='line_1_68' title="bbox 2302 1320 3882 1412; baseline -0.002 -24"><span class='ocrx_word' id='word_1_374' title='bbox 2302 1337 2407 1389; x_wconf 89' lang='lat' dir='ltr'>aut</span> <span class='ocrx_word' id='word_1_375' title='bbox 2455 1326 2649 1390; x_wconf 90' lang='lat' dir='ltr'>vestis</span> <span class='ocrx_word' id='word_1_376' title='bbox 2703 1324 3120 1412; x_wconf 78' lang='lat' dir='ltr'>EpiscopaliS,</span> <span class='ocrx_word' id='word_1_377' title='bbox 3172 1333 3238 1387; x_wconf 90' lang='lat' dir='ltr'>ut</span> <span class='ocrx_word' id='word_1_378' title='bbox 3286 1323 3594 1387; x_wconf 77' lang='lat' dir='ltr'>Assistens</span> <span class='ocrx_word' id='word_1_379' title='bbox 3652 1320 3882 1387; x_wconf 90' lang='lat' dir='ltr'>ceteri-</span> 
     </span>
     <span class='ocr_line' id='line_1_69' title="bbox 2304 1410 3882 1496; baseline -0.001 -21"><span class='ocrx_word' id='word_1_380' title='bbox 2304 1431 2429 1496; x_wconf 86' lang='lat' dir='ltr'>que</span> <span class='ocrx_word' id='word_1_381' title='bbox 2474 1413 2771 1479; x_wconf 86' lang='lat' dir='ltr'>Ganonici</span> <span class='ocrx_word' id='word_1_382' title='bbox 2836 1412 3098 1478; x_wconf 86' lang='lat' dir='ltr'>transire</span> <span class='ocrx_word' id='word_1_383' title='bbox 3159 1411 3407 1475; x_wconf 88' lang='lat' dir='ltr'>valeant</span> <span class='ocrx_word' id='word_1_384' title='bbox 3467 1421 3613 1474; x_wconf 87' lang='lat' dir='ltr'>ante</span> <span class='ocrx_word' id='word_1_385' title='bbox 3676 1410 3882 1496; x_wconf 89' lang='lat' dir='ltr'>ipsum</span> 
     </span>
     <span class='ocr_line' id='line_1_70' title="bbox 2302 1498 2801 1567; baseline 0.002 -3"><span class='ocrx_word' id='word_1_386' title='bbox 2302 1500 2748 1567; x_wconf 87' lang='lat' dir='ltr'>Caudatarium</span> <span class='ocrx_word' id='word_1_387' title='bbox 2768 1498 2801 1565; x_wconf 89' lang='lat'>?</span> 
     </span>
    </p>

    <p class='ocr_par' dir='ltr' id='par_1_20' title="bbox 2299 1585 3884 2026">
     <span class='ocr_line' id='line_1_71' title="bbox 2438 1585 3884 1672; baseline -0.001 -20"><span class='ocrx_word' id='word_1_388' title='bbox 2438 1592 2537 1653; x_wconf 74' lang='lat' dir='ltr'>tt.</span> <span class='ocrx_word' id='word_1_389' title='bbox 2594 1592 2712 1672; x_wconf 80' lang='lat' dir='ltr'>An,</span> <span class='ocrx_word' id='word_1_390' title='bbox 2755 1587 2819 1653; x_wconf 90' lang='lat' dir='ltr'>in</span> <span class='ocrx_word' id='word_1_391' title='bbox 2864 1605 3008 1652; x_wconf 88' lang='lat' dir='ltr'>casu</span> <span class='ocrx_word' id='word_1_392' title='bbox 3057 1585 3516 1671; x_wconf 86' lang='lat' dir='ltr'>discrepantiae</span> <span class='ocrx_word' id='word_1_393' title='bbox 3549 1586 3757 1670; x_wconf 87' lang='lat' dir='ltr'>quoad</span> <span class='ocrx_word' id='word_1_394' title='bbox 3796 1585 3884 1650; x_wconf 90' lang='lat' dir='ltr'>in·</span> 
     </span>
     <span class='ocr_line' id='line_1_72' title="bbox 2301 1672 3884 1761; baseline -0.001 -23"><span class='ocrx_word' id='word_1_395' title='bbox 2301 1675 2722 1761; x_wconf 82' lang='lat' dir='ltr'>telligentiam</span> <span class='ocrx_word' id='word_1_396' title='bbox 2772 1686 2835 1741; x_wconf 90' lang='lat' dir='ltr'>et</span> <span class='ocrx_word' id='word_1_397' title='bbox 2881 1672 3343 1739; x_wconf 84' lang='lat' dir='ltr'>observantiam</span> <span class='ocrx_word' id='word_1_398' title='bbox 3386 1673 3884 1740; x_wconf 82' lang='lat' dir='ltr'>caeremonialis</span> 
     </span>
     <span class='ocr_line' id='line_1_73' title="bbox 2300 1760 3883 1848; baseline -0.001 -21"><span class='ocrx_word' id='word_1_399' title='bbox 2300 1764 2759 1848; x_wconf 88' lang='lat' dir='ltr'>Episcoporum</span> <span class='ocrx_word' id='word_1_400' title='bbox 2810 1774 2874 1827; x_wconf 91' lang='lat' dir='ltr'>et</span> <span class='ocrx_word' id='word_1_401' title='bbox 2921 1762 3125 1847; x_wconf 86' lang='lat' dir='ltr'>quoad</span> <span class='ocrx_word' id='word_1_402' title='bbox 3176 1760 3324 1827; x_wconf 86' lang='lat' dir='ltr'>alias</span> <span class='ocrx_word' id='word_1_403' title='bbox 3370 1761 3757 1843; x_wconf 82' lang='lat' dir='ltr'>functiones,</span> <span class='ocrx_word' id='word_1_404' title='bbox 3810 1762 3883 1826; x_wconf 86' lang='lat' dir='ltr'>li·</span> 
     </span>
     <span class='ocr_line' id='line_1_74' title="bbox 2301 1848 3884 1937; baseline 0 -23"><span class='ocrx_word' id='word_1_405' title='bbox 2301 1861 2436 1915; x_wconf 89' lang='lat' dir='ltr'>ceat</span> <span class='ocrx_word' id='word_1_406' title='bbox 2461 1853 2772 1937; x_wconf 88' lang='lat' dir='ltr'>Episcopo</span> <span class='ocrx_word' id='word_1_407' title='bbox 2808 1851 3189 1937; x_wconf 83' lang='lat' dir='ltr'>procedere,</span> <span class='ocrx_word' id='word_1_408' title='bbox 3217 1848 3389 1914; x_wconf 84' lang='lat' dir='ltr'>iuxta</span> <span class='ocrx_word' id='word_1_409' title='bbox 3424 1848 3884 1934; x_wconf 82' lang='lat' dir='ltr'>resolutionem</span> 
     </span>
     <span class='ocr_line' id='line_1_75' title="bbox 2299 1933 3316 2026; baseline -0.001 -24"><span class='ocrx_word' id='word_1_410' title='bbox 2299 1939 2819 2026; x_wconf 75' lang='lat' dir='ltr'>Congregationis</span> <span class='ocrx_word' id='word_1_411' title='bbox 2868 1933 3316 2025; x_wconf 85' lang='lat' dir='ltr'>particularis?</span> 
     </span>
    </p>

    <p class='ocr_par' dir='ltr' id='par_1_21' title="bbox 2296 2023 3889 2354">
     <span class='ocr_line' id='line_1_76' title="bbox 2438 2023 3886 2110; baseline 0 -20"><span class='ocrx_word' id='word_1_412' title='bbox 2438 2029 2543 2091; x_wconf 72' lang='lat'>15.</span> <span class='ocrx_word' id='word_1_413' title='bbox 2594 2030 2688 2092; x_wconf 81' lang='lat' dir='ltr'>An</span> <span class='ocrx_word' id='word_1_414' title='bbox 2734 2044 2954 2102; x_wconf 81' lang='lat' dir='ltr'>omnes</span> <span class='ocrx_word' id='word_1_415' title='bbox 3001 2024 3294 2091; x_wconf 85' lang='lat' dir='ltr'>Canonici</span> <span class='ocrx_word' id='word_1_416' title='bbox 3345 2024 3407 2089; x_wconf 88' lang='lat' dir='ltr'>in</span> <span class='ocrx_word' id='word_1_417' title='bbox 3446 2023 3655 2091; x_wconf 83' lang='lat' dir='ltr'>Gboro</span> <span class='ocrx_word' id='word_1_418' title='bbox 3700 2044 3886 2110; x_wconf 85' lang='lat' dir='ltr'>prae-</span> 
     </span>
     <span class='ocr_line' id='line_1_77' title="bbox 2297 2113 3889 2181; baseline 0 -4"><span class='ocrx_word' id='word_1_419' title='bbox 2297 2124 2511 2178; x_wconf 90' lang='lat' dir='ltr'>sentes</span> <span class='ocrx_word' id='word_1_420' title='bbox 2556 2113 2734 2181; x_wconf 81' lang='lat' dir='ltr'>Feria</span> <span class='ocrx_word' id='word_1_421' title='bbox 2785 2117 2857 2180; x_wconf 81' lang='lat' dir='ltr'>Vl</span> <span class='ocrx_word' id='word_1_422' title='bbox 2909 2114 2969 2178; x_wconf 90' lang='lat' dir='ltr'>in</span> <span class='ocrx_word' id='word_1_423' title='bbox 3017 2118 3355 2179; x_wconf 71' lang='lat' dir='ltr'>parasceve</span> <span class='ocrx_word' id='word_1_424' title='bbox 3407 2125 3742 2178; x_wconf 86' lang='lat' dir='ltr'>teneantur</span> <span class='ocrx_word' id='word_1_425' title='bbox 3788 2133 3889 2177; x_wconf 89' lang='lat' dir='ltr'>ac·</span> 
     </span>
     <span class='ocr_line' id='line_1_78' title="bbox 2299 2201 3889 2286; baseline -0.001 -21"><span class='ocrx_word' id='word_1_426' title='bbox 2299 2201 2533 2268; x_wconf 84' lang='lat' dir='ltr'>cedere</span> <span class='ocrx_word' id='word_1_427' title='bbox 2579 2201 2654 2267; x_wconf 89' lang='lat' dir='ltr'>ad</span> <span class='ocrx_word' id='word_1_428' title='bbox 2703 2201 3085 2268; x_wconf 81' lang='lat' dir='ltr'>adorandam</span> <span class='ocrx_word' id='word_1_429' title='bbox 3133 2205 3405 2268; x_wconf 88' lang='lat' dir='ltr'>Crucem</span> <span class='ocrx_word' id='word_1_430' title='bbox 3455 2210 3598 2265; x_wconf 89' lang='lat' dir='ltr'>ante</span> <span class='ocrx_word' id='word_1_431' title='bbox 3649 2201 3889 2286; x_wconf 78' lang='lat' dir='ltr'>gradus</span> 
     </span>
     <span class='ocr_line' id='line_1_79' title="bbox 2296 2285 2878 2354; baseline -0.002 -1"><span class='ocrx_word' id='word_1_432' title='bbox 2296 2288 2527 2353; x_wconf 87' lang='lat' dir='ltr'>Altaris</span> <span class='ocrx_word' id='word_1_433' title='bbox 2578 2285 2878 2354; x_wconf 83' lang='lat' dir='ltr'>maioris?</span> 
     </span>
    </p>

    <p class='ocr_par' dir='ltr' id='par_1_22' title="bbox 2296 2375 3885 2552">
     <span class='ocr_line' id='line_1_80' title="bbox 2435 2375 3885 2446; baseline -0.001 -6"><span class='ocrx_word' id='word_1_434' title='bbox 2435 2379 2539 2446; x_wconf 82' lang='grc'><strong>16.</strong></span> <span class='ocrx_word' id='word_1_435' title='bbox 2588 2382 2681 2442; x_wconf 87' lang='lat' dir='ltr'>An</span> <span class='ocrx_word' id='word_1_436' title='bbox 2733 2377 2924 2442; x_wconf 87' lang='lat' dir='ltr'>etiam</span> <span class='ocrx_word' id='word_1_437' title='bbox 2972 2377 3047 2444; x_wconf 88' lang='lat' dir='ltr'>ad</span> <span class='ocrx_word' id='word_1_438' title='bbox 3094 2375 3157 2443; x_wconf 87' lang='lat' dir='ltr'>id</span> <span class='ocrx_word' id='word_1_439' title='bbox 3208 2379 3548 2442; x_wconf 84' lang='lat' dir='ltr'>teneantur</span> <span class='ocrx_word' id='word_1_440' title='bbox 3584 2375 3885 2441; x_wconf 75' lang='lat' dir='ltr'>canonici</span> 
     </span>
     <span class='ocr_line' id='line_1_81' title="bbox 2296 2460 3653 2552; baseline 0 -24"><span class='ocrx_word' id='word_1_441' title='bbox 2296 2465 2455 2528; x_wconf 82' lang='lat' dir='ltr'>mala</span> <span class='ocrx_word' id='word_1_442' title='bbox 2504 2464 2784 2552; x_wconf 88' lang='lat' dir='ltr'>corporis</span> <span class='ocrx_word' id='word_1_443' title='bbox 2834 2464 3197 2531; x_wconf 86' lang='lat' dir='ltr'>valetudine</span> <span class='ocrx_word' id='word_1_444' title='bbox 3248 2460 3653 2529; x_wconf 76' lang='lat' dir='ltr'>laborantes?</span> 
     </span>
    </p>

    <p class='ocr_par' dir='ltr' id='par_1_23' title="bbox 2296 2550 3890 2706">
     <span class='ocr_line' id='line_1_82' title="bbox 2435 2550 3890 2652; baseline 0.001 -36"><span class='ocrx_word' id='word_1_445' title='bbox 2435 2555 2536 2617; x_wconf 90' lang='grc'><strong>17.</strong></span> <span class='ocrx_word' id='word_1_446' title='bbox 2578 2559 2674 2617; x_wconf 84' lang='lat' dir='ltr'>An</span> <span class='ocrx_word' id='word_1_447' title='bbox 2722 2562 2784 2617; x_wconf 90' lang='lat' dir='ltr'>et</span> <span class='ocrx_word' id='word_1_448' title='bbox 2832 2572 2955 2638; x_wconf 85' lang='lat' dir='ltr'>qua</span> <span class='ocrx_word' id='word_1_449' title='bbox 3003 2570 3204 2652; x_wconf 86' lang='lat' dir='ltr'>poena</span> <span class='ocrx_word' id='word_1_450' title='bbox 3250 2550 3567 2642; x_wconf 90' lang='lat' dir='ltr'>puniendi</span> <span class='ocrx_word' id='word_1_451' title='bbox 3597 2550 3722 2616; x_wconf 88' lang='lat' dir='ltr'>sint</span> <span class='ocrx_word' id='word_1_452' title='bbox 3758 2571 3890 2617; x_wconf 87' lang='lat' dir='ltr'>non</span> 
     </span>
     <span class='ocr_line' id='line_1_83' title="bbox 2296 2635 3603 2706; baseline 0.001 -3"><span class='ocrx_word' id='word_1_453' title='bbox 2296 2639 2675 2705; x_wconf 86' lang='lat' dir='ltr'>accedentes</span> <span class='ocrx_word' id='word_1_454' title='bbox 2722 2641 2798 2706; x_wconf 86' lang='lat' dir='ltr'>ad</span> <span class='ocrx_word' id='word_1_455' title='bbox 2846 2643 3063 2706; x_wconf 83' lang='lat' dir='ltr'>Crucis</span> <span class='ocrx_word' id='word_1_456' title='bbox 3110 2635 3603 2706; x_wconf 85' lang='lat' dir='ltr'>adorationem?</span> 
     </span>
    </p>

    <p class='ocr_par' dir='ltr' id='par_1_24' title="bbox 2296 2725 3892 3166">
     <span class='ocr_line' id='line_1_84' title="bbox 2434 2725 3889 2813; baseline -0.002 -20"><span class='ocrx_word' id='word_1_457' title='bbox 2434 2731 2536 2793; x_wconf 88' lang='grc'><strong>18.</strong></span> <span class='ocrx_word' id='word_1_458' title='bbox 2601 2729 2698 2793; x_wconf 76' lang='lat' dir='ltr'>An</span> <span class='ocrx_word' id='word_1_459' title='bbox 2767 2728 3156 2794; x_wconf 85' lang='lat' dir='ltr'>sustineatur</span> <span class='ocrx_word' id='word_1_460' title='bbox 3225 2725 3511 2791; x_wconf 90' lang='lat' dir='ltr'>edictum</span> <span class='ocrx_word' id='word_1_461' title='bbox 3583 2726 3889 2813; x_wconf 87' lang='lat' dir='ltr'>Episcopi</span> 
     </span>
     <span class='ocr_line' id='line_1_85' title="bbox 2296 2814 3890 2900; baseline -0.001 -21"><span class='ocrx_word' id='word_1_462' title='bbox 2296 2814 2598 2879; x_wconf 86' lang='lat' dir='ltr'>mandans</span> <span class='ocrx_word' id='word_1_463' title='bbox 2646 2814 2970 2882; x_wconf 85' lang='lat' dir='ltr'>Canonicis</span> <span class='ocrx_word' id='word_1_464' title='bbox 3009 2826 3266 2882; x_wconf 86' lang='lat' dir='ltr'>cantum</span> <span class='ocrx_word' id='word_1_465' title='bbox 3297 2814 3712 2900; x_wconf 86' lang='lat' dir='ltr'>Completorii</span> <span class='ocrx_word' id='word_1_466' title='bbox 3750 2814 3890 2880; x_wconf 89' lang='lat' dir='ltr'>die·</span> 
     </span>
     <span class='ocr_line' id='line_1_86' title="bbox 2300 2901 3891 3003; baseline -0.001 -36"><span class='ocrx_word' id='word_1_467' title='bbox 2300 2901 2415 2967; x_wconf 90' lang='lat' dir='ltr'>bus</span> <span class='ocrx_word' id='word_1_468' title='bbox 2464 2901 2525 2966; x_wconf 93' lang='lat' dir='ltr'>in</span> <span class='ocrx_word' id='word_1_469' title='bbox 2575 2923 2651 2967; x_wconf 88' lang='lat' dir='ltr'>eo</span> <span class='ocrx_word' id='word_1_470' title='bbox 2694 2903 3134 3003; x_wconf 86' lang='lat' dir='ltr'>praescriptis;</span> <span class='ocrx_word' id='word_1_471' title='bbox 3183 2902 3286 2967; x_wconf 92' lang='lat' dir='ltr'>vel</span> <span class='ocrx_word' id='word_1_472' title='bbox 3325 2903 3533 2990; x_wconf 88' lang='lat' dir='ltr'>potius</span> <span class='ocrx_word' id='word_1_473' title='bbox 3566 2901 3753 2966; x_wconf 86' lang='lat' dir='ltr'>liceat</span> <span class='ocrx_word' id='word_1_474' title='bbox 3791 2921 3891 2966; x_wconf 89' lang='lat' dir='ltr'>re-</span> 
     </span>
     <span class='ocr_line' id='line_1_87' title="bbox 2298 2990 3892 3069; baseline 0.001 -15"><span class='ocrx_word' id='word_1_475' title='bbox 2298 2991 2493 3055; x_wconf 89' lang='lat' dir='ltr'>citare</span> <span class='ocrx_word' id='word_1_476' title='bbox 2526 2993 2715 3058; x_wconf 90' lang='lat' dir='ltr'>modo</span> <span class='ocrx_word' id='word_1_477' title='bbox 2762 2992 3048 3069; x_wconf 80' lang='lat' dir='ltr'>chorah3</span> <span class='ocrx_word' id='word_1_478' title='bbox 3100 2992 3203 3056; x_wconf 91' lang='lat' dir='ltr'>vel</span> <span class='ocrx_word' id='word_1_479' title='bbox 3252 2991 3383 3056; x_wconf 90' lang='lat' dir='ltr'>cani</span> <span class='ocrx_word' id='word_1_480' title='bbox 3435 2990 3648 3056; x_wconf 76' lang='lat' dir='ltr'>facere</span> <span class='ocrx_word' id='word_1_481' title='bbox 3678 3011 3709 3053; x_wconf 90' lang='lat' dir='ltr'>a</span> <span class='ocrx_word' id='word_1_482' title='bbox 3745 3008 3892 3056; x_wconf 90' lang='lat' dir='ltr'>mu·</span> 
     </span>
     <span class='ocr_line' id='line_1_88' title="bbox 2299 3077 3311 3166; baseline 0.001 -24"><span class='ocrx_word' id='word_1_483' title='bbox 2299 3077 2439 3145; x_wconf 87' lang='lat' dir='ltr'>sicis</span> <span class='ocrx_word' id='word_1_484' title='bbox 2488 3081 2830 3165; x_wconf 88' lang='lat' dir='ltr'>Cappellae</span> <span class='ocrx_word' id='word_1_485' title='bbox 2882 3077 3311 3166; x_wconf 82' lang='lat' dir='ltr'>capitularis?</span> 
     </span>
    </p>

    <p class='ocr_par' dir='ltr' id='par_1_25' title="bbox 2302 3164 3997 3496">
     <span class='ocr_line' id='line_1_89' title="bbox 2437 3164 3896 3234; baseline 0 -2"><span class='ocrx_word' id='word_1_486' title='bbox 2437 3169 2545 3233; x_wconf 79' lang='lat'>¹9.</span> <span class='ocrx_word' id='word_1_487' title='bbox 2576 3172 2671 3232; x_wconf 88' lang='lat' dir='ltr'>An</span> <span class='ocrx_word' id='word_1_488' title='bbox 2707 3188 2928 3233; x_wconf 85' lang='lat' dir='ltr'>omnes</span> <span class='ocrx_word' id='word_1_489' title='bbox 2961 3171 3162 3232; x_wconf 86' lang='lat' dir='ltr'>Horae</span> <span class='ocrx_word' id='word_1_490' title='bbox 3195 3167 3541 3234; x_wconf 82' lang='lat' dir='ltr'>canonicae</span> <span class='ocrx_word' id='word_1_491' title='bbox 3585 3164 3710 3230; x_wconf 91' lang='lat' dir='ltr'>sint</span> <span class='ocrx_word' id='word_1_492' title='bbox 3745 3186 3896 3232; x_wconf 89' lang='lat' dir='ltr'>can-</span> 
     </span>
     <span class='ocr_line' id='line_1_90' title="bbox 2304 3253 3895 3341; baseline 0.001 -24"><span class='ocrx_word' id='word_1_493' title='bbox 2304 3253 2524 3321; x_wconf 89' lang='lat' dir='ltr'>tandae</span> <span class='ocrx_word' id='word_1_494' title='bbox 2586 3255 2853 3341; x_wconf 80' lang='lat' dir='ltr'>singulis</span> <span class='ocrx_word' id='word_1_495' title='bbox 2916 3254 3293 3338; x_wconf 84' lang='lat' dir='ltr'>Dominicis,</span> <span class='ocrx_word' id='word_1_496' title='bbox 3360 3253 3557 3319; x_wconf 84' lang='lat' dir='ltr'>Festis</span> <span class='ocrx_word' id='word_1_497' title='bbox 3618 3253 3895 3339; x_wconf 82' lang='lat' dir='ltr'>aliisque</span> 
     </span>
     <span class='ocr_line' id='line_1_91' title="bbox 2302 3341 3997 3429; baseline -0.001 -21"><span class='ocrx_word' id='word_1_498' title='bbox 2302 3342 2526 3409; x_wconf 90' lang='lat' dir='ltr'>diebus</span> <span class='ocrx_word' id='word_1_499' title='bbox 2571 3343 2799 3429; x_wconf 92' lang='lat' dir='ltr'>quibus</span> <span class='ocrx_word' id='word_1_500' title='bbox 2829 3344 3117 3411; x_wconf 77' lang='lat' dir='ltr'>officium</span> <span class='ocrx_word' id='word_1_501' title='bbox 3165 3342 3283 3411; x_wconf 89' lang='lat' dir='ltr'>sub</span> <span class='ocrx_word' id='word_1_502' title='bbox 3333 3343 3459 3407; x_wconf 90' lang='lat' dir='ltr'>ritu</span> <span class='ocrx_word' id='word_1_503' title='bbox 3504 3341 3750 3427; x_wconf 89' lang='lat' dir='ltr'>duplici</span> <span class='ocrx_word' id='word_1_504' title='bbox 3788 3361 3896 3407; x_wconf 89' lang='lat' dir='ltr'>ce·</span> <span class='ocrx_word' id='word_1_505' title='bbox 3990 3378 3997 3385; x_wconf 94' lang='lat'><strong>·</strong></span> 
     </span>
     <span class='ocr_line' id='line_1_92' title="bbox 2302 3429 2641 3496; baseline 0.006 -2"><span class='ocrx_word' id='word_1_506' title='bbox 2302 3429 2641 3496; x_wconf 83' lang='lat' dir='ltr'>lebratur?</span> 
     </span>
    </p>

    <p class='ocr_par' dir='ltr' id='par_1_26' title="bbox 2294 3516 3895 3866">
     <span class='ocr_line' id='line_1_93' title="bbox 2436 3516 3895 3605; baseline -0.001 -22"><span class='ocrx_word' id='word_1_507' title='bbox 2436 3523 2511 3583; x_wconf 91' lang='lat' dir='ltr'>Et</span> <span class='ocrx_word' id='word_1_508' title='bbox 2564 3521 2626 3585; x_wconf 91' lang='lat' dir='ltr'>S.</span> <span class='ocrx_word' id='word_1_509' title='bbox 2675 3524 2747 3585; x_wconf 86' lang='lat' dir='ltr'>R.</span> <span class='ocrx_word' id='word_1_510' title='bbox 2799 3523 2902 3603; x_wconf 89' lang='lat' dir='ltr'>C.,</span> <span class='ocrx_word' id='word_1_511' title='bbox 2952 3534 3221 3605; x_wconf 88' lang='lat' dir='ltr'>utraque</span> <span class='ocrx_word' id='word_1_512' title='bbox 3287 3529 3468 3605; x_wconf 86' lang='lat' dir='ltr'>parte</span> <span class='ocrx_word' id='word_1_513' title='bbox 3524 3516 3767 3603; x_wconf 89' lang='lat' dir='ltr'>scripto</span> <span class='ocrx_word' id='word_1_514' title='bbox 3829 3528 3895 3582; x_wconf 91' lang='lat' dir='ltr'>et</span> 
     </span>
     <span class='ocr_line' id='line_1_94' title="bbox 2294 3603 3893 3691; baseline 0.001 -21"><span class='ocrx_word' id='word_1_515' title='bbox 2294 3626 2455 3671; x_wconf 90' lang='lat' dir='ltr'>voce</span> <span class='ocrx_word' id='word_1_516' title='bbox 2491 3607 2869 3673; x_wconf 74' lang='lat' dir='ltr'>informante</span> <span class='ocrx_word' id='word_1_517' title='bbox 2908 3607 3115 3674; x_wconf 90' lang='lat' dir='ltr'>audita</span> <span class='ocrx_word' id='word_1_518' title='bbox 3144 3606 3422 3691; x_wconf 85' lang='lat' dir='ltr'>visisque</span> <span class='ocrx_word' id='word_1_519' title='bbox 3457 3604 3696 3672; x_wconf 88' lang='lat' dir='ltr'>iuribus</span> <span class='ocrx_word' id='word_1_520' title='bbox 3740 3603 3893 3671; x_wconf 85' lang='lat' dir='ltr'>binc</span> 
     </span>
     <span class='ocr_line' id='line_1_95' title="bbox 2297 3693 3895 3781; baseline -0.001 -23"><span class='ocrx_word' id='word_1_521' title='bbox 2297 3695 2447 3760; x_wconf 87' lang='lat' dir='ltr'>inde</span> <span class='ocrx_word' id='word_1_522' title='bbox 2479 3696 2801 3779; x_wconf 85' lang='lat' dir='ltr'>deductis,</span> <span class='ocrx_word' id='word_1_523' title='bbox 2830 3697 2904 3762; x_wconf 86' lang='lat' dir='ltr'>ad</span> <span class='ocrx_word' id='word_1_524' title='bbox 2942 3696 3319 3777; x_wconf 70' lang='lat' dir='ltr'>relationem</span> <span class='ocrx_word' id='word_1_525' title='bbox 3357 3693 3618 3781; x_wconf 82' lang='lat' dir='ltr'>praefati</span> <span class='ocrx_word' id='word_1_526' title='bbox 3652 3693 3795 3758; x_wconf 73' lang='lat' dir='ltr'>Emi</span> <span class='ocrx_word' id='word_1_527' title='bbox 3826 3707 3895 3757; x_wconf 88' lang='lat' dir='ltr'>et</span> 
     </span>
     <span class='ocr_line' id='line_1_96' title="bbox 2297 3782 3667 3866; baseline -0.003 -17"><span class='ocrx_word' id='word_1_528' title='bbox 2297 3785 2431 3849; x_wconf 80' lang='lat' dir='ltr'>Rmi</span> <span class='ocrx_word' id='word_1_529' title='bbox 2471 3785 2790 3866; x_wconf 76' lang='lat' dir='ltr'>l‘onentis,</span> <span class='ocrx_word' id='word_1_530' title='bbox 2845 3783 3325 3849; x_wconf 87' lang='lat' dir='ltr'>rescribendum</span> <span class='ocrx_word' id='word_1_531' title='bbox 3373 3782 3667 3847; x_wconf 84' lang='lat' dir='ltr'>censuit:</span> 
     </span>
    </p>

    <p class='ocr_par' dir='ltr' id='par_1_27' title="bbox 2298 3870 3894 4134">
     <span class='ocr_line' id='line_1_97' title="bbox 2431 3870 3894 3957; baseline -0.002 -20"><span class='ocrx_word' id='word_1_532' title='bbox 2431 3872 2523 3936; x_wconf 77' lang='lat' dir='ltr'>Ad</span> <span class='ocrx_word' id='word_1_533' title='bbox 2577 3877 2636 3937; x_wconf 88' lang='lat'>1.</span> <span class='ocrx_word' id='word_1_534' title='bbox 2688 3893 2726 3936; x_wconf 99' lang='lat'>⁴</span> <span class='ocrx_word' id='word_1_535' title='bbox 2763 3872 3175 3953; x_wconf 83' lang='lat' dir='ltr'>Affirmative,</span> <span class='ocrx_word' id='word_1_536' title='bbox 3210 3871 3285 3936; x_wconf 91' lang='lat' dir='ltr'>ad</span> <span class='ocrx_word' id='word_1_537' title='bbox 3319 3870 3589 3955; x_wconf 88' lang='lat' dir='ltr'>primam</span> <span class='ocrx_word' id='word_1_538' title='bbox 3634 3881 3894 3957; x_wconf 84' lang='lat' dir='ltr'>partem</span> 
     </span>
     <span class='ocr_line' id='line_1_98' title="bbox 2300 3957 3891 4044; baseline -0.001 -20"><span class='ocrx_word' id='word_1_539' title='bbox 2300 3970 2363 4024; x_wconf 88' lang='lat' dir='ltr'>et</span> <span class='ocrx_word' id='word_1_540' title='bbox 2410 3961 2486 4026; x_wconf 89' lang='lat' dir='ltr'>ad</span> <span class='ocrx_word' id='word_1_541' title='bbox 2537 3960 2803 4025; x_wconf 88' lang='lat' dir='ltr'>l&#39;ormam</span> <span class='ocrx_word' id='word_1_542' title='bbox 2850 3957 3341 4025; x_wconf 84' lang='lat' dir='ltr'>Caeremonialis</span> <span class='ocrx_word' id='word_1_543' title='bbox 3380 3960 3891 4044; x_wconf 86' lang='lat' dir='ltr'>Episcoporum;</span> 
     </span>
     <span class='ocr_line' id='line_1_99' title="bbox 2298 4046 3260 4134; baseline -0.002 -22"><span class='ocrx_word' id='word_1_544' title='bbox 2298 4046 2627 4134; x_wconf 79' lang='lat' dir='ltr'>Negative,</span> <span class='ocrx_word' id='word_1_545' title='bbox 2680 4050 2753 4114; x_wconf 87' lang='lat' dir='ltr'>ad</span> <span class='ocrx_word' id='word_1_546' title='bbox 2812 4050 3154 4113; x_wconf 87' lang='lat' dir='ltr'>secundam</span> <span class='ocrx_word' id='word_1_547' title='bbox 3189 4067 3260 4111; x_wconf 57' lang='grc' dir='ltr'>»ι</span> 
     </span>
    </p>

    <p class='ocr_par' dir='ltr' id='par_1_28' title="bbox 2426 4135 3254 4201">
     <span class='ocr_line' id='line_1_100' title="bbox 2426 4135 3254 4201; baseline 0.002 -2"><span class='ocrx_word' id='word_1_548' title='bbox 2426 4136 2522 4201; x_wconf 78' lang='lat' dir='ltr'>Ad</span> <span class='ocrx_word' id='word_1_549' title='bbox 2570 4140 2633 4201; x_wconf 76' lang='lat'>2.</span> <span class='ocrx_word' id='word_1_550' title='bbox 2691 4160 2726 4199; x_wconf 88' lang='lat'>⁴</span> <span class='ocrx_word' id='word_1_551' title='bbox 2765 4135 3154 4201; x_wconf 78' lang='lat' dir='ltr'>Affirmative</span> <span class='ocrx_word' id='word_1_552' title='bbox 3190 4159 3254 4201; x_wconf 83' lang='lat'>».</span> 
     </span>
    </p>

    <p class='ocr_par' dir='ltr' id='par_1_29' title="bbox 2296 4222 3891 4397">
     <span class='ocr_line' id='line_1_101' title="bbox 2430 4222 3891 4311; baseline -0.001 -23"><span class='ocrx_word' id='word_1_553' title='bbox 2430 4224 2524 4288; x_wconf 80' lang='lat' dir='ltr'>Ad</span> <span class='ocrx_word' id='word_1_554' title='bbox 2573 4229 2635 4290; x_wconf 82' lang='lat'>3.</span> <span class='ocrx_word' id='word_1_555' title='bbox 2689 4245 2727 4288; x_wconf 99' lang='lat'>⁴</span> <span class='ocrx_word' id='word_1_556' title='bbox 2762 4222 3177 4305; x_wconf 78' lang='lat' dir='ltr'>Affirmative,</span> <span class='ocrx_word' id='word_1_557' title='bbox 3207 4224 3282 4289; x_wconf 86' lang='lat' dir='ltr'>ad</span> <span class='ocrx_word' id='word_1_558' title='bbox 3313 4224 3577 4311; x_wconf 86' lang='lat' dir='ltr'>primam</span> <span class='ocrx_word' id='word_1_559' title='bbox 3606 4235 3891 4307; x_wconf 81' lang='lat' dir='ltr'>partem3</span> 
     </span>
     <span class='ocr_line' id='line_1_102' title="bbox 2296 4311 3217 4397; baseline -0.003 -21"><span class='ocrx_word' id='word_1_560' title='bbox 2296 4311 2625 4397; x_wconf 77' lang='lat' dir='ltr'>Negative,</span> <span class='ocrx_word' id='word_1_561' title='bbox 2660 4313 2736 4378; x_wconf 90' lang='lat' dir='ltr'>ad</span> <span class='ocrx_word' id='word_1_562' title='bbox 2775 4313 3119 4378; x_wconf 89' lang='lat' dir='ltr'>secundam</span> <span class='ocrx_word' id='word_1_563' title='bbox 3141 4333 3217 4374; x_wconf 81' lang='lat'>.».</span> 
     </span>
    </p>

    <p class='ocr_par' dir='ltr' id='par_1_30' title="bbox 2432 4399 3246 4465">
     <span class='ocr_line' id='line_1_103' title="bbox 2432 4399 3246 4465; baseline -0.001 -2"><span class='ocrx_word' id='word_1_564' title='bbox 2432 4400 2523 4464; x_wconf 78' lang='lat' dir='ltr'>Ad</span> <span class='ocrx_word' id='word_1_565' title='bbox 2571 4404 2631 4465; x_wconf 75' lang='lat'>4.</span> <span class='ocrx_word' id='word_1_566' title='bbox 2685 4421 2723 4464; x_wconf 99' lang='lat'>⁴</span> <span class='ocrx_word' id='word_1_567' title='bbox 2756 4399 3150 4465; x_wconf 79' lang='lat' dir='ltr'>Affirmative</span> <span class='ocrx_word' id='word_1_568' title='bbox 3186 4422 3246 4463; x_wconf 69' lang='grc' dir='ltr'>ι».</span> 
     </span>
    </p>

    <p class='ocr_par' dir='ltr' id='par_1_31' title="bbox 2299 4484 3894 4661">
     <span class='ocr_line' id='line_1_104' title="bbox 2429 4484 3894 4573; baseline 0.001 -23"><span class='ocrx_word' id='word_1_569' title='bbox 2429 4488 2520 4553; x_wconf 78' lang='lat' dir='ltr'>Ad</span> <span class='ocrx_word' id='word_1_570' title='bbox 2574 4492 2638 4553; x_wconf 73' lang='grc'><strong>5.</strong></span> <span class='ocrx_word' id='word_1_571' title='bbox 2690 4510 2728 4553; x_wconf 99' lang='lat'>⁴</span> <span class='ocrx_word' id='word_1_572' title='bbox 2762 4490 3071 4554; x_wconf 86' lang='lat' dir='ltr'>Servetur</span> <span class='ocrx_word' id='word_1_573' title='bbox 3117 4486 3590 4554; x_wconf 74' lang='lat' dir='ltr'>caeremoniale</span> <span class='ocrx_word' id='word_1_574' title='bbox 3624 4484 3894 4573; x_wconf 88' lang='lat' dir='ltr'>Episco-</span> 
     </span>
     <span class='ocr_line' id='line_1_105' title="bbox 2299 4594 2628 4661; baseline -0.006 -20"><span class='ocrx_word' id='word_1_575' title='bbox 2299 4594 2529 4661; x_wconf 84' lang='lat' dir='ltr'>porum</span> <span class='ocrx_word' id='word_1_576' title='bbox 2565 4596 2628 4640; x_wconf 79' lang='lat'>».</span> 
     </span>
    </p>

    <p class='ocr_par' dir='ltr' id='par_1_32' title="bbox 2298 4661 3897 4907">
     <span class='ocr_line' id='line_1_106' title="bbox 2430 4661 3893 4749; baseline -0.002 -20"><span class='ocrx_word' id='word_1_577' title='bbox 2430 4665 2527 4730; x_wconf 77' lang='lat' dir='ltr'>Ad</span> <span class='ocrx_word' id='word_1_578' title='bbox 2576 4668 2638 4729; x_wconf 88' lang='grc'><strong>6.</strong></span> <span class='ocrx_word' id='word_1_579' title='bbox 2686 4684 2724 4727; x_wconf 98' lang='lat'>⁴</span> <span class='ocrx_word' id='word_1_580' title='bbox 2760 4668 3068 4730; x_wconf 86' lang='lat' dir='ltr'>Servetur</span> <span class='ocrx_word' id='word_1_581' title='bbox 3091 4661 3599 4745; x_wconf 75' lang='lat' dir='ltr'>caeremoniale;</span> <span class='ocrx_word' id='word_1_582' title='bbox 3636 4672 3701 4726; x_wconf 87' lang='lat' dir='ltr'>et</span> <span class='ocrx_word' id='word_1_583' title='bbox 3736 4663 3893 4749; x_wconf 88' lang='lat' dir='ltr'>Epi-</span> 
     </span>
     <span class='ocr_line' id='line_1_107' title="bbox 2298 4751 3897 4839; baseline 0 -23"><span class='ocrx_word' id='word_1_584' title='bbox 2298 4753 2470 4839; x_wconf 89' lang='lat' dir='ltr'>scopi</span> <span class='ocrx_word' id='word_1_585' title='bbox 2518 4753 2718 4818; x_wconf 90' lang='lat' dir='ltr'>Sedes</span> <span class='ocrx_word' id='word_1_586' title='bbox 2764 4752 2842 4816; x_wconf 90' lang='lat' dir='ltr'>ita</span> <span class='ocrx_word' id='word_1_587' title='bbox 2893 4751 3272 4833; x_wconf 85' lang='lat' dir='ltr'>collocetur,</span> <span class='ocrx_word' id='word_1_588' title='bbox 3320 4764 3386 4817; x_wconf 92' lang='lat' dir='ltr'>ut</span> <span class='ocrx_word' id='word_1_589' title='bbox 3422 4751 3555 4837; x_wconf 88' lang='lat' dir='ltr'>ipse</span> <span class='ocrx_word' id='word_1_590' title='bbox 3589 4751 3897 4836; x_wconf 88' lang='lat' dir='ltr'>respiciat</span> 
     </span>
     <span class='ocr_line' id='line_1_108' title="bbox 2299 4838 2739 4907; baseline -0.005 0"><span class='ocrx_word' id='word_1_591' title='bbox 2299 4838 2644 4907; x_wconf 88' lang='lat' dir='ltr'>Canonicos</span> <span class='ocrx_word' id='word_1_592' title='bbox 2676 4862 2739 4905; x_wconf 84' lang='lat'>».</span> 
     </span>
    </p>

    <p class='ocr_par' dir='ltr' id='par_1_33' title="bbox 2298 4925 3895 5186">
     <span class='ocr_line' id='line_1_109' title="bbox 2433 4925 3895 5014; baseline -0.001 -22"><span class='ocrx_word' id='word_1_593' title='bbox 2433 4928 2525 4993; x_wconf 79' lang='lat' dir='ltr'>Ad</span> <span class='ocrx_word' id='word_1_594' title='bbox 2578 4931 2642 4994; x_wconf 94' lang='grc'><strong>7.</strong></span> <span class='ocrx_word' id='word_1_595' title='bbox 2691 4948 2729 4991; x_wconf 97' lang='lat'>⁴</span> <span class='ocrx_word' id='word_1_596' title='bbox 2763 4927 2943 4993; x_wconf 86' lang='lat' dir='ltr'>Lotio</span> <span class='ocrx_word' id='word_1_597' title='bbox 2994 4928 3229 5014; x_wconf 88' lang='lat' dir='ltr'>pedum</span> <span class='ocrx_word' id='word_1_598' title='bbox 3280 4926 3565 4993; x_wconf 76' lang='lat' dir='ltr'>facienda</span> <span class='ocrx_word' id='word_1_599' title='bbox 3602 4938 3697 4991; x_wconf 85' lang='lat' dir='ltr'>est</span> <span class='ocrx_word' id='word_1_600' title='bbox 3730 4925 3895 4991; x_wconf 89' lang='lat' dir='ltr'>bora</span> 
     </span>
     <span class='ocr_line' id='line_1_110' title="bbox 2300 5014 3894 5102; baseline 0.002 -25"><span class='ocrx_word' id='word_1_601' title='bbox 2300 5034 2576 5102; x_wconf 82' lang='lat' dir='ltr'>congrua</span> <span class='ocrx_word' id='word_1_602' title='bbox 2605 5016 3084 5082; x_wconf 89' lang='lat' dir='ltr'>determinanda</span> <span class='ocrx_word' id='word_1_603' title='bbox 3113 5015 3188 5080; x_wconf 92' lang='lat' dir='ltr'>ab</span> <span class='ocrx_word' id='word_1_604' title='bbox 3214 5016 3527 5102; x_wconf 86' lang='lat' dir='ltr'>Episcopo</span> <span class='ocrx_word' id='word_1_605' title='bbox 3557 5027 3619 5079; x_wconf 91' lang='lat' dir='ltr'>et</span> <span class='ocrx_word' id='word_1_606' title='bbox 3654 5014 3715 5079; x_wconf 92' lang='lat' dir='ltr'>in</span> <span class='ocrx_word' id='word_1_607' title='bbox 3744 5014 3894 5080; x_wconf 90' lang='lat' dir='ltr'>loco</span> 
     </span>
     <span class='ocr_line' id='line_1_111' title="bbox 2298 5103 3787 5186; baseline -0.001 -20"><span class='ocrx_word' id='word_1_608' title='bbox 2298 5106 2511 5186; x_wconf 75' lang='lat' dir='ltr'>solito,</span> <span class='ocrx_word' id='word_1_609' title='bbox 2563 5103 2991 5168; x_wconf 85' lang='lat' dir='ltr'>assistentibus</span> <span class='ocrx_word' id='word_1_610' title='bbox 3039 5103 3333 5170; x_wconf 88' lang='lat' dir='ltr'>omnibus</span> <span class='ocrx_word' id='word_1_611' title='bbox 3378 5103 3787 5169; x_wconf 78' lang='lat' dir='ltr'>canonicis».</span> 
     </span>
    </p>

    <p class='ocr_par' dir='ltr' id='par_1_34' title="bbox 2432 5191 3470 5258">
     <span class='ocr_line' id='line_1_112' title="bbox 2432 5191 3470 5258; baseline -0.006 0"><span class='ocrx_word' id='word_1_612' title='bbox 2432 5194 2523 5258; x_wconf 73' lang='lat' dir='ltr'>Ad</span> <span class='ocrx_word' id='word_1_613' title='bbox 2574 5196 2636 5257; x_wconf 83' lang='lat'>8.</span> <span class='ocrx_word' id='word_1_614' title='bbox 2690 5212 2726 5255; x_wconf 93' lang='lat'>⁴</span> <span class='ocrx_word' id='word_1_615' title='bbox 2762 5193 3071 5257; x_wconf 89' lang='lat' dir='ltr'>Servetur</span> <span class='ocrx_word' id='word_1_616' title='bbox 3115 5191 3372 5255; x_wconf 86' lang='lat' dir='ltr'>solitum</span> <span class='ocrx_word' id='word_1_617' title='bbox 3409 5212 3470 5253; x_wconf 69' lang='grc' dir='ltr'>ι».</span> 
     </span>
    </p>
   </div>
  </div>
 </body>
</html>
