<?xml version="1.0" encoding="UTF-8"?>
<!DOCTYPE html PUBLIC "-//W3C//DTD XHTML 1.0 Transitional//EN"
    "http://www.w3.org/TR/xhtml1/DTD/xhtml1-transitional.dtd">
<html xmlns="http://www.w3.org/1999/xhtml" xml:lang="en" lang="en">
 <head>
  <title>
</title>
<meta http-equiv="Content-Type" content="text/html;charset=utf-8" />
  <meta name='ocr-system' content='tesseract 3.04.00' />
  <meta name='ocr-capabilities' content='ocr_page ocr_carea ocr_par ocr_line ocrx_word'/>
</head>
<body>
  <div class='ocr_page' id='page_1' title='image "./decretaauthenti00ritugoog_0199.png"; bbox 0 0 4042 5950; ppageno 0'>
   <div class='ocr_carea' id='block_1_1' title="bbox 1550 231 2025 368">
    <p class='ocr_par' dir='ltr' id='par_1_1' title="bbox 1550 231 2025 368">
     <span class='ocr_line' id='line_1_1' title="bbox 1550 231 2025 368; baseline 0.002 -2"><span class='ocrx_word' id='word_1_1' title='bbox 1550 331 1654 348; x_wconf 92' lang='lat'><em>-</em></span> <span class='ocrx_word' id='word_1_2' title='bbox 1716 231 2025 368; x_wconf 29' lang='lat'>161*—</span> 
     </span>
    </p>
   </div>
   <div class='ocr_carea' id='block_1_2' title="bbox 182 410 1730 535">
    <p class='ocr_par' dir='ltr' id='par_1_2' title="bbox 182 410 1730 535">
     <span class='ocr_line' id='line_1_2' title="bbox 182 410 1730 535; baseline -0.001 -19"><span class='ocrx_word' id='word_1_3' title='bbox 182 444 407 516; x_wconf 77' lang='grc'><strong>2559.</strong></span> <span class='ocrx_word' id='word_1_4' title='bbox 694 410 1178 514; x_wconf 65' lang='lat' dir='ltr'><strong>nannenten.</strong></span> <span class='ocrx_word' id='word_1_5' title='bbox 1501 445 1730 535; x_wconf 72' lang='lat' dir='ltr'><strong>(taso)</strong></span> 
     </span>
    </p>
   </div>
   <div class='ocr_carea' id='block_1_3' title="bbox 180 619 1737 956">
    <p class='ocr_par' dir='ltr' id='par_1_3' title="bbox 180 619 1737 956">
     <span class='ocr_line' id='line_1_3' title="bbox 284 619 1734 709; baseline 0.002 -23"><span class='ocrx_word' id='word_1_6' title='bbox 284 619 491 686; x_wconf 78' lang='lat' dir='ltr'><strong>Deleta</strong></span> <span class='ocrx_word' id='word_1_7' title='bbox 536 621 613 687; x_wconf 89' lang='lat' dir='ltr'><strong>ad</strong></span> <span class='ocrx_word' id='word_1_8' title='bbox 649 624 715 690; x_wconf 93' lang='grc'><strong>8.</strong></span> <span class='ocrx_word' id='word_1_9' title='bbox 752 625 827 689; x_wconf 87' lang='lat' dir='ltr'><strong>R.</strong></span> <span class='ocrx_word' id='word_1_10' title='bbox 863 626 939 690; x_wconf 88' lang='lat' dir='ltr'><strong>C.</strong></span> <span class='ocrx_word' id='word_1_11' title='bbox 974 642 1057 688; x_wconf 83' lang='lat' dir='ltr'><strong>ex</strong></span> <span class='ocrx_word' id='word_1_12' title='bbox 1089 632 1269 709; x_wconf 77' lang='lat' dir='ltr'><strong>parte</strong></span> <span class='ocrx_word' id='word_1_13' title='bbox 1306 623 1551 691; x_wconf 83' lang='lat' dir='ltr'><strong>Domini</strong></span> <span class='ocrx_word' id='word_1_14' title='bbox 1585 624 1734 690; x_wconf 81' lang='lat' dir='ltr'><strong>Ale-</strong></span> 
     </span>
     <span class='ocr_line' id='line_1_4' title="bbox 181 708 1735 780; baseline 0.003 -7"><span class='ocrx_word' id='word_1_15' title='bbox 181 708 370 775; x_wconf 77' lang='lat' dir='ltr'><strong>xandri</strong></span> <span class='ocrx_word' id='word_1_16' title='bbox 426 708 652 775; x_wconf 72' lang='lat' dir='ltr'><strong>Mariae</strong></span> <span class='ocrx_word' id='word_1_17' title='bbox 697 711 887 777; x_wconf 82' lang='lat' dir='ltr'><strong>Licoe</strong></span> <span class='ocrx_word' id='word_1_18' title='bbox 935 711 1299 780; x_wconf 88' lang='lat' dir='ltr'><strong>Sacerdotis</strong></span> <span class='ocrx_word' id='word_1_19' title='bbox 1343 731 1425 777; x_wconf 78' lang='lat' dir='ltr'><strong>ex</strong></span> <span class='ocrx_word' id='word_1_20' title='bbox 1473 712 1735 780; x_wconf 88' lang='lat' dir='ltr'><strong>Clericis</strong></span> 
     </span>
     <span class='ocr_line' id='line_1_5' title="bbox 180 797 1737 882; baseline 0.002 -20"><span class='ocrx_word' id='word_1_21' title='bbox 180 797 563 882; x_wconf 78' lang='lat' dir='ltr'><strong>Regularibus</strong></span> <span class='ocrx_word' id='word_1_22' title='bbox 610 798 954 866; x_wconf 72' lang='lat' dir='ltr'><strong>Minoribus</strong></span> <span class='ocrx_word' id='word_1_23' title='bbox 987 809 1052 865; x_wconf 89' lang='lat' dir='ltr'><strong>et</strong></span> <span class='ocrx_word' id='word_1_24' title='bbox 1097 799 1472 867; x_wconf 77' lang='lat' dir='ltr'><strong>confessarii</strong></span> <span class='ocrx_word' id='word_1_25' title='bbox 1506 800 1737 867; x_wconf 76' lang='lat' dir='ltr'><strong>Monia·</strong></span> 
     </span>
     <span class='ocr_line' id='line_1_6' title="bbox 181 884 1735 956; baseline 0.003 -8"><span class='ocrx_word' id='word_1_26' title='bbox 181 884 308 950; x_wconf 87' lang='lat' dir='ltr'><strong>lium</strong></span> <span class='ocrx_word' id='word_1_27' title='bbox 352 885 660 952; x_wconf 75' lang='lat' dir='ltr'><strong>Asceterii</strong></span> <span class='ocrx_word' id='word_1_28' title='bbox 722 889 788 955; x_wconf 88' lang='lat' dir='ltr'><strong>S.</strong></span> <span class='ocrx_word' id='word_1_29' title='bbox 823 886 1025 953; x_wconf 86' lang='lat' dir='ltr'><strong>Iacobi</strong></span> <span class='ocrx_word' id='word_1_30' title='bbox 1074 892 1306 956; x_wconf 85' lang='lat' dir='ltr'><strong>Terrae</strong></span> <span class='ocrx_word' id='word_1_31' title='bbox 1370 891 1436 955; x_wconf 90' lang='lat' dir='ltr'><strong>S.</strong></span> <span class='ocrx_word' id='word_1_32' title='bbox 1481 886 1735 954; x_wconf 88' lang='lat' dir='ltr'><strong>Genesii</strong></span> 
     </span>
    </p>
   </div>
   <div class='ocr_carea' id='block_1_4' title="bbox 56 971 1737 1068">
    <p class='ocr_par' dir='ltr' id='par_1_4' title="bbox 56 971 1737 1068">
     <span class='ocr_line' id='line_1_7' title="bbox 56 971 1737 1068; baseline 0.002 -30"><span class='ocrx_word' id='word_1_33' title='bbox 56 987 59 1068; x_wconf 48' lang='lat' dir='ltr'><strong>J</strong></span> <span class='ocrx_word' id='word_1_34' title='bbox 179 971 548 1041; x_wconf 82' lang='lat' dir='ltr'><strong>Camerinen.</strong></span> <span class='ocrx_word' id='word_1_35' title='bbox 616 974 969 1058; x_wconf 87' lang='lat' dir='ltr'><strong>Dioecesis,</strong></span> <span class='ocrx_word' id='word_1_36' title='bbox 1034 977 1503 1060; x_wconf 84' lang='lat' dir='ltr'><strong>controversia,</strong></span> <span class='ocrx_word' id='word_1_37' title='bbox 1568 976 1737 1043; x_wconf 88' lang='lat' dir='ltr'><strong>inter</strong></span> 
     </span>
    </p>
   </div>
   <div class='ocr_carea' id='block_1_5' title="bbox 177 1063 1742 1772">
    <p class='ocr_par' dir='ltr' id='par_1_5' title="bbox 177 1063 1740 1593">
     <span class='ocr_line' id='line_1_8' title="bbox 181 1063 1736 1153; baseline 0.003 -28"><span class='ocrx_word' id='word_1_38' title='bbox 181 1081 303 1127; x_wconf 77' lang='lat' dir='ltr'><strong>enm</strong></span> <span class='ocrx_word' id='word_1_39' title='bbox 369 1072 592 1128; x_wconf 82' lang='lat' dir='ltr'><strong>exorta</strong></span> <span class='ocrx_word' id='word_1_40' title='bbox 660 1073 726 1128; x_wconf 87' lang='lat' dir='ltr'><strong>et</strong></span> <span class='ocrx_word' id='word_1_41' title='bbox 784 1063 1153 1149; x_wconf 81' lang='lat' dir='ltr'><strong>Capitulum</strong></span> <span class='ocrx_word' id='word_1_42' title='bbox 1212 1085 1327 1153; x_wconf 79' lang='lat' dir='ltr'><strong>seu</strong></span> <span class='ocrx_word' id='word_1_43' title='bbox 1391 1064 1736 1131; x_wconf 84' lang='lat' dir='ltr'><strong>nonnullos</strong></span> 
     </span>
     <span class='ocr_line' id='line_1_9' title="bbox 179 1150 1740 1242; baseline 0.001 -26"><span class='ocrx_word' id='word_1_44' title='bbox 179 1150 487 1216; x_wconf 79' lang='lat' dir='ltr'><strong>Canonicos</strong></span> <span class='ocrx_word' id='word_1_45' title='bbox 540 1151 865 1218; x_wconf 82' lang='lat' dir='ltr'><strong>Ecclesiae</strong></span> <span class='ocrx_word' id='word_1_46' title='bbox 908 1152 1297 1242; x_wconf 77' lang='lat' dir='ltr'>collegiatae</span> <span class='ocrx_word' id='word_1_47' title='bbox 1344 1153 1549 1221; x_wconf 87' lang='lat' dir='ltr'><strong>dictae</strong></span> <span class='ocrx_word' id='word_1_48' title='bbox 1588 1157 1740 1220; x_wconf 88' lang='lat' dir='ltr'><strong>Ter-</strong></span> 
     </span>
     <span class='ocr_line' id='line_1_10' title="bbox 179 1237 1738 1329; baseline 0.003 -26"><span class='ocrx_word' id='word_1_49' title='bbox 179 1256 284 1320; x_wconf 82' lang='lat' dir='ltr'><strong>rae,</strong></span> <span class='ocrx_word' id='word_1_50' title='bbox 329 1237 491 1306; x_wconf 82' lang='lat' dir='ltr'><strong>circa</strong></span> <span class='ocrx_word' id='word_1_51' title='bbox 539 1238 638 1306; x_wconf 86' lang='lat' dir='ltr'><strong>ins</strong></span> <span class='ocrx_word' id='word_1_52' title='bbox 683 1240 915 1327; x_wconf 81' lang='lat' dir='ltr'><strong>agendi</strong></span> <span class='ocrx_word' id='word_1_53' title='bbox 961 1241 1266 1327; x_wconf 79' lang='lat' dir='ltr'>exequias</span> <span class='ocrx_word' id='word_1_54' title='bbox 1310 1260 1509 1329; x_wconf 90' lang='lat' dir='ltr'><strong>super</strong></span> <span class='ocrx_word' id='word_1_55' title='bbox 1555 1242 1738 1309; x_wconf 90' lang='lat' dir='ltr'><strong>cada·</strong></span> 
     </span>
     <span class='ocr_line' id='line_1_11' title="bbox 179 1326 1737 1417; baseline 0.003 -27"><span class='ocrx_word' id='word_1_56' title='bbox 179 1326 404 1392; x_wconf 77' lang='lat' dir='ltr'><strong>veribus</strong></span> <span class='ocrx_word' id='word_1_57' title='bbox 458 1327 827 1396; x_wconf 72' lang='lat' dir='ltr'><strong>Monialium</strong></span> <span class='ocrx_word' id='word_1_58' title='bbox 886 1329 1087 1417; x_wconf 84' lang='lat' dir='ltr'><strong>ipsius</strong></span> <span class='ocrx_word' id='word_1_59' title='bbox 1148 1330 1508 1397; x_wconf 77' lang='lat' dir='ltr'><strong>Asceterii:</strong></span> <span class='ocrx_word' id='word_1_60' title='bbox 1572 1332 1737 1397; x_wconf 90' lang='lat' dir='ltr'><strong>Num</strong></span> 
     </span>
     <span class='ocr_line' id='line_1_12' title="bbox 177 1414 1739 1504; baseline 0.003 -26"><span class='ocrx_word' id='word_1_61' title='bbox 177 1414 389 1480; x_wconf 79' lang='lat' dir='ltr'><strong>scilicet</strong></span> <span class='ocrx_word' id='word_1_62' title='bbox 434 1428 761 1504; x_wconf 79' lang='lat' dir='ltr'>competat</span> <span class='ocrx_word' id='word_1_63' title='bbox 807 1417 1202 1486; x_wconf 74' lang='lat' dir='ltr'><strong>confessario</strong></span> <span class='ocrx_word' id='word_1_64' title='bbox 1234 1418 1625 1503; x_wconf 63' lang='lat' dir='ltr'><strong>monialium,</strong></span> <span class='ocrx_word' id='word_1_65' title='bbox 1661 1437 1739 1484; x_wconf 82' lang='lat' dir='ltr'><strong>an</strong></span> 
     </span>
     <span class='ocr_line' id='line_1_13' title="bbox 177 1504 1030 1593; baseline 0.006 -25"><span class='ocrx_word' id='word_1_66' title='bbox 177 1521 303 1568; x_wconf 77' lang='lat' dir='ltr'><strong>vero</strong></span> <span class='ocrx_word' id='word_1_67' title='bbox 348 1504 632 1593; x_wconf 89' lang='lat' dir='ltr'><strong>praefato</strong></span> <span class='ocrx_word' id='word_1_68' title='bbox 680 1505 1030 1593; x_wconf 73' lang='lat' dir='ltr'><strong>capitulo?</strong></span> 
     </span>
    </p>

    <p class='ocr_par' dir='ltr' id='par_1_6' title="bbox 177 1594 1742 1772">
     <span class='ocr_line' id='line_1_14' title="bbox 281 1594 1742 1677; baseline 0 -15"><span class='ocrx_word' id='word_1_69' title='bbox 281 1596 345 1662; x_wconf 90' lang='lat' dir='ltr'><strong>S.</strong></span> <span class='ocrx_word' id='word_1_70' title='bbox 379 1594 610 1661; x_wconf 87' lang='lat' dir='ltr'><strong>eadem</strong></span> <span class='ocrx_word' id='word_1_71' title='bbox 641 1599 717 1663; x_wconf 78' lang='lat' dir='ltr'><strong>R.</strong></span> <span class='ocrx_word' id='word_1_72' title='bbox 752 1598 858 1677; x_wconf 67' lang='grc'><strong>(3.,</strong></span> <span class='ocrx_word' id='word_1_73' title='bbox 908 1604 1145 1662; x_wconf 88' lang='lat' dir='ltr'><strong>attenta</strong></span> <span class='ocrx_word' id='word_1_74' title='bbox 1189 1596 1499 1663; x_wconf 77' lang='lat' dir='ltr'><strong>relatione</strong></span> <span class='ocrx_word' id='word_1_75' title='bbox 1547 1596 1742 1662; x_wconf 89' lang='lat' dir='ltr'><strong>totius</strong></span> 
     </span>
     <span class='ocr_line' id='line_1_15' title="bbox 177 1681 1741 1772; baseline 0.001 -25"><span class='ocrx_word' id='word_1_76' title='bbox 177 1682 533 1765; x_wconf 77' lang='lat' dir='ltr'>quaestionis</span> <span class='ocrx_word' id='word_1_77' title='bbox 564 1681 725 1749; x_wconf 89' lang='lat' dir='ltr'><strong>facta</strong></span> <span class='ocrx_word' id='word_1_78' title='bbox 749 1704 783 1749; x_wconf 90' lang='lat' dir='ltr'><strong>a</strong></span> <span class='ocrx_word' id='word_1_79' title='bbox 807 1683 1492 1772; x_wconf 81' lang='lat' dir='ltr'><strong>Rmo-Archiepiscopo</strong></span> <span class='ocrx_word' id='word_1_80' title='bbox 1516 1689 1664 1752; x_wconf 83' lang='lat' dir='ltr'><strong>Cam</strong></span> <span class='ocrx_word' id='word_1_81' title='bbox 1675 1704 1741 1748; x_wconf 90' lang='lat' dir='ltr'><strong>e-</strong></span> 
     </span>
    </p>
   </div>
   <div class='ocr_carea' id='block_1_6' title="bbox 54 1771 1742 1858">
    <p class='ocr_par' dir='ltr' id='par_1_7' title="bbox 54 1771 1742 1858">
     <span class='ocr_line' id='line_1_16' title="bbox 54 1771 1742 1858; baseline 0.005 -28"><span class='ocrx_word' id='word_1_82' title='bbox 54 1821 59 1830; x_wconf 93' lang='lat'><strong>.</strong></span> <span class='ocrx_word' id='word_1_83' title='bbox 176 1774 381 1854; x_wconf 65' lang='lat' dir='ltr'><strong>tinen„</strong></span> <span class='ocrx_word' id='word_1_84' title='bbox 406 1771 521 1857; x_wconf 88' lang='lat' dir='ltr'><strong>qui</strong></span> <span class='ocrx_word' id='word_1_85' title='bbox 554 1771 803 1839; x_wconf 80' lang='lat' dir='ltr'><strong>audivit</strong></span> <span class='ocrx_word' id='word_1_86' title='bbox 836 1782 961 1837; x_wconf 90' lang='lat' dir='ltr'><strong>tam</strong></span> <span class='ocrx_word' id='word_1_87' title='bbox 994 1771 1358 1858; x_wconf 89' lang='lat' dir='ltr'><strong>Capitulum</strong></span> <span class='ocrx_word' id='word_1_88' title='bbox 1389 1791 1581 1858; x_wconf 87' lang='lat' dir='ltr'><strong>quam</strong></span> <span class='ocrx_word' id='word_1_89' title='bbox 1611 1776 1742 1838; x_wconf 77' lang='lat' dir='ltr'><strong>Mo-</strong></span> 
     </span>
    </p>
   </div>
   <div class='ocr_carea' id='block_1_7' title="bbox 174 1858 1740 2034">
    <p class='ocr_par' dir='ltr' id='par_1_8' title="bbox 174 1858 1740 2034">
     <span class='ocr_line' id='line_1_17' title="bbox 176 1858 1740 1948; baseline 0.002 -24"><span class='ocrx_word' id='word_1_90' title='bbox 176 1858 364 1945; x_wconf 78' lang='lat' dir='ltr'><strong>niales,</strong></span> <span class='ocrx_word' id='word_1_91' title='bbox 414 1879 489 1926; x_wconf 87' lang='lat' dir='ltr'><strong>ac</strong></span> <span class='ocrx_word' id='word_1_92' title='bbox 537 1874 943 1948; x_wconf 78' lang='lat' dir='ltr'><strong>proponente</strong></span> <span class='ocrx_word' id='word_1_93' title='bbox 987 1861 1259 1928; x_wconf 88' lang='lat' dir='ltr'><strong>dubium</strong></span> <span class='ocrx_word' id='word_1_94' title='bbox 1280 1865 1451 1926; x_wconf 78' lang='lat' dir='ltr'><strong>-Emo</strong></span> <span class='ocrx_word' id='word_1_95' title='bbox 1484 1872 1551 1927; x_wconf 91' lang='lat' dir='ltr'><strong>et</strong></span> <span class='ocrx_word' id='word_1_96' title='bbox 1582 1865 1740 1929; x_wconf 75' lang='lat' dir='ltr'><strong>Rmo</strong></span> 
     </span>
     <span class='ocr_line' id='line_1_18' title="bbox 174 1945 1737 2034; baseline 0.001 -22"><span class='ocrx_word' id='word_1_97' title='bbox 174 1948 410 2014; x_wconf 79' lang='lat' dir='ltr'><strong>Domino</strong></span> <span class='ocrx_word' id='word_1_98' title='bbox 472 1949 665 2016; x_wconf 87' lang='lat' dir='ltr'><strong>Card.</strong></span> <span class='ocrx_word' id='word_1_99' title='bbox 717 1949 965 2016; x_wconf 72' lang='lat' dir='ltr'><strong>Ganoli</strong></span> <span class='ocrx_word' id='word_1_100' title='bbox 1025 1949 1356 2034; x_wconf 86' lang='lat' dir='ltr'><strong>Relatore,</strong></span> <span class='ocrx_word' id='word_1_101' title='bbox 1407 1945 1737 2017; x_wconf 59' lang='lat' dir='ltr'><strong>decrerit:</strong></span> 
     </span>
    </p>
   </div>
   <div class='ocr_carea' id='block_1_8' title="bbox 56 2036 1741 2137">
    <p class='ocr_par' dir='ltr' id='par_1_9' title="bbox 56 2036 1741 2137">
     <span class='ocr_line' id='line_1_19' title="bbox 56 2036 1741 2137; baseline 0.003 -40"><span class='ocrx_word' id='word_1_102' title='bbox 56 2055 57 2060; x_wconf 44' lang='lat'>¹</span> <span class='ocrx_word' id='word_1_103' title='bbox 174 2054 204 2096; x_wconf 70' lang='grc' dir='ltr'><strong><em>ι</em></strong></span> <span class='ocrx_word' id='word_1_104' title='bbox 234 2036 747 2104; x_wconf 76' lang='lat' dir='ltr'><strong>celebrationem</strong></span> <span class='ocrx_word' id='word_1_105' title='bbox 816 2037 1236 2124; x_wconf 77' lang='lat' dir='ltr'><strong>exequiarum</strong></span> <span class='ocrx_word' id='word_1_106' title='bbox 1304 2051 1596 2137; x_wconf 84' lang='lat' dir='ltr'><strong>spectare</strong></span> <span class='ocrx_word' id='word_1_107' title='bbox 1665 2037 1741 2103; x_wconf 89' lang='lat' dir='ltr'><strong>ad</strong></span> 
     </span>
    </p>
   </div>
   <div class='ocr_carea' id='block_1_9' title="bbox 175 2125 1742 2280">
    <p class='ocr_par' dir='ltr' id='par_1_10' title="bbox 175 2125 1742 2280">
     <span class='ocr_line' id='line_1_20' title="bbox 175 2125 1742 2280; baseline -0.001 -89"><span class='ocrx_word' id='word_1_108' title='bbox 175 2125 615 2280; x_wconf 53' lang='grc' dir='ltr'><strong>ῗρηιὶἓεῶἳῐίιιω</strong></span> <span class='ocrx_word' id='word_1_109' title='bbox 668 2145 789 2213; x_wconf 93' lang='lat' dir='ltr'><strong>pro</strong></span> <span class='ocrx_word' id='word_1_110' title='bbox 840 2136 1134 2212; x_wconf 91' lang='lat' dir='ltr'><strong>tempore</strong></span> <span class='ocrx_word' id='word_1_111' title='bbox 1169 2147 1231 2192; x_wconf 63' lang='grc' dir='ltr'><strong>ι.</strong></span> <span class='ocrx_word' id='word_1_112' title='bbox 1295 2130 1408 2191; x_wconf 75' lang='lat' dir='ltr'><strong>Die</strong></span> <span class='ocrx_word' id='word_1_113' title='bbox 1460 2129 1539 2193; x_wconf 76' lang='lat'><strong>16</strong></span> <span class='ocrx_word' id='word_1_114' title='bbox 1586 2127 1742 2191; x_wconf 72' lang='lat' dir='ltr'><strong>llar-</strong></span> 
     </span>
     <span class='ocr_line' id='line_1_21' title="bbox 194 2233 461 2279; baseline 0.011 -3"><span class='ocrx_word' id='word_1_115' title='bbox 194 2233 256 2277; x_wconf 85' lang='lat' dir='ltr'><strong>u-</strong></span> <span class='ocrx_word' id='word_1_116' title='bbox 442 2261 461 2279; x_wconf 93' lang='lat'><strong>.</strong></span> 
     </span>
    </p>
   </div>
   <div class='ocr_carea' id='block_1_10' title="bbox 56 2353 1746 2568">
    <p class='ocr_par' dir='ltr' id='par_1_11' title="bbox 56 2353 1746 2568">
     <span class='ocr_line' id='line_1_22' title="bbox 172 2353 413 2425; baseline 0.008 -4"><span class='ocrx_word' id='word_1_117' title='bbox 172 2353 413 2425; x_wconf 79' lang='lat'><strong>2560.</strong></span> 
     </span>
     <span class='ocr_line' id='line_1_23' title="bbox 56 2447 1746 2568; baseline 0.001 -23"><span class='ocrx_word' id='word_1_118' title='bbox 56 2447 57 2470; x_wconf 13' lang='grc' dir='ltr'><strong>Χ</strong></span> <span class='ocrx_word' id='word_1_119' title='bbox 280 2481 435 2546; x_wconf 89' lang='lat' dir='ltr'><strong>Cum</strong></span> <span class='ocrx_word' id='word_1_120' title='bbox 486 2478 734 2546; x_wconf 90' lang='lat' dir='ltr'><strong>multae</strong></span> <span class='ocrx_word' id='word_1_121' title='bbox 781 2480 1316 2547; x_wconf 75' lang='lat' dir='ltr'><strong>circumferantur</strong></span> <span class='ocrx_word' id='word_1_122' title='bbox 1361 2481 1746 2568; x_wconf 80' lang='lat' dir='ltr'><strong>interpreta-</strong></span> 
     </span>
    </p>
   </div>
   <div class='ocr_carea' id='block_1_11' title="bbox 759 2358 1122 2425">
    <p class='ocr_par' dir='ltr' id='par_1_12' title="bbox 759 2358 1122 2425">
     <span class='ocr_line' id='line_1_24' title="bbox 759 2358 1122 2425; baseline 0 -3"><span class='ocrx_word' id='word_1_123' title='bbox 759 2358 1122 2425; x_wconf 85' lang='lat' dir='ltr'><strong>ORIOLEN.</strong></span> 
     </span>
    </p>
   </div>
   <div class='ocr_carea' id='block_1_12' title="bbox 1512 2307 1809 2445">
    <p class='ocr_par' dir='ltr' id='par_1_13' title="bbox 1512 2307 1809 2445">
     <span class='ocr_line' id='line_1_25' title="bbox 1512 2307 1809 2445; baseline 0.007 -21"><span class='ocrx_word' id='word_1_124' title='bbox 1512 2358 1738 2445; x_wconf 74' lang='lat'>(4498)</span> <span class='ocrx_word' id='word_1_125' title='bbox 1803 2307 1809 2315; x_wconf 59' lang='grc'><strong><em>’</em></strong></span> 
     </span>
    </p>
   </div>
   <div class='ocr_carea' id='block_1_13' title="bbox 1836 445 3434 957">
    <p class='ocr_par' dir='ltr' id='par_1_14' title="bbox 1967 445 3024 528">
     <span class='ocr_line' id='line_1_26' title="bbox 1967 445 3024 528; baseline 0.001 -15"><span class='ocrx_word' id='word_1_126' title='bbox 1967 447 2066 514; x_wconf 81' lang='lat' dir='ltr'><strong>Ad</strong></span> <span class='ocrx_word' id='word_1_127' title='bbox 2117 451 2179 512; x_wconf 85' lang='lat'><strong>1.</strong></span> <span class='ocrx_word' id='word_1_128' title='bbox 2229 469 2267 513; x_wconf 62' lang='grc' dir='ltr'><strong><em>ι</em></strong></span> <span class='ocrx_word' id='word_1_129' title='bbox 2301 445 2692 526; x_wconf 81' lang='lat' dir='ltr'><strong>Affirmative</strong></span> <span class='ocrx_word' id='word_1_130' title='bbox 2728 468 2792 514; x_wconf 63' lang='grc' dir='ltr'><strong>ι.</strong></span> <span class='ocrx_word' id='word_1_131' title='bbox 3019 519 3024 528; x_wconf 50' lang='grc'><strong>,</strong></span> 
     </span>
    </p>

    <p class='ocr_par' dir='ltr' id='par_1_15' title="bbox 1836 534 3434 797">
     <span class='ocr_line' id='line_1_27' title="bbox 1968 534 3426 624; baseline 0.003 -25"><span class='ocrx_word' id='word_1_132' title='bbox 1968 535 2064 603; x_wconf 81' lang='lat' dir='ltr'><strong>Ad</strong></span> <span class='ocrx_word' id='word_1_133' title='bbox 2114 540 2178 601; x_wconf 81' lang='lat'><strong>2.</strong></span> <span class='ocrx_word' id='word_1_134' title='bbox 2231 556 2269 600; x_wconf 84' lang='lat'>‹</span> <span class='ocrx_word' id='word_1_135' title='bbox 2303 534 2646 624; x_wconf 82' lang='lat' dir='ltr'><strong>Negative,</strong></span> <span class='ocrx_word' id='word_1_136' title='bbox 2697 537 2906 621; x_wconf 88' lang='lat' dir='ltr'><strong>quoad</strong></span> <span class='ocrx_word' id='word_1_137' title='bbox 2969 535 3426 624; x_wconf 78' lang='lat' dir='ltr'><strong>obligationem</strong></span> 
     </span>
     <span class='ocr_line' id='line_1_28' title="bbox 1836 621 3434 710; baseline 0.002 -22"><span class='ocrx_word' id='word_1_138' title='bbox 1836 621 2103 710; x_wconf 87' lang='lat' dir='ltr'><strong>legendi</strong></span> <span class='ocrx_word' id='word_1_139' title='bbox 2149 625 2510 690; x_wconf 82' lang='lat' dir='ltr'><strong>Orationem</strong></span> <span class='ocrx_word' id='word_1_140' title='bbox 2555 623 2751 691; x_wconf 88' lang='lat' dir='ltr'><strong>Officii</strong></span> <span class='ocrx_word' id='word_1_141' title='bbox 2803 625 3153 705; x_wconf 81' lang='lat' dir='ltr'><strong>currentis3</strong></span> <span class='ocrx_word' id='word_1_142' title='bbox 3191 623 3255 692; x_wconf 90' lang='lat' dir='ltr'><strong>in</strong></span> <span class='ocrx_word' id='word_1_143' title='bbox 3287 626 3434 691; x_wconf 90' lang='lat' dir='ltr'><strong>reli-</strong></span> 
     </span>
     <span class='ocr_line' id='line_1_29' title="bbox 1837 711 2548 797; baseline 0.001 -20"><span class='ocrx_word' id='word_1_144' title='bbox 1837 712 2004 797; x_wconf 90' lang='lat' dir='ltr'><strong>quis,</strong></span> <span class='ocrx_word' id='word_1_145' title='bbox 2054 711 2448 779; x_wconf 79' lang='lat' dir='ltr'><strong>Affirmative</strong></span> <span class='ocrx_word' id='word_1_146' title='bbox 2483 733 2548 778; x_wconf 62' lang='grc' dir='ltr'><strong>ι.</strong></span> 
     </span>
    </p>

    <p class='ocr_par' dir='ltr' id='par_1_16' title="bbox 1837 795 3434 957">
     <span class='ocr_line' id='line_1_30' title="bbox 1967 795 3434 891; baseline 0.003 -25"><span class='ocrx_word' id='word_1_147' title='bbox 1967 801 2064 867; x_wconf 82' lang='lat' dir='ltr'><strong>Ad</strong></span> <span class='ocrx_word' id='word_1_148' title='bbox 2113 804 2181 867; x_wconf 78' lang='lat'><strong>3.</strong></span> <span class='ocrx_word' id='word_1_149' title='bbox 2232 822 2268 864; x_wconf 65' lang='grc' dir='ltr'><strong><em>ι</em></strong></span> <span class='ocrx_word' id='word_1_150' title='bbox 2297 795 2634 886; x_wconf 81' lang='lat' dir='ltr'><strong>Negative,</strong></span> <span class='ocrx_word' id='word_1_151' title='bbox 2685 801 2897 868; x_wconf 89' lang='lat' dir='ltr'><strong>donec</strong></span> <span class='ocrx_word' id='word_1_152' title='bbox 2944 821 3180 869; x_wconf 86' lang='lat' dir='ltr'><strong>novum</strong></span> <span class='ocrx_word' id='word_1_153' title='bbox 3230 803 3434 891; x_wconf 91' lang='lat' dir='ltr'><strong>impe-</strong></span> 
     </span>
     <span class='ocr_line' id='line_1_31' title="bbox 1837 889 3127 957; baseline 0.001 -4"><span class='ocrx_word' id='word_1_154' title='bbox 1837 896 2048 954; x_wconf 89' lang='lat' dir='ltr'><strong>tretur</strong></span> <span class='ocrx_word' id='word_1_155' title='bbox 2093 909 2125 954; x_wconf 90' lang='lat' dir='ltr'><strong>a</strong></span> <span class='ocrx_word' id='word_1_156' title='bbox 2175 892 2241 957; x_wconf 91' lang='lat' dir='ltr'><strong>S.</strong></span> <span class='ocrx_word' id='word_1_157' title='bbox 2276 892 2348 956; x_wconf 81' lang='lat' dir='ltr'><strong>C.</strong></span> <span class='ocrx_word' id='word_1_158' title='bbox 2387 890 2656 957; x_wconf 78' lang='lat' dir='ltr'><strong>concilii</strong></span> <span class='ocrx_word' id='word_1_159' title='bbox 2708 889 3029 957; x_wconf 89' lang='lat' dir='ltr'><strong>indultum</strong></span> <span class='ocrx_word' id='word_1_160' title='bbox 3065 912 3127 956; x_wconf 63' lang='grc' dir='ltr'><strong>ι.</strong></span> 
     </span>
    </p>
   </div>
   <div class='ocr_carea' id='block_1_14' title="bbox 1969 977 3552 1068">
    <p class='ocr_par' dir='ltr' id='par_1_17' title="bbox 1969 977 3552 1068">
     <span class='ocr_line' id='line_1_32' title="bbox 1969 977 3552 1068; baseline 0.003 -26"><span class='ocrx_word' id='word_1_161' title='bbox 1969 977 2066 1044; x_wconf 79' lang='lat' dir='ltr'><strong>Ad</strong></span> <span class='ocrx_word' id='word_1_162' title='bbox 2116 982 2180 1044; x_wconf 67' lang='lat'><strong>4.</strong></span> <span class='ocrx_word' id='word_1_163' title='bbox 2233 998 2270 1043; x_wconf 65' lang='grc' dir='ltr'><strong><em>ι</em></strong></span> <span class='ocrx_word' id='word_1_164' title='bbox 2305 979 2637 1063; x_wconf 80' lang='lat' dir='ltr'><strong>Negative,</strong></span> <span class='ocrx_word' id='word_1_165' title='bbox 2688 980 2766 1046; x_wconf 88' lang='lat' dir='ltr'><strong>ad</strong></span> <span class='ocrx_word' id='word_1_166' title='bbox 2811 979 3084 1065; x_wconf 83' lang='lat' dir='ltr'><strong>primam</strong></span> <span class='ocrx_word' id='word_1_167' title='bbox 3133 987 3430 1068; x_wconf 86' lang='lat' dir='ltr'><strong>partem;</strong></span> <span class='ocrx_word' id='word_1_168' title='bbox 3517 1029 3552 1056; x_wconf 83' lang='grc'><strong>.</strong></span> 
     </span>
    </p>
   </div>
   <div class='ocr_carea' id='block_1_15' title="bbox 1838 1064 3436 1226">
    <p class='ocr_par' dir='ltr' id='par_1_18' title="bbox 1838 1064 3436 1226">
     <span class='ocr_line' id='line_1_33' title="bbox 1838 1064 3091 1151; baseline 0.003 -21"><span class='ocrx_word' id='word_1_169' title='bbox 1838 1064 2255 1151; x_wconf 80' lang='lat' dir='ltr'><strong>Affirmative‚</strong></span> <span class='ocrx_word' id='word_1_170' title='bbox 2305 1067 2386 1133; x_wconf 88' lang='lat' dir='ltr'><strong>ad</strong></span> <span class='ocrx_word' id='word_1_171' title='bbox 2428 1067 2773 1134; x_wconf 88' lang='lat' dir='ltr'><strong>secundam</strong></span> <span class='ocrx_word' id='word_1_172' title='bbox 2809 1087 2874 1133; x_wconf 63' lang='grc' dir='ltr'><strong>ι.</strong></span> <span class='ocrx_word' id='word_1_173' title='bbox 3069 1109 3091 1146; x_wconf 79' lang='lat'><strong>-.</strong></span> 
     </span>
     <span class='ocr_line' id='line_1_34' title="bbox 1914 1154 3436 1226; baseline 0.003 -7"><span class='ocrx_word' id='word_1_174' title='bbox 1914 1190 1919 1196; x_wconf 89' lang='lat'><strong>·</strong></span> <span class='ocrx_word' id='word_1_175' title='bbox 1968 1156 2051 1219; x_wconf 90' lang='lat' dir='ltr'><strong>Et</strong></span> <span class='ocrx_word' id='word_1_176' title='bbox 2081 1154 2164 1219; x_wconf 89' lang='lat' dir='ltr'><strong>ita</strong></span> <span class='ocrx_word' id='word_1_177' title='bbox 2197 1155 2545 1224; x_wconf 80' lang='lat' dir='ltr'><strong>declaravit</strong></span> <span class='ocrx_word' id='word_1_178' title='bbox 2579 1165 2646 1221; x_wconf 87' lang='lat' dir='ltr'><strong>et</strong></span> <span class='ocrx_word' id='word_1_179' title='bbox 2674 1155 2990 1223; x_wconf 80' lang='lat' dir='ltr'><strong>decrevit.</strong></span> <span class='ocrx_word' id='word_1_180' title='bbox 3022 1156 3136 1222; x_wconf 90' lang='lat' dir='ltr'><strong>Die</strong></span> <span class='ocrx_word' id='word_1_181' title='bbox 3177 1161 3256 1223; x_wconf 76' lang='lat' dir='ltr'><strong>te</strong></span> <span class='ocrx_word' id='word_1_182' title='bbox 3278 1161 3436 1226; x_wconf 70' lang='lat' dir='ltr'><strong>Har-</strong></span> 
     </span>
    </p>
   </div>
   <div class='ocr_carea' id='block_1_16' title="bbox 1802 1240 2160 1309">
    <p class='ocr_par' dir='ltr' id='par_1_19' title="bbox 1802 1240 2160 1309">
     <span class='ocr_line' id='line_1_35' title="bbox 1802 1240 2160 1309; baseline 0 -2"><span class='ocrx_word' id='word_1_183' title='bbox 1802 1251 1813 1260; x_wconf 80' lang='grc'>’</span> <span class='ocrx_word' id='word_1_184' title='bbox 1841 1240 1907 1307; x_wconf 83' lang='lat' dir='ltr'><strong>tii</strong></span> <span class='ocrx_word' id='word_1_185' title='bbox 1964 1246 2160 1309; x_wconf 74' lang='lat'><strong>1805.</strong></span> 
     </span>
    </p>
   </div>
   <div class='ocr_carea' id='block_1_17' title="bbox 1842 1381 3433 1476">
    <p class='ocr_par' dir='ltr' id='par_1_20' title="bbox 1842 1381 3433 1476">
     <span class='ocr_line' id='line_1_36' title="bbox 1842 1381 3433 1476; baseline 0.003 -26"><span class='ocrx_word' id='word_1_186' title='bbox 1842 1381 2095 1454; x_wconf 81' lang='grc'><strong>2561.</strong></span> <span class='ocrx_word' id='word_1_187' title='bbox 2376 1385 2899 1476; x_wconf 62' lang='grc' dir='ltr'><strong>ΤΙῈΕΒΝΑΤΕΝ.</strong></span> <span class='ocrx_word' id='word_1_188' title='bbox 3200 1389 3433 1476; x_wconf 79' lang='grc'>(4499)</span> 
     </span>
    </p>
   </div>
   <div class='ocr_carea' id='block_1_18' title="bbox 1838 1509 3440 2019">
    <p class='ocr_par' dir='ltr' id='par_1_21' title="bbox 1838 1509 3440 2019">
     <span class='ocr_line' id='line_1_37' title="bbox 1973 1509 3432 1597; baseline -0.001 -22"><span class='ocrx_word' id='word_1_189' title='bbox 1973 1511 2134 1575; x_wconf 85' lang='lat' dir='ltr'><strong>Cum</strong></span> <span class='ocrx_word' id='word_1_190' title='bbox 2184 1509 2493 1576; x_wconf 84' lang='lat' dir='ltr'><strong>Sacerdos</strong></span> <span class='ocrx_word' id='word_1_191' title='bbox 2562 1513 2826 1576; x_wconf 89' lang='lat' dir='ltr'><strong>loannes</strong></span> <span class='ocrx_word' id='word_1_192' title='bbox 2882 1510 3156 1597; x_wconf 85' lang='lat' dir='ltr'><strong>Baptista</strong></span> <span class='ocrx_word' id='word_1_193' title='bbox 3215 1510 3432 1595; x_wconf 81' lang='lat' dir='ltr'><strong>Berni,</strong></span> 
     </span>
     <span class='ocr_line' id='line_1_38' title="bbox 1838 1596 3437 1686; baseline 0.001 -24"><span class='ocrx_word' id='word_1_194' title='bbox 1838 1607 2139 1664; x_wconf 86' lang='lat' dir='ltr'><strong>recenter</strong></span> <span class='ocrx_word' id='word_1_195' title='bbox 2184 1596 2834 1686; x_wconf 81' lang='lat' dir='ltr'><strong>Archipresbyteratu</strong></span> <span class='ocrx_word' id='word_1_196' title='bbox 2889 1598 3210 1666; x_wconf 76' lang='lat' dir='ltr'><strong>Ecclesiae</strong></span> <span class='ocrx_word' id='word_1_197' title='bbox 3252 1604 3437 1665; x_wconf 87' lang='lat' dir='ltr'><strong>Paro-</strong></span> 
     </span>
     <span class='ocr_line' id='line_1_39' title="bbox 1838 1684 3437 1755; baseline 0.002 -4"><span class='ocrx_word' id='word_1_198' title='bbox 1838 1684 2058 1752; x_wconf 77' lang='lat' dir='ltr'><strong>chialis</strong></span> <span class='ocrx_word' id='word_1_199' title='bbox 2108 1685 2300 1752; x_wconf 90' lang='lat' dir='ltr'><strong>titulo</strong></span> <span class='ocrx_word' id='word_1_200' title='bbox 2348 1688 2726 1752; x_wconf 88' lang='lat' dir='ltr'><strong>Sanctorum</strong></span> <span class='ocrx_word' id='word_1_201' title='bbox 2770 1692 3029 1755; x_wconf 82' lang='lat' dir='ltr'><strong>cosmae</strong></span> <span class='ocrx_word' id='word_1_202' title='bbox 3063 1697 3131 1752; x_wconf 92' lang='lat' dir='ltr'><strong>et</strong></span> <span class='ocrx_word' id='word_1_203' title='bbox 3162 1685 3437 1754; x_wconf 87' lang='lat' dir='ltr'><strong>Damiani</strong></span> 
     </span>
     <span class='ocr_line' id='line_1_40' title="bbox 1844 1773 3439 1861; baseline 0 -22"><span class='ocrx_word' id='word_1_204' title='bbox 1844 1773 1993 1855; x_wconf 89' lang='lat' dir='ltr'><strong>loci,</strong></span> <span class='ocrx_word' id='word_1_205' title='bbox 2067 1775 2264 1858; x_wconf 86' lang='lat' dir='ltr'><strong>vulgo</strong></span> <span class='ocrx_word' id='word_1_206' title='bbox 2318 1775 2669 1861; x_wconf 89' lang='lat' dir='ltr'><strong>nuncupati</strong></span> <span class='ocrx_word' id='word_1_207' title='bbox 2737 1777 3071 1857; x_wconf 63' lang='lat' dir='ltr'><strong>Concedo,</strong></span> <span class='ocrx_word' id='word_1_208' title='bbox 3123 1775 3439 1841; x_wconf 84' lang='lat' dir='ltr'><strong>Dioecesis</strong></span> 
     </span>
     <span class='ocr_line' id='line_1_41' title="bbox 1844 1861 3439 1948; baseline -0.001 -20"><span class='ocrx_word' id='word_1_209' title='bbox 1844 1861 2270 1944; x_wconf 81' lang='lat' dir='ltr'><strong>Tifernaten.,</strong></span> <span class='ocrx_word' id='word_1_210' title='bbox 2320 1863 2592 1948; x_wconf 76' lang='lat' dir='ltr'><strong>potituS,</strong></span> <span class='ocrx_word' id='word_1_211' title='bbox 2644 1863 2966 1948; x_wconf 87' lang='lat' dir='ltr'><strong>antiquam</strong></span> <span class='ocrx_word' id='word_1_212' title='bbox 3031 1863 3439 1930; x_wconf 85' lang='lat' dir='ltr'><strong>consuetudi-</strong></span> 
     </span>
     <span class='ocr_line' id='line_1_42' title="bbox 1840 1950 3440 2019; baseline 0.001 -4"><span class='ocrx_word' id='word_1_213' title='bbox 1840 1968 1990 2015; x_wconf 92' lang='lat' dir='ltr'><strong>nem</strong></span> <span class='ocrx_word' id='word_1_214' title='bbox 2030 1950 2094 2016; x_wconf 88' lang='lat' dir='ltr'><strong>in</strong></span> <span class='ocrx_word' id='word_1_215' title='bbox 2129 1951 2357 2017; x_wconf 90' lang='lat' dir='ltr'><strong>eadem</strong></span> <span class='ocrx_word' id='word_1_216' title='bbox 2406 1951 2693 2017; x_wconf 82' lang='lat' dir='ltr'><strong>Ecclesia</strong></span> <span class='ocrx_word' id='word_1_217' title='bbox 2742 1951 3063 2018; x_wconf 81' lang='lat' dir='ltr'><strong>invenerit</strong></span> <span class='ocrx_word' id='word_1_218' title='bbox 3112 1955 3440 2019; x_wconf 79' lang='lat' dir='ltr'><strong>sacrosan·</strong></span> 
     </span>
    </p>
   </div>
   <div class='ocr_carea' id='block_1_19' title="bbox 1845 2037 3443 2478">
    <p class='ocr_par' dir='ltr' id='par_1_22' title="bbox 1845 2037 3443 2478">
     <span class='ocr_line' id='line_1_43' title="bbox 1845 2037 3439 2125; baseline 0.001 -21"><span class='ocrx_word' id='word_1_219' title='bbox 1845 2048 2007 2104; x_wconf 88' lang='lat' dir='ltr'><strong>ctam</strong></span> <span class='ocrx_word' id='word_1_220' title='bbox 2058 2037 2519 2105; x_wconf 87' lang='lat' dir='ltr'><strong>Eucharistiam</strong></span> <span class='ocrx_word' id='word_1_221' title='bbox 2566 2038 2984 2125; x_wconf 90' lang='lat' dir='ltr'><strong>impertiendi</strong></span> <span class='ocrx_word' id='word_1_222' title='bbox 3033 2039 3330 2105; x_wconf 82' lang='lat' dir='ltr'><strong>fidelibus</strong></span> <span class='ocrx_word' id='word_1_223' title='bbox 3377 2039 3439 2105; x_wconf 88' lang='lat' dir='ltr'><strong>in</strong></span> 
     </span>
     <span class='ocr_line' id='line_1_44' title="bbox 1846 2125 3441 2214; baseline -0.003 -19"><span class='ocrx_word' id='word_1_224' title='bbox 1846 2125 2115 2195; x_wconf 87' lang='lat' dir='ltr'><strong>Sabbato</strong></span> <span class='ocrx_word' id='word_1_225' title='bbox 2162 2127 2390 2195; x_wconf 87' lang='lat' dir='ltr'><strong>Sancto</strong></span> <span class='ocrx_word' id='word_1_226' title='bbox 2437 2145 2556 2214; x_wconf 92' lang='lat' dir='ltr'><strong>pro</strong></span> <span class='ocrx_word' id='word_1_227' title='bbox 2617 2127 3043 2193; x_wconf 75' lang='lat' dir='ltr'><strong>satisfactione</strong></span> <span class='ocrx_word' id='word_1_228' title='bbox 3093 2126 3283 2193; x_wconf 87' lang='lat' dir='ltr'><strong>etiam</strong></span> <span class='ocrx_word' id='word_1_229' title='bbox 3331 2129 3441 2193; x_wconf 86' lang='lat' dir='ltr'><strong>Pa-</strong></span> 
     </span>
     <span class='ocr_line' id='line_1_45' title="bbox 1846 2213 3441 2304; baseline 0 -25"><span class='ocrx_word' id='word_1_230' title='bbox 1846 2213 2075 2281; x_wconf 85' lang='lat' dir='ltr'><strong>schalis</strong></span> <span class='ocrx_word' id='word_1_231' title='bbox 2135 2216 2492 2304; x_wconf 83' lang='lat' dir='ltr'><strong>praecepti,</strong></span> <span class='ocrx_word' id='word_1_232' title='bbox 2543 2226 2608 2281; x_wconf 92' lang='lat' dir='ltr'><strong>et</strong></span> <span class='ocrx_word' id='word_1_233' title='bbox 2655 2234 2890 2301; x_wconf 88' lang='lat' dir='ltr'><strong>anceps</strong></span> <span class='ocrx_word' id='word_1_234' title='bbox 2948 2216 3225 2282; x_wconf 86' lang='lat' dir='ltr'><strong>haeserit</strong></span> <span class='ocrx_word' id='word_1_235' title='bbox 3284 2231 3441 2282; x_wconf 92' lang='lat' dir='ltr'><strong>num</strong></span> 
     </span>
     <span class='ocr_line' id='line_1_46' title="bbox 1849 2304 3443 2388; baseline -0.002 -19"><span class='ocrx_word' id='word_1_236' title='bbox 1849 2305 2078 2371; x_wconf 82' lang='lat' dir='ltr'><strong>eadem</strong></span> <span class='ocrx_word' id='word_1_237' title='bbox 2127 2304 2529 2370; x_wconf 88' lang='lat' dir='ltr'><strong>consuetudo</strong></span> <span class='ocrx_word' id='word_1_238' title='bbox 2582 2304 2889 2370; x_wconf 82' lang='lat' dir='ltr'><strong>servanda</strong></span> <span class='ocrx_word' id='word_1_239' title='bbox 2937 2304 3129 2388; x_wconf 88' lang='lat' dir='ltr'><strong>foret,</strong></span> <span class='ocrx_word' id='word_1_240' title='bbox 3173 2305 3289 2371; x_wconf 55' lang='lat' dir='ltr'><strong>wel</strong></span> <span class='ocrx_word' id='word_1_241' title='bbox 3340 2312 3443 2369; x_wconf 91' lang='lat' dir='ltr'><strong>ut-</strong></span> 
     </span>
     <span class='ocr_line' id='line_1_47' title="bbox 1848 2391 3441 2478; baseline -0.002 -20"><span class='ocrx_word' id='word_1_242' title='bbox 1848 2403 2000 2478; x_wconf 87' lang='lat' dir='ltr'><strong>pote</strong></span> <span class='ocrx_word' id='word_1_243' title='bbox 2033 2391 2286 2458; x_wconf 80' lang='lat' dir='ltr'><strong>abusiva</strong></span> <span class='ocrx_word' id='word_1_244' title='bbox 2319 2392 2739 2471; x_wconf 80' lang='lat' dir='ltr'><strong>removenda3</strong></span> <span class='ocrx_word' id='word_1_245' title='bbox 2773 2402 2846 2457; x_wconf 91' lang='lat' dir='ltr'><strong>ut</strong></span> <span class='ocrx_word' id='word_1_246' title='bbox 2878 2409 3136 2460; x_wconf 92' lang='lat' dir='ltr'><strong>omnem</strong></span> <span class='ocrx_word' id='word_1_247' title='bbox 3161 2392 3441 2457; x_wconf 83' lang='lat' dir='ltr'><strong>anxieta-</strong></span> 
     </span>
    </p>
   </div>
   <div class='ocr_carea' id='block_1_20' title="bbox 1850 2477 3435 2569">
    <p class='ocr_par' dir='ltr' id='par_1_23' title="bbox 1850 2477 3435 2569">
     <span class='ocr_line' id='line_1_48' title="bbox 1850 2477 3435 2569; baseline 0 -24"><span class='ocrx_word' id='word_1_248' title='bbox 1850 2492 1981 2547; x_wconf 90' lang='lat' dir='ltr'><strong>tem</strong></span> <span class='ocrx_word' id='word_1_249' title='bbox 2030 2481 2414 2569; x_wconf 85' lang='lat' dir='ltr'><strong>deponeret,</strong></span> <span class='ocrx_word' id='word_1_250' title='bbox 2462 2480 2742 2568; x_wconf 80' lang='lat' dir='ltr'><strong>supplex</strong></span> <span class='ocrx_word' id='word_1_251' title='bbox 2789 2477 2911 2546; x_wconf 83' lang='lat' dir='ltr'><strong>fuit</strong></span> <span class='ocrx_word' id='word_1_252' title='bbox 2955 2481 3124 2567; x_wconf 82' lang='lat' dir='ltr'><strong>apud</strong></span> <span class='ocrx_word' id='word_1_253' title='bbox 3166 2483 3230 2548; x_wconf 90' lang='lat' dir='ltr'><strong>S.</strong></span> <span class='ocrx_word' id='word_1_254' title='bbox 3259 2483 3334 2546; x_wconf 82' lang='lat' dir='ltr'><strong>R.</strong></span> <span class='ocrx_word' id='word_1_255' title='bbox 3363 2481 3435 2545; x_wconf 84' lang='lat' dir='ltr'><strong>G.</strong></span> 
     </span>
    </p>
   </div>
   <div class='ocr_carea' id='block_1_21' title="bbox 173 2562 3437 2657">
    <p class='ocr_par' dir='ltr' id='par_1_24' title="bbox 56 2535 3437 2657">
     <span class='ocr_line' id='line_1_49' title="bbox 173 2562 3437 2657; baseline 0.002 -28.792"><span class='ocrx_word' id='word_1_256' title='bbox 173 2562 349 2633; x_wconf 87' lang='lat' dir='ltr'><strong>tiones</strong></span> <span class='ocrx_word' id='word_1_257' title='bbox 394 2568 566 2635; x_wconf 88' lang='lat' dir='ltr'><strong>circa</strong></span> <span class='ocrx_word' id='word_1_258' title='bbox 610 2587 797 2634; x_wconf 90' lang='lat' dir='ltr'><strong>usum</strong></span> <span class='ocrx_word' id='word_1_259' title='bbox 849 2569 1209 2656; x_wconf 81' lang='lat' dir='ltr'><strong>privilegii,</strong></span> <span class='ocrx_word' id='word_1_260' title='bbox 1260 2569 1432 2654; x_wconf 90' lang='lat' dir='ltr'><strong>quod</strong></span> <span class='ocrx_word' id='word_1_261' title='bbox 1481 2589 1511 2635; x_wconf 89' lang='lat' dir='ltr'><strong>a</strong></span> <span class='ocrx_word' id='word_1_262' title='bbox 1562 2572 1743 2636; x_wconf 83' lang='lat' dir='ltr'><strong>Sacra</strong></span> <span class='ocrx_word' id='word_1_263' title='bbox 1846 2587 1968 2656; x_wconf 90' lang='lat' dir='ltr'><strong>pro</strong></span> <span class='ocrx_word' id='word_1_264' title='bbox 2001 2569 2436 2637; x_wconf 86' lang='lat' dir='ltr'><strong>declaratione</strong></span> <span class='ocrx_word' id='word_1_265' title='bbox 2482 2569 2805 2657; x_wconf 84' lang='lat' dir='ltr'><strong>sequentis</strong></span> <span class='ocrx_word' id='word_1_266' title='bbox 2853 2567 3060 2654; x_wconf 80' lang='lat' dir='ltr'><strong>dubii,</strong></span> <span class='ocrx_word' id='word_1_267' title='bbox 3093 2566 3437 2634; x_wconf 78' lang='lat' dir='ltr'><strong>videlicet:</strong></span> 
     </span>
    </p>
   </div>
   <div class='ocr_carea' id='block_1_22' title="bbox 56 2655 1747 2743">
    <p class='ocr_par' dir='ltr' id='par_1_25' title="bbox 56 2655 1747 2743">
     <span class='ocr_line' id='line_1_50' title="bbox 56 2655 1747 2743; baseline -0.002 -17"><span class='ocrx_word' id='word_1_268' title='bbox 56 2675 59 2726; x_wconf 59' lang='lat' dir='ltr'><strong>l</strong></span> <span class='ocrx_word' id='word_1_269' title='bbox 171 2655 661 2743; x_wconf 74' lang='lat' dir='ltr'><strong>congregatione</strong></span> <span class='ocrx_word' id='word_1_270' title='bbox 707 2656 971 2724; x_wconf 78' lang='lat' dir='ltr'><strong>concilii</strong></span> <span class='ocrx_word' id='word_1_271' title='bbox 1021 2657 1473 2725; x_wconf 86' lang='lat' dir='ltr'><strong>Sacerdotibus</strong></span> <span class='ocrx_word' id='word_1_272' title='bbox 1525 2677 1747 2723; x_wconf 88' lang='lat' dir='ltr'><strong>caecu-</strong></span> 
     </span>
    </p>
   </div>
   <div class='ocr_carea' id='block_1_23' title="bbox 172 2742 1745 2832">
    <p class='ocr_par' dir='ltr' id='par_1_26' title="bbox 172 2742 1745 2832">
     <span class='ocr_line' id='line_1_51' title="bbox 172 2742 1745 2832; baseline 0.004 -27"><span class='ocrx_word' id='word_1_273' title='bbox 172 2742 449 2811; x_wconf 79' lang='lat' dir='ltr'><strong>tientibus</strong></span> <span class='ocrx_word' id='word_1_274' title='bbox 498 2745 772 2811; x_wconf 82' lang='lat' dir='ltr'><strong>concedi</strong></span> <span class='ocrx_word' id='word_1_275' title='bbox 830 2746 1094 2830; x_wconf 85' lang='lat' dir='ltr'><strong>assolet,</strong></span> <span class='ocrx_word' id='word_1_276' title='bbox 1146 2765 1267 2832; x_wconf 89' lang='lat' dir='ltr'><strong>pro</strong></span> <span class='ocrx_word' id='word_1_277' title='bbox 1312 2744 1745 2828; x_wconf 63' lang='lat' dir='ltr'><strong>celebratione</strong></span> 
     </span>
    </p>
   </div>
   <div class='ocr_carea' id='block_1_24' title="bbox 56 2827 1751 3273">
    <p class='ocr_par' dir='ltr' id='par_1_27' title="bbox 56 2827 1751 3273">
     <span class='ocr_line' id='line_1_52' title="bbox 56 2827 1741 2914; baseline 0.004 -20"><span class='ocrx_word' id='word_1_278' title='bbox 56 2869 57 2902; x_wconf 62' lang='lat'>2</span> <span class='ocrx_word' id='word_1_279' title='bbox 169 2831 389 2898; x_wconf 81' lang='lat' dir='ltr'><strong>scilicet</strong></span> <span class='ocrx_word' id='word_1_280' title='bbox 435 2832 660 2899; x_wconf 69' lang='lat' dir='ltr'><strong>Missae</strong></span> <span class='ocrx_word' id='word_1_281' title='bbox 716 2832 980 2900; x_wconf 69' lang='lat' dir='ltr'><strong>votivae</strong></span> <span class='ocrx_word' id='word_1_282' title='bbox 1032 2834 1117 2900; x_wconf 89' lang='lat' dir='ltr'><strong>de</strong></span> <span class='ocrx_word' id='word_1_283' title='bbox 1152 2838 1227 2914; x_wconf 11' lang='grc' dir='ltr'><strong>(Β.</strong></span> <span class='ocrx_word' id='word_1_284' title='bbox 1279 2838 1359 2900; x_wconf 77' lang='grc' dir='ltr'><strong>Μ.</strong></span> <span class='ocrx_word' id='word_1_285' title='bbox 1411 2827 1503 2900; x_wconf 66' lang='lat' dir='ltr'><strong>V?</strong></span> <span class='ocrx_word' id='word_1_286' title='bbox 1543 2834 1741 2900; x_wconf 90' lang='lat' dir='ltr'><strong>omni-</strong></span> 
     </span>
     <span class='ocr_line' id='line_1_53' title="bbox 56 2916 1746 3008; baseline 0.004 -25"><span class='ocrx_word' id='word_1_287' title='bbox 56 2955 57 2983; x_wconf 62' lang='lat'>:</span> <span class='ocrx_word' id='word_1_288' title='bbox 170 2916 268 2985; x_wconf 83' lang='lat' dir='ltr'><strong>hus</strong></span> <span class='ocrx_word' id='word_1_289' title='bbox 306 2919 571 3006; x_wconf 83' lang='lat' dir='ltr'><strong>diebus,</strong></span> <span class='ocrx_word' id='word_1_290' title='bbox 606 2922 673 2989; x_wconf 92' lang='lat' dir='ltr'><strong>in</strong></span> <span class='ocrx_word' id='word_1_291' title='bbox 702 2919 939 3008; x_wconf 85' lang='lat' dir='ltr'><strong>quihus</strong></span> <span class='ocrx_word' id='word_1_292' title='bbox 972 2932 1266 2989; x_wconf 88' lang='lat' dir='ltr'><strong>occurrat</strong></span> <span class='ocrx_word' id='word_1_293' title='bbox 1296 2925 1552 2989; x_wconf 83' lang='lat' dir='ltr'><strong>Festum</strong></span> <span class='ocrx_word' id='word_1_294' title='bbox 1587 2922 1746 2989; x_wconf 85' lang='lat' dir='ltr'><strong>ritus</strong></span> 
     </span>
     <span class='ocr_line' id='line_1_54' title="bbox 56 3006 1747 3097; baseline 0.004 -25"><span class='ocrx_word' id='word_1_295' title='bbox 56 3038 59 3045; x_wconf 90' lang='lat'><em>·</em></span> <span class='ocrx_word' id='word_1_296' title='bbox 168 3006 362 3096; x_wconf 84' lang='lat' dir='ltr'><strong>dupl.;</strong></span> <span class='ocrx_word' id='word_1_297' title='bbox 385 3010 706 3077; x_wconf 78' lang='lat' dir='ltr'><strong>Sacerdos</strong></span> <span class='ocrx_word' id='word_1_298' title='bbox 729 3010 1078 3078; x_wconf 86' lang='lat' dir='ltr'><strong>Balthassar</strong></span> <span class='ocrx_word' id='word_1_299' title='bbox 1100 3010 1350 3097; x_wconf 87' lang='lat' dir='ltr'><strong>Gargia,</strong></span> <span class='ocrx_word' id='word_1_300' title='bbox 1380 3011 1479 3076; x_wconf 90' lang='lat' dir='ltr'><strong>cui</strong></span> <span class='ocrx_word' id='word_1_301' title='bbox 1508 3030 1586 3076; x_wconf 85' lang='lat' dir='ltr'><strong>ex</strong></span> <span class='ocrx_word' id='word_1_302' title='bbox 1611 3029 1747 3078; x_wconf 89' lang='lat' dir='ltr'><strong>mu·</strong></span> 
     </span>
     <span class='ocr_line' id='line_1_55' title="bbox 56 3097 1750 3183; baseline 0.001 -20"><span class='ocrx_word' id='word_1_303' title='bbox 56 3100 57 3163; x_wconf 65' lang='lat' dir='ltr'><strong>i</strong></span> <span class='ocrx_word' id='word_1_304' title='bbox 170 3114 307 3162; x_wconf 84' lang='lat' dir='ltr'><strong>nere</strong></span> <span class='ocrx_word' id='word_1_305' title='bbox 350 3098 533 3183; x_wconf 85' lang='lat' dir='ltr'><strong>quod</strong></span> <span class='ocrx_word' id='word_1_306' title='bbox 578 3097 853 3166; x_wconf 83' lang='lat' dir='ltr'><strong>sustinet</strong></span> <span class='ocrx_word' id='word_1_307' title='bbox 912 3099 1225 3165; x_wconf 81' lang='lat' dir='ltr'><strong>Praefecti</strong></span> <span class='ocrx_word' id='word_1_308' title='bbox 1289 3100 1477 3164; x_wconf 87' lang='lat' dir='ltr'><strong>sacris</strong></span> <span class='ocrx_word' id='word_1_309' title='bbox 1533 3118 1750 3165; x_wconf 89' lang='lat' dir='ltr'><strong>caere-</strong></span> 
     </span>
     <span class='ocr_line' id='line_1_56' title="bbox 56 3178 1751 3273; baseline 0.002 -25"><span class='ocrx_word' id='word_1_310' title='bbox 56 3178 59 3263; x_wconf 66' lang='grc' dir='ltr'><em>ζ</em></span> <span class='ocrx_word' id='word_1_311' title='bbox 166 3185 376 3252; x_wconf 89' lang='lat' dir='ltr'><strong>moniis</strong></span> <span class='ocrx_word' id='word_1_312' title='bbox 408 3186 477 3252; x_wconf 90' lang='lat' dir='ltr'><strong>in</strong></span> <span class='ocrx_word' id='word_1_313' title='bbox 508 3186 791 3253; x_wconf 85' lang='lat' dir='ltr'><strong>Ecclesia</strong></span> <span class='ocrx_word' id='word_1_314' title='bbox 821 3185 1185 3253; x_wconf 77' lang='lat' dir='ltr'><strong>cathedrali</strong></span> <span class='ocrx_word' id='word_1_315' title='bbox 1215 3187 1528 3271; x_wconf 69' lang='lat' dir='ltr'><strong>orielem,</strong></span> <span class='ocrx_word' id='word_1_316' title='bbox 1556 3206 1751 3273; x_wconf 85' lang='lat' dir='ltr'><strong>quae-</strong></span> 
     </span>
    </p>
   </div>
   <div class='ocr_carea' id='block_1_25' title="bbox 167 3271 1753 3360">
    <p class='ocr_par' dir='ltr' id='par_1_28' title="bbox 167 3271 1753 3360">
     <span class='ocr_line' id='line_1_57' title="bbox 167 3271 1753 3360; baseline 0.003 -24"><span class='ocrx_word' id='word_1_317' title='bbox 167 3271 385 3340; x_wconf 86' lang='lat' dir='ltr'><strong>stiones</strong></span> <span class='ocrx_word' id='word_1_318' title='bbox 436 3293 510 3340; x_wconf 90' lang='lat' dir='ltr'><strong>ea</strong></span> <span class='ocrx_word' id='word_1_319' title='bbox 559 3274 647 3340; x_wconf 86' lang='lat' dir='ltr'><strong>de</strong></span> <span class='ocrx_word' id='word_1_320' title='bbox 693 3292 767 3342; x_wconf 89' lang='lat' dir='ltr'><strong>re</strong></span> <span class='ocrx_word' id='word_1_321' title='bbox 804 3274 1189 3360; x_wconf 78' lang='lat' dir='ltr'><strong>offeruntur,</strong></span> <span class='ocrx_word' id='word_1_322' title='bbox 1227 3285 1299 3341; x_wconf 89' lang='lat' dir='ltr'><strong>ut</strong></span> <span class='ocrx_word' id='word_1_323' title='bbox 1332 3293 1437 3341; x_wconf 86' lang='lat' dir='ltr'><strong>eas</strong></span> <span class='ocrx_word' id='word_1_324' title='bbox 1470 3276 1753 3342; x_wconf 90' lang='lat' dir='ltr'><strong>enodare</strong></span> 
     </span>
    </p>
   </div>
   <div class='ocr_carea' id='block_1_26' title="bbox 56 3361 1749 3519">
    <p class='ocr_par' dir='ltr' id='par_1_29' title="bbox 56 3361 1749 3519">
     <span class='ocr_line' id='line_1_58' title="bbox 56 3361 1744 3449; baseline -0.001 -16"><span class='ocrx_word' id='word_1_325' title='bbox 56 3364 59 3433; x_wconf 78' lang='grc' dir='ltr'>ἰ</span> <span class='ocrx_word' id='word_1_326' title='bbox 167 3363 377 3444; x_wconf 83' lang='lat' dir='ltr'><strong>valeat,</strong></span> <span class='ocrx_word' id='word_1_327' title='bbox 428 3363 767 3448; x_wconf 84' lang='lat' dir='ltr'><strong>sequentia</strong></span> <span class='ocrx_word' id='word_1_328' title='bbox 815 3361 1008 3430; x_wconf 87' lang='lat' dir='ltr'><strong>dubia</strong></span> <span class='ocrx_word' id='word_1_329' title='bbox 1054 3363 1270 3428; x_wconf 82' lang='lat' dir='ltr'><strong>attulit</strong></span> <span class='ocrx_word' id='word_1_330' title='bbox 1301 3364 1379 3430; x_wconf 91' lang='lat' dir='ltr'><strong>ad</strong></span> <span class='ocrx_word' id='word_1_331' title='bbox 1428 3365 1493 3430; x_wconf 92' lang='lat' dir='ltr'><strong>S.</strong></span> <span class='ocrx_word' id='word_1_332' title='bbox 1531 3366 1608 3430; x_wconf 87' lang='lat' dir='ltr'><strong>R.</strong></span> <span class='ocrx_word' id='word_1_333' title='bbox 1642 3366 1744 3449; x_wconf 86' lang='lat' dir='ltr'><strong>C.,</strong></span> 
     </span>
     <span class='ocr_line' id='line_1_59' title="bbox 56 3448 1749 3519; baseline 0.002 -4"><span class='ocrx_word' id='word_1_334' title='bbox 56 3448 57 3467; x_wconf 19' lang='lat' dir='ltr'><strong>l</strong></span> <span class='ocrx_word' id='word_1_335' title='bbox 166 3448 492 3517; x_wconf 85' lang='lat' dir='ltr'><strong>humiliter</strong></span> <span class='ocrx_word' id='word_1_336' title='bbox 538 3451 617 3519; x_wconf 79' lang='lat' dir='ltr'><strong>ab</strong></span> <span class='ocrx_word' id='word_1_337' title='bbox 665 3451 893 3519; x_wconf 86' lang='lat' dir='ltr'><strong>eadem</strong></span> <span class='ocrx_word' id='word_1_338' title='bbox 940 3452 1199 3517; x_wconf 89' lang='lat' dir='ltr'><strong>illorum</strong></span> <span class='ocrx_word' id='word_1_339' title='bbox 1249 3451 1749 3519; x_wconf 81' lang='lat' dir='ltr'><strong>declarationem</strong></span> 
     </span>
    </p>
   </div>
   <div class='ocr_carea' id='block_1_27' title="bbox 165 3537 1753 3800">
    <p class='ocr_par' dir='ltr' id='par_1_30' title="bbox 165 3537 1753 3800">
     <span class='ocr_line' id='line_1_60' title="bbox 165 3537 1751 3692; baseline 0.001 -87"><span class='ocrx_word' id='word_1_340' title='bbox 165 3548 411 3692; x_wconf 56' lang='grc' dir='ltr'><strong>Ξοῖᾳιιε.</strong></span> <span class='ocrx_word' id='word_1_341' title='bbox 475 3537 677 3607; x_wconf 80' lang='lat' dir='ltr'><strong>Dubia</strong></span> <span class='ocrx_word' id='word_1_342' title='bbox 731 3551 947 3608; x_wconf 89' lang='lat' dir='ltr'><strong>autem</strong></span> <span class='ocrx_word' id='word_1_343' title='bbox 1010 3549 1161 3605; x_wconf 87' lang='lat' dir='ltr'><strong>sunt</strong></span> <span class='ocrx_word' id='word_1_344' title='bbox 1212 3539 1611 3626; x_wconf 90' lang='lat' dir='ltr'><strong>huiusmodi,</strong></span> <span class='ocrx_word' id='word_1_345' title='bbox 1660 3543 1751 3607; x_wconf 79' lang='lat' dir='ltr'><strong>vi-</strong></span> 
     </span>
     <span class='ocr_line' id='line_1_61' title="bbox 206 3637 1753 3800; baseline 0 -18"><span class='ocrx_word' id='word_1_346' title='bbox 206 3637 503 3782; x_wconf 52' lang='lat' dir='ltr'>01²:th</span> <span class='ocrx_word' id='word_1_347' title='bbox 550 3718 865 3785; x_wconf 86' lang='lat' dir='ltr'><strong>Sacerdos</strong></span> <span class='ocrx_word' id='word_1_348' title='bbox 916 3717 1316 3800; x_wconf 71' lang='lat' dir='ltr'><strong>caecutiens»,</strong></span> <span class='ocrx_word' id='word_1_349' title='bbox 1368 3736 1449 3784; x_wconf 84' lang='lat' dir='ltr'><strong>ex</strong></span> <span class='ocrx_word' id='word_1_350' title='bbox 1500 3717 1753 3784; x_wconf 91' lang='lat' dir='ltr'><strong>indulto</strong></span> 
     </span>
    </p>
   </div>
   <div class='ocr_carea' id='block_1_28' title="bbox 56 3804 1754 4075">
    <p class='ocr_par' dir='ltr' id='par_1_31' title="bbox 56 3804 1754 4075">
     <span class='ocr_line' id='line_1_62' title="bbox 56 3804 1753 3901; baseline 0.002 -34"><span class='ocrx_word' id='word_1_351' title='bbox 56 3842 57 3901; x_wconf 31' lang='grc' dir='ltr'><strong>ἶ</strong></span> <span class='ocrx_word' id='word_1_352' title='bbox 168 3804 521 3891; x_wconf 74' lang='lat' dir='ltr'><strong>Apostolico</strong></span> <span class='ocrx_word' id='word_1_353' title='bbox 569 3805 899 3873; x_wconf 87' lang='lat' dir='ltr'><strong>celebrare</strong></span> <span class='ocrx_word' id='word_1_354' title='bbox 932 3807 1154 3872; x_wconf 82' lang='lat' dir='ltr'><strong>valens</strong></span> <span class='ocrx_word' id='word_1_355' title='bbox 1185 3805 1426 3872; x_wconf 81' lang='lat' dir='ltr'><strong>Missam</strong></span> <span class='ocrx_word' id='word_1_356' title='bbox 1461 3804 1753 3872; x_wconf 69' lang='lat' dir='ltr'><strong>votivam</strong></span> 
     </span>
     <span class='ocr_line' id='line_1_63' title="bbox 56 3893 1754 3977; baseline 0.002 -20"><span class='ocrx_word' id='word_1_357' title='bbox 56 3908 59 3957; x_wconf 70' lang='lat' dir='ltr'><strong>r</strong></span> <span class='ocrx_word' id='word_1_358' title='bbox 170 3895 229 3955; x_wconf 83' lang='grc' dir='ltr'><strong>Β.</strong></span> <span class='ocrx_word' id='word_1_359' title='bbox 263 3896 343 3958; x_wconf 72' lang='grc' dir='ltr'><strong>Η.</strong></span> <span class='ocrx_word' id='word_1_360' title='bbox 384 3895 494 3977; x_wconf 83' lang='lat' dir='ltr'><strong>V.,</strong></span> <span class='ocrx_word' id='word_1_361' title='bbox 530 3902 831 3962; x_wconf 87' lang='lat' dir='ltr'><strong>teneatur</strong></span> <span class='ocrx_word' id='word_1_362' title='bbox 876 3893 941 3961; x_wconf 91' lang='lat' dir='ltr'><strong>in</strong></span> <span class='ocrx_word' id='word_1_363' title='bbox 992 3893 1287 3962; x_wconf 88' lang='lat' dir='ltr'><strong>eiusdem</strong></span> <span class='ocrx_word' id='word_1_364' title='bbox 1321 3893 1754 3961; x_wconf 86' lang='lat' dir='ltr'><strong>celebratione</strong></span> 
     </span>
     <span class='ocr_line' id='line_1_64' title="bbox 56 3977 1609 4075; baseline 0.001 -30"><span class='ocrx_word' id='word_1_365' title='bbox 56 4058 59 4075; x_wconf 20' lang='lat' dir='ltr'>L</span> <span class='ocrx_word' id='word_1_366' title='bbox 169 3977 335 4047; x_wconf 86' lang='lat' dir='ltr'><strong>indui</strong></span> <span class='ocrx_word' id='word_1_367' title='bbox 382 3984 774 4068; x_wconf 82' lang='lat' dir='ltr'><strong>paramentis</strong></span> <span class='ocrx_word' id='word_1_368' title='bbox 820 3982 1051 4049; x_wconf 85' lang='lat' dir='ltr'><strong>coloris</strong></span> <span class='ocrx_word' id='word_1_369' title='bbox 1095 3982 1384 4070; x_wconf 88' lang='lat' dir='ltr'><strong>praecise</strong></span> <span class='ocrx_word' id='word_1_370' title='bbox 1430 3979 1609 4050; x_wconf 82' lang='lat' dir='ltr'><strong>albi‘?</strong></span> 
     </span>
    </p>
   </div>
   <div class='ocr_carea' id='block_1_29' title="bbox 170 4070 1781 4246">
    <p class='ocr_par' dir='ltr' id='par_1_32' title="bbox 170 4070 1781 4246">
     <span class='ocr_line' id='line_1_65' title="bbox 285 4070 1781 4159; baseline 0.001 -25"><span class='ocrx_word' id='word_1_371' title='bbox 285 4074 351 4135; x_wconf 78' lang='lat'><strong>2.</strong></span> <span class='ocrx_word' id='word_1_372' title='bbox 403 4074 502 4137; x_wconf 77' lang='lat' dir='ltr'><strong>An</strong></span> <span class='ocrx_word' id='word_1_373' title='bbox 549 4070 783 4138; x_wconf 83' lang='lat' dir='ltr'><strong>debeat</strong></span> <span class='ocrx_word' id='word_1_374' title='bbox 818 4070 1139 4138; x_wconf 74' lang='lat' dir='ltr'><strong>ineadem</strong></span> <span class='ocrx_word' id='word_1_375' title='bbox 1170 4070 1347 4137; x_wconf 77' lang='lat' dir='ltr'><strong>Missa</strong></span> <span class='ocrx_word' id='word_1_376' title='bbox 1376 4071 1619 4159; x_wconf 76' lang='lat' dir='ltr'><strong>privata</strong></span> <span class='ocrx_word' id='word_1_377' title='bbox 1654 4090 1781 4135; x_wconf 89' lang='lat' dir='ltr'><strong>re·-</strong></span> 
     </span>
     <span class='ocr_line' id='line_1_66' title="bbox 170 4154 1757 4246; baseline 0.003 -27"><span class='ocrx_word' id='word_1_378' title='bbox 170 4154 355 4223; x_wconf 86' lang='lat' dir='ltr'><strong>citare</strong></span> <span class='ocrx_word' id='word_1_379' title='bbox 380 4157 750 4226; x_wconf 83' lang='lat' dir='ltr'><strong>Orationem</strong></span> <span class='ocrx_word' id='word_1_380' title='bbox 779 4158 979 4227; x_wconf 86' lang='lat' dir='ltr'><strong>Officii</strong></span> <span class='ocrx_word' id='word_1_381' title='bbox 1020 4158 1193 4225; x_wconf 85' lang='lat' dir='ltr'><strong>illius</strong></span> <span class='ocrx_word' id='word_1_382' title='bbox 1224 4158 1353 4227; x_wconf 89' lang='lat' dir='ltr'><strong>diei</strong></span> <span class='ocrx_word' id='word_1_383' title='bbox 1385 4169 1451 4226; x_wconf 91' lang='lat' dir='ltr'><strong>et</strong></span> <span class='ocrx_word' id='word_1_384' title='bbox 1481 4160 1757 4246; x_wconf 88' lang='lat' dir='ltr'><strong>Spiritus</strong></span> 
     </span>
    </p>
   </div>
   <div class='ocr_carea' id='block_1_30' title="bbox 56 4244 1758 4331">
    <p class='ocr_par' dir='ltr' id='par_1_33' title="bbox 56 4244 1758 4331">
     <span class='ocr_line' id='line_1_67' title="bbox 56 4244 1758 4331; baseline 0.001 -21"><span class='ocrx_word' id='word_1_385' title='bbox 56 4254 57 4319; x_wconf 71' lang='lat'>1</span> <span class='ocrx_word' id='word_1_386' title='bbox 171 4244 397 4331; x_wconf 84' lang='lat' dir='ltr'><strong>Sancti,</strong></span> <span class='ocrx_word' id='word_1_387' title='bbox 450 4256 516 4313; x_wconf 90' lang='lat' dir='ltr'><strong>et</strong></span> <span class='ocrx_word' id='word_1_388' title='bbox 562 4246 865 4314; x_wconf 73' lang='lat' dir='ltr'><strong>omittere</strong></span> <span class='ocrx_word' id='word_1_389' title='bbox 918 4246 1141 4314; x_wconf 77' lang='lat' dir='ltr'><strong>Gloria</strong></span> <span class='ocrx_word' id='word_1_390' title='bbox 1188 4251 1263 4312; x_wconf 84' lang='lat' dir='ltr'><strong>in</strong></span> <span class='ocrx_word' id='word_1_391' title='bbox 1309 4249 1576 4314; x_wconf 72' lang='lat' dir='ltr'><strong>eaecelsis</strong></span> <span class='ocrx_word' id='word_1_392' title='bbox 1631 4250 1758 4313; x_wconf 79' lang='lat' dir='ltr'><strong>Deo</strong></span> 
     </span>
    </p>
   </div>
   <div class='ocr_carea' id='block_1_31' title="bbox 56 4332 1767 5482">
    <p class='ocr_par' dir='ltr' id='par_1_34' title="bbox 173 4332 1131 4417">
     <span class='ocr_line' id='line_1_68' title="bbox 173 4332 1131 4417; baseline 0.006 -22"><span class='ocrx_word' id='word_1_393' title='bbox 173 4342 231 4396; x_wconf 92' lang='lat' dir='ltr'><strong>et</strong></span> <span class='ocrx_word' id='word_1_394' title='bbox 277 4335 496 4417; x_wconf 74' lang='lat' dir='ltr'><strong>Credo,</strong></span> <span class='ocrx_word' id='word_1_395' title='bbox 550 4333 726 4401; x_wconf 84' lang='lat' dir='ltr'><strong>iuxta</strong></span> <span class='ocrx_word' id='word_1_396' title='bbox 771 4332 1131 4402; x_wconf 80' lang='lat' dir='ltr'><strong>Rubricas‘?</strong></span> 
     </span>
    </p>

    <p class='ocr_par' dir='ltr' id='par_1_35' title="bbox 174 4422 1759 4671">
     <span class='ocr_line' id='line_1_69' title="bbox 295 4422 1754 4507; baseline 0 -19"><span class='ocrx_word' id='word_1_397' title='bbox 295 4425 357 4488; x_wconf 77' lang='lat'><strong>3.</strong></span> <span class='ocrx_word' id='word_1_398' title='bbox 404 4427 503 4490; x_wconf 74' lang='lat' dir='ltr'><strong>An</strong></span> <span class='ocrx_word' id='word_1_399' title='bbox 556 4424 697 4489; x_wconf 80' lang='lat' dir='ltr'><strong>talis</strong></span> <span class='ocrx_word' id='word_1_400' title='bbox 743 4424 1078 4507; x_wconf 67' lang='lat' dir='ltr'><strong>Sacerdos»,</strong></span> <span class='ocrx_word' id='word_1_401' title='bbox 1128 4442 1272 4490; x_wconf 88' lang='lat' dir='ltr'><strong>cum</strong></span> <span class='ocrx_word' id='word_1_402' title='bbox 1308 4422 1647 4491; x_wconf 82' lang='lat' dir='ltr'><strong>devenerit</strong></span> <span class='ocrx_word' id='word_1_403' title='bbox 1678 4422 1754 4488; x_wconf 92' lang='lat' dir='ltr'><strong>ad</strong></span> 
     </span>
     <span class='ocr_line' id='line_1_70' title="bbox 175 4509 1759 4600; baseline 0.004 -29"><span class='ocrx_word' id='word_1_404' title='bbox 175 4509 597 4578; x_wconf 81' lang='lat' dir='ltr'><strong>omnimodam</strong></span> <span class='ocrx_word' id='word_1_405' title='bbox 645 4511 1044 4595; x_wconf 86' lang='lat' dir='ltr'><strong>caecitatem,</strong></span> <span class='ocrx_word' id='word_1_406' title='bbox 1094 4513 1292 4598; x_wconf 88' lang='lat' dir='ltr'><strong>possit</strong></span> <span class='ocrx_word' id='word_1_407' title='bbox 1332 4512 1510 4579; x_wconf 90' lang='lat' dir='ltr'><strong>licite</strong></span> <span class='ocrx_word' id='word_1_408' title='bbox 1542 4530 1759 4600; x_wconf 90' lang='lat' dir='ltr'><strong>perse-</strong></span> 
     </span>
     <span class='ocr_line' id='line_1_71' title="bbox 174 4598 1311 4671; baseline 0.007 -12"><span class='ocrx_word' id='word_1_409' title='bbox 174 4614 384 4666; x_wconf 75' lang='lat' dir='ltr'><strong>verare</strong></span> <span class='ocrx_word' id='word_1_410' title='bbox 432 4600 503 4666; x_wconf 92' lang='lat' dir='ltr'><strong>in</strong></span> <span class='ocrx_word' id='word_1_411' title='bbox 552 4599 990 4671; x_wconf 85' lang='lat' dir='ltr'><strong>celebratione</strong></span> <span class='ocrx_word' id='word_1_412' title='bbox 1037 4598 1311 4667; x_wconf 73' lang='lat' dir='ltr'><strong>nissae?</strong></span> 
     </span>
    </p>

    <p class='ocr_par' dir='ltr' id='par_1_36' title="bbox 174 4687 1763 4951">
     <span class='ocr_line' id='line_1_72' title="bbox 298 4687 1757 4777; baseline 0.001 -24"><span class='ocrx_word' id='word_1_413' title='bbox 298 4688 354 4753; x_wconf 72' lang='lat' dir='ltr'><strong>t.</strong></span> <span class='ocrx_word' id='word_1_414' title='bbox 408 4694 509 4755; x_wconf 73' lang='lat' dir='ltr'><strong>An</strong></span> <span class='ocrx_word' id='word_1_415' title='bbox 568 4687 970 4756; x_wconf 83' lang='lat' dir='ltr'><strong>conditiones</strong></span> <span class='ocrx_word' id='word_1_416' title='bbox 1023 4687 1350 4777; x_wconf 90' lang='lat' dir='ltr'><strong>appositae</strong></span> <span class='ocrx_word' id='word_1_417' title='bbox 1414 4689 1479 4755; x_wconf 91' lang='lat' dir='ltr'><strong>in</strong></span> <span class='ocrx_word' id='word_1_418' title='bbox 1542 4689 1757 4756; x_wconf 84' lang='lat' dir='ltr'><strong>huius·</strong></span> 
     </span>
     <span class='ocr_line' id='line_1_73' title="bbox 174 4774 1763 4864; baseline 0.004 -26"><span class='ocrx_word' id='word_1_419' title='bbox 174 4774 337 4841; x_wconf 87' lang='lat' dir='ltr'><strong>modi</strong></span> <span class='ocrx_word' id='word_1_420' title='bbox 397 4775 759 4864; x_wconf 77' lang='lat' dir='ltr'><strong>privilegiis</strong></span> <span class='ocrx_word' id='word_1_421' title='bbox 819 4777 949 4845; x_wconf 89' lang='lat' dir='ltr'><strong>sint</strong></span> <span class='ocrx_word' id='word_1_422' title='bbox 1001 4794 1219 4843; x_wconf 89' lang='lat' dir='ltr'><strong>merae</strong></span> <span class='ocrx_word' id='word_1_423' title='bbox 1277 4777 1644 4844; x_wconf 87' lang='lat' dir='ltr'><strong>ritualitatis</strong></span> <span class='ocrx_word' id='word_1_424' title='bbox 1698 4790 1763 4844; x_wconf 90' lang='lat' dir='ltr'><strong>et</strong></span> 
     </span>
     <span class='ocr_line' id='line_1_74' title="bbox 174 4861 1576 4951; baseline 0.008 -29"><span class='ocrx_word' id='word_1_425' title='bbox 174 4861 355 4947; x_wconf 78' lang='lat' dir='ltr'><strong>styli3</strong></span> <span class='ocrx_word' id='word_1_426' title='bbox 404 4865 511 4930; x_wconf 77' lang='lat' dir='ltr'><strong>vel</strong></span> <span class='ocrx_word' id='word_1_427' title='bbox 562 4863 976 4951; x_wconf 82' lang='lat' dir='ltr'><strong>obligatorias</strong></span> <span class='ocrx_word' id='word_1_428' title='bbox 1026 4864 1089 4931; x_wconf 92' lang='lat' dir='ltr'><strong>in</strong></span> <span class='ocrx_word' id='word_1_429' title='bbox 1135 4865 1576 4933; x_wconf 74' lang='lat' dir='ltr'><strong>conscientia?</strong></span> 
     </span>
    </p>

    <p class='ocr_par' dir='ltr' id='par_1_37' title="bbox 56 4954 1767 5482">
     <span class='ocr_line' id='line_1_75' title="bbox 298 4954 1761 5040; baseline 0.001 -22"><span class='ocrx_word' id='word_1_430' title='bbox 298 4954 374 5019; x_wconf 86' lang='lat' dir='ltr'><strong>Et</strong></span> <span class='ocrx_word' id='word_1_431' title='bbox 426 4955 496 5019; x_wconf 90' lang='grc'><strong>8.</strong></span> <span class='ocrx_word' id='word_1_432' title='bbox 539 4957 619 5021; x_wconf 80' lang='lat' dir='ltr'><strong>R.</strong></span> <span class='ocrx_word' id='word_1_433' title='bbox 669 4956 772 5037; x_wconf 88' lang='lat' dir='ltr'><strong>C.,</strong></span> <span class='ocrx_word' id='word_1_434' title='bbox 822 4972 1139 5040; x_wconf 84' lang='lat' dir='ltr'><strong>perpensa</strong></span> <span class='ocrx_word' id='word_1_435' title='bbox 1199 4954 1377 5040; x_wconf 87' lang='lat' dir='ltr'><strong>prius</strong></span> <span class='ocrx_word' id='word_1_436' title='bbox 1443 4955 1633 5022; x_wconf 82' lang='lat' dir='ltr'><strong>unius</strong></span> <span class='ocrx_word' id='word_1_437' title='bbox 1680 4973 1761 5020; x_wconf 84' lang='lat' dir='ltr'><strong>ex</strong></span> 
     </span>
     <span class='ocr_line' id='line_1_76' title="bbox 177 5036 1767 5127; baseline 0.005 -26"><span class='ocrx_word' id='word_1_438' title='bbox 177 5036 678 5123; x_wconf 78' lang='lat' dir='ltr'><strong>Apostolicarum</strong></span> <span class='ocrx_word' id='word_1_439' title='bbox 703 5042 1264 5108; x_wconf 82' lang='lat' dir='ltr'><strong>caeremoniarum</strong></span> <span class='ocrx_word' id='word_1_440' title='bbox 1291 5042 1598 5127; x_wconf 70' lang='lat' dir='ltr'><strong>Magistris</strong></span> <span class='ocrx_word' id='word_1_441' title='bbox 1621 5062 1767 5109; x_wconf 89' lang='lat' dir='ltr'><strong>sen-</strong></span> 
     </span>
     <span class='ocr_line' id='line_1_77' title="bbox 180 5128 1767 5218; baseline 0.006 -31"><span class='ocrx_word' id='word_1_442' title='bbox 180 5128 365 5195; x_wconf 80' lang='lat' dir='ltr'><strong>tentia</strong></span> <span class='ocrx_word' id='word_1_443' title='bbox 410 5129 652 5215; x_wconf 88' lang='lat' dir='ltr'><strong>scripto</strong></span> <span class='ocrx_word' id='word_1_444' title='bbox 698 5140 954 5196; x_wconf 82' lang='lat' dir='ltr'><strong>exarata</strong></span> <span class='ocrx_word' id='word_1_445' title='bbox 1002 5141 1067 5195; x_wconf 93' lang='lat' dir='ltr'><strong>et</strong></span> <span class='ocrx_word' id='word_1_446' title='bbox 1118 5129 1283 5218; x_wconf 77' lang='lat' dir='ltr'><strong>typis</strong></span> <span class='ocrx_word' id='word_1_447' title='bbox 1340 5133 1528 5197; x_wconf 88' lang='lat' dir='ltr'><strong>etiam</strong></span> <span class='ocrx_word' id='word_1_448' title='bbox 1585 5132 1767 5198; x_wconf 73' lang='lat' dir='ltr'><strong>evul-</strong></span> 
     </span>
     <span class='ocr_line' id='line_1_78' title="bbox 178 5219 1766 5299; baseline 0.005 -22"><span class='ocrx_word' id='word_1_449' title='bbox 178 5223 339 5299; x_wconf 76' lang='lat' dir='ltr'><strong>gata,</strong></span> <span class='ocrx_word' id='word_1_450' title='bbox 373 5237 441 5285; x_wconf 84' lang='lat' dir='ltr'><strong>ac</strong></span> <span class='ocrx_word' id='word_1_451' title='bbox 470 5220 800 5286; x_wconf 75' lang='lat' dir='ltr'><strong>referente</strong></span> <span class='ocrx_word' id='word_1_452' title='bbox 840 5222 999 5284; x_wconf 76' lang='lat' dir='ltr'><strong>Emo</strong></span> <span class='ocrx_word' id='word_1_453' title='bbox 1033 5230 1099 5285; x_wconf 90' lang='lat' dir='ltr'><strong>et</strong></span> <span class='ocrx_word' id='word_1_454' title='bbox 1125 5222 1284 5287; x_wconf 73' lang='lat' dir='ltr'><strong>Rmo</strong></span> <span class='ocrx_word' id='word_1_455' title='bbox 1320 5219 1587 5286; x_wconf 86' lang='lat' dir='ltr'><strong>Domino</strong></span> <span class='ocrx_word' id='word_1_456' title='bbox 1618 5223 1766 5286; x_wconf 86' lang='lat' dir='ltr'><strong>Car·</strong></span> 
     </span>
     <span class='ocr_line' id='line_1_79' title="bbox 56 5298 1767 5396; baseline 0.004 -30"><span class='ocrx_word' id='word_1_457' title='bbox 56 5378 57 5395; x_wconf 43' lang='lat'><em>÷</em></span> <span class='ocrx_word' id='word_1_458' title='bbox 185 5298 372 5371; x_wconf 87' lang='lat' dir='ltr'><strong>dinali</strong></span> <span class='ocrx_word' id='word_1_459' title='bbox 418 5305 692 5373; x_wconf 79' lang='lat' dir='ltr'><strong>Antonio</strong></span> <span class='ocrx_word' id='word_1_460' title='bbox 740 5307 826 5373; x_wconf 90' lang='lat' dir='ltr'><strong>de</strong></span> <span class='ocrx_word' id='word_1_461' title='bbox 872 5305 1063 5373; x_wconf 80' lang='lat' dir='ltr'><strong>Auria</strong></span> <span class='ocrx_word' id='word_1_462' title='bbox 1097 5309 1406 5393; x_wconf 87' lang='lat' dir='ltr'><strong>Ponente,</strong></span> <span class='ocrx_word' id='word_1_463' title='bbox 1441 5308 1767 5396; x_wconf 81' lang='lat' dir='ltr'><strong>rescripsit</strong></span> 
     </span>
     <span class='ocr_line' id='line_1_80' title="bbox 56 5390 823 5482; baseline 0.012 -32"><span class='ocrx_word' id='word_1_464' title='bbox 56 5400 57 5421; x_wconf 64' lang='lat'>¹</span> <span class='ocrx_word' id='word_1_465' title='bbox 192 5397 265 5453; x_wconf 87' lang='lat' dir='ltr'><strong>ut</strong></span> <span class='ocrx_word' id='word_1_466' title='bbox 308 5390 489 5478; x_wconf 81' lang='lat' dir='ltr'><strong>infra,</strong></span> <span class='ocrx_word' id='word_1_467' title='bbox 536 5413 823 5482; x_wconf 82' lang='lat' dir='ltr'><strong>nempe:</strong></span> 
     </span>
    </p>
   </div>
   <div class='ocr_carea' id='block_1_32' title="bbox 395 5533 1507 5582">
    <p class='ocr_par' dir='ltr' id='par_1_38' title="bbox 395 5533 1507 5582">
     <span class='ocr_line' id='line_1_81' title="bbox 395 5533 1507 5582; baseline -0.002 -1"><span class='ocrx_word' id='word_1_468' title='bbox 395 5534 609 5582; x_wconf 68' lang='lat' dir='ltr'><strong>necrot-</strong></span> <span class='ocrx_word' id='word_1_469' title='bbox 636 5533 955 5580; x_wconf 72' lang='lat' dir='ltr'><strong>Authentiee</strong></span> <span class='ocrx_word' id='word_1_470' title='bbox 982 5536 1030 5580; x_wconf 77' lang='grc' dir='ltr'><strong>Β.</strong></span> <span class='ocrx_word' id='word_1_471' title='bbox 1060 5536 1119 5580; x_wconf 76' lang='lat' dir='ltr'><strong>R.</strong></span> <span class='ocrx_word' id='word_1_472' title='bbox 1151 5538 1200 5581; x_wconf 85' lang='lat' dir='ltr'><strong>c.</strong></span> <span class='ocrx_word' id='word_1_473' title='bbox 1228 5557 1282 5569; x_wconf 90' lang='lat'>-</span> <span class='ocrx_word' id='word_1_474' title='bbox 1307 5534 1418 5581; x_wconf 75' lang='lat' dir='ltr'><strong>vol.</strong></span> <span class='ocrx_word' id='word_1_475' title='bbox 1445 5538 1507 5581; x_wconf 89' lang='lat'><strong>11.</strong></span> 
     </span>
    </p>
   </div>
   <div class='ocr_carea' id='block_1_33' title="bbox 1850 2655 3540 3541">
    <p class='ocr_par' dir='ltr' id='par_1_39' title="bbox 1850 2655 3540 3098">
     <span class='ocr_line' id='line_1_82' title="bbox 1851 2655 3438 2725; baseline 0 -4"><span class='ocrx_word' id='word_1_476' title='bbox 1851 2659 1947 2724; x_wconf 81' lang='lat' dir='ltr'><strong>An</strong></span> <span class='ocrx_word' id='word_1_477' title='bbox 1996 2658 2182 2723; x_wconf 87' lang='lat' dir='ltr'><strong>liceat</strong></span> <span class='ocrx_word' id='word_1_478' title='bbox 2229 2656 2293 2723; x_wconf 90' lang='lat' dir='ltr'><strong>in</strong></span> <span class='ocrx_word' id='word_1_479' title='bbox 2340 2657 2607 2725; x_wconf 84' lang='lat' dir='ltr'><strong>Sabbato</strong></span> <span class='ocrx_word' id='word_1_480' title='bbox 2640 2658 2867 2725; x_wconf 88' lang='lat' dir='ltr'><strong>Sancto</strong></span> <span class='ocrx_word' id='word_1_481' title='bbox 2900 2655 3070 2722; x_wconf 89' lang='lat' dir='ltr'><strong>inter</strong></span> <span class='ocrx_word' id='word_1_482' title='bbox 3115 2657 3438 2722; x_wconf 73' lang='lat' dir='ltr'><strong>Missamm</strong></span> 
     </span>
     <span class='ocr_line' id='line_1_83' title="bbox 1850 2743 3445 2812; baseline -0.002 -1"><span class='ocrx_word' id='word_1_483' title='bbox 1850 2745 2160 2812; x_wconf 91' lang='lat' dir='ltr'><strong>solemnia</strong></span> <span class='ocrx_word' id='word_1_484' title='bbox 2194 2747 2444 2812; x_wconf 79' lang='lat' dir='ltr'><strong>Sacram</strong></span> <span class='ocrx_word' id='word_1_485' title='bbox 2477 2745 2936 2812; x_wconf 86' lang='lat' dir='ltr'><strong>Eucharistiam</strong></span> <span class='ocrx_word' id='word_1_486' title='bbox 2984 2743 3287 2811; x_wconf 84' lang='lat' dir='ltr'><strong>fidelibus</strong></span> <span class='ocrx_word' id='word_1_487' title='bbox 3318 2743 3445 2809; x_wconf 88' lang='lat' dir='ltr'><strong>dis-</strong></span> 
     </span>
     <span class='ocr_line' id='line_1_84' title="bbox 1854 2833 3445 2923; baseline -0.002 -24"><span class='ocrx_word' id='word_1_488' title='bbox 1854 2835 2165 2918; x_wconf 89' lang='lat' dir='ltr'><strong>tribuere,</strong></span> <span class='ocrx_word' id='word_1_489' title='bbox 2201 2843 2266 2899; x_wconf 89' lang='lat' dir='ltr'><strong>et</strong></span> <span class='ocrx_word' id='word_1_490' title='bbox 2311 2852 2464 2900; x_wconf 92' lang='lat' dir='ltr'><strong>num</strong></span> <span class='ocrx_word' id='word_1_491' title='bbox 2515 2854 2634 2923; x_wconf 91' lang='lat' dir='ltr'><strong>per</strong></span> <span class='ocrx_word' id='word_1_492' title='bbox 2676 2834 2969 2901; x_wconf 88' lang='lat' dir='ltr'><strong>eamdem</strong></span> <span class='ocrx_word' id='word_1_493' title='bbox 3009 2833 3445 2921; x_wconf 85' lang='lat' dir='ltr'><strong>sumptionem</strong></span> 
     </span>
     <span class='ocr_line' id='line_1_85' title="bbox 1851 2919 3540 3009; baseline -0.003 -20"><span class='ocrx_word' id='word_1_494' title='bbox 1851 2941 2062 2989; x_wconf 86' lang='lat' dir='ltr'><strong>sacrae</strong></span> <span class='ocrx_word' id='word_1_495' title='bbox 2125 2921 2605 2989; x_wconf 82' lang='lat' dir='ltr'><strong>communionis</strong></span> <span class='ocrx_word' id='word_1_496' title='bbox 2656 2931 3080 3009; x_wconf 88' lang='lat' dir='ltr'><strong>praeceptum</strong></span> <span class='ocrx_word' id='word_1_497' title='bbox 3152 2919 3448 2987; x_wconf 82' lang='lat' dir='ltr'><strong>Paschale</strong></span> <span class='ocrx_word' id='word_1_498' title='bbox 3531 2919 3540 2927; x_wconf 82' lang='grc'><strong><em>’</em></strong></span> 
     </span>
     <span class='ocr_line' id='line_1_86' title="bbox 1851 3009 2338 3098; baseline 0.002 -22"><span class='ocrx_word' id='word_1_499' title='bbox 1851 3011 2282 3098; x_wconf 88' lang='lat' dir='ltr'><strong>adimpleatur</strong></span> <span class='ocrx_word' id='word_1_500' title='bbox 2304 3009 2338 3076; x_wconf 73' lang='grc' dir='ltr'><strong>ἰ’</strong></span> 
     </span>
    </p>

    <p class='ocr_par' dir='ltr' id='par_1_40' title="bbox 1850 3097 3448 3541">
     <span class='ocr_line' id='line_1_87' title="bbox 1984 3097 3442 3186; baseline -0.003 -21"><span class='ocrx_word' id='word_1_501' title='bbox 1984 3103 2065 3165; x_wconf 90' lang='lat' dir='ltr'><strong>Et</strong></span> <span class='ocrx_word' id='word_1_502' title='bbox 2112 3102 2181 3166; x_wconf 89' lang='lat' dir='ltr'><strong>S.</strong></span> <span class='ocrx_word' id='word_1_503' title='bbox 2212 3103 2288 3166; x_wconf 86' lang='lat' dir='ltr'><strong>R.</strong></span> <span class='ocrx_word' id='word_1_504' title='bbox 2323 3103 2429 3182; x_wconf 87' lang='lat' dir='ltr'><strong>C.,</strong></span> <span class='ocrx_word' id='word_1_505' title='bbox 2464 3098 2680 3165; x_wconf 85' lang='lat' dir='ltr'><strong>audite</strong></span> <span class='ocrx_word' id='word_1_506' title='bbox 2711 3099 2896 3186; x_wconf 84' lang='lat' dir='ltr'><strong>prius</strong></span> <span class='ocrx_word' id='word_1_507' title='bbox 2943 3107 3094 3164; x_wconf 81' lang='lat' dir='ltr'><strong>voto</strong></span> <span class='ocrx_word' id='word_1_508' title='bbox 3141 3097 3332 3164; x_wconf 90' lang='lat' dir='ltr'><strong>unius</strong></span> <span class='ocrx_word' id='word_1_509' title='bbox 3364 3116 3442 3162; x_wconf 86' lang='lat' dir='ltr'><strong>ex</strong></span> 
     </span>
     <span class='ocr_line' id='line_1_88' title="bbox 1850 3185 3446 3275; baseline -0.004 -21"><span class='ocrx_word' id='word_1_510' title='bbox 1850 3185 2359 3275; x_wconf 82' lang='lat' dir='ltr'><strong>Apostolicarum</strong></span> <span class='ocrx_word' id='word_1_511' title='bbox 2388 3187 2948 3254; x_wconf 76' lang='lat' dir='ltr'><strong>caeremoniarum</strong></span> <span class='ocrx_word' id='word_1_512' title='bbox 2975 3185 3310 3272; x_wconf 79' lang='lat' dir='ltr'><strong>Magistris,</strong></span> <span class='ocrx_word' id='word_1_513' title='bbox 3337 3185 3446 3270; x_wconf 86' lang='lat' dir='ltr'><strong>qui</strong></span> 
     </span>
     <span class='ocr_line' id='line_1_89' title="bbox 1853 3274 3448 3362; baseline -0.003 -21"><span class='ocrx_word' id='word_1_514' title='bbox 1853 3276 2094 3362; x_wconf 88' lang='lat' dir='ltr'><strong>scripto</strong></span> <span class='ocrx_word' id='word_1_515' title='bbox 2141 3294 2319 3341; x_wconf 90' lang='lat' dir='ltr'><strong>suam</strong></span> <span class='ocrx_word' id='word_1_516' title='bbox 2371 3274 2750 3342; x_wconf 89' lang='lat' dir='ltr'><strong>sententiam</strong></span> <span class='ocrx_word' id='word_1_517' title='bbox 2802 3274 3098 3362; x_wconf 90' lang='lat' dir='ltr'><strong>protulit,</strong></span> <span class='ocrx_word' id='word_1_518' title='bbox 3147 3292 3269 3339; x_wconf 89' lang='lat' dir='ltr'><strong>nec</strong></span> <span class='ocrx_word' id='word_1_519' title='bbox 3317 3290 3448 3338; x_wconf 90' lang='lat' dir='ltr'><strong>non</strong></span> 
     </span>
     <span class='ocr_line' id='line_1_90' title="bbox 1856 3358 3447 3431; baseline -0.002 -3"><span class='ocrx_word' id='word_1_520' title='bbox 1856 3363 2177 3431; x_wconf 78' lang='lat' dir='ltr'><strong>referente</strong></span> <span class='ocrx_word' id='word_1_521' title='bbox 2218 3367 2379 3429; x_wconf 78' lang='lat' dir='ltr'><strong>Emo</strong></span> <span class='ocrx_word' id='word_1_522' title='bbox 2415 3375 2479 3429; x_wconf 91' lang='lat' dir='ltr'><strong>et</strong></span> <span class='ocrx_word' id='word_1_523' title='bbox 2512 3368 2668 3431; x_wconf 76' lang='lat' dir='ltr'><strong>Rffio</strong></span> <span class='ocrx_word' id='word_1_524' title='bbox 2701 3369 2775 3430; x_wconf 91' lang='lat' dir='ltr'><strong>D.</strong></span> <span class='ocrx_word' id='word_1_525' title='bbox 2812 3363 3001 3429; x_wconf 85' lang='lat' dir='ltr'><strong>Card.</strong></span> <span class='ocrx_word' id='word_1_526' title='bbox 3037 3358 3300 3428; x_wconf 78' lang='lat' dir='ltr'><strong>crivelli</strong></span> <span class='ocrx_word' id='word_1_527' title='bbox 3333 3360 3447 3425; x_wconf 86' lang='lat' dir='ltr'><strong>Po-</strong></span> 
     </span>
     <span class='ocr_line' id='line_1_91' title="bbox 1855 3449 3444 3541; baseline -0.004 -23"><span class='ocrx_word' id='word_1_528' title='bbox 1855 3456 2076 3535; x_wconf 86' lang='lat' dir='ltr'><strong>uente,</strong></span> <span class='ocrx_word' id='word_1_529' title='bbox 2114 3452 2483 3541; x_wconf 84' lang='lat' dir='ltr'><strong>respondit:</strong></span> <span class='ocrx_word' id='word_1_530' title='bbox 2510 3473 2548 3517; x_wconf 83' lang='lat'>‹</span> <span class='ocrx_word' id='word_1_531' title='bbox 2570 3449 2965 3519; x_wconf 76' lang='lat' dir='ltr'><strong>Affirmative</strong></span> <span class='ocrx_word' id='word_1_532' title='bbox 2989 3450 3054 3516; x_wconf 90' lang='lat' dir='ltr'><strong>in</strong></span> <span class='ocrx_word' id='word_1_533' title='bbox 3080 3458 3356 3534; x_wconf 83' lang='lat' dir='ltr'><strong>utroque</strong></span> <span class='ocrx_word' id='word_1_534' title='bbox 3379 3468 3444 3512; x_wconf 62' lang='grc' dir='ltr'><strong>ι.</strong></span> 
     </span>
    </p>
   </div>
   <div class='ocr_carea' id='block_1_34' title="bbox 1781 3540 2705 3635">
    <p class='ocr_par' dir='ltr' id='par_1_41' title="bbox 1781 3540 2705 3635">
     <span class='ocr_line' id='line_1_92' title="bbox 1781 3540 2705 3635; baseline 0.001 -30"><span class='ocrx_word' id='word_1_535' title='bbox 1781 3548 1789 3556; x_wconf 90' lang='grc'><em>·</em></span> <span class='ocrx_word' id='word_1_536' title='bbox 1854 3540 1968 3635; x_wconf 74' lang='lat' dir='ltr'><strong>oie</strong></span> <span class='ocrx_word' id='word_1_537' title='bbox 2017 3543 2101 3606; x_wconf 77' lang='lat'><strong>22</strong></span> <span class='ocrx_word' id='word_1_538' title='bbox 2151 3540 2350 3607; x_wconf 69' lang='lat' dir='ltr'><strong>martii</strong></span> <span class='ocrx_word' id='word_1_539' title='bbox 2404 3544 2597 3609; x_wconf 79' lang='lat'><strong>1806.</strong></span> <span class='ocrx_word' id='word_1_540' title='bbox 2699 3548 2705 3559; x_wconf 93' lang='lat'>·</span> 
     </span>
    </p>
   </div>
   <div class='ocr_carea' id='block_1_35' title="bbox 2439 3684 2874 3752">
    <p class='ocr_par' dir='ltr' id='par_1_42' title="bbox 2439 3684 2874 3752">
     <span class='ocr_line' id='line_1_93' title="bbox 2439 3684 2874 3752; baseline 0 -3"><span class='ocrx_word' id='word_1_541' title='bbox 2439 3684 2874 3752; x_wconf 78' lang='lat' dir='ltr'><strong>TOLETANA.</strong></span> 
     </span>
    </p>
   </div>
   <div class='ocr_carea' id='block_1_36' title="bbox 1857 3678 3449 3769">
    <p class='ocr_par' dir='ltr' id='par_1_43' title="bbox 1857 3678 3449 3769">
     <span class='ocr_line' id='line_1_94' title="bbox 1857 3678 3449 3769; baseline -0.003 -16"><span class='ocrx_word' id='word_1_542' title='bbox 1857 3685 2118 3753; x_wconf 81' lang='lat'><strong>2562.</strong></span> <span class='ocrx_word' id='word_1_543' title='bbox 3223 3678 3449 3769; x_wconf 73' lang='grc'>(4503)</span> 
     </span>
    </p>
   </div>
   <div class='ocr_carea' id='block_1_37' title="bbox 1854 3801 3488 3981">
    <p class='ocr_par' dir='ltr' id='par_1_44' title="bbox 1854 3801 3488 3981">
     <span class='ocr_line' id='line_1_95' title="bbox 1988 3801 3454 3889; baseline -0.004 -14"><span class='ocrx_word' id='word_1_544' title='bbox 1988 3812 2152 3875; x_wconf 85' lang='lat' dir='ltr'><strong>Cum</strong></span> <span class='ocrx_word' id='word_1_545' title='bbox 2200 3805 2530 3874; x_wconf 86' lang='lat' dir='ltr'><strong>Sacerdoti</strong></span> <span class='ocrx_word' id='word_1_546' title='bbox 2589 3804 2993 3872; x_wconf 85' lang='lat' dir='ltr'><strong>Emmanueli</strong></span> <span class='ocrx_word' id='word_1_547' title='bbox 3056 3801 3454 3889; x_wconf 70' lang='lat' dir='ltr'><strong>Dominquez</strong></span> 
     </span>
     <span class='ocr_line' id='line_1_96' title="bbox 1854 3892 3488 3981; baseline -0.004 -18"><span class='ocrx_word' id='word_1_548' title='bbox 1854 3894 2105 3963; x_wconf 82' lang='lat' dir='ltr'><strong>Ordinis</strong></span> <span class='ocrx_word' id='word_1_549' title='bbox 2153 3894 2551 3963; x_wconf 82' lang='lat' dir='ltr'><strong>clericorum</strong></span> <span class='ocrx_word' id='word_1_550' title='bbox 2597 3894 2935 3977; x_wconf 68' lang='lat' dir='ltr'><strong>minorum,</strong></span> <span class='ocrx_word' id='word_1_551' title='bbox 2987 3902 3214 3981; x_wconf 79' lang='lat' dir='ltr'><strong>utpote</strong></span> <span class='ocrx_word' id='word_1_552' title='bbox 3259 3892 3488 3979; x_wconf 39' lang='lat' dir='ltr'><strong>Magi-x</strong></span> 
     </span>
    </p>
   </div>
   <div class='ocr_carea' id='block_1_38' title="bbox 1777 3970 3454 4050">
    <p class='ocr_par' dir='ltr' id='par_1_45' title="bbox 1777 3970 3454 4050">
     <span class='ocr_line' id='line_1_97' title="bbox 1777 3970 3454 4050; baseline -0.003 -1"><span class='ocrx_word' id='word_1_553' title='bbox 1777 3976 1791 3989; x_wconf 85' lang='grc'><strong>“</strong></span> <span class='ocrx_word' id='word_1_554' title='bbox 1855 3994 1988 4049; x_wconf 92' lang='lat' dir='ltr'><strong>stro</strong></span> <span class='ocrx_word' id='word_1_555' title='bbox 2034 3982 2593 4050; x_wconf 77' lang='lat' dir='ltr'><strong>caeremoniarum</strong></span> <span class='ocrx_word' id='word_1_556' title='bbox 2642 3982 2704 4049; x_wconf 91' lang='lat' dir='ltr'><strong>in</strong></span> <span class='ocrx_word' id='word_1_557' title='bbox 2750 3970 3036 4048; x_wconf 83' lang='lat' dir='ltr'><strong>Ecclesia</strong></span> <span class='ocrx_word' id='word_1_558' title='bbox 3075 3982 3172 4047; x_wconf 89' lang='lat' dir='ltr'><strong>sui</strong></span> <span class='ocrx_word' id='word_1_559' title='bbox 3201 3981 3454 4048; x_wconf 88' lang='lat' dir='ltr'><strong>Ordinis</strong></span> 
     </span>
    </p>
   </div>
   <div class='ocr_carea' id='block_1_39' title="bbox 1857 4068 3544 5482">
    <p class='ocr_par' dir='ltr' id='par_1_46' title="bbox 1857 4068 3453 4579">
     <span class='ocr_line' id='line_1_98' title="bbox 1858 4068 3452 4159; baseline -0.005 -19"><span class='ocrx_word' id='word_1_560' title='bbox 1858 4070 2128 4159; x_wconf 90' lang='lat' dir='ltr'><strong>Spiritui</strong></span> <span class='ocrx_word' id='word_1_561' title='bbox 2161 4073 2391 4138; x_wconf 87' lang='lat' dir='ltr'><strong>Sancto</strong></span> <span class='ocrx_word' id='word_1_562' title='bbox 2424 4068 2627 4137; x_wconf 90' lang='lat' dir='ltr'><strong>dicata</strong></span> <span class='ocrx_word' id='word_1_563' title='bbox 2675 4071 2740 4135; x_wconf 92' lang='lat' dir='ltr'><strong>in</strong></span> <span class='ocrx_word' id='word_1_564' title='bbox 2788 4069 3190 4156; x_wconf 76' lang='lat' dir='ltr'><strong>regali-Villa</strong></span> <span class='ocrx_word' id='word_1_565' title='bbox 3222 4068 3452 4135; x_wconf 70' lang='lat' dir='ltr'><strong>Matriti</strong></span> 
     </span>
     <span class='ocr_line' id='line_1_99' title="bbox 1857 4156 3452 4244; baseline -0.003 -18"><span class='ocrx_word' id='word_1_566' title='bbox 1857 4161 2198 4226; x_wconf 87' lang='lat' dir='ltr'><strong>Toletanae</strong></span> <span class='ocrx_word' id='word_1_567' title='bbox 2245 4158 2591 4241; x_wconf 89' lang='lat' dir='ltr'><strong>Dioecesis,</strong></span> <span class='ocrx_word' id='word_1_568' title='bbox 2639 4176 2919 4244; x_wconf 83' lang='lat' dir='ltr'><strong>sequens</strong></span> <span class='ocrx_word' id='word_1_569' title='bbox 2965 4156 3321 4224; x_wconf 88' lang='lat' dir='ltr'><strong>occurrerit</strong></span> <span class='ocrx_word' id='word_1_570' title='bbox 3369 4157 3452 4223; x_wconf 90' lang='lat' dir='ltr'><strong>de</strong></span> 
     </span>
     <span class='ocr_line' id='line_1_100' title="bbox 1859 4245 3450 4331; baseline -0.002 -18"><span class='ocrx_word' id='word_1_571' title='bbox 1859 4247 2049 4314; x_wconf 90' lang='lat' dir='ltr'><strong>sacris</strong></span> <span class='ocrx_word' id='word_1_572' title='bbox 2098 4245 2532 4314; x_wconf 74' lang='lat' dir='ltr'><strong>caeremoniis</strong></span> <span class='ocrx_word' id='word_1_573' title='bbox 2590 4245 2883 4329; x_wconf 87' lang='lat' dir='ltr'><strong>dubium,</strong></span> <span class='ocrx_word' id='word_1_574' title='bbox 2932 4262 3054 4331; x_wconf 88' lang='lat' dir='ltr'><strong>pro</strong></span> <span class='ocrx_word' id='word_1_575' title='bbox 3120 4245 3291 4311; x_wconf 88' lang='lat' dir='ltr'><strong>illius</strong></span> <span class='ocrx_word' id='word_1_576' title='bbox 3335 4246 3450 4313; x_wconf 90' lang='lat' dir='ltr'><strong>de·</strong></span> 
     </span>
     <span class='ocr_line' id='line_1_101' title="bbox 1862 4333 3453 4421; baseline -0.003 -20"><span class='ocrx_word' id='word_1_577' title='bbox 1862 4335 2206 4402; x_wconf 73' lang='lat' dir='ltr'><strong>clai-atione</strong></span> <span class='ocrx_word' id='word_1_578' title='bbox 2240 4335 2630 4402; x_wconf 86' lang='lat' dir='ltr'><strong>humillimas</strong></span> <span class='ocrx_word' id='word_1_579' title='bbox 2661 4333 2955 4421; x_wconf 85' lang='lat' dir='ltr'><strong>porrexit</strong></span> <span class='ocrx_word' id='word_1_580' title='bbox 2994 4350 3219 4420; x_wconf 89' lang='lat' dir='ltr'><strong>preces</strong></span> <span class='ocrx_word' id='word_1_581' title='bbox 3248 4351 3453 4420; x_wconf 89' lang='lat' dir='ltr'><strong>penes</strong></span> 
     </span>
     <span class='ocr_line' id='line_1_102' title="bbox 1859 4420 3452 4505; baseline -0.003 -14"><span class='ocrx_word' id='word_1_582' title='bbox 1859 4426 1927 4491; x_wconf 92' lang='lat' dir='ltr'><strong>S.</strong></span> <span class='ocrx_word' id='word_1_583' title='bbox 1960 4428 2036 4491; x_wconf 78' lang='lat' dir='ltr'><strong>R.</strong></span> <span class='ocrx_word' id='word_1_584' title='bbox 2074 4427 2144 4491; x_wconf 91' lang='lat' dir='ltr'><strong>C.</strong></span> <span class='ocrx_word' id='word_1_585' title='bbox 2192 4422 2467 4489; x_wconf 87' lang='lat' dir='ltr'><strong>Dubium</strong></span> <span class='ocrx_word' id='word_1_586' title='bbox 2513 4432 2728 4489; x_wconf 92' lang='lat' dir='ltr'><strong>autem</strong></span> <span class='ocrx_word' id='word_1_587' title='bbox 2777 4433 2876 4488; x_wconf 90' lang='lat' dir='ltr'><strong>est</strong></span> <span class='ocrx_word' id='word_1_588' title='bbox 2919 4438 3222 4505; x_wconf 77' lang='lat' dir='ltr'><strong>sequens,</strong></span> <span class='ocrx_word' id='word_1_589' title='bbox 3271 4420 3452 4488; x_wconf 75' lang='lat' dir='ltr'><strong>vide·</strong></span> 
     </span>
     <span class='ocr_line' id='line_1_103' title="bbox 1864 4513 3046 4579; baseline -0.001 -1"><span class='ocrx_word' id='word_1_590' title='bbox 1864 4513 2063 4579; x_wconf 83' lang='lat' dir='ltr'><strong>licet:</strong></span> <span class='ocrx_word' id='word_1_591' title='bbox 3035 4551 3046 4561; x_wconf 90' lang='lat'><strong>·</strong></span> 
     </span>
    </p>

    <p class='ocr_par' dir='ltr' id='par_1_47' title="bbox 1864 4597 3544 5482">
     <span class='ocr_line' id='line_1_104' title="bbox 1994 4597 3452 4686; baseline -0.001 -20"><span class='ocrx_word' id='word_1_592' title='bbox 1994 4605 2063 4667; x_wconf 86' lang='lat' dir='ltr'><strong>ln</strong></span> <span class='ocrx_word' id='word_1_593' title='bbox 2126 4601 2397 4686; x_wconf 86' lang='lat' dir='ltr'><strong>Spiritus</strong></span> <span class='ocrx_word' id='word_1_594' title='bbox 2459 4598 2670 4668; x_wconf 88' lang='lat' dir='ltr'><strong>Sancti</strong></span> <span class='ocrx_word' id='word_1_595' title='bbox 2723 4598 3006 4666; x_wconf 88' lang='lat' dir='ltr'><strong>Ecclesia</strong></span> <span class='ocrx_word' id='word_1_596' title='bbox 3055 4617 3135 4664; x_wconf 82' lang='lat' dir='ltr'><strong>ex</strong></span> <span class='ocrx_word' id='word_1_597' title='bbox 3198 4597 3452 4685; x_wconf 83' lang='lat' dir='ltr'><strong>antiqua</strong></span> 
     </span>
     <span class='ocr_line' id='line_1_105' title="bbox 1865 4685 3455 4772; baseline -0.001 -16"><span class='ocrx_word' id='word_1_598' title='bbox 1865 4689 2240 4757; x_wconf 80' lang='lat' dir='ltr'><strong>fundatione</strong></span> <span class='ocrx_word' id='word_1_599' title='bbox 2273 4688 2608 4772; x_wconf 86' lang='lat' dir='ltr'><strong>quotannis</strong></span> <span class='ocrx_word' id='word_1_600' title='bbox 2639 4705 2888 4754; x_wconf 84' lang='lat' dir='ltr'><strong>sacrum</strong></span> <span class='ocrx_word' id='word_1_601' title='bbox 2921 4685 3323 4754; x_wconf 87' lang='lat' dir='ltr'><strong>decemdiale</strong></span> <span class='ocrx_word' id='word_1_602' title='bbox 3349 4708 3455 4754; x_wconf 90' lang='lat' dir='ltr'><strong>ce·</strong></span> 
     </span>
     <span class='ocr_line' id='line_1_106' title="bbox 1866 4774 3452 4860; baseline -0.001 -16"><span class='ocrx_word' id='word_1_603' title='bbox 1866 4777 2153 4847; x_wconf 82' lang='lat' dir='ltr'><strong>lebratur</strong></span> <span class='ocrx_word' id='word_1_604' title='bbox 2182 4797 2216 4841; x_wconf 93' lang='lat' dir='ltr'><strong>a</strong></span> <span class='ocrx_word' id='word_1_605' title='bbox 2249 4777 2353 4843; x_wconf 90' lang='lat' dir='ltr'><strong>die</strong></span> <span class='ocrx_word' id='word_1_606' title='bbox 2400 4774 2800 4842; x_wconf 83' lang='lat' dir='ltr'><strong>Ascensionis</strong></span> <span class='ocrx_word' id='word_1_607' title='bbox 2845 4774 3091 4841; x_wconf 86' lang='lat' dir='ltr'><strong>Domini</strong></span> <span class='ocrx_word' id='word_1_608' title='bbox 3139 4791 3346 4860; x_wconf 86' lang='lat' dir='ltr'><strong>usque</strong></span> <span class='ocrx_word' id='word_1_609' title='bbox 3375 4776 3452 4842; x_wconf 91' lang='lat' dir='ltr'><strong>ad</strong></span> 
     </span>
     <span class='ocr_line' id='line_1_107' title="bbox 1864 4863 3544 4952; baseline -0.002 -19"><span class='ocrx_word' id='word_1_610' title='bbox 1864 4865 2160 4952; x_wconf 66' lang='lat' dir='ltr'><strong>vigiliam</strong></span> <span class='ocrx_word' id='word_1_611' title='bbox 2194 4869 2600 4931; x_wconf 73' lang='lat' dir='ltr'><strong>pentecostes</strong></span> <span class='ocrx_word' id='word_1_612' title='bbox 2633 4863 2966 4929; x_wconf 80' lang='lat' dir='ltr'><strong>inclusive.</strong></span> <span class='ocrx_word' id='word_1_613' title='bbox 3003 4865 3326 4949; x_wconf 74' lang='lat' dir='ltr'><strong>vesperae</strong></span> <span class='ocrx_word' id='word_1_614' title='bbox 3357 4882 3460 4930; x_wconf 85' lang='lat' dir='ltr'><strong>so-</strong></span> <span class='ocrx_word' id='word_1_615' title='bbox 3532 4900 3544 4911; x_wconf 92' lang='lat'><strong>·</strong></span> 
     </span>
     <span class='ocr_line' id='line_1_108' title="bbox 1866 4949 3468 5038; baseline -0.002 -18"><span class='ocrx_word' id='word_1_616' title='bbox 1866 4952 2175 5020; x_wconf 90' lang='lat' dir='ltr'><strong>lemniter</strong></span> <span class='ocrx_word' id='word_1_617' title='bbox 2202 4951 2614 5018; x_wconf 89' lang='lat' dir='ltr'><strong>celebrantur</strong></span> <span class='ocrx_word' id='word_1_618' title='bbox 2647 4970 2794 5017; x_wconf 90' lang='lat' dir='ltr'><strong>cum</strong></span> <span class='ocrx_word' id='word_1_619' title='bbox 2847 4949 3249 5038; x_wconf 81' lang='lat' dir='ltr'><strong>expositione</strong></span> <span class='ocrx_word' id='word_1_620' title='bbox 3281 4951 3468 5019; x_wconf 81' lang='lat' dir='ltr'><strong>SSmi·</strong></span> 
     </span>
     <span class='ocr_line' id='line_1_109' title="bbox 1868 5039 3458 5127; baseline -0.002 -19"><span class='ocrx_word' id='word_1_621' title='bbox 1868 5040 2254 5108; x_wconf 89' lang='lat' dir='ltr'><strong>Sacramenti</strong></span> <span class='ocrx_word' id='word_1_622' title='bbox 2317 5050 2382 5105; x_wconf 91' lang='lat' dir='ltr'><strong>et</strong></span> <span class='ocrx_word' id='word_1_623' title='bbox 2444 5040 2752 5105; x_wconf 89' lang='lat' dir='ltr'><strong>concione</strong></span> <span class='ocrx_word' id='word_1_624' title='bbox 2808 5040 2885 5106; x_wconf 88' lang='lat' dir='ltr'><strong>ad</strong></span> <span class='ocrx_word' id='word_1_625' title='bbox 2946 5039 3285 5127; x_wconf 86' lang='lat' dir='ltr'><strong>populum,</strong></span> <span class='ocrx_word' id='word_1_626' title='bbox 3335 5059 3458 5127; x_wconf 85' lang='lat' dir='ltr'><strong>qua</strong></span> 
     </span>
     <span class='ocr_line' id='line_1_110' title="bbox 1868 5127 3456 5216; baseline -0.001 -21"><span class='ocrx_word' id='word_1_627' title='bbox 1868 5128 2043 5195; x_wconf 82' lang='lat' dir='ltr'><strong>finita</strong></span> <span class='ocrx_word' id='word_1_628' title='bbox 2107 5139 2170 5194; x_wconf 91' lang='lat' dir='ltr'><strong>et</strong></span> <span class='ocrx_word' id='word_1_629' title='bbox 2231 5137 2451 5216; x_wconf 88' lang='lat' dir='ltr'><strong>postea</strong></span> <span class='ocrx_word' id='word_1_630' title='bbox 2511 5127 2749 5194; x_wconf 80' lang='lat' dir='ltr'><strong>devote</strong></span> <span class='ocrx_word' id='word_1_631' title='bbox 2815 5128 3089 5195; x_wconf 85' lang='lat' dir='ltr'><strong>recitatis</strong></span> <span class='ocrx_word' id='word_1_632' title='bbox 3156 5129 3456 5216; x_wconf 76' lang='lat' dir='ltr'><strong>precibus</strong></span> 
     </span>
     <span class='ocr_line' id='line_1_111' title="bbox 1870 5215 3462 5308; baseline 0.001 -25"><span class='ocrx_word' id='word_1_633' title='bbox 1870 5217 2068 5308; x_wconf 87' lang='lat' dir='ltr'><strong>ipsius</strong></span> <span class='ocrx_word' id='word_1_634' title='bbox 2114 5215 2554 5300; x_wconf 84' lang='lat' dir='ltr'><strong>decemdialis,</strong></span> <span class='ocrx_word' id='word_1_635' title='bbox 2589 5217 2660 5283; x_wconf 83' lang='lat' dir='ltr'><strong>fit</strong></span> <span class='ocrx_word' id='word_1_636' title='bbox 2695 5215 2872 5282; x_wconf 79' lang='lat' dir='ltr'><strong>SSmi</strong></span> <span class='ocrx_word' id='word_1_637' title='bbox 2922 5217 3310 5284; x_wconf 78' lang='lat' dir='ltr'><strong>Sacramenti</strong></span> <span class='ocrx_word' id='word_1_638' title='bbox 3358 5236 3462 5284; x_wconf 78' lang='lat' dir='ltr'><strong>re-</strong></span> 
     </span>
     <span class='ocr_line' id='line_1_112' title="bbox 1872 5303 3457 5393; baseline -0.001 -20"><span class='ocrx_word' id='word_1_639' title='bbox 1872 5305 2105 5392; x_wconf 90' lang='lat' dir='ltr'><strong>positio</strong></span> <span class='ocrx_word' id='word_1_640' title='bbox 2153 5305 2485 5389; x_wconf 89' lang='lat' dir='ltr'><strong>solemnis‚</strong></span> <span class='ocrx_word' id='word_1_641' title='bbox 2540 5303 2832 5370; x_wconf 87' lang='lat' dir='ltr'><strong>omnihus</strong></span> <span class='ocrx_word' id='word_1_642' title='bbox 2862 5303 3198 5391; x_wconf 80' lang='lat' dir='ltr'><strong>Religiosis</strong></span> <span class='ocrx_word' id='word_1_643' title='bbox 3232 5325 3457 5393; x_wconf 85' lang='lat' dir='ltr'><strong>super-</strong></span> 
     </span>
     <span class='ocr_line' id='line_1_113' title="bbox 1875 5389 3460 5482; baseline -0.003 -21"><span class='ocrx_word' id='word_1_644' title='bbox 1875 5394 2157 5482; x_wconf 89' lang='lat' dir='ltr'><strong>pelliceo</strong></span> <span class='ocrx_word' id='word_1_645' title='bbox 2222 5393 2463 5461; x_wconf 89' lang='lat' dir='ltr'><strong>indutis</strong></span> <span class='ocrx_word' id='word_1_646' title='bbox 2519 5405 2586 5459; x_wconf 92' lang='lat' dir='ltr'><strong>et</strong></span> <span class='ocrx_word' id='word_1_647' title='bbox 2638 5409 2786 5458; x_wconf 88' lang='lat' dir='ltr'><strong>cum</strong></span> <span class='ocrx_word' id='word_1_648' title='bbox 2844 5389 3126 5457; x_wconf 89' lang='lat' dir='ltr'><strong>candelis</strong></span> <span class='ocrx_word' id='word_1_649' title='bbox 3183 5394 3460 5459; x_wconf 81' lang='lat' dir='ltr'><strong>accensis</strong></span> 
     </span>
    </p>
   </div>
   <div class='ocr_carea' id='block_1_40' title="bbox 3091 5531 3137 5572">
    <p class='ocr_par' dir='ltr' id='par_1_48' title="bbox 3091 5531 3137 5572">
     <span class='ocr_line' id='line_1_114' title="bbox 3091 5531 3137 5572; baseline 0 0"><span class='ocrx_word' id='word_1_650' title='bbox 3091 5531 3137 5572; x_wconf 84' lang='lat'><strong>11</strong></span> 
     </span>
    </p>
   </div>
  </div>
 </body>
</html>
