4042 5950
1598 282 2070 366 -207-

185 444 451 513 clesiam
501 444 812 512 incedunt
856 453 999 532 post
1046 442 1181 510 eius
1226 446 1503 510 erucem
1547 441 1771 510 imme-

182 532 358 599 diate
406 544 556 599 ante
602 533 836 620 ipsum,
885 533 1082 621 possit
1129 532 1193 597 in
1238 551 1384 598 casu
1431 527 1779 598 sustineri?

322 626 402 688 Et
450 624 517 687 S.
555 625 629 688 R.
663 625 764 704 C.,
798 625 961 687 Emo
993 631 1061 686 et
1087 622 1246 686 Rino
1277 618 1542 685 Domino
1581 619 1770 686 card.

181 709 347 774 lulio
395 709 584 774 Maria
628 709 713 776 de
758 708 1028 778 Somalia
1072 708 1389 796 Episcopo
1433 706 1673 773 ostien.
1710 715 1775 771 et

180 797 513 862 velitem.
547 797 870 864 praefecto
901 807 966 863 et
997 798 1279 865 ponente
1313 794 1663 876 referente,
1705 812 1774 859 re

178 894 443 950 mature
475 884 953 971 diligenterque
1000 883 1306 964 discussa,
1338 892 1531 968 atque
1559 882 1776 948 audito

180 973 369 1058 prius
402 983 553 1038 voto
598 973 861 1040 alterius
893 967 973 1038 ei
1005 970 1513 1059 Apostolicarum
1553 974 1778 1038 Caere-

180 1060 551 1127 moniarum
584 1057 889 1146 Magistris
916 1058 1171 1146 scriptis
1204 1067 1455 1125 exarato
1483 1057 1776 1145 typisque

180 1148 621 1232 evulgato,ad
653 1149 1054 1236 propositum
1086 1146 1358 1214 dubium
1385 1146 1778 1233 responden·

180 1235 347 1301 dum
374 1236 659 1303 censuit:
693 1258 729 1300 ι
749 1236 1081 1323 Negative;
1107 1254 1175 1300 ac
1200 1247 1494 1302 servetur
1520 1233 1776 1302 omnino

178 1325 672 1390 caeremoniale
717 1324 1223 1411 Episcoporum;
1291 1334 1356 1387 et
1403 1322 1676 1408 amplius
1709 1343 1772 1385 ιι.

179 1415 403 1497 Atque
452 1411 534 1477 ita
580 1411 871 1480 decrevit
900 1431 969 1478 ac
1001 1412 1239 1477 servari
1272 1410 1618 1478 mandavit.
1667 1409 1779 1474 Die

189 1502 272 1565 12
324 1500 564 1586 Aprilis
616 1505 813 1568 1823.

182 1638 456 1707 2628.
831 1639 1163 1705 morsu.
1550 1637 1777 1723 (teas)

322 1764 499 1827 Duae
549 1763 714 1827 inter
761 1771 1009 1827 ceteras
1061 1761 1439 1830 sodalitates
1483 1760 1784 1827 canonice

185 1859 443 1915 erectas
510 1849 573 1913 in
636 1847 884 1936 Oppido
942 1851 1167 1916 Massae
1220 1848 1778 1937 Langobardorum

184 1936 515 2002 Dioecesis
538 1935 868 2002 lmolensis
892 1936 1397 2025 distinguuntur3
1424 1940 1619 2006 altera
1636 1955 1783 2021 qua·

186 2042 337 2091 rum
384 2023 506 2090 sub
552 2025 949 2091 invocatione
997 2027 1171 2093 88ῶί
1222 2026 1607 2095 Sacramenti
1643 2042 1782 2090 ere·

188 2125 289 2181 cta
350 2123 448 2177 est
511 2112 576 2178 in
630 2113 1248 2201 Archipresbyterali
1307 2115 1587 2183 Ecclesia
1660 2114 1781 2181 loci

188 2200 515 2279 eiusdem3
564 2201 787 2282 altera,
822 2202 923 2267 cui
958 2204 1034 2270 ab
1065 2205 1422 2270 Nosooomii
1455 2203 1779 2273 cuiusdam

188 2285 512 2374 gubernio
568 2299 631 2354 et
681 2289 997 2374 regimine
1057 2310 1296 2359 nomen
1351 2305 1447 2358 est
1499 2292 1781 2379 Hospita-

191 2379 294 2458 lis,
330 2385 509 2442 extat
556 2376 622 2443 in
668 2377 950 2445 Ecclesia
996 2385 1064 2447 Β.
1095 2379 1374 2465 Virginis
1419 2381 1480 2446 in
1527 2383 1782 2448 coelum

189 2469 578 2551 Assumptae
624 2476 1013 2553 nuncupata.
1061 2472 1142 2535 Ut
1172 2480 1385 2535 autem
1424 2471 1654 2555 prima,
1690 2491 1784 2535 ra·

194 2552 723 2636 tione.instituti,
772 2552 867 2620 ius
914 2554 1104 2622 habet
1163 2559 1659 2657 praecedentiae
1723 2559 1787 2624 in

189 2639 465 2728 singulis
510 2641 1110 2729 supplicationibus,
1162 2664 1225 2710 in
1258 2646 1486 2732 quibus
1518 2650 1782 2714 SSiimm

192 2729 633 2797 Eucharistiae
676 2733 1160 2800 Sacramentum
1209 2734 1543 2814 defertur;
1593 2736 1786 2802 ita-et

192 2820 379 2902 baec,
428 2816 617 2884 sicuti
664 2818 908 2885 ratione
958 2822 1262 2906 temporis
1322 2833 1384 2890 et
1447 2823 1788 2892 erectionis

193 2917 449 2975 ceteras
496 2905 835 2994 praecellit
882 2907 948 2975 in
983 2909 1248 2996 reliquis
1276 2911 1788 2980 processionibus

192 3014 358 3082 quae
408 2995 477 3060 in
514 2994 747 3060 eodem
792 2997 1039 3085 Oppido
1088 2997 1278 3084 fiunt,
1310 3000 1468 3067 item
1504 3000 1786 3089 praecel-

194 3086 334 3151 lere
373 3082 438 3148 in
474 3082 598 3147 illis
636 3085 809 3150 88ῶί
857 3088 1247 3153 sacramenti
1291 3108 1481 3175 posse
1526 3088 1785 3156 novissi·

195 3171 314 3238 mis
346 3170 750 3256 temporibus
785 3184 882 3238 est
910 3172 1235 3242 arbitrata.
1283 3176 1436 3244 Hinc
1474 3177 1787 3264 quaestio-

196 3279 313 3325 nes
343 3260 516 3325 inter
561 3270 902 3346 utramque
938 3260 1272 3343 subortae;
1321 3266 1397 3331 ad
1432 3285 1587 3350 quas
1616 3282 1788 3329 com·

194 3348 557 3438 ponendas,
608 3349 1007 3416 concordatis
1051 3362 1232 3419 antea
1280 3352 1515 3438 dubiis,
1556 3370 1789 3441 propo-

194 3438 395 3503 situm
443 3437 563 3503 fuit
619 3435 680 3501 in
730 3436 1046 3505 hodierno
1093 3441 1420 3507 ordinario
1469 3443 1532 3508 S.
1586 3446 1662 3509 R.
1713 3446 1782 3509 c.

196 3529 589 3592 Conventu:

340 3616 400 3678 1.
453 3612 574 3695 An,
626 3623 691 3678 et
737 3612 838 3680 cui
873 3614 970 3680 ius
1002 3626 1323 3704 competat
1355 3618 1788 3705 praecedendi

198 3702 265 3767 in
325 3701 837 3767 processionibus
897 3704 1071 3770 SSmi
1134 3707 1548 3789 sacramenti,
1598 3707 1788 3775 etiam

199 3790 279 3855 ad
330 3787 634 3855 effectum
686 3792 1204 3877 manutentionis,
1258 3793 1321 3861 in
1366 3793 1560 3861 casu?

340 3881 405 3943 2.
457 3879 577 3961 An,
627 3889 691 3944 et
739 3879 840 3945 cui
889 3893 1209 3967 competat
1257 3882 1353 3949 ius
1393 3883 1788 3969 praeceden-

203 3965 331 4032 tiae
380 3965 444 4032 in
489 3965 626 4032 aliis
670 3967 1207 4055 processionibus,
1259 3969 1449 4036 etiam
1496 3972 1572 4039 a'd
1637 3971 1790 4039 effe·

202 4066 381 4120 ctum
430 4055 949 4139 manutentionis,
1000 4057 1065 4123 in
1112 4057 1300 4126 casu?

341 4148 419 4207 Et
466 4145 535 4209 S.
581 4146 653 4209 R.
705 4147 804 4227 C.,
840 4144 988 4211 visis
1034 4158 1410 4233 matureque
1457 4146 1789 4237 perpensis

206 4230 507 4297 omnibus
577 4231 818 4301 iuribus
887 4244 953 4299 et
1015 4234 1504 4321 allegationibus
1573 4238 1820 4301 favore.

208 4319 544 4403 utriusque
588 4320 785 4406 partis
830 4321 1059 4405 allatis,
1109 4323 1186 4388 ad
1240 4323 1615 4390 relationem
1649 4323 1791 4391 Esni

207 4419 271 4472 et
318 4409 459 4474 Rmi
490 4407 736 4474 Domini
770 4410 1117 4476 cardinalis
1146 4411 1435 4478 Rivarola
1466 4411 1787 4495 ponentis,

208 4495 695 4563 rescribendum
743 4497 1033 4564 censuit:

340 4585 439 4650 Ad
490 4587 549 4649 1.
602 4606 638 4648 ‹
671 4587 1185 4654 praecedentiam
1217 4599 1589 4676 competere
1628 4592 1792 4656 Con·

212 4671 589 4739 fraternitati
636 4674 813 4741 88ῶί
862 4675 1252 4744 Sacramenti
1286 4700 1354 4743 ν.
1743 4724 1754 4735 ·

341 4760 439 4827 Ad
488 4764 553 4827 2.
606 4781 644 4825 α
677 4761 1191 4832 praecedentiam
1224 4776 1597 4851 competere
1630 4769 1793 4833 Con-

211 4846 590 4915 fraternitati
638 4849 977 4938 Hospitalis
1012 4875 1076 4917 ».

339 4940 551 5023 Atque
579 4938 661 5003 ita
695 4939 1048 5024 respondit.
1077 4941 1189 5008 Die
1221 4945 1298 5008 12
1330 4940 1566 5029 Aprilis
1597 4945 1790 5008 1823.

340 5029 524 5091 Facta
572 5037 787 5092 autem
834 5027 916 5093 de
963 5028 1328 5116 praemissis
1372 5029 1476 5096 die
1525 5034 1602 5095 15
1645 5028 1791 5097 snb-

210 5131 363 5271 ⁸153?
371 5113 757 5271 θ’ῗέῑέιῗῗέ
788 5115 1450 5293 ‘amitam
1476 5121 1785 5274 Vasta·

214 5289 403 5374 rium,
461 5294 768 5361 Sanctitas
829 5296 949 5361 Sua
1005 5297 1226 5362 Sacrae
1273 5294 1796 5382 Congregationis

218 5380 529 5470 Responsa
594 5382 1001 5471 approbavit,
1050 5395 1241 5469 atque
1302 5382 1381 5447 ita
1439 5383 1500 5449 in
1545 5382 1792 5473 Oppido

1879 445 2109 509 Massae
2140 443 2702 529 Langobardorum
2741 440 3059 510 Dioecesis
3092 445 3355 511 imolen.
3394 442 3482 512 in·
3524 519 3532 530 ‚

1877 540 2206 617 posterum
2273 533 2509 598 servari
2574 531 2913 598 mandavit.

1879 704 2139 774 2629.
2439 708 2887 773 DECRETUM.

3215 706 3460 795 (4599)
3509 705 3522 711 ’

2010 887 2083 949 ln
2125 881 2437 969 aliquibus
2481 881 2966 950 cathedralibus
2997 892 3062 948 et
3091 883 3460 969 collegiatis

1879 970 2181 1038 Ecclesiis
2205 969 2596 1055 Beneficiati,
2623 973 2731 1038 vel
2756 970 3150 1037 Hansionarii
3173 970 3277 1036 vel
3301 971 3460 1037 Heb-

1879 1059 2230 1126 domadarii
2278 1059 2382 1125 vel
2416 1077 2826 1146 quocumque
2858 1057 2978 1123 alio
3010 1059 3272 1125 nomine
3300 1078 3460 1126 nun·

1881 1147 2121 1234 cupati,
2155 1167 2236 1213 ex
2281 1146 2641 1233 Apostolico
2687 1146 2943 1233 speciali
2978 1146 3230 1214 indulto
3282 1147 3459 1214 defe-

1881 1245 2033 1301 runt
2079 1254 2307 1322 cappas
2354 1234 2635 1321 pellibus
2668 1246 2943 1317 ornatas,
2977 1234 3214 1301 diversi
3250 1246 3462 1302 tamen

1882 1322 2116 1389 coloris
2160 1325 2238 1388 ab
2285 1342 2361 1389 eo
2407 1342 2533 1408 quo
2580 1320 2875 1390 Canonici
2909 1333 3201 1390 utuntur.
3252 1324 3459 1401 Quum

1882 1412 2039 1478 baec
2086 1410 2315 1477 coloris
2362 1411 2720 1479 differentia
2767 1412 2933 1477 inter
2991 1411 3337 1478 canonicos
3395 1421 3462 1477 et

1882 1499 2222 1565 inferiores
2263 1498 2679 1566 Beneficiatos
2725 1518 2888 1586 opus
2932 1497 3011 1563 sit
3067 1510 3138 1565 ut
3201 1518 3463 1589 semper

1881 1598 2223 1674 appareat;
2274 1588 2339 1653 S.
2377 1591 2451 1654 R.
2490 1589 2593 1671 C.,
2641 1589 2718 1655 ad
2752 1586 3091 1653 nonnullas
3123 1606 3461 1656 removen-

1881 1676 1992 1742 das
2042 1687 2292 1741 exortas
2337 1676 2761 1761 quaestiones,
2813 1674 3211 1761 infrascripto
3242 1679 3463 1744 Secre-

1886 1761 2041 1829 tario
2089 1762 2446 1847 referente,
2496 1763 2882 1832 declaravit:
2930 1783 2969 1826 ‹
3007 1767 3069 1829 ln
3119 1763 3248 1831 illis
3291 1764 3466 1852 Capi-

1889 1852 2066 1935 tulis,
2097 1850 2162 1917 in
2193 1850 2425 1937 quibus
2471 1851 2709 1919 aestivo
2759 1851 2951 1918 etiam
2999 1860 3289 1938 tempore
3321 1870 3465 1938 cap·

1887 1958 2004 2026 pae
2053 1939 2336 2039 pellibus
2386 1938 2693 2025 depositis
2742 1939 3136 2024 retinentur,
3184 1941 3462 2006 sericum

1887 2039 2366 2115 operimentum
2412 2027 2481 2094 in
2522 2026 2826 2095 anteriori
2881 2036 3062 2113 parte
3121 2046 3464 2116 capparum

1886 2115 2269 2182 eorumdem
2313 2115 2844 2186 Beneficiatorum
2897 2112 3142 2181 debere
3203 2135 3467 2204 respon·

1885 2203 2044 2269 dere
2103 2204 2302 2271 colori
2349 2203 2620 2303 pellium
2666 2223 2820 2290 quas
2866 2202 2984 2289 ipsi
3043 2203 3461 2272 dimittunt».

1887 2292 1999 2358 Die
2052 2297 2130 2358 12
2177 2293 2410 2377 Aprilis
2463 2295 2653 2360 1823.

1892 2468 2159 2536 2630.
2515 2468 2849 2535 cARpEN.

2020 2644 2317 2730 Magister
2340 2643 2896 2711 caeremoniarum
2917 2641 3308 2710 cathedralis
3329 2648 3470 2711 car-

1894 2751 2046 2820 pen.
2101 2734 2166 2798 in
2220 2731 2546 2799 Ordinatio
2600 2737 2935 2801 conventu
2989 2736 3323 2800 Sacrorum
3367 2732 3469 2801 Ri-

1895 2832 2078 2887 tuum
2121 2819 2648 2906 congregationis
2706 2819 2836 2886 diei
2891 2824 2969 2886 12
3009 2819 3244 2908 Aprilis
3288 2839 3469 2908 prae-

1889 2908 2090 2975 sentis
2133 2910 2282 2975 anni
2327 2906 2501 2974 Emis
2545 2907 2829 2975 patribus
2877 2911 2943 2977 S.
2979 2912 3057 2978 R.
3089 2908 3468 2998 praepositis

1893 2994 2162 3065 dubium
2209 2996 2569 3083 proposuit,
2619 3005 2690 3063 ut
2734 2995 2936 3063 infra:

2021 3082 2289 3161 Quidam
2333 3082 2642 3151 Sacerdos
2701 3083 3029 3151 celebrans
3076 3085 3141 3152 in
3188 3086 3468 3152 Ecclesia

1892 3172 2088 3239 rurali
2119 3175 2391 3258 Carpen.
2421 3172 2761 3257 Dioecesis,
2789 3172 3050 3259 prolatis
3074 3173 3316 3241 verbis:
3345 3176 3470 3240 No-

1887 3261 1982 3328 bis
2029 3279 2273 3344 quoque
2318 3260 2798 3345 peccatoribus,
2851 3260 3074 3328 morbo
3136 3262 3469 3348 repentino

1893 3358 2228 3435 correptus
2259 3366 2295 3413 e
2325 3348 2451 3413 vita
2499 3347 2666 3414 illico
2698 3347 2995 3414 decessit.
3047 3348 3282 3415 Aderat
3313 3351 3469 3438 Cap-

1892 3438 2182 3523 pellanus
2232 3434 2582 3520 paroeciae,
2618 3435 2728 3522 qui
2772 3435 2980 3501 statim
3028 3440 3286 3504 Sacrum
3327 3456 3472 3523 per-

1894 3525 2071 3591 fecit.
2121 3525 2274 3591 Hinc
2308 3534 2442 3589 orta
2474 3535 2570 3592 est
2600 3523 2881 3610 quaestio
2926 3524 3092 3591 inter
3120 3525 3470 3594 Parocbum

1892 3612 2098 3679 dictae
2149 3613 2467 3678 Ecclesiae
2506 3624 2570 3679 et
2601 3612 3153 3679 caeremoniarum
3199 3616 3470 3702 capituli
3511 3642 3532 3659 ·

1895 3700 2310 3782 cathedralis,
2338 3711 2556 3767 utrum
2580 3700 3003 3787 Cappellanus
3030 3713 3269 3788 postea,
3297 3704 3472 3771 ablu·

1897 3789 2071 3854 tione
2121 3787 2240 3854 iam
2288 3788 2514 3855 omissa
2561 3808 2739 3855 causa
2786 3790 3080 3859 servandi
3133 3789 3470 3878 ieiunium,

1897 3875 2071 3942 licite
2118 3878 2361 3944 Missam
2409 3875 2734 3943 celebrare
2781 3877 3065 3965 poterit?

2027 3970 2105 4032 Et
2152 3964 2290 4031 Emi
2337 3968 2549 4031 patres
2594 3965 2794 4031 Sacris
2828 3966 3070 4035 {litibus
3100 3969 3471 4057 praepositi,

1894 4054 1970 4121 ad
2019 4052 2397 4120 relationem
2431 4053 2812 4141 infrascripti
2846 4055 3209 4139 Secretarii,
3243 4057 3469 4124 sedulo

1898 4140 2369 4229 diligenterque
2430 4140 2708 4207 discussa
2772 4142 3164 4228 quaestione,
3226 4145 3471 4212 etiamsi

1898 4229 1962 4295 in
2007 4230 2365 4317 negativam
2426 4228 2809 4296 sententiam
2872 4230 3042 4297 illico
3103 4231 3474 4301 descendis·

1892 4329 2063 4401 sent,
2115 4336 2251 4383 rem
2298 4315 2710 4384 nibilominus
2774 4318 3024 4386 duobus
3084 4321 3472 4388 consultori·

1896 4407 2011 4472 bus
2057 4403 2394 4492 Theologis
2441 4404 2934 4494 expendendam
2980 4418 3171 4494 atque
3204 4409 3282 4476 ad
3316 4410 3472 4476 luris

1892 4491 2318 4561 Ecclesiastici
2379 4496 2738 4579 Sacraeque
2807 4494 3129 4582 Liturgiae
3189 4501 3473 4565 canones

1896 4581 2325 4649 adornandam
2372 4578 2682 4650 committi
2744 4594 3182 4670 opportunum
3239 4585 3474 4654 iudica·

1896 4681 2045 4738 runt
2092 4688 2209 4757 per
2264 4670 2689 4758 rescriptum:
2752 4691 2791 4734 ‹
2825 4675 3024 4737 Detur
3070 4691 3472 4759 responsum,

1895 4757 2209 4845 exquisito
2258 4770 2407 4826 voto
2454 4760 2729 4826 duorum
2775 4759 3226 4825 consultorum
3273 4764 3474 4830 Theo·

1897 4848 2190 4932 logorum
2225 4868 2292 4913 ιν.
2339 4851 2675 4932 Quumque
2721 4845 3048 4932 negativae
3094 4849 3477 4917 Eminentia-

1894 4934 2203 5001 simorum
2226 4938 2478 5002 Patrum
2500 4933 2854 5003 sententiae
2887 4933 3177 5021 apprime
3194 4935 3257 5003 in
3275 4936 3476 5004 omni-

1900 5022 2013 5089 bus
2076 5023 2492 5090 convenerint
2545 5023 2995 5092 consultorum
3057 5023 3478 5093 elucubratio-

1896 5130 2041 5193 nes,
2093 5110 2250 5177 facta
2297 5133 2415 5200 per
2446 5131 2549 5178 me
2583 5110 3059 5199 infrascriptum
3091 5113 3170 5180 de
3211 5113 3479 5205 singulis

1894 5203 2088 5269 88ῶο
2139 5203 2403 5272 Domino
2450 5203 2678 5269 Nostro
2724 5201 2924 5269 Leoni
2957 5204 3065 5269 Xll
3096 5204 3276 5272 Pont.
3312 5209 3473 5272 Max.

1903 5290 2240 5378 relatione,
2289 5287 2593 5359 Sanctitas
2654 5292 2776 5357 Sua
2835 5292 3059 5359 Sacrae
3120 5293 3478 5381 congrega-

1900 5380 2089 5457 tionis
2121 5383 2520 5471 Responsum
2552 5378 2924 5468 approbavit
2956 5390 3021 5445 et
3053 5381 3474 5466 confirmavit,

3237 2466 3465 2554 (4601)
3577 2509 3596 2538 .
