4042 5950
1563 285 2036 369 ..397-

146 464 294 513 crae
347 446 874 535 congregationis
920 450 1042 531 est,
1091 456 1165 514 ιιι
1223 446 1569 535 Episcopus
1613 450 1739 514 Ru-

148 534 472 602 bricatum
521 534 958 604 observantiae
987 536 1308 621 consulat3
1356 534 1605 629 quoties
1650 544 1739 602 ta·

146 640 299 689 men
364 622 695 691 admiratio
749 623 814 691 in
870 622 1111 712 populo
1167 642 1297 692 non
1350 623 1626 703 oriatur;
1674 634 1742 690 et

147 709 516 797 prudenter
561 721 627 777 et
671 710 909 797 absque
954 712 1250 780 scandalo
1310 710 1453 779 fieri
1512 710 1738 797 possit,

148 810 219 865 ut
265 797 636 867 huiusmodi
690 818 873 884 usus,
930 810 1155 888 utpote
1199 800 1589 887 praescripto
1620 817 1738 886 pro

148 884 265 1040 his!
287 885 806 955 Processionibus
852 887 1057 956 ordini
1106 886 1459 976 oppositus,
1506 887 1742 955 sensim

149 984 214 1040 to
269 994 305 1039 ι
338 993 383 1040 u
504 1021 522 1042 0

277 984 495 1149 Αιιιῖιιέ
542 1061 626 1128 ita
673 1067 854 1131 Sacra
904 1063 1328 1218 ⁰⁰⁰ssf⁰⁸⁸fi⁰
1384 1063 1739 1132 rescribere

147 1160 277 1215 rata
326 1160 429 1217 est
475 1160 541 1218 et
584 1153 906 1238 proposita
952 1151 1041 1220 du
1088 1152 1142 1217 'a
1186 1151 1538 1219 declarare.

279 1238 400 1305 Die
446 1242 489 1308 9
534 1240 673 1307 nati
724 1242 918 1308 1857.
1539 1256 1548 1275 ·

148 1375 420 1448 3044.
659 1380 978 1447 nonnas
1031 1380 1234 1446 msc.
1511 1378 1735 1466 (cass)

279 1503 482 1566 limus
528 1501 829 1567 Dominus
874 1502 1262 1570 Romualdus
1306 1500 1579 1570 ximeno
1627 1501 1739 1568 ho·

150 1586 421 1655 diernus
454 1587 809 1676 Episcopus
838 1590 1152 1658 Dioecesis
1181 1588 1467 1659 Nominis
1496 1594 1638 1656 lesu
1669 1588 1746 1656 ab

152 1676 265 1743 hac
313 1679 541 1744 Sancta
574 1677 739 1745 Sede
766 1678 1130 1765 Apostolica
1160 1677 1556 1765 supplicibus
1577 1678 1745 1745 votis

152 1763 502 1850 postulavit
547 1773 618 1831 ut
661 1766 996 1851 sequentia
1053 1767 1247 1834 dubia
1304 1766 1629 1835 declarare
1674 1777 1740 1832 et

152 1851 409 1919 solvere
456 1852 873 1940 dignaretur;
922 1853 1270 1922 nimirum:

281 1942 334 2005 l.
384 1940 563 2007 Licet
607 1959 692 2008 ne
738 1940 1067 2011 celebrare
1097 1940 1344 2011 nissam
1378 1956 1444 2009 et
1472 1941 1742 2009 Ordines

155 2027 451 2095 conferre
499 2029 563 2096 in
610 2028 879 2098 Sabbato
924 2033 1151 2098 Sancto
1184 2029 1248 2098 in
1278 2028 1561 2097 Oratorio
1593 2029 1740 2116 Epi-

153 2116 416 2202 scopali,
465 2128 612 2183 ante
657 2136 843 2205 quam
908 2116 1277 2185 celebretur
1335 2118 1514 2185 Missa
1558 2120 1742 2183 Paro·

159 2201 378 2271 chialis
401 2202 437 2272 ⁶?
490 2208 559 2273 ln
619 2224 765 2273 casu
825 2205 1157 2295 negativo,
1217 2216 1366 2295 peto
1424 2224 1457 2271 a
1518 2207 1739 2272 Sancta

157 2292 351 2378 Sede,
386 2304 463 2360 ut
506 2293 896 2361 concedatur
939 2293 1098 2361 mihi
1142 2295 1342 2382 gratia
1371 2291 1740 2367 celebrandi

159 2377 220 2445 in
266 2399 419 2447 casu
464 2381 861 2449 necessitatis
921 2380 1217 2466 Ordines,
1265 2382 1375 2470 qui
1422 2400 1547 2449 non
1595 2401 1741 2471 pos-

157 2467 280 2533 sint
326 2467 575 2536 differri
619 2469 697 2537 ad
741 2469 989 2536 Feriam
1032 2474 1085 2539 ΙΙ
1130 2471 1425 2539 Paschae.

282 2560 358 2623 ll.
415 2560 628 2624 Potest
672 2576 754 2625 ne
801 2557 937 2624 fieri
985 2558 1378 2626 consecratio
1415 2575 1739 2625 sacrorum

158 2644 459 2711 Oleornm
503 2645 683 2712 Feria
713 2650 768 2714 V
800 2649 865 2713 in
895 2649 1104 2715 coena
1134 2646 1383 2715 Domini
1428 2658 1576 2713 ante
1608 2645 1742 2712 Mis-

159 2749 286 2797 sam
331 2735 843 2804 conventualem
865 2732 901 2803 ⁴?
939 2738 1007 2802 In
1052 2754 1197 2802 casu
1226 2734 1547 2821 negativo,
1583 2749 1739 2819 rogo

162 2828 230 2884 ut
272 2820 581 2888 Sanctitas
639 2824 759 2889 Sua
819 2821 1123 2910 dignetur
1174 2822 1333 2895 mihi
1378 2822 1740 2890 concedere

160 2905 426 2993 gratiam
481 2909 887 2980 consecrandi
946 2921 1295 2982 memorata
1347 2911 1496 2979 Olea
1540 2929 1737 2997 sacra,

162 3007 225 3061 st
266 2995 460 3065 dandi
508 2997 1039 3068 communionem
1072 2999 1137 3067 in
1167 3002 1282 3069 hac
1328 2999 1506 3067 Missa
1537 2998 1739 3066 omni-

164 3081 272 3150 bus
303 3087 751 3155 Sacerdotibus
791 3088 1059 3173 aliisque
1091 3087 1577 3173 Ecclesiasticis3
1613 3105 1740 3156 non

163 3172 364 3239 solum
435 3186 706 3262 propter
769 3175 1070 3245 maiorem
1137 3175 1502 3243 facilitatem
1565 3176 1741 3243 inve-

163 3258 379 3327 niendi
425 3281 768 3330 numerum
818 3263 1246 3333 sufficientem
1293 3264 1737 3347 Sacerdotum,

163 3347 266 3431 qni
294 3348 540 3417 debent
568 3351 863 3420 assistere
893 3350 1346 3426 consecrationi
1381 3351 1550 3418 iuxta
1583 3354 1739 3417 Pon·

168 3432 413 3503 tiflcalis
466 3437 822 3529 Rubricam,
871 3440 980 3507 sed
1031 3439 1221 3506 etiam
1264 3440 1346 3507 ob
1391 3438 1741 3506 commodi-

168 3531 356 3592 tatem
403 3524 572 3592 Cleri
627 3527 1183 3595 communicaturi:
1231 3528 1378 3614 quia
1433 3527 1742 3594 Ecclesia·

165 3610 299 3677 stici
361 3612 700 3702 indigenae
763 3625 911 3683 sunt
972 3613 1199 3683 debilis
1264 3615 1612 3699 stomachi,
1674 3624 1740 3682 et

168 3698 359 3766 maior
406 3719 631 3768 eorum
689 3723 831 3792 pars
891 3722 1020 3770 non
1079 3714 1329 3790 potest,
1377 3702 1493 3772 nisi
1553 3703 1739 3770 valde

167 3784 547 3874 difficulter,
597 3809 859 3858 manere
924 3791 1121 3861 ieiuni
1170 3809 1373 3878 usque
1418 3792 1493 3860 ad
1542 3793 1739 3859 finem

168 3872 529 3944 Divinorum
574 3878 963 3947 officiorum.

289 3968 389 4032 ΙΙΙ.
442 3970 551 4032 Est
598 3967 994 4035 consuetudo
1041 3967 1229 4035 valde
1275 3968 1634 4037 communis
1674 3965 1739 4034 in

170 4047 275 4117 hac
306 4052 591 4120 Dioecesi
628 4054 1046 4124 transferendi
1081 4055 1574 4126 celebrationem
1606 4055 1743 4122 Mis-

169 4155 266 4204 sae
321 4142 638 4210 Solemnis
689 4143 936 4211 Patroni
983 4143 1345 4231 Principalis
1391 4145 1736 4229 Ecclesiae,

172 4228 553 4298 occurrentis
584 4230 649 4298 in
679 4232 785 4299 die
818 4231 1038 4300 ieiunii
1069 4244 1134 4300 et
1168 4231 1623 4313 abstinentiae;
1658 4250 1742 4299 ne

170 4313 388 4384 fideles
455 4319 846 4388 manducent
910 4339 1133 4387 carnes
1193 4332 1258 4388 et
1315 4319 1742 4409 permisceant

173 4419 308 4500 sum
402 4404 659 4492 iscihus,
709 4407 759 4474 si
807 4408 973 4476 forte
1019 4408 1085 4476 in
1128 4408 1238 4476 die
1286 4420 1410 4477 tam
1468 4407 1739 4475 solemni

174 4489 304 4587 tllos
394 4494 646 4564 abeant.
694 4495 872 4563 Missa
919 4496 1308 4580 celebratur,
1346 4495 1630 4584 quamvis
1660 4496 1741 4564 sit

174 4595 234 4643 tn
255 4580 356 4649 die
382 4581 544 4649 ritus
566 4582 840 4672 duplicis
863 4603 1009 4651 cum
1036 4585 1259 4653 Gloria
1284 4597 1348 4652 et
1371 4585 1564 4652 Credo
1582 4595 1734 4667 stc„

173 4682 236 4731 as
263 4668 311 4734 si
345 4683 513 4738 esset
548 4671 723 4739 Missa
757 4671 980 4739 Votiva
1024 4692 1141 4760 pro
1181 4692 1252 4740 re
1283 4673 1484 4762 gravi.
1532 4676 1741 4740 Potest

174 4768 249 4852 ue
292 4758 546 4826 tolerari
582 4761 736 4828 haec
768 4758 1216 4828 consuetudo?
1258 4766 1326 4829 ln
1371 4779 1516 4829 casu
1547 4779 1738 4849 nega·

176 4848 293 4910 tivo
426 4856 488 4912 to
519 4867 553 4912 a
585 4848 925 4916 Sanctitate
971 4850 1093 4916 Sua
1142 4848 1505 4918 facultatem
1524 4849 1738 4917 ¹omni·

177 4926 281 4997 bus
368 4935 623 5004 delibus
672 4936 919 5025 populi,
967 4937 1148 5004 cuius
1205 4941 1507 5005 Patronus
1568 4937 1739 5006 cele-

177 5014 401 5116 bratur,
448 5025 974 5094 concurrentibus
1019 5025 1437 5110 solemnitati,
1487 5037 1559 5093 ut
1595 5044 1738 5113 pos-

175 5119 290 5173 stnt
330 5112 710 5181 manducare
755 5133 973 5180 carnes
1019 5124 1086 5181 et
1131 5115 1335 5204 pisces
1373 5114 1437 5180 in
1465 5113 1600 5180 solo
1632 5112 1736 5181 die

177 5194 405 5293 Patroni
452 5201 843 5269 occurrentis
887 5201 952 5269 in
1005 5202 1113 5269 die
1173 5201 1587 5270 abstinentiae
1634 5202 1736 5268 vel

178 5287 418 5373 tetanii3
467 5306 505 5355 e
536 5301 752 5357 contra
786 5290 958 5358 enim
1003 5290 1392 5380 impossibile
1438 5289 1560 5357 erit
1605 5289 1735 5360 evi·

181 5377 299 5438 tare
351 5377 914 5465 transgressionem
965 5379 1287 5468 praecepti
1348 5392 1472 5446 tam
1518 5377 1734 5446 ieiunii

1840 463 2029 532 quam
2076 443 2512 514 abstinentiae.
2557 446 2719 516 Sunt
2755 442 3079 529 rarissimi,
3113 443 3222 531 qni
3256 442 3418 512 obti-

1841 544 1997 605 nent
2044 533 2286 601 Bullam
2347 535 2608 601 Sanctae
2666 532 2993 602 cruciatae
3051 532 3128 600 ad
3184 533 3306 602 hoc
3354 542 3426 600 ut

1841 621 2084 708 possint
2130 632 2265 689 tuta
2311 620 2697 689 conscientia
2742 622 3125 690 manducare
3173 639 3419 688 carnes.

1843 709 1906 777 Si
1962 729 2118 777 vero
2180 710 2481 777 Sanctitas
2534 712 2657 779 Sua
2719 708 2961 777 iudicet
3006 727 3134 777 non
3178 707 3422 776 debere

1841 797 2109 865 concedi
2155 797 2312 864 hanc
2360 797 2619 885 gratiam
2673 808 2798 864 tam
2843 797 3216 884 specialem,
3265 812 3423 882 rogo

1841 895 1912 952 ut
1941 884 2329 953 concedatur
2358 883 2557 970 gratia
2604 884 3025 954 transferendi
3068 885 3421 953 solemnem

1845 973 2340 1042 celebrationem
2401 973 2616 1072 nissae
2661 971 2955 1058 Votivae,
3005 984 3323 1060 tamquam
3369 971 3419 1038 si

1845 1071 2009 1128 esset
2057 1080 2175 1149 pro
2220 1079 2292 1128 re
2333 1079 2542 1149 gravi.

1973 1151 2078 1216 tv.
2127 1152 2196 1216 In
2257 1147 2540 1216 Ecclesia
2605 1148 2950 1237 parochiali
3008 1149 3196 1218 huius
3254 1147 3420 1217 civi·

1844 1235 2012 1319 tatis,
2061 1237 2167 1304 ubi
2218 1235 2474 1305 fundata
2521 1249 2619 1303 est
2661 1236 3151 1305 confraternitas
3210 1240 3424 1306 Sacra·

1843 1322 2066 1391 tissimi
2123 1323 2400 1409 Rosarii„
2446 1334 2542 1390 est
2601 1325 3001 1393 consuetudo
3059 1323 3424 1393 celebrandi

1843 1411 1909 1478 in
1954 1410 2249 1479 omnibus
2294 1410 2578 1485 sabbatis
2619 1431 2810 1479 unam
2854 1412 3096 1480 Missam
3129 1412 3421 1482 Votivam

1846 1510 2151 1568 cantatam
2200 1499 2284 1567 de
2330 1505 2515 1568 Beata
2561 1499 2825 1589 Virgine
2871 1520 3017 1569 cum
3068 1501 3289 1578 Credo,
3341 1519 3422 1567 ex

1844 1586 2261 1675 dispositione
2338 1608 2473 1657 rec.
2545 1608 2742 1671 mem.
2814 1589 3035 1659 Revmi
3112 1594 3184 1657 D.
3255 1589 3423 1658 Sala-

1845 1693 2064 1742 manca
2093 1674 2280 1745 huius
2318 1676 2633 1748 Dioecesis
2678 1677 2997 1766 Episcopi.
3046 1679 3420 1758 Quaeritur:

1846 1766 1941 1831 An
1973 1762 2129 1831 haec
2158 1763 2488 1865 dispositio
2531 1765 2822 1836 cantandi
2859 1767 3101 1836 Missam
3134 1764 3422 1834 Votivam

1844 1855 2073 1918 Beatae
2103 1855 2346 1920 ”Manae
2391 1854 2667 1944 Virginis
2713 1853 3066 1923 continuari
3114 1855 3313 1943 possit
3343 1853 3426 1920 ob

1841 1940 2042 2006 solam
2102 1939 2412 2009 rationem
2472 1942 2722 2011 maioris
2783 1941 3141 2009 devotionis
3202 1942 3421 2031 populi

1843 2044 1992 2113 erga
2039 2030 2291 2096 Beatam
2338 2030 2693 2119 Virginem,
2741 2042 2806 2097 et
2851 2029 3104 2097 maioris
3157 2049 3423 2098 concur·

1841 2135 1949 2201 sus
2005 2114 2296 2184 fidelium
2356 2118 2720 2205 praedictae
2780 2119 2994 2185 Missae
3048 2137 3238 2205 qnam
3288 2118 3425 2186 aliis

1846 2203 2041 2270 Missis
2089 2203 2525 2274 hebdomadae
2547 2202 2582 2272 ⁴?

1974 2294 2051 2358 V.
2087 2295 2155 2358 ln
2182 2292 2295 2360 hac
2319 2292 2603 2363 Dioecesi
2634 2294 2814 2361 adest
2844 2294 3265 2379 consuetudo,
3298 2295 3423 2362 for-

1845 2391 2005 2447 tasse
2066 2379 2143 2447 ab
2194 2381 2373 2449 initio
2424 2402 2571 2450 suae
2633 2381 3012 2467 erectionis,
3061 2383 3422 2472 apponendi

1842 2467 1907 2535 in
1951 2468 2319 2536 calendario
2349 2470 2579 2538 divini
2624 2470 2826 2539 Officii
2884 2488 3106 2540 omnes
3166 2472 3423 2539 sanctos

1842 2555 2083 2644 positos
2130 2556 2191 2624 in
2239 2558 2364 2624 line
2412 2558 2712 2626 Breviarii
2755 2579 2874 2647 pro
2919 2559 3152 2645 Regnis
3209 2558 3314 2625 His
3360 2579 3422 2624 a-

1824 2643 2007 2727 niae,
2071 2654 2139 2710 et
2183 2646 2564 2734 regulariter
2608 2645 2674 2714 in
2718 2666 2942 2715 eorum
2990 2646 3246 2736 propria
3359 2665 3420 2733 e,

1843 2732 2131 2819 quamvis
2175 2733 2255 2799 sit
2302 2746 2604 2822 occupata
2647 2734 2860 2804 Officio
2906 2736 2994 2805 du
3043 2733 3148 2803 lici
3192 2734 3256 2803 in
3284 2754 3423 2803 cor-

1841 2840 2002 2908 pore
2037 2820 2363 2889 Breviarii.
2397 2826 2730 2890 Praeterea
2760 2823 2955 2909 aliqui
3115 2823 3201 2891 cti
3230 2841 3422 2913 supra

1844 2909 2039 2977 notati
2088 2908 2326 2990 habent
2368 2909 2654 2979 Officium
2717 2910 3050 3012 proprium
3106 2911 3298 2982 etiam
3342 2911 3419 2980 ad

1842 3002 2073 3082 Horas,
2109 3008 2174 3064 et
2197 2998 2284 3065 ita
2307 2999 2463 3066 haec
2495 2998 2704 3067 Officia
2735 3011 3087 3068 recitantur
3118 2999 3196 3067 ab
3222 3000 3424 3068 omni·

1842 3087 1960 3154 hus
2006 3085 2459 3155 Ecclesiasticis
2516 3086 2701 3154 huius
2755 3088 3097 3155 Dioecesis.
3159 3089 3424 3176 Insuper

1842 3179 2020 3244 Festa
2069 3174 2276 3242 Sancti
2325 3174 2639 3244 Vincentii
2697 3176 3007 3261 Martyris,
3056 3175 3264 3244 Sancti
3324 3180 3422 3243 1u·

1844 3262 1993 3330 liani
2054 3262 2349 3353 Episcopi
2401 3261 2793 3330 confessoris
2851 3273 2920 3329 et
2982 3262 3191 3331 Sancti
3257 3264 3420 3332 llde·

1842 3350 2069 3438 phonsi
2114 3348 2408 3440 Episcopi
2457 3350 2876 3433 contessoris,
2923 3370 3044 3418 nec
3095 3370 3222 3418 non
3269 3354 3422 3420 San·

1842 3450 1981 3506 ctae
2025 3438 2351 3506 Elisabeth
2394 3437 2673 3526 Reginae
2714 3439 3118 3522 celebrantur
3145 3440 3266 3508 sub
3296 3439 3421 3507 ritu

1841 3524 2086 3614 duplici
2132 3527 2450 3595 secundae
2496 3527 2707 3595 classis
2752 3548 2900 3597 cnm
2946 3540 3188 3613 octava,
3275 3539 3421 3610 rout

1844 3616 1907 3685 in
1951 3614 2327 3704 Appendice
2381 3615 2686 3696 Breviarii
2731 3626 3164 3706 apponuntur.
3211 3548 3418 3697 guum

1838 3704 1993 3773 haec
2039 3703 2251 3789 praxis
2295 3703 2588 3774 videatur
2632 3705 2942 3772 contraria
2988 3705 3268 3773 Decretis
3314 3707 3420 3773 Sa·

1840 3811 1987 3859 crae
2032 3792 2293 3859 Rituum
2323 3792 2870 3879 congregationis,
2903 3792 3279 3880 quaeritur:
3324 3796 3422 3862 An

1840 3876 2197 3967 supradicta
2256 3884 2654 3949 consuetudo
2720 3879 2910 3948 huius
2968 3881 3286 3949 Dioecesis
3341 3882 3422 3950 sit

1842 3989 2023 4036 causa
2053 3966 2373 4036 sufficiens
2407 3967 2710 4036 recitandi
2743 3968 2828 4037 de
2857 3968 3151 4037 omnibus
3183 3969 3422 4040 Sanctis

1839 4056 2196 4144 Hispaniae,
2249 4067 2315 4123 et
2367 4075 2515 4124 cum
2557 4055 2779 4125 Officio
2821 4056 3109 4145 proprio,
3156 4058 3210 4125 si
3256 4058 3421 4126 illud

1841 4143 2134 4229 habeant,
2161 4163 2231 4211 ac
2261 4143 2380 4211 sub
2411 4145 2539 4211 ritu
2568 4144 2861 4233 superius
2891 4141 3151 4212 notato?
3177 4150 3246 4214 ln
3274 4165 3420 4214 casu

1841 4232 2162 4322 negativo,
2197 4232 2529 4300 humiliter
2558 4251 2746 4320 rogo,
2780 4243 2852 4300 ut
2883 4232 3040 4300 mihi
3071 4233 3422 4303 communi·

1842 4332 2028 4388 cetur
2071 4321 2154 4388 de
2199 4319 2427 4407 quibus
2472 4322 2712 4389 Sanctis
2744 4331 2810 4387 et
2840 4321 2959 4389 sub
2990 4340 3119 4408 quo
3146 4322 3276 4390 ritu
3305 4323 3419 4391 de·

1843 4408 2299 4564 beat?persolvi
2328 4408 2617 4478 divinum
2660 4409 2948 4477 Officium
2979 4409 3046 4477 in
3076 4410 3190 4480 hac
3235 4413 3419 4480 Dioe·

1845 4514 1973 4564 cest

1968 4587 2176 4664 Quum
2226 4585 2441 4673 itaque
2486 4586 2677 4654 dubia
2718 4605 2850 4654 non
2894 4587 3104 4657 minus
3149 4588 3227 4656 ab
3269 4587 3420 4676 Epi·

1839 4693 2035 4763 scopo
2097 4685 2345 4741 oratore
2403 4674 2748 4762 proposita,
2813 4693 3003 4762 quam
3060 4677 3416 4763 facultates,

1841 4781 1995 4849 quas
2040 4761 2173 4849 ipse
2217 4781 2252 4827 a
2297 4764 2518 4830 Sancta
2550 4759 2716 4831 Sede
2764 4764 3119 4850 postulabat
3151 4765 3217 4854 in
3244 4785 3414 4850 casu,

1841 4868 1968 4936 quo
2013 4849 2244 4917 iisdem
2289 4849 2500 4917 dubiis
2545 4851 2652 4918 vel
2697 4853 3012 4939 aliquibus
3054 4872 3138 4921 ex
3184 4854 3277 4921 eis
3305 4872 3418 4921 ne-

1841 4937 2045 5026 gativa
2091 4939 2353 5006 daretur
2394 4939 2745 5025 responsio,
2778 4940 3171 5030 subscriptus
3200 4945 3418 5011 Sacro·

1838 5043 1984 5093 rum
2029 5024 2288 5094 Rituum
2330 5027 2854 5125 congregationis
2900 5030 3287 5099 secretarius
3317 5048 3418 5098 re-

1842 5113 2062 5182 tulerit
2106 5111 2173 5181 in
2213 5112 2556 5182 Ordinartis
2598 5117 2936 5186 Sacrorum
2987 5117 3247 5187 Rituum
3295 5121 3416 5188 co·

1840 5202 2034 5270 mitiis
2092 5199 2400 5272 hodierna
2465 5200 2574 5270 die
2629 5203 2707 5271 ad
2776 5206 3093 5284 Quirinale
3166 5203 3411 5295 habitis,

1838 5293 2020 5359 Sacra
2054 5292 2185 5382 ipsa
2214 5294 2464 5379 congre
2512 5291 2661 5375 atio,
2694 5292 2962 5383 singulis
2990 5306 3236 5366 matura
3267 5315 3415 5388 per·

1841 5380 2077 5469 pensis,
2127 5379 2450 5450 rescriben
2498 5399 2609 5449 um
2654 5379 2950 5453 couniti
