4042 5950
1441 314 1911 393 —433—

168 473 298 540 Vll.
346 474 443 538 An
473 469 539 537 in
568 469 872 537 uatuiino
916 469 1379 538 sacratissimae
1409 467 1626 537 Noctis

51 559 396 713 Nativitatis?
429 558 673 626 Domini
722 558 999 626 debeant
1043 557 1466 645 praeintonari
1499 563 1624 624 An-

52 650 90 714 ti
136 649 343 715 bonae

95 668 134 736 p
169 739 328 803 VIII.
375 734 639 816 Quinam
684 734 958 803 debeant
1006 742 1255 800 cantare
1287 734 1623 820 septimam

49 835 105 890 et
150 834 434 890 octavam
477 822 848 889 Lectionem
878 825 953 888 111
999 821 1302 889 Nocturni
1337 821 1401 888 in
1441 840 1624 909 prae-

48 912 178 979 latis
231 911 591 1065 hgatutinis,
641 908 1113 977 interveniente
1173 913 1414 977 navins
1475 908 1625 996 Epi·

46 1018 231 1085 scopo

167 1090 274 1156 tx.
325 1091 443 1153 Pro
489 1085 780 1154 faciendo
825 1086 1112 1154 mandato
1158 1085 1225 1153 in
1269 1089 1482 1154 Coena
1512 1091 1627 1152 Do-

48 1174 194 1242 mini
256 1174 454 1242 debet
507 1194 628 1242 nec
687 1193 768 1240 ne
837 1174 1094 1240 tolerari
1153 1173 1485 1241 arbitrium
1540 1174 1624 1240 la-

45 1261 223 1329 vandi
282 1265 484 1349 pedes
545 1261 857 1330 tredecim
925 1261 1249 1349 opulentis
1308 1261 1627 1329 Fratribus

45 1350 395 1418 sodalitatis
443 1349 618 1419 SSmi
649 1351 1035 1418 sacramenti
1067 1351 1482 1434 cathedralia,
1516 1369 1624 1417 ex·

47 1439 230 1505 clusis
283 1435 724 1541 pauperibus?

165 1529 246 1594 X.
286 1531 382 1595 An
413 1548 478 1594 in
499 1525 768 1594 Sabbato
799 1530 1025 1596 Sancto
1057 1535 1201 1612 post
1225 1525 1624 1593 Benedictio-

44 1633 186 1681 nem
219 1616 436 1682 Fontis
463 1613 882 1716 Baptismalis,
916 1620 982 1681 in
1012 1625 1157 1681 actu
1199 1613 1513 1681 redeundi
1545 1613 1625 1681 ad

42 1706 278 1787 Altare,
331 1703 516 1770 liceat
546 1702 832 1790 incipere
862 1703 1128 1769 Litanias
1162 1701 1449 1769 omnium
1480 1705 1626 1769 San-

45 1800 294 1857 ctorum
339 1791 674 1858 cantandas
718 1800 864 1858 ante
909 1787 1178 1856 Altare?

166 1881 280 1945 XI.
332 1883 402 1945 In
447 1878 622 1945 {lissa
666 1877 915 1946 Sabbati
946 1876 1152 1945 Sancti
1184 1897 1380 1966 super
1410 1878 1626 1943 Altare

43 1977 333 2052 paratum
375 1967 453 2035 ad
499 1970 757 2033 Festum
804 1967 999 2035 debet
1044 1985 1163 2032 nec
1219 1985 1299 2032 ne
1362 1965 1625 2031 tolerari

43 2073 347 2140 magnum
392 2054 686 2121 velamen
718 2045 977 2141 nigrum
1005 2053 1308 2121 Passionis
1340 2052 1622 2132 Domini;

43 2142 114 2209 ad
150 2144 277 2211 boc
312 2151 379 2210 ut
424 2139 875 2231 permittantur
904 2142 1236 2209 descensio
1285 2152 1350 2208 et
1394 2140 1628 2209 amotio

44 2230 213 2298 illins
242 2230 575 2298 velaminis
607 2229 673 2296 in
703 2231 913 2316 primo
945 2230 1076 2298 ictu
1110 2229 1511 2297 tintinnabuli
1551 2229 1630 2296 ad

43 2318 503 2387 intonationem
533 2319 793 2404 Hymni:
825 2318 1047 2386 Gloria
1076 2321 1147 2384 in
1177 2317 1436 2385 excelsis
1466 2316 1630 2384 θεολ

167 2411 309 2475 xu.
343 2410 441 2473 An
463 2406 529 2473 in
560 2405 664 2473 die
689 2406 1040 2473 Nativitatis
1065 2405 1307 2472 Domini
1339 2405 1495 2472 etin
1517 2404 1624 2472 die

39 2495 355 2562 Pascbatis
377 2493 878 2562 Resurrectionis
908 2493 1276 2561 immediate
1309 2504 1451 2581 post
1482 2512 1627 2581 per·

41 2594 257 2651 actum
323 2581 608 2650 Officium
675 2581 1042 2649 matutinale
1111 2593 1177 2647 et
1234 2592 1380 2648 ante
1440 2599 1625 2667 pran-

38 2669 248 2754 dium,
297 2670 624 2738 canonicis
671 2670 858 2737 liceat
905 2668 1177 2737 recitare
1205 2673 1519 2756 vesperas
1558 2679 1624 2735 et

39 2756 579 2846 completorium,
614 2756 857 2825 ratione
890 2757 1173 2824 lautioris
1204 2756 1449 2845 prandii
1481 2776 1626 2845 pro-

43 2845 346 2914 trahendi
397 2845 522 2912 illis
568 2844 850 2913 diebus?

168 2937 337 3003 xm.
390 2937 485 3000 An
545 2933 629 3000 sit
686 2931 873 3001 officii
935 2933 1245 3003 Praefecti
1313 2931 1504 3002 Chori
1569 2931 1632 3001 in

37 3022 557 3092 solemnitatibus
598 3022 950 3089 Nativitatis
996 3033 1061 3089 et
1104 3024 1473 3091 Paschatum
1518 3040 1628 3088 cu-

43 3132 212 3194 rare,
267 3120 339 3177 ut
385 3110 491 3177 liat
535 3108 813 3197 syllabus
857 3130 974 3176 sen
1019 3111 1361 3199 catalogus,
1398 3110 1462 3175 in
1499 3128 1628 3196 quo

41 3198 494 3268 describantur
537 3217 657 3285 per
702 3197 997 3265 ordinem
1042 3216 1287 3283 omnes,
1334 3198 1413 3265 ad
1471 3217 1633 3284 quos

42 3290 121 3355 de
171 3289 318 3355 iure
370 3294 434 3353 et
493 3284 958 3353 consuetudine
1017 3295 1260 3373 spectat
1319 3304 1631 3374 peragere

39 3376 182 3442 illas
232 3393 438 3440 sacras
487 3371 919 3442 Functiones?

171 3465 345 3530 xlv.
381 3464 479 3529 An
508 3465 765 3530 Tractus
796 3463 1014 3528 Missae
1038 3460 1482 3531 conventualis
1515 3480 1635 3549 per

41 3553 380 3637 integrum
426 3549 553 3618 dici
599 3550 831 3618 debeat
875 3571 908 3615 a
956 3546 1361 3617 cantoribus?

173 3640 317 3708 XV.
353 3641 450 3705 An
483 3657 630 3706 cum
661 3637 897 3705 dicitur
929 3637 1303 3727 Symbolum
1336 3637 1399 3703 in
1428 3636 1633 3721 Missa,

37 3728 120 3796 sit
172 3726 750 3794 intermiscendum
794 3729 1111 3828 organum
1133 3723 1166 3790 ⁶?

179 3817 348 3883 XVI.
400 3818 494 3882 An
540 3816 843 3884 Sacerdos
892 3833 955 3881 in
1000 3813 1104 3880 die
1152 3810 1479 3883 Dominico
1533 3832 1635 3881 ce·

39 3906 418 3973 lebratnrus
461 3905 705 3969 Missam
749 3921 897 3971 cum
942 3901 1289 3969 assistentia
1329 3899 1639 3968 Ministro·

37 4011 196 4059 rum
223 4039 242 4074 ,
293 3993 547 4079 expleta
608 3990 932 4059 iunctione
982 3989 1359 4075 aspersionis
1418 3990 1636 4076 Aquae

39 4078 459 4161 benedictae,
486 4078 719 4145 debeat
741 4077 1052 4145 secedere
1074 4077 1498 4165 Presbyterio,
1532 4078 1642 4145 ubi

38 4166 274 4238 existit
306 4166 633 4233 credentia
666 4174 730 4233 et
758 4176 878 4232 stat
900 4183 1229 4232 scamnum
1252 4165 1645 4236 Celebrantis

39 4269 110 4325 et
145 4255 612 4338 Ministrorum,
641 4263 706 4321 et
736 4255 1046 4322 accedere
1076 4272 1146 4320 ac
1171 4253 1432 4320 introire
1465 4265 1639 4321 retro

41 4348 276 4412 Altare
308 4360 426 4496 gro
458 4341 844 4428 deponendo
878 4341 1137 4430 pluviali
1172 4351 1238 4407 et
1266 4342 1642 4409 assumenda

41 4436 314 4502 Planeta

188 4521 359 4586 Haec
402 4528 617 4584 autem
665 4517 879 4601 dubia,
928 4537 1124 4606 super
1168 4517 1399 4604 quibus
1462 4520 1643 4586 Sacra

38 4612 326 4679 Rituum
373 4605 794 4694 congregatio
835 4605 1037 4672 voluit
1068 4615 1139 4672 ut
1169 4608 1334 4674 alter
1368 4625 1449 4672 ex
1479 4610 1647 4694 Apo·

37 4696 430 4764 stolicaruin
460 4694 1016 4762 eaeremoniarum
1047 4694 1354 4782 magistris
1397 4705 1648 4763 senten-

38 4788 211 4852 tiam
256 4802 438 4850 suam
481 4782 736 4869 scriptis
779 4783 1094 4868 panderet
1140 4804 1212 4850 ac
1260 4782 1426 4870 typis
1472 4800 1647 4849 man·

41 4876 276 4955 daret,
323 4871 399 4937 ab
444 4873 601 4936 Eme
657 4880 724 4937 et
781 4873 939 4937 Rfiio
998 4870 1263 4938 Domino
1308 4871 1495 4938 Card.
1545 4868 1648 4936 Ni-

39 4962 241 5030 colao
274 4958 532 5026 Clarelli
561 4957 909 5026 Paracciani
955 4959 1150 5025 relata
1179 4977 1381 5045 quum
1413 4958 1652 5026 fuerint

37 5051 119 5118 in
172 5046 519 5116 ordinariis
567 5049 904 5115 Sacrorum
950 5045 1205 5113 Rituum
1240 5045 1527 5113 comitiis
1572 5046 1649 5113 ad

43 5137 442 5207 Vaticanum
474 5134 778 5202 hodierna
811 5133 918 5202 die
949 5132 1205 5220 habitis,
1239 5134 1380 5201 Emi
1411 5145 1477 5201 et
1513 5133 1652 5200 Rffli

40 5232 281 5295 Patres
312 5222 514 5292 Sacris
545 5222 803 5290 tuendis
832 5222 1077 5290 Ritibus
1109 5221 1475 5312 praepositi,
1512 5234 1654 5311 post

43 5321 435 5382 accuratum
496 5310 871 5379 eorumdem
934 5330 1204 5379 examen
1230 5361 1248 5397 ,
1300 5311 1652 5380 rescriben-

43 5405 229 5472 dum
274 5409 709 5468 censuerunt:

282 5541 499 5589 umet·
523 5539 840 5586 anthentica
865 5540 916 5585 s.
941 5541 1005 5585 R..
1031 5542 1083 5586 c.
1110 5563 1163 5573 -
1190 5539 1299 5587 vol.
1328 5542 1389 5586 11.

1865 471 1959 539 Ad
2004 476 2054 542 Ι.
2104 493 2145 537 ι
2174 475 2420 540 Dentur
2463 476 2726 540 Decreta
2762 494 2827 538 ν.

1861 559 1958 626 Ad
2001 563 2074 627 II.
2123 581 2164 625 ι
2198 562 2505 628 Servetur
2534 560 2842 641 Rubrica3
2874 570 2943 628 et
2973 562 3167 630 detur
3196 565 3314 630 De·

1732 654 1984 714 cretum
2016 669 2084 714 i».

1862 735 1957 802 Ad
2004 739 2104 803 ill.
2157 735 2692 804 «inservientem
2748 736 2967 804 Missae
3022 739 3315 804 Conven-

1731 822 1880 887 tuali
1932 840 2073 890 esse
2116 823 2359 891 debere
2391 823 2715 891 Clericum
2761 844 2908 892 cum
2955 834 3122 892 cotta
3155 846 3221 890 ν.

1860 910 1958 977 Ad
2003 914 2110 978 IV.
2158 933 2195 976 α
2229 909 2764 999 Responsorium:
2813 914 3038 979 Libera
3069 932 3163 978 me
3194 915 3315 978 Do-

1726 1000 1898 1064 mine
1942 1001 2301 1068 canendum
2344 1018 2473 1065 non
2520 1019 2659 1065 esse
2706 999 2826 1067 nisi
2867 999 3043 1068 finita
3091 999 3310 1085 uissa3

1729 1095 1796 1151 et
1857 1085 2016 1154 illud
2085 1099 2372 1155 cantores
2430 1086 2734 1175 incipiant
2803 1107 2951 1156 cuin
3006 1088 3315 1156 Sacerdos

1728 1172 1924 1240 fuerit
1970 1174 2233 1261 pluviali
2281 1174 2565 1258 indutus,
2601 1187 2666 1242 et
2697 1174 3135 1245 subdiaconus
3167 1193 3315 1243 cum

1727 1263 1934 1328 Gruce
1980 1262 2059 1329 ad
2108 1264 2310 1351 pedes
2355 1261 2607 1330 ‘rumuli
2665 1263 3074 1352 pervenerit,
3124 1262 3317 1329 etiam

1726 1347 1778 1413 si
1824 1360 2104 1418 castrum
2151 1351 2389 1419 doloris
2436 1350 2597 1418 adsit
2644 1351 2708 1418 in
2755 1351 2969 1418 medio
3012 1351 3204 1418 Cbori
3247 1372 3312 1416 ν.

1859 1438 1954 1504 Ad
2005 1442 2081 1506 V.
2134 1460 2175 1504 ι
2207 1444 2275 1505 In
2320 1440 2509 1528 plano
2541 1439 2620 1506 ad
2653 1458 2853 1507 cornu
2893 1439 3214 1527 Epistolae
3247 1460 3312 1504 »-

1858 1527 1956 1594 Ad
2002 1529 2110 1594 Vl.
2157 1548 2198 1592 ι
2228 1529 2366 1594 Νοιι
2411 1527 2796 1613 praescribi;
2845 1537 2912 1594 et
2941 1527 3317 1595 servandam

1730 1615 2263 1683 consuetudinem
2311 1615 2600 1716 locorum
2633 1637 2698 1681 ν.

1862 1703 1959 1857 :td
2006 1707 2163 1859 xiil.
2188 1702 2925 1878 “zssgffigffizff'dms
2958 1792 3320 1860 assistentes

1733 1882 2049 1967 Episcopo
2084 1900 2146 1945 ν.
2591 1899 2595 1903 ’

1861 1966 1959 2033 Ad
2005 1970 2109 2033 tx.
2161 1986 2199 2031 ‹
2234 1971 2300 2033 ln
2333 1985 2480 2034 casu
2517 1968 2896 2052 curandum,
2925 1976 3020 2053 ut,
3053 1987 3180 2035 non
3210 1966 3322 2033 ob-

1730 2064 1936 2154 stante
1969 2053 2438 2156 consuetudine
2470 2055 2715 2156 lavandi
2749 2055 2955 2157 pedes
2998 2055 3321 2156 opulentis

1731 2140 2053 2210 Fratribus
2099 2142 2456 2209 sodalitatis
2487 2144 2872 2211 sanctissimi
2904 2147 3317 2228 sacramenti,

1730 2230 2047 2316 eligantur
2093 2231 2335 2316 potiuS,
2383 2231 2434 2296 si
2481 2229 2621 2298 fleri
2670 2242 2908 2317 potest,
2945 2240 3037 2302 tot
3083 2249 3321 2319 paupe-

1729 2317 2823 2474 ῑῗέὲιὲῗοὲέξῖῗωῦὶῗὲῗῗέἷὲξ
2856 2319 3321 2475 ἓῖᾟὲἷὲἒ

1733 2494 2439 2684 Ρηῗιῗῐῗῗίὲρίεοο
2487 2603 2523 2649 o
2587 2601 2716 2650 nen
2774 2594 3139 2671 praesente,
3186 2600 3320 2648 ser-

1731 2669 2002 2737 vandam
2050 2672 2306 2738 Missalis
2353 2675 2449 2739 Ru
2495 2672 2689 2737 ricam
2725 2692 2791 2738 ν.

1863 2757 1962 2824 Ad
2008 2760 2119 2824 xl.
2167 2779 2205 2824 ‹
2238 2759 2471 2846 Dilata3
2521 2770 2587 2825 et
2635 2778 2773 2826 rem
2818 2759 3053 2826 clarius
3119 2756 3323 2845 expli-

1736 2845 2000 2913 candam
2034 2866 2098 2911 ν.

1766 3021 1777 3033 .
1862 2932 1960 3000 Ad
2005 2938 2139 3035 IIII.
2190 2954 2228 3000 ‹
2258 2933 2601 3035 ‘Negative;
2653 2946 2719 3002 et
2762 2934 3057 3020 abusum,
3106 2933 3159 3002 si
3215 2934 3325 3003 ad·

1732 3032 1838 3105 sn,
1865 3034 2145 3178 &gatils
2188 3023 2779 3198 elffiffiiidlgidlmnp’ro
2812 3110 3106 3178 omnibus
3134 3110 3326 3180 Cbori

1731 3158 2165 3297 functionibus
2195 3198 2667 3286 disponendum
2701 3221 2733 3264 a
2764 3198 3325 3299 caeremoniarum

1735 3288 2057 3374 Magistro,
2106 3297 2171 3352 et
2217 3284 2698 3388 approbandum
2758 3307 2790 3352 a
2856 3304 3058 3375 prima
3106 3290 3317 3374 Digni-

1737 3373 2891 3551 ωωΑῗαΧῗῦῗθὶθῗιῨει-ἓὲιίῃίιῖἶοςτο
2934 3462 3319 3544 canendum,

1737 3551 2904 3738 qauz-{rgan‘ngiyfflhffilfftggg
2934 3637 3322 3720 canendum,
3352 3626 3361 3633 ’

1742 3727 1983 3793 etiamsi
2030 3726 2325 3813 pulsetur
2366 3727 2685 3811 organum
2720 3747 2784 3794 ».

1868 3813 1965 3880 Ad
1993 3817 2159 3882 XVI.
2213 3836 2250 3879 α
2277 3812 2665 3881 Servandain
2697 3813 3230 3882 consuetudinem
3257 3836 3323 3879 »-

1868 3907 2078 3989 Atque
2133 3901 2217 3969 ita
2278 3900 2747 3989 rescripserunt
2808 3911 2875 3969 et
2939 3902 3323 3969 servandum

1743 3989 2239 4058 mandaverunt.

1877 4079 1990 4145 Die
2037 4083 2073 4146 7
2122 4076 2519 4166 Septembris
2570 4081 2765 4145 ieet.

1747 4255 2005 4325 3109.
2375 4236 2706 4322 nuttios

2217 4362 2497 4430 moniis
2540 4361 2862 4427 cassim.

1881 4523 1949 4585 In
1993 4518 2262 4585 Civitate
2310 4520 2376 4586 S.
2426 4516 2746 4603 Germani,
2779 4536 2941 4604 quae
2988 4517 3208 4585 subest
3239 4516 3332 4584 iu-

1751 4606 2103 4674 risdictioni
2148 4606 2286 4675 Rmi
2318 4605 2574 4673 Abbatis
2603 4605 2829 4672 Montis
2858 4603 3117 4687 cassini,
3154 4622 3337 4693 prae-

1752 4705 1852 4760 ter
1896 4703 2344 4781 pervetustum
2388 4693 2846 4762 Canonicorum
2877 4692 3240 4779 Collegium
3270 4692 3337 4758 in

1750 4782 2031 4850 Ecclesia
2054 4782 2341 4868 matrice,
2367 4782 2641 4849 alterum
2679 4798 2935 4868 qnoque
2966 4798 3095 4847 non
3118 4778 3339 4846 multis

1752 4867 1829 4937 ab
1873 4871 2018 4939 liinc
2067 4869 2242 4936 annis
2285 4867 2811 4957 Presbyterorum
2855 4866 3235 4953 Collegium·
3271 4865 3339 4932 in

1751 4957 2034 5027 Ecclesia
2092 4963 2316 5025 Beatae
2377 4957 2599 5024 Mariae
2660 4955 2935 5043 Virginis
2998 4955 3080 5022 de
3125 4957 3339 5021 Mente

1756 5048 2048 5115 Carmelo
2094 5046 2457 5112 institutum
2517 5043 2663 5111 fuit.
2723 5045 2928 5123 Quum
2992 5053 3209 5109 autem
3258 5038 3341 5108 ob

1754 5134 1912 5202 banc
1959 5132 2423 5202 institutionem
2485 5153 2519 5198 a
2572 5133 2761 5199 clero
2823 5129 3165 5217 receptitie
3219 5133 3339 5197 Ec-

1756 5221 1989 5290 clesiae
2035 5222 2116 5290 de
2147 5223 2357 5288 Monte
2388 5220 2681 5288 Carmelo
2712 5229 2882 5286 mota
2913 5216 3107 5285 luerit
3146 5235 3339 5302 quae-

1755 5310 1874 5377 stio
1921 5309 2085 5377 circa
2176 5307 2645 5378 raecedentiam
2691 5318 2757 5375 et
2801 5307 2938 5375 iura
2984 5304 3102 5375 sibi
3170 5324 3341 5373 coin·

1761 5398 2065 5487 petentia,
2112 5399 2133 5466 i
2185 5416 2286 5466 em
2329 5399 2552 5467 Clarus
2595 5396 2967 5487 receptitius
2999 5393 3161 5465 datis
3190 5412 3340 5483 pre-

3104 4254 3331 4344 (saia)
