4042 5950
1918 221 2390 302 —252—

528 380 838 448 hodierna
879 378 981 447 die
1025 377 1287 464 habitis,
1344 376 1839 447 Eminentissimi
1882 383 2096 446 Patres

526 468 728 538 Sacris
771 467 1026 535 tuendis
1070 467 1315 535 Ritibus
1357 465 1700 555 praepositi
1745 465 2095 534 rescriben-

524 558 681 625 dum
726 566 1144 623 censuerunt:
1197 577 1235 619 α
1269 558 1617 623 Serventur
1670 560 1933 623 Decreta
1979 554 2099 622 bn-

525 644 622 712 ius
665 646 888 711 Sacrae
946 642 1464 730 congregationis
1513 642 1599 710 de
1653 642 2099 731 praecedentia

524 731 819 821 Episcopi
865 731 1193 818 Titularis3
1243 741 1309 798 et
1354 730 1662 799 scribatur
1715 729 2094 799 Eminentis-

523 820 682 913 simo
737 819 1048 888 cardinali
1096 819 1591 908 Arcbiepiscopo
1648 818 2098 886 Mediolanensi

523 907 599 976 ad
647 918 929 975 mentem
960 928 1027 974 ».
1074 907 1187 976 Die
1238 911 1314 975 17
1360 907 1630 993 Augusti
1683 910 1871 974 1883.

767 1052 927 1115 Eme
974 1060 1038 1116 et
1083 1052 1240 1117 Rme
1284 1047 1553 1115 Domine
1597 1047 1849 1115 Obsi‘i‘ie.

649 1172 985 1260 Praecipua
1040 1192 1142 1240 res
1198 1173 1559 1262 gravissima
1618 1170 1695 1238 ad
1764 1170 1924 1237 hanc
1988 1174 2094 1238 Sa·

521 1280 693 1330 cram
735 1260 995 1329 Rituum
1040 1262 1613 1351 congregationem
1643 1277 1851 1346 nuper
1884 1259 2093 1344 allata,

523 1348 808 1439 apprime
854 1361 999 1416 nota
1045 1350 1439 1421 Eminentiae
1485 1354 1771 1430 Vestrae,
1828 1347 1939 1414 has
1990 1348 2094 1414 lit·

523 1449 689 1505 teras
748 1437 1069 1524 dirigendi
1129 1440 1394 1526 praebet
1451 1435 1864 1505 occasionem.
1925 1435 2096 1503 Titu-

523 1526 670 1594 laris
713 1526 1063 1625 Episcopus
1103 1525 1466 1593 Franciscus
1512 1524 1696 1591 Maria
1728 1523 1951 1611 Zoppi,
1985 1525 2096 1591 ob-

518 1624 701 1683 tento
747 1617 1125 1681 canonicatu
1177 1613 1355 1680 istius
1412 1612 1734 1681 Ecclesiae
1781 1616 2097 1698 Metropo-

524 1702 779 1786 litanae,
828 1719 1026 1787 quum
1070 1700 1445 1789 iampridem
1494 1705 1544 1767 E
1596 1700 1850 1786 iscopali
1884 1697 2096 1787 Digni-

525 1799 652 1857 tate
684 1799 853 1856 esset
883 1797 1165 1876 ornatus,
1204 1789 1509 1856 nonnulla
1586 1785 1729 1856 ubia
1762 1787 2097 1877 proposuit

523 1876 893 1963 enodanda,
924 1875 1152 1962 quibus
1201 1895 1574 1963 responsum
1614 1875 1735 1943 fuit
1781 1877 1952 1943 iuxta
1984 1879 2100 1941 De-

521 1974 695 2033 creta
723 1963 869 2031 alias
914 1985 947 2029 a
990 1965 1214 2052 priscis
1252 1965 1646 2052 temporibus
1678 1965 1925 2031 emissa.
1961 1965 2095 2041 Quo

521 2071 717 2140 super
762 2052 926 2120 facto
973 2053 1176 2120 omnis
1219 2064 1318 2120 est
1363 2052 1750 2123 removenda
1795 2050 2096 2140 suspicio,

523 2161 593 2208 ac
624 2160 739 2229 pro
786 2151 963 2208 certo
1007 2140 1369 2210 babendum
1414 2141 1661 2208 sincere
1710 2152 1777 2208 et
1820 2142 2097 2208 innocue

523 2230 805 2297 eundem
834 2248 904 2295 se
933 2229 1232 2315 gessisse.
1265 2233 1393 2296 Mos
1424 2230 1595 2296 enim
1634 2228 1896 2296 invaluit
1926 2229 2098 2314 apud

524 2320 737 2385 Sacras
766 2319 1329 2405 congregationes,
1357 2336 1555 2403 quum
1586 2319 1672 2384 Su
1720 2316 1919 2402 plices
1951 2334 2097 2403 por-

523 2405 822 2491 riguntur
864 2404 1115 2490 Libelli,
1164 2423 1440 2490 quorum
1584 2413 1681 2471 stu
1714 2414 1809 2470 ata
1857 2415 1920 2470 et
1967 2424 2096 2471 ma·

523 2494 719 2561 teries
761 2494 918 2563 nihil
971 2493 1119 2560 novi
1177 2492 1490 2560 discutien
1540 2510 1647 2559 um
1707 2491 1983 2559 offerunt
2027 2512 2097 2559 ac

523 2581 877 2649 decisiones
912 2589 1223 2648 anteactas
1267 2579 1641 2669 respiciunt,
1677 2579 1802 2647 illis
1834 2580 2094 2647 rescribi

522 2668 640 2735 suh
670 2669 892 2735 datum
923 2668 1048 2737 diei
1072 2669 1595 2757 congregationis
1626 2668 2093 2757 praecedentis,

524 2755 673 2824 licet
718 2767 862 2845 post
905 2756 1146 2841 aliquot
1182 2756 1320 2824 dies
1365 2766 1555 2844 atque
1588 2757 1776 2823 etiam
1807 2775 2097 2823 mensem

397 2901 412 2909 -
522 2861 753 2930 preces
796 2854 1093 2933 receptae
1140 2844 1402 2912 fuerint.
1452 2846 1733 2931 ldipsum
1770 2843 1987 2912 evenit
2030 2845 2097 2911 in

522 2933 842 3021 praesenti
902 2952 1075 3001 casu.
1134 2937 1215 3000 Et
1261 2932 1548 3020 quidem,
1593 2934 1642 3000 si
1700 2932 2095 3001 Eminentiae

522 3024 789 3090 Vestrae
833 3022 1092 3090 libuerit
1136 3022 1267 3111 ipsa
1299 3041 1596 3109 responsa
1631 3041 1777 3089 cum
1807 3020 2095 3089 adductis

520 3109 806 3177 Decretis
849 3108 1166 3196 conferre,
1213 3110 1425 3177 statim
1472 3132 1573 3178 res
1618 3110 1820 3177 omnis
1852 3109 2096 3196 liquido

521 3196 790 3286 patebit,
815 3199 893 3266 ad
919 3198 1382 3299 ingenuitatem
1404 3199 1920 3286 probitatemque
1949 3198 2099 3287 Epi-

519 3284 695 3373 scopi
728 3287 1021 3354 canonici
1055 3287 1578 3374 dignoscendam.

651 3378 943 3443 Attamen
968 3394 1168 3461 quum
1199 3376 1276 3442 ad
1313 3376 1596 3443 eundem
1626 3381 1926 3462 responsa
1956 3393 2099 3463 per-

520 3461 844 3529 venissent
891 3475 1034 3551 post
1073 3464 1368 3551 adeptam
1398 3465 1811 3533 canonicatus
1853 3482 2099 3551 posses-

521 3551 789 3635 sionem,
836 3551 1056 3616 maiori
1102 3571 1360 3639 pressus
1413 3553 1730 3640 angustia,
1779 3551 1937 3618 dum
1996 3570 2097 3618 re-

522 3636 750 3724 fragari
785 3639 967 3706 timet
996 3641 1222 3706 Sacrae
1250 3641 1770 3726 congregationis
1814 3640 2099 3706 Decretis

524 3726 627 3793 vel
673 3724 953 3792 abnuere
983 3727 1256 3813 capituli
1285 3727 1533 3812 studiis,
1571 3729 1805 3795 iterum
1848 3731 2098 3795 Sacram

521 3814 1096 3900 Congregationem
1140 3815 1333 3883 adivit
1379 3817 1750 3904 postulans:
1807 3819 1972 3882 Num
2018 3815 2095 3882 ad

520 3901 840 3971 vitandam
896 3902 1243 3988 quamlibet
1298 3903 1793 3972 controversiam
1850 3903 1965 3969 sibi
2021 3902 2097 3969 li-

523 4002 725 4075 ceret,
772 3990 1145 4079 posthabitis
1190 3993 1501 4075 Decretis,
1534 3992 1831 4080 prosequi
1868 3992 2099 4059 eodem

523 4080 713 4147 modo
758 4098 885 4166 quo
929 4079 1342 4147 Canonicatus
1389 4079 1851 4170 possessionem
1889 4080 2097 4146 fuerat

524 4167 814 4256 adeptus.
863 4166 1359 4235 Eminentissimi
1406 4173 1615 4235 Patres
1661 4169 1723 4235 in
1775 4168 2097 4237 ordinaria

521 4259 853 4323 Sacrorum
901 4257 1156 4325 Rituum
1205 4256 1710 4345 congregatione
1752 4256 1959 4323 habita
1988 4255 2095 4323 die

526 4347 604 4411 17
628 4345 895 4430 Augusti
921 4345 1238 4413 currentis
1270 4346 1412 4413 anni
1445 4348 1610 4414 1833
1642 4345 1720 4412 ad
1749 4344 2096 4428 Quirinale,

523 4432 711 4501 dubia
760 4433 982 4499 eadem
1031 4433 1095 4500 in
1141 4434 1537 4500 Eminentiae
1594 4436 1855 4502 Vestrae
1915 4433 2098 4499 obse·

521 4520 743 4607 quium
802 4540 1021 4587 rursus
1082 4523 1459 4608 exponenda
1518 4532 1857 4605 curarunt,
1905 4532 2098 4606 atque

521 4609 984 4678 intellexerunt
1031 4629 1327 4699 responsa
1359 4612 1659 4699 decerpta
1696 4629 1834 4677 esse
1866 4628 1947 4675 ex
1979 4613 2099 4676 De-

523 4697 711 4764 cretis
760 4698 1128 4765 iamdudum
1179 4698 1367 4767 editis
1409 4700 1486 4766 ab
1535 4717 1757 4766 eorum
1798 4700 2101 4765 Anteces-

519 4784 767 4854 soribus
813 4787 877 4854 in
922 4788 1105 4853 Sacra
1140 4787 1644 4875 congregatione
1690 4807 1758 4853 ac
1808 4791 2098 4855 Summo-

522 4893 666 4940 rum
702 4874 1078 4942 Pontificum
1109 4877 1483 4943 auctoritate
1515 4876 1925 4960 confirmatis,
1959 4874 2099 4962 qui-

521 4960 639 5029 bus
683 4963 984 5031 adhaeret
1030 4974 1318 5032 constans
1366 4965 1649 5031 omnium
1691 4963 1874 5031 Urbis
1909 4967 2097 5031 etiam

522 5050 1031 5118 patriarchalium
1086 5052 1513 5119 Ecclesiarum
1573 5054 1785 5140 praxis
1842 5063 1905 5119 et
1952 5072 2099 5120 con-

522 5137 825 5205 suetudo.
846 5141 898 5205 A
922 5149 1215 5205 veterum
1238 5138 1451 5226 itaque
1471 5143 1887 5208 Decretorum
1908 5161 2100 5208 sensu

521 5221 786 5294 minime
823 5225 1183 5311 declinare,
1235 5227 1434 5294 immo
1481 5228 1838 5316 Episcopali
1886 5228 2098 5295 chara-

522 5313 681 5384 cteri
710 5332 781 5382 ac
811 5313 1100 5402 dignitati
1145 5314 1483 5381 consulere
1529 5313 2097 5401 (quemadmodum

2199 378 2540 464 antiquitus
2584 388 2891 447 statutum
2936 377 3080 465 fuit)
3125 375 3627 446 Eminentissimi
3671 382 3785 445 Pa-

2205 476 2332 533 tres
2360 468 2688 535 unanimes
2731 477 3163 555 censuerunt3
3213 475 3279 533 et
3323 465 3634 554 idipsum,
3670 485 3787 533 ex·

2201 554 2375 642 pleta
2418 574 2537 643 per
2581 560 2657 623 R.
2691 559 2762 621 P.
2796 559 2869 622 D.
2905 554 3334 624 secretarium
3372 553 3782 621 sanctissimo

2199 643 2533 729 relatione,
2561 643 2956 711 Eminentiae
2979 647 3241 710 Vestrae
3268 662 3381 729 per
3410 652 3785 728 praesentes

2202 730 2480 798 officiose
2526 731 2851 800 nunciare.
2902 730 3207 799 Sanctitas
3252 733 3375 801 Sua
3421 729 3635 798 eidem
3670 731 3787 796 Se-

2201 820 2496 905 cretario,
2543 820 2862 888 audientia
2904 821 3022 886 sub
3073 817 3465 907 infrascripta
3508 818 3617 886 die
3665 818 3785 886 'un-

2198 906 2458 994 pertita,
2506 906 2800 975 omnibus
2858 907 2951 974 rei
3013 905 3496 974 circumstantiis
3559 924 3785 994 perce-

2199 994 2350 1082 ptis,
2400 994 2866 1064 commendavit
2920 996 3313 1084 plurimum,
3361 1004 3434 1060 ut
3480 993 3785 1061 Eminen-

2202 1082 2324 1150 tiae
2370 1086 2639 1152 Vestrae
2681 1103 2805 1171 per
2846 1083 3113 1151 Litteras
3158 1086 3381 1151 Sacrae
3424 1084 3787 1170 Congrege-

2204 1171 2388 1237 tionis
2432 1190 2614 1239 mens
2658 1173 3074 1260 panderetur,
3122 1171 3225 1238 cui
3280 1173 3580 1237 Summus
3621 1174 3781 1237 Pon·

2200 1258 2361 1326 tifex
2404 1260 2715 1327 accedens
2759 1260 2955 1327 robur
2999 1259 3317 1346 adiungit;
3350 1259 3521 1326 ‘baec
3566 1266 3784 1325 autem

2200 1366 2381 1414 mens
2425 1346 2827 1433 potissimum
2874 1357 2971 1413 est
3015 1357 3086 1413 ut
3131 1347 3501 1414 auctoritate
3550 1357 3619 1412 et
3648 1344 3784 1411 elo-

2202 1435 2376 1521 quio,
2403 1454 2530 1521 quo
2559 1435 2764 1523 pollet
2793 1435 3152 1503 Eminentia
3175 1438 3420 1519 Vestra,
3444 1432 3627 1502 istius
3657 1437 3785 1500 He-

2203 1523 2619 1608 tropolitanae
2664 1524 3009 1592 canonicos
3054 1522 3389 1608 religione,
3425 1520 3669 1608 pietate
3712 1542 3787 1589 ac

2204 1610 2403 1677 titulis
2434 1611 2726 1679 omnibus
2756 1611 3065 1697 illustres,
3099 1612 3395 1679 hortetur
3427 1619 3491 1676 et
3522 1610 3785 1677 suadeat

2201 1698 2278 1766 ad
2313 1698 2751 1787 benigniorem
2781 1701 3060 1767 animum
3093 1717 3243 1786 erga
3273 1697 3603 1785 collegam
3635 1699 3784 1786 Epi-

2200 1806 2465 1876 scopum
2512 1788 2709 1876 Zoppi
2769 1787 3201 1872 induendum,
3264 1797 3329 1852 et
3387 1785 3462 1852 ad
3512 1790 3785 1853 Decreta

2200 1879 2424 1944 Sacrae
2472 1875 2993 1962 congregationis
3050 1873 3460 1960 exequenda3
3511 1891 3707 1959 quam
3750 1894 3786 1939 a

2201 1963 2421 2051 priscis
2491 1962 2882 2050 temporibus
2934 1961 3011 2027 ab
3072 1962 3359 2030 eiusdem
3417 1961 3787 2051 Metropoli-

2201 2061 2382 2118 tanae
2428 2050 2719 2137 Capitulo
2764 2070 2956 2138 saepe
3000 2051 3083 2118 de
3128 2049 3443 2117 sententia
3496 2059 3785 2138 rogatam

2200 2140 2395 2208 fuisse
2442 2149 2682 2206 constat
2731 2158 2811 2206 ex
2856 2136 3148 2226 pluribus
3199 2138 3527 2226 postulatis
3576 2148 3642 2204 et
3687 2137 3788 2204 Li·

2204 2227 2449 2315 turgiae
2493 2226 2700 2295 dubiis
2754 2227 3088 2313 exhibitis,
3136 2228 3476 2315 ipsumque
3522 2226 3787 2313 Capitu-

2202 2317 2337 2384 lum
2383 2315 2803 2384 libentissime
2848 2315 3169 2401 recepisse
3224 2333 3525 2403 responsa
3574 2327 3641 2380 et
3688 2333 3789 2381 so·

2202 2404 2510 2488 lutiones,
2573 2415 2764 2490 atque
2825 2402 3190 2473 huiusmodi
3241 2402 3564 2487 Decretis,
3630 2412 3789 2469 tam-

2201 2513 2392 2579 quam
2433 2492 2614 2560 Sedis
2645 2491 3043 2579 Apostolicae
3076 2491 3371 2575 oraculis,
3404 2491 3788 2578 obsequium

2201 2580 2612 2671 praestitisse.
2674 2579 2853 2658 Quod
2915 2590 2978 2645 et
3032 2579 3485 2668 praestandum
3531 2597 3674 2645 esse
3720 2577 3789 2643 in

2199 2669 2517 2757 praesenti
2550 2689 2721 2754 casu,
2751 2669 2815 2735 in
2844 2686 2970 2755 quo
2993 2668 3201 2755 agitur
3225 2668 3309 2735 de
3380 2667 3789 2735 raecedentia

2202 2757 2526 2846 Episcopi,
2562 2756 2626 2824 in
2656 2756 2920 2825 dubium
2951 2776 3079 2824 non
3109 2774 3337 2825 revoca
3386 2755 3470 2835 it;
3503 2755 3790 2822 maxime

2199 2864 2398 2932 quum
2466 2845 2915 2933 praecedentia
2982 2844 3219 2913 isthaec
3278 2842 3541 2932 proprio
3606 2845 3790 2911 istius

2200 2934 2721 3023 Metropolitanae
2764 2933 2935 3003 Ritui
2990 2932 3148 3001 nihil
3206 2933 3531 3017 detrahat,
3580 2950 3788 3019 quum

2201 3025 2404 3091 honor
2449 3022 2778 3123 Episcopis
2823 3024 3223 3091 exhibendus
3269 3020 3636 3089 universam
3667 3025 3785 3090 Ec-

2201 3113 2456 3180 clesiam
2530 3111 2847 3200 respiciat.
2925 3110 3244 3180 Permulta
3321 3120 3467 3177 sunt
3544 3109 3785 3177 iamdiu

2203 3201 2325 3268 lata
2371 3200 2454 3267 de
2500 3199 2961 3287 Episcoporum
3008 3198 3457 3289 praecedentia
3488 3202 3782 3284 Decreta,

2199 3300 2389 3375 atque
2436 3288 2620 3355 liuius
2668 3299 3027 3356 constanter
3060 3297 3346 3354 servatae
3392 3288 3785 3375 praeceden-

2200 3377 2326 3443 tiae
2371 3376 2436 3444 in
2480 3374 2785 3463 capitulis
2829 3374 3014 3443 Urbis
3061 3386 3126 3442 et
3170 3384 3392 3442 vetera
3439 3386 3504 3441 et
3558 3393 3784 3442 recen-

2201 3464 2358 3531 tiora
2405 3474 2621 3530 extant
2665 3465 2995 3552 exempla3
3044 3465 3205 3532 adeo
3251 3475 3324 3531 ut
3356 3464 3406 3530 si
3440 3463 3786 3551 contigerit

2204 3551 2559 3640 Episcopali
2627 3551 2941 3641 Dignitate
3011 3551 3300 3640 insigniri
3366 3553 3785 3620 Sacerdotem

2200 3640 2479 3725 aliquem
2520 3660 2600 3706 ex
2631 3651 2820 3708 coetu
2866 3640 2931 3706 in
2975 3639 3347 3708 stationibus
3377 3639 3786 3706 inferioribus

2201 3728 2392 3797 chori
2439 3729 2838 3813 sedentium,
2885 3728 3068 3796 verbi
3124 3728 3321 3817 gratia
3366 3728 3536 3796 inter
3582 3732 3789 3795 Bene-

2201 3816 2493 3902 ficiarios,
2541 3818 2753 3884 statim
2796 3817 3093 3904 superius
3138 3818 3460 3902 ascendat,
3496 3828 3561 3884 et
3601 3836 3785 3904 prae-

2204 3904 2405 3973 latitio
2450 3905 2666 3972 habitu
2723 3906 2983 3973 indutus
3040 3909 3442 3991 crucemque
3495 3915 3787 3991 pectora-

2202 3996 2333 4061 lem
2368 4003 2645 4081 gestans,
2677 4003 2822 4060 ante
2853 3993 3196 4062 Canonicos
3231 3995 3440 4060 locum
3473 3994 3784 4081 obtineat,

2200 4103 2270 4148 ac
2319 4080 2383 4148 in
2427 4080 2917 4149 solemnioribus
2959 4082 3417 4167 functionibus,
3450 4081 3517 4150 in
3549 4083 3786 4169 quibus

2202 4169 2592 4257 Capitulares
2637 4170 2827 4237 sacris
2873 4180 3145 4238 utuntur
3189 4170 3603 4255 indumentis,
3637 4171 3788 4271 plu·

2202 4258 2349 4325 viali
2381 4277 2450 4324 ac
2488 4257 2958 4326 mitra-ornatus
2987 4258 3254 4325 assistat.
3301 4262 3432 4327 Hoc
3463 4259 3529 4325 in
3559 4258 3790 4344 primis

2202 4347 2438 4415 servari
2472 4347 2535 4413 in
2558 4346 2833 4414 Basilicis
2858 4346 3376 4415 Patriarchalibus
3406 4346 3591 4414 Urbis
3615 4365 3790 4415 com-

2206 4447 2460 4523 pertum
2508 4445 2628 4517 est,
2662 4455 2695 4501 a
2726 4434 2955 4521 quihus
3001 4435 3194 4503 totius
3238 4434 3416 4504 Orbis
3446 4433 3788 4503 Christiani

2205 4522 2526 4591 Ecclesiae
2575 4521 2872 4611 exempla
2915 4524 3261 4590 desumere
3307 4526 3370 4590 in
3413 4523 3629 4609 pretio
3674 4525 3789 4591 ha·

2204 4611 2384 4679 bent.
2433 4614 2497 4677 ln
2548 4610 2696 4699 ipsis
2741 4612 2912 4678 enim
2958 4612 3478 4679 Patriarchalibus
3509 4611 3790 4680 Basilicis

2203 4699 2669 4787 augustissimas
2701 4698 3056 4767 functiones
3101 4719 3226 4786 per
3264 4719 3499 4767 annum
3534 4701 3789 4788 peragit

2204 4792 2504 4857 Summus
2548 4788 2865 4873 Pontifex,
2900 4787 3006 4874 qui
3041 4787 3188 4856 ideo
3219 4788 3295 4854 ab
3328 4788 3584 4856 excelso
3615 4791 3788 4875 Apo-

2203 4875 2428 4943 stolico
2465 4877 2662 4962 Solio,
2698 4877 2905 4944 omnia
2951 4894 3113 4961 quae
3159 4876 3236 4943 ad
3285 4875 3530 4943 cultum
3575 4877 3786 4945 Ritus-

2204 4984 2330 5051 que
2376 4967 2597 5033 Sacros
2658 4966 2984 5053 pertinent
3030 4965 3111 5030 ob
3166 4966 3383 5032 oculos
3442 4964 3667 5050 habet,
3719 4977 3785 5031 et

2206 5052 2683 5120 Ecclesiasticae
2727 5052 3131 5120 Hierarchiae
3167 5055 3410 5141 gradus·
3448 5072 3671 5121 omnes
3721 5053 3785 5122 in

2201 5160 2317 5205 suo
2364 5152 2716 5227 conspectu
2751 5141 3031 5245 propriis
3059 5142 3390 5209 decoratos
3436 5141 3786 5229 insignibus

2203 5229 2683 5296 circumstantes
2728 5230 3024 5300 intuitur.
3072 5231 3470 5318 Quapropter
3523 5240 3781 5319 exoptat

2203 5315 2504 5383 Sanctitas
2551 5319 2674 5384 Sua
2720 5328 2845 5384 tam
2892 5318 3279 5387 laudabilem
3339 5335 3587 5386 morem
3651 5339 3780 5386 ser-
