4042 5950
1993 194 2464 276 —310—

585 372 748 446 tum,
782 361 846 428 in
894 379 1014 447 qua
1047 379 1126 426 ex
1173 357 1541 425 infirmitate
1571 358 1841 424 bumana
1875 356 2163 454 irrepere
2264 357 2512 421 Sacram
2562 353 2762 441 ipsam
2805 350 3384 452 congregationem
3422 349 3493 450 ,in
3544 367 3675 415 nna
3708 349 3859 446 llar-

515 478 518 487 ·
585 459 796 537 potest
843 467 1052 515 error:
1104 446 1351 532 quinto,
1403 444 1546 531 quia
1597 444 1823 533 passim
1870 443 1932 510 in
1964 446 2167 509 Lttnr·
2266 460 2481 508 sorum
2514 444 2591 510 ad
2622 441 2891 509 dubium
2937 456 3219 527 primum
3270 439 3548 506 edixisse
3594 436 3861 504 Ordines

587 536 687 624 gia
755 534 1120 622 genuflexio
1190 534 1603 621 interrumpit
1667 531 2167 621 praecedentem
2269 532 2488 597 Sacros
2521 529 2799 598 conferri
2833 547 3016 616 posse
3050 528 3115 594 in
3146 526 3373 596 diebus
3399 525 3858 613 Apostolorum

591 643 891 691 manuum
933 624 1240 706 habitum,
1274 623 1388 689 sed
1437 640 1567 688 non
1599 639 1845 688 cessare
1892 618 2062 703 facit,
2099 627 2171 684 ut

594 713 657 778 in
705 711 1045 799 Evangelio
1095 719 1159 777 et
1204 711 1269 776 in
1314 708 1613 778 collectis
1644 708 1823 776 Feria
1855 712 1930 776 vt
1965 707 2032 773 in
2063 710 2170 772 Pa-

597 818 882 867 rasceve.

722 887 901 955 Ratio
946 895 1160 956 antem
1193 906 1308 976 pro
1341 885 1656 953 sententia
1688 884 1979 972 negativa
2016 881 2170 948 baec

596 995 757 1061 una,
823 977 1000 1061 quia,
1064 987 1136 1044 ut
1192 975 1485 1061 queritur
1544 972 1716 1041 idem
1778 972 2169 1059 Episcopus,

597 1074 789 1153 saepe
833 1063 906 1130 fit
958 1064 1165 1131 aliter.

736 1155 815 1218 Et
852 1155 1031 1219 Sacra
1064 1152 1324 1220 Rituum
1355 1151 1801 1238 congregatio,
1834 1144 2179 1215 ordinariis

601 1238 664 1307 in
712 1240 996 1308 comitiis
1042 1239 1208 1327 apud
1269 1239 1618 1317 Quirinales
1676 1236 1888 1304 Aedes
1948 1234 2177 1302 coadu-

601 1340 740 1394 nata
765 1328 869 1395 die
896 1331 979 1395 24
1014 1327 1406 1415 Septembris
1436 1326 1747 1415 superiori
1789 1343 1954 1392 anno
1983 1326 2173 1405 1842,

601 1415 809 1484 audita
858 1415 1166 1485 relatione
1232 1414 1308 1481 ab
1367 1414 1761 1501 infrascripto
1821 1409 2176 1480 Secretario

604 1504 794 1588 facta,
843 1503 1326 1571 rescribendum
1381 1503 1660 1570 censuit:
1724 1523 1761 1566 α
1795 1506 2067 1569 Ponatur
2114 1498 2179 1564 in

604 1590 817 1676 Folio,
867 1592 1183 1677 exquisito
1231 1600 1378 1657 voto
1424 1590 1697 1676 Magistri
1744 1588 2182 1657 caeremonia-

604 1696 749 1746 rum
783 1702 848 1745 ι».

734 1770 913 1845 Οιιοᾱ
939 1786 1141 1852 quum
1174 1766 1406 1835 factum
1434 1766 1654 1851 fuerit,
1682 1767 1977 1834 omnibus
1999 1784 2183 1851 prae-

609 1854 670 1920 lo
717 1856 908 1940 cusis,
945 1855 1007 1922 in
1038 1855 1238 1923 altero
1268 1854 1593 1924 ordinario
1623 1859 1826 1923 Coetu
1851 1852 2182 1921 infrascri-

609 1954 714 2030 pta
760 1943 867 2010 die
898 1942 1110 2012 habito
1142 1946 1218 2011 ad
1254 1945 1573 2011 Vaticanas
1607 1942 1843 2028 Aedes,
1885 1941 2184 2009 Eminen-

609 2030 831 2098 tissimi
877 2044 941 2100 et
986 2031 1523 2099 Reverendissimi
1577 2034 1788 2098 Patres
1839 2029 2042 2098 Sacris
2085 2028 2187 2096 Ri-

612 2118 779 2186 tibus
820 2120 1197 2208 praepositi,
1246 2120 1323 2186 ad
1373 2119 1749 2187 relationem
1803 2117 2186 2186 Eminentis-

609 2207 751 2275 simi
803 2220 869 2275 et
927 2208 1464 2276 Reverendissimi
1529 2206 1775 2275 Domini
1842 2205 2187 2274 cardinalis

610 2296 997 2364 Constantini
1029 2296 1252 2363 Patrizi
1286 2296 1469 2363 Urbis
1501 2295 1728 2363 vicarii
1762 2306 1827 2362 et
1863 2293 2183 2376 Ponentis,

613 2385 905 2455 omnibus
926 2385 1050 2452 rite
1075 2395 1449 2469 matureque
1475 2383 1740 2467 libratis,
1764 2383 1955 2449 etiam
1978 2380 2186 2467 quoad

612 2473 923 2561 expositas
953 2472 1286 2540 dubitandi
1319 2470 1616 2555 rationes,
1652 2470 1744 2536 uti
1776 2470 1911 2538 fuse
1946 2470 2008 2537 in
2044 2478 2189 2533 voto

614 2560 1109 2646 exprimuntur,
1189 2559 1672 2626 rescribendum
1748 2567 2186 2626 censuerunt:

615 2668 653 2711 ι
687 2651 861 2713 luxta
907 2659 1129 2717 votum
1166 2647 1438 2732 Magistri
1470 2647 2066 2725 caeremoniarum3
2103 2645 2193 2710 ni-

615 2735 848 2801 mirum
908 2735 973 2803 in
1015 2736 1420 2804 ordinatione
1480 2730 2000 2823 presbyterorum
2053 2752 2193 2823 pra-

618 2820 746 2889 xim
816 2824 1188 2892 servandam
1253 2842 1389 2891 esse
1449 2825 1766 2892 Ecclesiae
1835 2827 2192 2907 Romanae,

616 2930 779 2998 quae
826 2930 1047 2980 manus
1109 2913 1482 2983 ordinandis
1542 2912 1811 3003 imponit
1868 2912 1933 2979 in
1991 2909 2194 2999 prima

619 3010 868 3157 tanStSultp¹
896 3003 1227 3072 Oratione:
1275 3004 1590 3070 OREMUS
1628 3004 1981 3076 FRATRES
2011 3002 2193 3067 CHA-

617 3092 693 3155 Rl
874 3094 896 3156 l
929 3112 993 3157 ».
1039 3121 1044 3127 ·

619 3264 661 3331 d
750 3181 958 3331 At'que
1007 3180 1092 3246 ita
1135 3179 1602 3268 rescripserunt
1645 3199 1716 3246 ac
1761 3178 1995 3248 servari
2028 3196 2199 3245 man·

664 3285 821 3333 arun
858 3313 875 3331 .

750 3354 863 3423 Die
915 3358 994 3423 18
1039 3355 1361 3423 Februarii
1414 3358 1603 3423 1843.

622 3528 880 3598 2852.
1238 3533 1582 3599 Amatam.
1973 3531 2196 3618 (taus)

751 3705 833 3770 Ut
876 3703 944 3771 in
991 3706 1280 3792 pastorali
1325 3725 1441 3773 suo
1490 3725 1760 3774 munere
1817 3708 2198 3793 exequendo

622 3791 1211 3860 Reverendissimus
1256 3794 1544 3861 Anicien.
1595 3795 1944 3883 Episcopus
1978 3815 2045 3861 ea
2079 3814 2201 3880 qua

591 3881 812 3950 decet
855 3882 1215 3947 reverentia
1274 3899 1423 3968 erga
1477 3883 1634 3950 banc
1680 3887 1972 3952 Sanctam
2035 3885 2202 3971 Apo·

622 3967 905 4035 stolicam
974 3970 1209 4036 Sedem
1280 3970 1554 4055 incedat,
1618 3991 1650 4036 a
1711 3976 1895 4040 Sacra
1941 3972 2200 4037 Rituum

624 4058 1131 4145 congregatione
1176 4059 1535 4126 humillime
1584 4059 1939 4146 requisivit,
1975 4070 2048 4125 ut
2092 4059 2203 4125 de-

624 4145 866 4212 clarare
911 4146 1282 4233 dignaretur
1328 4147 1483 4234 quid
1533 4167 1752 4234 reapse
1807 4147 2201 4234 intelligatur

626 4252 743 4321 pro
790 4234 988 4301 Festis
1033 4234 1115 4302 de
1158 4246 1534 4324 praecepto,
1567 4237 1631 4303 in
1667 4235 1899 4322 quibus
1945 4235 2203 4303 Ordina-

629 4322 830 4388 tiones
861 4334 1041 4389 extra
1064 4327 1372 4415 Tempora
1406 4324 1657 4410 expleri
1687 4325 1931 4392 debent
1962 4323 2042 4390 ab
2064 4324 2206 4414 Epi-

626 4410 858 4498 scopis,
886 4412 995 4498 qui
1026 4412 1138 4479 bac
1169 4414 1470 4480 facultate
1500 4414 1785 4500 pollent3
1821 4424 1889 4480 et
1919 4432 2039 4501 per
2063 4432 2207 4479 con·

626 4517 901 4585 sequens
931 4519 1007 4566 an
1038 4500 1152 4568 sibi
1198 4501 1380 4568 liceat
1409 4501 1880 4569 ordinationem
1928 4503 2207 4571 Clerico-

628 4606 773 4654 rum
819 4588 1136 4678 perficere
1182 4590 1242 4656 in
1291 4595 1476 4656 Festo
1525 4591 1731 4658 Sancti
1763 4591 2006 4657 loannis
2038 4596 2204 4679 Apo-

625 4673 773 4773 stoli
822 4691 887 4745 et
935 4678 1394 4766 Evangelistae,
1444 4677 1562 4744 etsi
1610 4680 1671 4744 in
1703 4679 1895 4746 Gallia
1944 4684 2203 4746 Festum

628 4766 800 4834 istud
845 4779 973 4834 nen
1013 4767 1098 4831 sit
1144 4766 1415 4854 amplius
1460 4767 1543 4833 de
1588 4766 1986 4857 praecepto?

759 4852 1144 4921 Humillimis
1189 4855 1363 4922 bisce
1409 4855 1709 4941 precibus
1749 4876 1867 4945 per
1897 4856 2210 4925 infrascri-

630 4950 815 5028 ptum
859 4941 1282 5024 secretarium
1329 4945 1546 5016 relatis
1592 4945 1658 5010 in
1703 4945 2046 5013 ordinariis
2090 4948 2209 5012 Co-

629 5027 825 5095 mitiis
882 5031 960 5099 ad
1019 5032 1384 5100 Vaticanum
1439 5031 1748 5102 hodierna
1808 5034 1917 5102 die
1975 5035 2205 5102 coadu-

629 5116 813 5201 natis,
863 5119 1354 5187 Eminentissimi
1403 5129 1467 5188 et
1512 5122 2050 5190 Reverendissimi
2102 5126 2208 5187 Pa-

633 5211 763 5269 tres
807 5206 1011 5275 Sacris
1054 5208 1298 5275 Ritibus
1349 5209 1602 5276 tuendis
1701 5211 2033 5297 raepositi,
2079 5229 2213 5276 me-

633 5309 847 5361 mores
907 5313 1069 5361 anno
1134 5300 1293 5363 1831
1355 5295 1565 5383 pridie
1631 5230 1777 5363 {gua
1837 5298 2212 5365 Novembris

2274 618 2635 705 ceterisque
2665 638 2788 705 per
2818 616 3243 719 Apostolicam
3276 613 3514 684 Sedem
3549 611 3864 697 abrogatis

2272 724 2342 771 ac
2376 706 2438 772 in
2472 707 2696 775 iisdem
2729 710 2953 788 Festus,
2988 721 3214 771 verum
3260 705 3346 772 de
3394 721 3584 769 mane
3620 710 3863 766 tantum

2274 794 2550 861 conferri
2601 793 2790 862 etiam
2823 811 3010 880 posse
3038 791 3305 860 Ordines
3352 790 3676 872 Minores,
3776 807 3867 852 re-

2280 881 2455 948 cibus
2486 881 2819 951 memorati
2852 881 3153 968 Episcopi
3184 878 3472 947 Anicien.
3505 876 3715 943 rescri
3802 895 3866 940 n·

2279 969 2431 1036 dum
2465 981 2888 1038 censuerunt:
2939 990 2976 1033 ‹
3010 972 3208 1036 Detur
3252 972 3604 1034 Decretum
3656 964 3723 1030 in
3750 983 3867 1029 una

2280 1061 2622 1126 Marsorum
2669 1059 2798 1127 diei
2851 1061 2929 1124 12
2974 1055 3354 1124 Novembris
3408 1058 3574 1123 1831
3632 1052 3711 1119 ad
3760 1052 3867 1117 du-

2282 1146 2456 1213 bium
2501 1148 2783 1234 primum
2819 1170 2884 1213 ».

2416 1235 2526 1301 Die
2578 1240 2657 1304 18
2701 1234 3031 1302 Februarii
3068 1236 3261 1300 1843.

2283 1412 2542 1482 2853.
2896 1410 3239 1477 BRUGEN.

3649 1404 3867 1489 (4954)

2414 1594 2622 1670 Quum
2682 1587 3233 1656 Eminentissimus
3276 1596 3339 1651 et
3393 1580 3871 1652 Reverendissi·

2286 1699 2430 1747 mus
2474 1684 2550 1745 D.
2585 1677 2930 1746 cardinalis
2974 1679 3240 1764 Caprara
3282 1694 3315 1739 a
3344 1676 3573 1739 Latere
3606 1675 3872 1758 Legatos

2285 1769 2351 1836 in
2397 1768 2610 1834 Galliis
2660 1768 2722 1833 in
2769 1785 2843 1831 eo
2894 1773 3062 1831 esset
3109 1775 3178 1829 ut
3225 1758 3652 1847 exequutioni
3711 1775 3870 1824 man-

2290 1858 2470 1923 daret
2518 1874 2677 1940 quae
2708 1876 2741 1921 a
2772 1875 2826 1920 s.
2864 1871 2950 1919 m.
2989 1851 3095 1918 Pio
3127 1855 3285 1937 Papa
3317 1852 3425 1919 vll
3456 1866 3579 1935 pet·
3610 1846 3874 1912 Litteras

2288 1943 2678 2031 Apostolicas
2704 1944 2767 2009 in
2807 1940 3010 2008 forma
3033 1941 3251 2007 Brevis
3272 1934 3873 2026 praescribebantur

2288 2032 2496 2120 quoad
2548 2030 2981 2098 paroeciarum
3029 2026 3722 2113 circumscriptionem,
3771 2023 3874 2087 Ar·

2288 2118 2708 2208 cbiepiscopis
2741 2129 2807 2186 et
2834 2116 3161 2206 Episcopis
3191 2115 3559 2182 facultatem
3593 2108 3875 2177 attribuit

2288 2209 2608 2276 Paroecias
2657 2207 2821 2294 ipsas
2865 2204 3286 2286 extendendi,
3319 2221 3442 2268 nec
3484 2219 3624 2268 non
3658 2215 3875 2298 eorum

2293 2297 2510 2364 titulos
2557 2293 3005 2381 extinguendi,
3040 2313 3109 2360 ac
3144 2293 3396 2360 tandem
3424 2308 3633 2355 novos
3666 2285 3874 2363 titulos

2289 2383 2640 2474 assignandi
2681 2382 2982 2450 Ecclesiis
3026 2401 3190 2468 quae
3237 2382 3299 2447 in
3347 2378 3679 2444 Paroecias
3708 2381 3877 2441 erant

2292 2474 2661 2562 erigendae.
2741 2470 3117 2540 Huiusmodi
3200 2468 3501 2537 facultate
3585 2461 3874 2558 suffultus

2292 2572 2443 2630 tunc
2515 2561 2818 2650 temporis
2886 2559 3250 2627 Gandaven.
3321 2554 3720 2645 Episcopus,
3782 2567 3875 2615 cut

2292 2650 2547 2718 suberat
2594 2649 2871 2718 Ecclesia
2920 2647 3042 2714 loci
3089 2648 3298 2716 Sancti
3344 2648 3673 2724 Andreae,
3709 2654 3877 2737 pra-e·

2292 2740 2478 2806 iatam
2525 2738 2873 2806 Ecclesiam
2923 2737 2985 2803 in
3030 2738 3461 2805 succursalem
3522 2730 3763 2829 erexit,
3810 2725 3874 2789 tl-

2296 2829 2468 2913 lique
2502 2828 2566 2893 in
2597 2832 2932 2893 Patronum
2965 2825 3291 2893 titularem
3334 2829 3641 2893 Sanctum
3673 2832 3876 2903 lpsum

2294 2914 2614 2986 Andream
2658 2912 3017 3001 assignavit.
3092 2915 3330 2981 Verum
3395 2924 3599 3000 quum
3654 2909 3874 3002 Rector

2293 3005 2695 3092 supradictae
2755 3002 3108 3084 Ecclesiae,
3155 3018 3320 3085 quae
3374 3001 3438 3068 in
3493 3001 3875 3089 praesentia·

2296 3112 2439 3161 rum
2472 3094 2547 3159 ad
2583 3091 2935 3159 Dioecesim
2966 3094 3361 3175 Brugensem
3407 3096 3685 3190 spectat,
3718 3076 3873 3178 apud

2295 3179 2928 3249 Reverendissimum
2993 3182 3274 3264 Brugen.
3337 3182 3732 3265 Episcopum
3774 3184 3874 3266 ,ut-

2299 3270 2494 3337 dubie
2541 3267 2967 3356 comprobarit
3013 3268 3361 3335 Ecclesiam
3413 3266 3611 3352 ipsam
3664 3259 3739 3323 ab
3770 3271 3870 3319 tm-

2300 3355 2698 3423 memorabili
2756 3359 3083 3422 Patronam
3152 3356 3478 3424 titularem
3545 3358 3872 3418 venerasse

2300 3448 2588 3513 Sanctam
2635 3446 2876 3510 Annam
2923 3444 3032 3510 Dei
3077 3442 3415 3512 Genitricis
3462 3444 3754 3521 Matrem,
3794 3439 3872 3495 ³²·

2300 3553 2426 3620 que
2487 3531 2739 3599 insimul
2812 3534 3183 3618 exposuerit
3250 3549 3595 3598 commune
3662 3536 3872 3594 votum

2268 3620 2653 3688 incolarum
2725 3639 2863 3685 esse
2932 3619 3092 3687 banc
3155 3621 3354 3709 ipsam
3424 3622 3752 3699 Sanctam,
3813 3618 3872 3675 ut

2299 3720 2507 3792 antea,
2550 3707 2844 3797 propriae
2891 3709 3217 3776 Ecclesiae
3251 3707 3573 3776 titularem
3608 3705 3867 3783 babere,

2302 3795 2896 3865 Reverendissimus
2957 3797 3069 3864 ille
3115 3797 3431 3879 Antistes,
3479 3814 3599 3883 pro
3648 3814 3721 3860 ea
3763 3805 3871 3876 qua

2303 3895 2581 3974 praestat
2627 3884 2939 3972 religione
2987 3896 3052 3952 et
3100 3905 3248 3973 erga
3295 3888 3583 3953 Sanctam
3621 3885 3869 3969 Aposto-

2306 3974 2493 4040 licam
2525 3973 2760 4041 Sedem
2792 3974 3120 4060 obsequio,
3156 3977 3407 4042 Sacram
3438 3969 3703 4039 Rituum
3726 3971 3869 4036 Con·

2305 4060 2743 4150 gregationem
2790 4061 3151 4129 humillime
3198 4058 3575 4148 requisivit:

2444 4153 2501 4216 1.
2552 4152 2803 4235 Utrum,
2855 4152 3061 4217 semel
3119 4151 3433 4237 assignato
3496 4144 3737 4213 titulari
3780 4146 3869 4206 Pa-

2309 4249 2490 4305 trono
2536 4238 2722 4305 alicui
2785 4238 3167 4322 Ecclesiae,
3198 4237 3386 4305 liceat
3431 4234 3747 4322 Episcopo
3792 4249 3866 4294 ra·

2311 4324 2589 4393 tionabili
2653 4346 2729 4392 ex
2805 4346 3017 4392 caussa
3062 4326 3248 4394 illum
3293 4325 3359 4391 in
3405 4323 3599 4391 alium
3663 4323 3867 4389 immu-

2312 4411 2496 4481 tare?
2540 4425 2607 4480 et
2651 4427 2964 4501 quatenus
3008 4417 3334 4503 negative,
3795 4495 3806 4505 ἱ

2440 4508 2508 4569 2.
2540 4503 2748 4570 Enixe
2781 4503 3103 4589 efflagitat,
3154 4514 3223 4571 ut
3273 4522 3353 4570 ex
3400 4499 3767 4588 Apostolico
3796 4512 3867 4559 tn·

2308 4594 2488 4659 dulto
2534 4591 2687 4658 baec
2734 4590 2851 4658 sibi
2908 4591 3168 4658 facultas
3216 4593 3278 4658 in
3325 4610 3471 4657 casu
3521 4588 3867 4680 elargiatur·

2442 4683 2521 4745 Et
2568 4684 2749 4748 Sacra
2795 4681 3054 4748 Rituum
3101 4678 3549 4768 congregatio,
3599 4678 3678 4743 ad
3728 4675 3867 4768 Vnt}-

2310 4788 2534 4836 canum
2581 4769 2890 4836 hodierna
2937 4768 3041 4835 die
3080 4769 3424 4836 coadunata
3457 4767 3521 4832 in
3552 4763 3870 4833 ordinarus

2308 4857 2617 4943 comitiis,
2668 4856 2958 4924 omnibus
3007 4868 3253 4924 maturo
3287 4854 3583 4923 examine
3615 4863 3867 4941 perpen-

2307 4947 2416 5026 sis,
2450 4948 2527 5013 ad
2564 4947 2936 5013 relationem
2969 4945 3348 5034 infrascripti
3398 4941 3756 5025 secretarii,
3788 4951 3845 5000 re

2311 5035 2760 5124 spondendum
2809 5036 3100 5102 censuit:

2442 5123 2537 5189 Ad
2593 5127 2648 5189 1.
2701 5147 2739 5190 ‹
2773 5126 2910 5190 Non
2957 5123 3155 5191 licere
3188 5144 3255 5189 ».

2444 5211 2540 5277 Ad
2586 5217 2652 5278 2.
2703 5235 2740 5278 a
2771 5215 2890 5277 Pro
2938 5213 3135 5299 gratia
3179 5211 3541 5279 assumendi
3607 5213 3863 5277 Sanctam

2317 5299 2556 5365 Annam
2624 5301 2687 5365 in
2753 5300 3213 5367 contitularem
3280 5319 3429 5367 cum
3485 5304 3712 5367 Sancto
3767 5300 3864 5364 An·
