4042 5950
2030 201 2134 216 .-
2190 107 2449 235 72.-

590 322 708 389 sed
739 322 823 388 de
857 331 1237 409 praecepto;
1278 319 1567 403 adeoque
1592 316 1644 382 si
1671 324 2007 383 occurrant
2041 314 2186 382 die-

595 405 710 475 bus
756 417 1073 496 perpetuo
1119 405 1445 493 impeditis
1492 404 1557 471 in
1603 404 1720 470 alia
1753 403 1863 470 die
1894 422 2032 470 esse
2083 422 2183 468 re·

597 497 976 585 ponenda».
1027 494 1139 560 Die
1183 497 1223 560 6
1270 492 1670 582 Septembris
1723 494 1915 559 1738.

593 634 853 706 2339.
1254 635 1555 699 HSANA.
1949 629 2181 719 (4079)

729 759 892 824 Cum
959 760 1111 821 Prae
1163 754 1358 820 esitus
1429 763 1492 819 et
1554 752 1852 821 Canonici
1923 749 2185 837 insignis

593 842 980 929 Collegiatae
1048 842 1116 908 Li
1164 844 1310 909 urni
1374 840 1693 907 Dioecesis
1754 839 2008 906 Pisanae
2073 858 2184 904 ex-

594 931 925 1020 posuerint
981 929 1417 1018 Praepositum
1477 928 1877 1017 praedictum
1931 925 2183 994 indulto

595 1018 820 1087 utendi
882 1017 1067 1084 mitra
1132 1027 1195 1083 et
1242 1016 1466 1083 baculo
1514 1016 1780 1101 aliisque
1832 1014 2186 1099 insignibus

597 1105 1066 1196 pontificalibus
1129 1105 1504 1172 auctoritate
1564 1103 1928 1190 Apostolica
1984 1100 2179 1189 potiri

597 1204 661 1261 et
729 1194 1059 1281 gaudere;
1142 1212 1225 1259 ex
1292 1202 1473 1279 parte
1552 1191 1937 1259 eorumdem
2011 1189 2181 1276 apud

594 1287 659 1351 S.
696 1287 774 1349 R.
807 1285 883 1349 C.
931 1281 1299 1348 humillime
1357 1280 1788 1367 supplicatum
1839 1277 1981 1362 luit,
2031 1295 2185 1363 qua-

598 1381 784 1442 tenus
829 1388 945 1457 pro
991 1368 1192 1435 divini
1232 1369 1445 1436 cultus
1479 1368 1879 1433 incremento
1910 1385 1980 1432 ac
2017 1367 2182 1432 eins-

594 1459 747 1525 dem
808 1457 1133 1523 Ecclesiae
1200 1457 1471 1539 decore,
1541 1454 1819 1541 benigne
1867 1452 2185 1540 impertiri

593 1545 995 1633 dignaretur,
1044 1554 1116 1610 ut
1164 1543 1279 1630 imi
1329 1544 1395 1608 in
1439 1554 1773 1628 posterum
1825 1542 1993 1609 inter
2038 1541 2178 1607 Mis·

593 1650 805 1699 sarum
883 1630 1189 1697 solemnia
1269 1649 1395 1696 uno
1463 1629 1780 1697 Canonico
1847 1629 2178 1696 assistente

595 1718 864 1807 pluviali
912 1719 1136 1786 induto
1184 1717 1274 1786 uti
1369 1719 1591 1785 ossint.

725 1811 805 1873 Et
851 1812 918 1876 S.
951 1810 1028 1872 R.
1066 1809 1170 1890 C.,
1219 1826 1297 1873 au
1348 1804 1439 1872 ito
1489 1803 1664 1894 prius
1712 1817 1863 1874 voto
1909 1807 2175 1892 Aposto-

595 1894 864 1962 licarum
924 1894 1487 1963 Caeremoniarum
1529 1892 1844 1981 Magistri:
1890 1917 1928 1959 α
1955 1893 2181 1960 Facul-

594 1993 792 2049 tatem
839 1981 1104 2073 petitam
1161 1981 1551 2065 oratoribus,
1601 1981 1954 2050 dummodo
2000 2001 2182 2048 acce·

594 2070 702 2137 dat
727 2089 1067 2161 expressus
1099 2089 1446 2140 consensus
1475 2073 1639 2138 Rev.
1671 2069 2179 2158 Archiepisoopi,

593 2177 783 2244 posse
829 2158 1095 2227 concedi
1145 2157 1422 2241 censuit,
1455 2157 1540 2223 ita
1592 2167 1801 2224 tamen
1847 2168 1916 2225 ut
1956 2176 2181 2224 eorum

592 2247 958 2335 Praeposito
1036 2244 1504 2346 pontificalibus
1574 2246 1961 2312 ornamentis
2032 2244 2181 2312 insi-

592 2333 772 2420 gnito
818 2337 1170 2402 Canomcus
1205 2353 1355 2401 cum
1387 2332 1654 2420 pluviali
1700 2333 2045 2414 ministret;
2070 2337 2181 2400 Ca-

591 2422 838 2489 nonicis
884 2434 1126 2505 autem,
1157 2441 1284 2488 non
1308 2421 1470 2487 alter
1495 2421 1851 2488 Canonicus
1873 2422 1988 2489 sed
2014 2440 2181 2488 unus

579 2529 674 2574 ex
717 2511 1042 2577 Ecclesiae
1089 2508 1389 2576 Ministris
1435 2526 1585 2576 cum
1631 2509 1896 2596 pluviali
1944 2509 2186 2600 pariter

590 2596 918 2681 inserviat,
966 2597 1020 2664 si
1067 2601 1260 2665 SSffio
1307 2601 1489 2663 Dom.
1517 2599 1748 2663 Nostro
1797 2597 2004 2666 visum
2046 2598 2187 2665 fue-

593 2683 677 2750 rit
710 2706 778 2751 ».
828 2685 938 2751 Die
987 2690 1072 2753 2⁰
1120 2683 1522 2771 Septembris
1574 2689 1767 2753 1738.

724 2776 1037 2859 Factaque
1106 2772 1349 2840 deinde
1414 2792 1535 2859 per
1587 2791 1693 2839 me
1749 2775 2180 2843 secretarium

591 2859 675 2926 de
719 2860 1066 2946 praedictis
1112 2862 1308 2927 SSmo
1351 2865 1539 2928 Dom.
1579 2864 1807 2927 Nostro
1842 2863 2179 2949 relatione,

587 2948 896 3103 lSanctitas
944 2952 1066 3017 Sua
1113 2948 1395 3036 benigne
1449 2950 1697 3018 annuit.
1750 2952 1862 3019 Die
1911 2955 1948 3019 3
1995 2954 2178 3018 Octo-

632 3035 720 3103 ris
772 3040 964 3105 1738.

595 3176 861 3249 2340.
1096 3182 1706 3247 canruacmisn.
1951 3182 2179 3269 (aoso)

717 3301 814 3368 Ad
862 3301 1219 3369 instantiam
1266 3300 1540 3390 Capituli
1586 3302 1910 3370 Ecclesiae
1944 3305 2175 3373 Cathe-

586 3387 779 3454 dralis
825 3389 1302 3476 Carthaginien.
1352 3393 1416 3456 in
1459 3390 1752 3478 Hispania
1792 3392 1914 3458 sub
1944 3392 2051 3459 die
2087 3396 2171 3459 20

585 3475 981 3561 Septembris
1013 3478 1308 3563 proxime
1329 3479 1659 3565 praeteriti
1686 3479 2010 3566 proposita
2037 3480 2173 3548 fue·

586 3571 739 3628 runt
783 3563 861 3629 ab
909 3565 1065 3628 Eme
1115 3567 1384 3632 et‘Rmo
1431 3569 1619 3632 Dom.
1669 3568 1984 3636 Cardinali
2033 3566 2175 3634 Bel-

587 3650 736 3735 luga
781 3653 1068 3716 Ponente
1117 3650 1179 3717 in
1243 3654 1310 3718 S.
1360 3656 1436 3719 R.
1488 3656 1561 3720 C.
1614 3654 2010 3744 infrascripta
2055 3657 2174 3723 du-

587 3737 711 3821 bia,
747 3755 943 3823 super
988 3737 1221 3824 quibus
1267 3740 1653 3826 rescriptum
1685 3743 1841 3810 fuit:
1877 3745 1971 3811 Ad
2007 3748 2166 3811 Rev.

584 3828 769 3890 Dom.
820 3826 1347 3894 Cambaruccium
1395 3829 1905 3916 Apostolicarum
1944 3835 2173 3899 Caere-

584 3911 942 3980 moniarum
988 3914 1391 3983 Praefectum
1441 3936 1557 4004 pro
1605 3929 1794 4005 vot03
1846 3920 2020 4004 quod
2054 3938 2174 4006 per

585 3998 890 4065 eumdem
930 4003 1150 4070 datum
1197 4002 1339 4088 fuit,
1370 4005 1637 4089 eiusque
1670 4005 1897 4072 relatio
1931 4007 2168 4074 iterum

453 4132 462 4139 „
583 4086 646 4153 in
694 4087 920 4154 eadem
982 4093 1047 4157 S.
1098 4093 1172 4157 C.
1235 4090 1311 4155 ab
1360 4091 1495 4177 ipso
1542 4095 1701 4159 Emo
1749 4094 2035 4161 Ponente
2081 4094 2167 4160 ia-

584 4183 680 4239 cta
725 4185 848 4258 est,
896 4188 1092 4261 prout
1136 4177 1322 4262 infra,
1373 4177 1726 4247 videlicet:

719 4266 777 4329 1.
829 4266 927 4329 An
972 4265 1022 4331 si
1081 4265 1545 4333 transferantur
1604 4269 1682 4336 ad
1747 4281 2000 4356 tempus
2062 4276 2167 4337 Pa·

578 4348 792 4418 schale
839 4356 1018 4420 Festa
1067 4357 1444 4422 Sanctorum
1490 4359 1863 4445 Martyrum,
1916 4360 1979 4425 in
2011 4379 2168 4446 quo-

578 4457 723 4505 rum
771 4439 948 4507 Missa
993 4442 1297 4509 lntroitus
1343 4443 1462 4509 sit:
1517 4446 1925 4513 Gaudeamus
1957 4467 2168 4514 omnes

578 4530 652 4593 in
699 4530 971 4595 Domino
998 4543 1152 4613 otc„
1188 4531 1422 4598 debeat
1470 4531 1645 4598 idem
1694 4535 1993 4601 lntroitus
2041 4536 2165 4603 dici

580 4624 869 4701 tempore
918 4638 1176 4706 quoque
1225 4619 1539 4699 Paschali;
1590 4622 1694 4686 vel
1742 4621 1954 4707 potius
2000 4623 2168 4690 alter

575 4701 864 4854 ἳὶίιιεᾶῗω
914 4708 1226 4794 temporis
1253 4705 1596 4793 'incipiens
1654 4712 2015 4779 Proteoeisti
2073 4731 2167 4776 me

632 4808 745 4854 eus

708 4880 772 4943 2.
824 4882 920 4945 An
976 4882 1027 4947 si
1097 4888 1356 4951 Festum
1421 4884 1689 4952 alicuius
1759 4891 1826 4956 S.
1877 4888 2165 4976 Martyris

2284 313 2457 379 idem
2480 312 2812 400 proprium
2830 310 3276 398 Evangelium3
3294 309 3409 376 vel
3490 307 3671 374 otius
3694 326 3888 374 unum
4004 321 4005 334 ¹

2287 420 2370 466 ⁶¹
2414 410 2928 556 {famata
2945 393 3723 582 ‘Ttffa‘tsszssztmlssa
3743 484 3893 550 ‘rhe-

2284 576 2484 643 resiae
2516 577 2749 644 debeat
2769 575 2848 642 ad
2875 573 3249 642 matutinum
3281 572 3562 640 recitari
3590 571 3888 659 hymnus:

2287 666 2455 732 Haec
2515 665 2690 745 dics,
2753 683 2885 747 qua
2953 662 3305 730 candidae.-
3365 661 3484 727 vel
3550 659 3772 747 potins
3814 660 3891 726 de

2287 752 2628 820 Communi
2674 748 3073 838 Virginum‘?
3119 748 3214 837 (1)

2420 844 2485 908 4.
2534 847 2655 922 An,
2707 840 2861 907 dum
2918 839 3281 906 incensatur
3336 838 3583 904 Altare
3652 835 3716 902 in
3773 853 3891 920 quo

2285 939 2384 995 est
2429 927 2795 1016 expositum
2845 926 3139 1015 publicae
3185 924 3559 992 adorationi
3625 927 3894 991 Venera-

2285 1015 2444 1100 bile,
2492 1027 2637 1104 post
2685 1015 2847 1082 illud
2899 1015 3323 1096 incensatum,
3349 1013 3611 1082 debeat
3636 1029 3890 1098 quoque

2287 1107 2459 1172 Crux
2507 1100 2871 1172 incensari?

2423 1197 2489 1259 ὅ.
2538 1195 2766 1258 Utrum
2800 1191 2863 1258 in
2895 1194 3078 1257 Festo
3126 1188 3635 1275 Expectationis
3684 1192 3894 1254 Partus

2286 1283 2356 1346 B.
2393 1283 2500 1364 V.,
2549 1279 2767 1366 hymni
2816 1278 3095 1346 debeant
3140 1276 3482 1345 terminari
3535 1296 3699 1344 cum
3763 1296 3895 1342 ver·

2286 1367 2498 1434 sibus:
2547 1371 2687 1434 Iesu
2737 1368 2856 1434 tibi
2899 1371 2987 1434 ait
3031 1368 3243 1451 ylario
3290 1368 3392 1433 vel
3456 1365 3696 1452 potius
3765 1366 3894 1429 Vir·

2291 1466 2421 1538 tus,
2472 1458 2695 1535 honor,
2745 1455 2921 1536 laus,
2969 1455 3238 1540 gloria!

2423 1550 2499 1611 Et
2545 1546 2611 1611 S.
2645 1547 2719 1610 R.
2756 1547 2828 1611 C.
2868 1543 3359 1611 rescribendum
3404 1540 3725 1608 censuit:

2417 1632 2514 1699 Ad
2569 1635 2631 1696 1.
2680 1653 2718 1696 α
2750 1631 2813 1698 81
2859 1629 3157 1698 Officium
3216 1630 3438 1696 Missae
3508 1631 3893 1696 Sanctorum

2286 1722 2655 1806 Martyrum,
2683 1721 2850 1787 ultra
2873 1717 3239 1786 introitum:
3280 1718 3719 1784 Gaudeamus
3746 1726 3887 1794 etc„

2286 1806 2512 1874 habeat
2545 1808 2731 1873 etiam
2780 1807 3118 1895 proprium
3163 1806 3268 1874 vel
3315 1805 3768 1893 Evangelium
3793 1802 3889 1870 vel

2286 1894 2659 1982 Epistulam,
2726 1905 2876 1961 tunc
2945 1894 3180 1962 debeat
3237 1892 3498 1960 recitari
3542 1892 3741 1958 ‘idem
3802 1896 3893 1958 ln·

2288 1982 2539 2069 troitus3
2575 2001 2787 2067 secus,
2815 1982 2868 2049 si
2891 1982 3052 2049 nihil
3079 1981 3253 2050 aliud
3276 1980 3538 2067 proprii
3566 1980 3806 2048 habeat
3826 2000 3886 2044 ».

2417 2070 2512 2138 Ad
2560 2076 2624 2138 2.
2677 2093 2715 2136 α
2751 2070 3173 2153 Affirmative,
3198 2069 3408 2154 quoad
3437 2067 3733 2155 primam
3759 2086 3891 2155 par-
4006 2085 4007 2098 ¹

2287 2170 2459 2238 tem;
2508 2159 2844 2245 Nega'tive,
2893 2158 3102 2244 quoad
3150 2156 3511 2225 secundam
3550 2179 3616 2222 ».

2417 2246 2513 2313 Ad
2563 2251 2625 2314 3.
2690 2269 2728 2312 α
2762 2245 3011 2314 Debere
3073 2245 3332 2313 recitari
3378 2249 3679 2334 nymnos
3744 2259 3886 2328 pro-

2285 2334 2484 2423 prios,
2533 2335 2642 2421 qui
2691 2334 3038 2403 recitantur
3086 2333 3150 2400 in
3183 2337 3369 2402 Festo
3401 2335 3471 2400 S.
3510 2330 3885 2410 Theresiae,

2285 2423 2398 2490 sed
2446 2424 2623 2490 loco:
2674 2425 2843 2489 Haec
2886 2434 2978 2489 est
3024 2422 3179 2506 dies,
3220 2441 3354 2506 qua
3402 2421 3760 2499 candidas,
3797 2417 3885 2485 di·
4006 2427 4007 2434 ’

2284 2522 2464 2579 catur
2524 2511 2590 2577 in
2660 2516 2845 2577 Festo
2905 2509 3640 2578 Transverberationis:
3704 2506 3885 2573 Folia:

2285 2601 2439 2682 dies,
2490 2618 2622 2683 qua
2670 2600 2986 2665 candidae
3014 2620 3081 2664 ι.
3214 2605 3237 2620 ·

2417 2687 2509 2754 Ad
2563 2692 2630 2754 4.
2679 2708 2717 2752 ‹
2750 2685 3061 2774 Negative
3094 2709 3158 2753 ι.

2418 2776 2513 2843 Ad
2564 2780 2629 2840 5.
2678 2798 2716 2840 α
2749 2774 3090 2860 Negative,
3139 2776 3351 2928 guoad
3396 2775 3684 2861 primam
3744 2791 3879 2859 par-

2285 2874 2457 2944 tem;
2507 2861 2921 2946 Affirmative,
2970 2881 3135 2948 quoa
3226 2863 3585 2930 secundam
3620 2887 3689 2929 ».

2416 2959 2497 3020 Et
2540 2951 2626 3018 ita
2670 2951 3017 3019 declaravit
3075 2971 3147 3017 ac
3205 2950 3445 3019 servari
3510 2947 3866 3019 mandavit.

2286 3042 2398 3109 Die
2444 3044 2529 3109 29
2575 3039 2950 3107 Novembris
3004 3043 3202 3109 1738.

2286 3183 2531 3252 2341.
2862 3182 3290 3247 suessam.
3649 3176 3871 3268 (4081)

2411 3303 2752 3390 Propositis
2776 3302 2841 3369 in
2864 3306 2930 3369 S.
2951 3306 3028 3369 R.
3047 3306 3121 3371 C.
3194 3321 3265 3369 er
3291 3308 3520 3371 Emum
3551 3313 3620 3371 et
3642 3306 3871 3370 Rmum

2281 3398 2464 3460 Dom.
2513 3391 2702 3459 Card.
2751 3391 3017 3477 Belluga
3066 3390 3129 3456 in
3160 3391 3486 3478 rascriptis
3532 3389 3749 3460 dubiis
3808 3385 3869 3451 in

2283 3500 2461 3548 causa
2508 3483 2812 3547 Suessana
2860 3478 3028 3545 inter
3073 3482 3514 3546 Promotorem
3562 3476 3865 3546 Fiscalem

2283 3567 2505 3637 Curiae
2541 3566 2940 3654 episcopalis,
2973 3578 3037 3635 et
3069 3566 3498 3653 magistratum
3532 3570 3744 3638 dictae
3774 3562 3866 3629 Ci-

2281 3655 2514 3739 vitatis,
2565 3654 2912 3723 videlicet:

2416 3748 2476 3809 1.
2525 3746 2622 3810 Αο
2682 3744 3008 3810 Processio
3069 3743 3370 3830 Corporis
3430 3744 3669 3812 Christi
3728 3737 3867 3808 fieri

2274 3832 2507 3900 debeat
2555 3832 2729 3899 iuxta
2778 3831 3047 3897 formam
3103 3854 3136 3899 a
3196 3833 3662 3901 caeremoniali
3724 3827 3866 3915 Epi·

2223 3968 2229 3975 -
2274 3938 2618 4008 scoporum
2663 3918 3126 4007 praescriptam
3158 3919 3276 3986 lib.
3302 3920 3377 4005 ’2,
3414 3941 3557 4011 cap.
3596 3925 3705 4004 33,
3754 3917 3860 4002 §5

2278 4019 2342 4074 et
2387 4012 2509 4073 21:
2561 4007 2909 4094 praecipue
2957 4009 3042 4075 de
3088 4008 3282 4075 hastis
3329 4009 3617 4078 ferendis
3680 4030 3715 4072 a
3773 4001 3862 4070 di-

2273 4094 2599 4182 gnioribus
2629 4094 3029 4162 Beneficiatis
3058 4115 3170 4163 seu
3199 4097 3629 4165 Mansionariis
3658 4108 3859 4180 usque

2273 4185 2351 4251 ad
2401 4194 2651 4271 portam
2700 4183 3063 4269 Ecclesiae;
3117 4194 3183 4249 et
3230 4184 3294 4250 in
3356 4183 3480 4251 illis
3540 4177 3858 4273 gestandis

2271 4272 2353 4337 sit
2397 4273 2749 4339 servandus
2796 4271 2953 4337 ordo
2999 4272 3433 4358 praescriptus
3493 4274 3571 4341 ab
3626 4270 3854 4340 eodem

2272 4360 2735 4427 Caeremoniali
2785 4359 2896 4425 lib.
2955 4363 3016 4443 1,
3067 4378 3208 4445 cap.
3265 4365 3373 4445 14,
3425 4364 3461 4446 ἓ
3513 4359 3603 4428 4¹?
3649 4358 3743 4449 (2)

2404 4451 2468 4513 2.
2521 4452 2617 4513 An
2654 4446 3006 4534 prohibitio
3039 4448 3197 4514 facta
3227 4447 3305 4515 ab
3337 4448 3657 4538 Episcopo
3688 4442 3853 4534 quod

2273 4534 2753 4619 Processiones,
2802 4554 2956 4620 quas
3016 4538 3308 4605 Suessani
3356 4538 3570 4605 facere
3634 4538 3853 4604 volunt

2271 4623 2336 4689 in
2379 4622 2788 4690 Hebdomada
2833 4626 3056 4690 Sancta
3101 4625 3183 4691 de
3232 4636 3445 4709 nocte,
3474 4645 3606 4692 non
3649 4627 3853 4710 ingre-

2270 4711 2525 4866 dianzur
2578 4710 2891 4779 Ecclesias
2951 4712 3339 4797 Monialinm,
3388 4712 3621 4781 debeat
3665 4707 3848 4781 susti-

2269 4818 2406 4866 neri

2400 4892 2464 4955 3.
2493 4894 2589 4955 An
2615 4888 2971 4978 Episcopus
2996 4889 3198 4977 possit
3222 4890 3522 4973 tolerare,
3543 4900 3616 4956 ut.
3644 4892 3847 4978 Agens

574 4963 815 5032 habens
846 4966 910 5033 in
935 4969 1111 5034 Missa
1144 4971 1479 5057 proprium
1512 4976 1938 5067 Evangelium
1963 4989 2164 5044 trans·
2265 4976 2513 5044 Ducalis
2558 4987 2757 5046 status
2802 4980 3098 5061 Suessae,
3132 4986 3477 5065 praetextu
3510 4976 3846 5069 capiendae

575 5053 815 5119 feratur
883 5054 961 5121 ad
1037 5067 1291 5143 tempus
1356 5060 1693 5147 Paschale,
1756 5064 1879 5132 dici
1926 5065 2162 5133 debeat

708 5244 786 5319 (1)
831 5249 894 5306 Ε.
931 5249 1071 5308 nub.
1109 5250 1159 5307 4.
1199 5280 1266 5293 -·
1301 5250 1381 5325 (ἱ)
1418 5255 1479 5311 E.
1518 5255 1663 5313 Dub.
1706 5254 1759 5325 ἱ,
1793 5259 1845 5324 4,
1882 5256 1917 5313 ὅ
1954 5264 2009 5313 et
2051 5260 2102 5315 7.

2273 5064 2680 5152 possessionis
2714 5066 3046 5154 Agentiae,
3083 5066 3435 5152 excipiatur
3467 5067 3530 5135 in
3573 5061 3840 5134 Ecclesia
