4042 5950
1609 261 2084 340 ...429-

197 419 468 488 suerunt
496 421 654 489 haec
688 421 805 492 alia
836 422 1032 489 verba
1061 422 1137 488 ad
1172 421 1424 487 literam
1455 420 1792 506 desumpta

197 527 282 575 ex
308 509 773 577 caeremoniali
799 510 1260 599 Episcoporum
1288 507 1399 575 lib.
1426 514 1497 594 2,
1517 529 1660 598 cap.
1686 513 1790 592 16,

196 597 241 680 ἕ
283 600 396 665 Io:
432 598 507 664 Si
529 617 676 664 vero
701 601 899 666 Missa
930 599 1107 684 fieret
1137 599 1209 664 aa
1241 601 1604 678 Dominica,
1642 597 1794 665 can}-

194 685 375 751 delae
421 703 550 751 nor«.
595 687 1070 754 accenduntur.
1122 685 1384 754 inficiari
1430 686 1656 772 nequit
1685 686 1791 751 ad—

194 773 630 842 ditamentum
667 774 838 842 istud
885 775 952 840 in
996 793 1065 841 se
1112 795 1141 840 s
1228 783 1463 841 etatum
1500 792 1638 841 eam
1673 773 1794 840 uti-

200 861 451 928 litatem
486 862 911 951 praeseferre,
939 875 1017 929 ut
1048 866 1142 931 Ru
1189 862 1356 929 ricae
1388 861 1650 929 uberius
1681 861 1793 929 de-

194 950 540 1017 clarandae
585 950 826 1041 optime
876 951 1214 1035 inserviat,
1261 949 1529 1038 ipsaque
1574 951 1792 1034 verba,

197 1036 441 1123 quibus
499 1050 891 1128 conceptum
949 1039 1095 1124 fuit,
1144 1049 1456 1126 quatenus
1513 1038 1799 1106 derivata

197 1145 284 1193 ex
314 1127 776 1196 caeremoniali
806 1128 1293 1217 Episcoporum,
1338 1126 1463 1193 vim
1497 1126 1659 1212 Iegis
1687 1127 1796 1193 ha-

197 1213 391 1282 bere.
439 1215 867 1284 Nihilominus
913 1234 1055 1284 cum
1107 1214 1333 1282 eadem
1364 1214 1603 1282 additia
1634 1233 1797 1281 nova

194 1302 281 1370 sit
333 1314 399 1369 et
442 1305 688 1391 privato
737 1316 982 1372 tantum
1027 1304 1288 1371 arbitrio
1335 1302 1540 1381 facta;
1604 1320 1796 1390 quae-

195 1391 414 1458 ritur:
465 1396 693 1460 Utrum
741 1392 965 1460 eadem
998 1390 1365 1459 conservari
1392 1407 1414 1470 ;‡
1460 1410 1539 1458 an
1584 1391 1798 1479 potius

197 1479 519 1566 supprimi
569 1482 804 1549 debeat
823 1479 858 1548 ⁴?

341 1573 413 1637 R.
465 1591 504 1634 c
539 1568 967 1654 Affirmative,
1029 1568 1106 1636 ad
1163 1568 1434 1654 primam
1492 1577 1791 1656 partem;

195 1657 538 1746 Negative,
588 1657 663 1724 ad
710 1657 1056 1725 secundam
1098 1679 1159 1723 ι».

339 1744 614 1814 Dubium
646 1750 777 1814 vn.
813 1750 950 1813 Duo
997 1751 1178 1814 Festa
1208 1755 1458 1833 septem
1492 1746 1797 1812 Dolorum

196 1838 431 1901 Beatae
475 1834 705 1901 Mariae
746 1833 1048 1922 Virginis,
1096 1849 1372 1920 quorum
1406 1832 1680 1899 alterum
1711 1830 1796 1898 af-

197 1920 408 1988 fixum
454 1933 550 1989 est
607 1923 823 1989 Feriae
874 1926 950 1989 VI
1005 1933 1149 2012 post
1210 1921 1598 1990 Dominicam
1657 1923 1797 1986 Pas-

195 2009 422 2096 sionis,
472 2012 746 2079 alterum
794 2030 949 2077 vero
996 2010 1360 2078 Dominicae
1393 2013 1468 2089 III
1501 2011 1793 2109 Septem-

201 2099 361 2183 bris,
411 2113 730 2188 reguntur
774 2100 982 2186 quoad
1027 2099 1296 2166 modum
1345 2097 1791 2180 translationis,

196 2207 333 2254 non
382 2207 414 2253 a
461 2187 868 2274 generalibus
914 2188 1213 2255 Breviarii
1263 2197 1328 2253 et
1374 2185 1633 2256 missalis
1675 2188 1795 2251 Ro-

196 2276 375 2343 mani
418 2276 733 2360 Rubricis,
781 2277 894 2344 sed
944 2297 974 2341 a
1024 2275 1274 2362 legibus
1335 2274 1597 2342 omnino
1648 2292 1794 2363 pro·

197 2363 363 2452 priis
393 2383 557 2451 quae
603 2364 763 2429 intra
810 2363 1167 2453 praedictas
1196 2361 1501 2432 Rubricas
1532 2363 1795 2430 minime

197 2452 639 2520 continentur.
691 2452 1019 2538 Siquidem
1072 2452 1158 2520 de
1205 2452 1412 2542 primo
1460 2450 1572 2517 illo
1611 2454 1795 2517 Festo

198 2550 461 2608 cautum
511 2550 632 2625 est,
666 2550 740 2606 ut
769 2541 1019 2627 quando
1067 2540 1376 2608 celebrari
1424 2540 1650 2625 nequit
1679 2541 1796 2605 Fe·

197 2629 296 2695 ria
344 2632 424 2697 VI
469 2640 613 2716 post
657 2629 1046 2696 Dominicam
1095 2628 1396 2696 Passionis
1436 2629 1539 2694 vel
1587 2626 1650 2693 in
1696 2645 1796 2693 se-

198 2717 428 2804 quenti
478 2716 770 2802 Sabbato,
820 2717 933 2783 illo
978 2737 1142 2796 anno
1190 2717 1539 2783 omittatur.
1575 2719 1665 2783 De
1696 2733 1796 2781 se-

198 2805 419 2872 cundo
465 2815 680 2871 autem
741 2808 928 2873 Festo
990 2817 1206 2873 extant
1268 2809 1488 2873 Sacrae
1535 2802 1794 2872 Rituum

197 2892 731 2982 Congregationis
764 2898 1056 2980 Decreta,
1083 2894 1315 2981 quibus
1338 2891 1601 2981 regulae
1635 2892 1794 2958 illud

198 2981 631 3049 transterendi
698 2982 780 3050 de
844 3002 963 3049 una
1031 2985 1093 3050 in
1155 2983 1339 3049 aliam
1402 2981 1796 3050 Dominicam

199 3072 350 3139 iuse
396 3070 826 3138 declarantur.
875 3075 1158 3139 Iamvero
1205 3089 1406 3157 quum
1452 3071 1531 3137 ad
1577 3072 1796 3136 Sacer·

199 3161 433 3228 dotum
464 3159 948 3226 instructionem
980 3171 1543 3248 peropportunum
1583 3157 1797 3225 videa-

200 3258 340 3332 tur,
390 3257 462 3313 ut
507 3248 590 3314 de
641 3248 831 3314 modo
880 3250 1104 3316 eadem
1151 3252 1330 3315 Festa
1379 3245 1798 3313 transferendi

198 3336 446 3421 aliquid
497 3335 842 3403 adnotetur
884 3336 950 3403 in
996 3355 1163 3403 novo
1211 3335 1484 3414 Missam
1550 3331 1798 3421 quaeri-

201 3438 315 3492 tur
345 3447 364 3490 :
414 3427 512 3492 An
559 3434 699 3513 post
730 3426 971 3491 Missam
1008 3424 1346 3510 utriusque
1377 3423 1548 3490 Festi
1578 3422 1659 3489 sit
1690 3440 1797 3508 ap·

294 3512 502 3579 nenda
543 3513 885 3601 peculiaris
916 3514 1212 3597 Rubrica,
1247 3530 1370 3598 qua
1405 3511 1565 3578 ordo
1599 3522 1797 3576 trans·

231 3600 460 3667 ationis
503 3601 875 3667 declaretur
906 3601 982 3669 ad
1015 3602 1286 3667 formam
1315 3599 1797 3687 praedictorum

205 3694 652 3756 Decretorum.

340 3780 415 3845 R.
464 3799 503 3842 s
536 3777 931 3845 Affirmative
964 3800 1025 3844 ›.

341 3865 617 3933 Dubium
666 3869 824 3933 vm.
868 3866 1046 3945 Quod
1098 3867 1161 3933 in
1207 3864 1617 3957 praecedenti
1678 3865 1797 3931 du-

205 3954 314 4020 bio
360 3966 648 4021 notatum
693 3954 815 4022 fuit
862 3973 1061 4041 quum
1124 3955 1336 4023 Iocum
1382 3971 1641 4041 quoque
1692 3954 1797 4021 ba-

209 4046 354 4110 beat
417 4044 619 4109 relate
680 4043 757 4109 ad
824 4048 1082 4111 Festum
1150 4042 1586 4110 pretiosissimi
1649 4045 1797 4110 San·

165 4140 172 4148 ’
206 4130 419 4219 guinis
462 4130 782 4199 Dominica
829 4131 1032 4219 prima
1063 4131 1204 4199 Iulii
1251 4131 1418 4198 iuxta
1453 4134 1798 4197 Decretum

216 4219 403 4285 Urbis
447 4228 509 4284 ct
559 4220 743 4287 Orbis
788 4221 1006 4288 datum
1041 4219 1292 4287 Caietae
1324 4220 1430 4287 die
1470 4221 1547 4286 10
1580 4224 1798 4305 Augu·

203 4306 288 4374 sti
325 4308 532 4393 18493
582 4307 949 4393 quaeritur:
1004 4314 1101 4375 An
1145 4319 1286 4398 post
1331 4307 1574 4374 Missam
1609 4306 1799 4373 buius

109 4416 114 4425 ·
205 4394 379 4463 Festi
437 4396 670 4482 apponi
732 4396 962 4464 debeat
1017 4396 1352 4484 peculiaris
1400 4395 1667 4466 Robrica
1718 4413 1799 4461 ex

201 4482 422 4551 verbis
468 4483 774 4573 praedicti
821 4486 1072 4552 Decreti
1118 4481 1566 4552 desumenda?

339 4576 415 4638 R.
466 4594 505 4637 c
538 4573 929 4640 Affirmative
966 4595 1035 4641 ».

341 4660 618 4728 Dubium
641 4665 750 4730 IX.
777 4665 1110 4748 Postquam
1145 4665 1327 4730 Sacra
1352 4661 1611 4729 Rituum
1635 4664 1801 4730 con-

207 4750 499 4838 gregatio
546 4751 609 4817 in
658 4755 927 4818 Romen.
975 4750 1082 4817 die
1137 4753 1213 4816 16
1258 4749 1586 4817 Februarii
1634 4752 1802 4818 1734

206 4836 537 4905 definierit
582 4839 907 4925 quomodo
955 4837 1300 4905 ordinanda
1348 4837 1428 4904 sit
1482 4836 1658 4904 Missa
1704 4842 1799 4904 In-

206 4924 527 4993 ventionis
572 4928 837 4994 Sanctae
882 4927 1125 5010 Crucis,
1169 4926 1221 4991 si
1278 4925 1604 4992 transferri
1661 4944 1798 4991 eam

209 5015 537 5100 contingat
582 5025 727 5102 post
772 5018 1218 5098 Pentecosten,
1267 5014 1497 5102 apponi
1532 5014 1706 5116 cepit
1737 5013 1801 5080 in

207 5105 499 5191 corpore
547 5102 801 5171 missalis
847 5104 924 5170 ad
970 5104 1145 5169 diem
1192 5103 1447 5169 tertiam
1483 5102 1620 5171 Maii
1653 5119 1799 5188 spe·

213 5191 387 5259 ciaIis
433 5190 702 5258 Rubrica
753 5192 814 5259 id
861 5192 1215 5276 declarans,
1259 5210 1389 5258 non
1435 5189 1662 5258 iisdem
1711 5201 1800 5255 ta-

209 5297 362 5346 men
411 5279 624 5346 verbis
669 5296 870 5347 conce
919 5291 1007 5365 ta,
1054 5297 1220 5366 quae
1263 5280 1549 5367 praefert
1577 5282 1801 5346 Decre-

209 5378 381 5453 tum,
429 5366 543 5434 sed
595 5369 787 5457 longe
846 5299 1144 5452 ‹Rvet-sis,
1193 5368 1380 5435 liceat
1438 5369 1646 5456 quoad
1709 5368 1802 5436 rei

1893 419 2299 487 substantiam
2369 423 2640 486 Decreto
2708 420 3024 489 consonis.
3093 421 3480 506 Quamquam

1897 526 2055 573 vero
2102 507 2256 575 baec
2303 507 2569 576 Rubrica
2617 510 2902 598 apprime
2950 507 3123 576 ntiIis
3158 506 3477 592 videatur,

1894 595 2308 664 nihilominus
2366 614 2566 683 quum
2620 599 3027 666 desideretur
3081 595 3142 661 in
3191 595 3482 663 omnibus

1897 684 2169 771 antiquis
2216 684 2630 769 editionibus,
2680 685 3045 773 quaeritur:
3103 688 3164 751 1.
3197 687 3294 750 An
3335 702 3481 750 con·

1895 773 2131 839 servari
2181 771 2464 840 debeat?

2030 863 2112 927 Et
2142 872 2457 948 quatenus
2486 860 2885 950 affirmative,
2919 866 2984 928 2.
3022 862 3117 927 An
3151 860 3481 928 reformari

1901 948 2134 1102 debe?
2190 951 2452 1016 servatis
2506 949 3023 1038 expressionibus
3081 948 3316 1018 laudati
3367 952 3483 1014 De-

1904 1039 2061 1103 creti

2032 1130 2108 1192 R.
2158 1147 2197 1190 c
2230 1124 2644 1211 Affirmative,
2692 1127 2769 1193 ad
2817 1135 3167 1211 utrumque
3197 1147 3260 1192 ι.

2035 1215 2308 1282 Dubium
2341 1216 2425 1280 X.
2457 1217 2599 1280 Post
2625 1220 2965 1281 Decretum
3010 1215 3187 1281 Urbis
3217 1225 3277 1280 ct
3305 1215 3483 1283 Orbis

1909 1307 1986 1371 10
2018 1301 2417 1389 Septembris
2445 1302 2587 1368 anni
2628 1305 2792 1371 1847
2825 1303 3078 1371 nullum
3111 1314 3322 1392 potest
3346 1322 3517 1370 esse-

1903 1389 2194 1477 dubium,
2230 1392 2383 1492 quin
2416 1390 2591 1457 Missa
2624 1389 2955 1458 Patrocinii
2986 1393 3195 1460 Sancti
3235 1390 3485 1492 Iosepbi

1900 1478 2291 1549 confessoris
2336 1478 2561 1568 Sponsi
2630 1486 2856 1548 Beatae
2926 1479 3150 1546 Mariae
3210 1480 3489 1568 Virginis

1897 1569 2284 1742 Ξξῖιοῖῗῗέἒ.
2320 1567 2512 1722 {22:2¹3
2541 1572 2859 1724 ιξῗὲἳῖὶῗι
2867 1567 3146 1724 15:3²3}
3176 1569 3479 1746 ἓίῗὲἓξ·

1901 1764 2060 1833 pore
2107 1745 2408 1828 Paschali,
2443 1746 2813 1829 quaeritur:
2847 1744 3181 1823 Quomodo
3208 1746 3289 1812 sit
3321 1744 3486 1813 ordi·
3590 1801 3594 1812 .

1901 1833 2104 1900 nanda
2150 1835 2325 1899 Missa
2355 1833 2683 1902 Patrocinii
2716 1833 2927 1902 Sancti
2962 1833 3209 1920 Iosepbi
3244 1834 3307 1899 in
3340 1853 3486 1904 casu

1902 1920 2325 1989 translationis
2371 1932 2515 2008 post
2561 1919 3036 1989 Pentecosten?

2033 2013 2112 2076 Β.
2170 2030 2209 2073 c
2243 2009 2485 2077 Missam
2554 2010 2886 2077 Patrocinii
2955 2009 3164 2077 Sancti
3236 2011 3486 2099 Iosepbi

1904 2099 2032 2185 Iegi
2093 2096 2337 2165 debere
2394 2110 2538 2185 post
2600 2103 3020 2166 Pentecosten
3065 2098 3159 2165 uti
3206 2098 3489 2168 ordinata

1905 2200 1999 2255 est
2047 2205 2165 2274 pro
2214 2197 2505 2274 tempore
2552 2185 2863 2270 Paschali,
2913 2186 3192 2275 demptis
3248 2190 3488 2257 solum·

1901 2275 2093 2343 modo
2117 2273 2424 2355 Alleluia,
2456 2284 2846 2364 sumptoque
2874 2274 3167 2343 Graduali
3199 2296 3279 2342 ex
3313 2278 3491 2344 Missa

1898 2363 2025 2432 diei
2049 2366 2192 2432 XIX
2224 2363 2448 2447 Martii,
2483 2382 2629 2430 cum
2663 2363 2992 2431 Versiculo
3026 2364 3322 2466 proprio:
3358 2368 3488 2432 Fac

1901 2473 2015 2518 uos
2062 2455 2414 2519 innocuam
2458 2455 2555 2518 Ios
2627 2450 2667 2515 lt
2697 2460 2820 2518 etc.
2871 2463 2936 2518 et
2967 2451 3170 2520 tribus
3202 2453 3488 2521 Alleluia

1899 2541 2223 2629 dispositis
2271 2539 2442 2606 iuxta
2486 2544 2583 2609 Ru
2634 2539 2789 2606 ricas
2821 2561 2883 2605 ›.

2035 2629 2306 2696 Dubium
2358 2631 2464 2695 XI.
2516 2633 2581 2696 In
2643 2627 2820 2696 atissa
2886 2630 3095 2696 Sancti
3166 2630 3488 2698 Laurentii

1901 2717 2187 2804 Martyris
2216 2717 2324 2784 die
2356 2719 2414 2784 X
2446 2717 2710 2805 Augusti
2759 2727 2903 2806 post
2948 2717 3367 2807 Evangelium
3400 2719 3489 2788 le·

1902 2805 2107 2893 gitur:
2140 2826 2182 2868 ‹
2207 2808 2351 2871 Non
2387 2805 2642 2872 dicitur
2676 2807 2893 2889 Credo,
2930 2808 3067 2873 nisi
3099 2810 3171 2873 iu
3205 2809 3490 2876 Ecclesia

1897 2897 2192 2981 propria,
2243 2904 2365 2960 aut
2423 2896 2561 2960 uisi
2620 2898 2866 2961 venerit
2925 2897 2999 2960 in
3046 2897 3387 2964 Dominica
3421 2919 3488 2964 ν.

1905 2987 1972 3049 In
2020 2982 2197 3049 Missa
2255 2993 2470 3049 autem
2531 2981 2659 3049 diei
2717 2986 3010 3068 octavae,
3060 3004 3221 3071 quae
3269 2986 3492 3055 incidit

1903 3069 2064 3137 inira
2119 3083 2400 3137 octavam
2456 3070 2919 3159 Assumptionis
2984 3077 3210 3140 Beatae
3265 3075 3489 3142 Mariae

1902 3157 2206 3245 Virginis,
2255 3170 2510 3227 notatur
2574 3159 2899 3227 absolute:
2961 3162 3217 3228 «licitur
3266 3164 3484 3231 Credo.

1902 3251 2029 3313 Iam
2076 3267 2233 3313 vero
2294 3266 2442 3314 cum
2504 3248 2567 3314 in
2628 3268 2774 3316 casu
2821 3268 3081 3337 prorsus
3126 3249 3348 3337 simili,
3396 3251 3490 3319 ni·

1902 3334 2138 3435 mirum
2189 3335 2252 3403 in
2298 3336 2406 3403 die
2451 3336 2801 3404 Nativitatis
2848 3337 3056 3437 Sancti
3104 3339 3346 3438 Ioannis
3379 3343 3489 3407 Ba·

1903 3425 3490 3602 {3233053352‘3'„tennl'sssslffinwnssii

1903 3601 2104 3667 relate
2148 3601 2225 3667 ad
2279 3600 2453 3670 diem
2508 3606 2801 3669 Octavam
2861 3600 3133 3672 nubi-ica
3185 3621 3490 3695 expresse

1901 3689 2161 3756 adnotat
2221 3710 2260 3753 c
2291 3690 2546 3757 dicitur
2609 3691 2802 3757 Credo
2858 3710 3143 3760 nomn
3193 3712 3492 3765 oea-avan

1901 3795 2278 3845 smeronun
2338 3797 2787 3846 aros-romanu
2835 3800 3022 3851 rm:
3075 3779 3154 3849 ι’ϊ
3200 3802 3390 3849 raum
3422 3804 3489 3848 ιι.

1901 3867 2288 3945 Quaeritur:
2336 3870 2432 3935 An
2490 3868 2681 3935 etiam
2739 3869 2804 3936 in
2863 3871 2969 3941 die
3011 3873 3239 3938 Octava
3285 3871 3492 3939 Sancti

1903 3952 2225 4022 Laurentii
2257 3955 2444 4023 adiici
2476 3956 2630 4023 haec
2661 3957 2930 4025 Robrica
2974 3959 3206 4047 possit:
3257 3981 3296 4024 c
3324 3960 3491 4028 dici-

1905 4055 2021 4111 tur
2056 4043 2250 4111 Credo
2294 4049 2493 4111 ctiam
2537 4056 2729 4112 caetra
2776 4047 3129 4114 Ecclesiam
3151 4052 3494 4133 propriam

1894 4141 2154 4219 propter
2208 4143 2502 4200 octavam
2548 4136 3023 4220 Assumptionia
3066 4137 3302 4202 Beatac
3356 4139 3491 4204 Ma-

1902 4224 2044 4287 riae
2102 4224 2387 4307 Virginis
2419 4220 2511 4287 av?

2033 4314 2109 4376 R.
2159 4331 2198 4374 c
2231 4311 2537 4399 Negative
2573 4332 2635 4377 ι».

2033 4398 2310 4466 Dubium
2332 4402 2468 4467 XII.
2492 4401 2637 4465 Post
2659 4400 2905 4467 lissam
2930 4404 3306 4470 Sanctorum
3327 4406 3492 4491 Apo-

1901 4487 2214 4554 stolorum
2263 4485 2534 4555 Simonis
2565 4498 2632 4554 et
2661 4487 2850 4556 Iudae
2882 4489 2990 4556 die
3020 4492 3269 4560 XXVIII
3309 4494 3492 4561 Octo-

1901 4572 2033 4641 bris
2094 4576 2484 4642 recentiores
2542 4576 2799 4643 Hissalis
2854 4579 3118 4644 Romani
3180 4579 3495 4647 editiones

1903 4662 2065 4728 hanc
2110 4663 2347 4730 habent
2390 4664 2730 4731 Rubricam
2777 4665 3054 4751 ignotam
3089 4667 3354 4735 editioni
3385 4672 3490 4739 Sa·

1904 4766 2051 4816 crae
2095 4751 2587 4840 congregationi
2619 4752 2702 4820 de
2734 4757 3139 4857 Propaganda
3183 4755 3339 4824 Fide
3383 4778 3491 4826 an-

1903 4838 1970 4906 ni
2021 4842 2186 4905 1714
2244 4840 2607 4926 ceterisque
2652 4841 3162 4928 antiquioribus:
3231 4867 3270 4910 c
3299 4846 3376 4914 Si
3417 4851 3492 4914 in

1913 4928 2151 5012 Viyilia
2178 4930 2467 4994 omnium
2491 4930 2881 4997 Sanctorum
2913 4938 3274 5000 occurrerit
3297 4936 3490 5003 Missa

1903 5015 1976 5080 de
1997 5016 2221 5100 aliquo
2246 5018 2428 5082 Festo
2457 5018 2886 5105 semiduplici,
2920 5030 3078 5086 tanc
3111 5026 3310 5089 tertia
3334 5021 3493 5092 Ora-

1908 5107 2000 5171 tio
2031 5109 2161 5171 erit
2191 5126 2234 5171 a
2266 5124 2557 5190 cuneus,
2592 5125 2722 5172 non
2752 5126 2897 5174 vcro
2924 5108 2999 5174 dc
3036 5112 3296 5196 Spiritu
3328 5114 3490 5179 Sait-

1904 5202 2007 5258 cto
2033 5215 2101 5259 s.
2132 5197 2445 5262 consonat
2475 5194 2827 5263 certissime
2859 5195 3013 5264 baec
3045 5198 3315 5267 {lubrica
3343 5221 3492 5270 cum

1905 5281 2278 5367 particulari
2323 5285 2594 5349 Decreto
2644 5286 2980 5352 Sacrorum
3023 5288 3286 5355 Rituum
3331 5293 3493 5358 con·

1912 5370 2302 5460 ‘rogationis
2347 5371 2413 5438 in
2473 5389 2594 5438 una
2650 5369 2914 5442 Ordinis
2976 5377 3496 5465 capuccinorum
