4042 5950
2019 249 2492 333 —288—

624 406 828 477 cultas
871 409 1027 478 facta
1072 420 1168 478 est
1213 409 1438 478 utendi
1479 409 1850 498 palmatoria
1896 410 2089 480 etiam
2136 411 2200 480 in

622 496 815 564 Missis
861 498 1118 566 cantatis
1162 497 1428 587 aliisque
1461 496 1899 567 ecclesiasticis
1930 499 2200 568 functio-

620 584 840 653 nibus:
897 604 1040 653 nam
1087 587 1210 655 boc
1270 586 1612 674 privilegio
1669 587 1792 654 iam
1836 588 2199 677 gaudebant

621 672 685 739 in
729 673 924 741 Missis
970 673 1252 764 privatis.
1316 676 1496 743 Nunc
1543 675 1747 743 oritur
1785 675 2097 744 dubiumt
2145 678 2198 744 A

663 780 891 829 nonam
938 762 1305 832 sustinenda
1351 761 1434 830 sit
1479 762 1871 852 palmatoria,
1904 785 1939 830 a
1979 767 2198 833 Sacer·

665 859 770 916 ote
834 868 1070 937 nempe
1129 861 1235 919 aut
1280 872 1313 917 a
1358 849 1653 920 clerico?
1715 862 1783 920 et
1841 871 1920 918 an
1971 872 2196 940 snper-

616 936 894 1024 pelliceo
941 947 1213 1024 tantum,
1246 938 1353 1008 vel
1386 941 1577 1007 etiam
1623 938 1886 1028 pluviali
1927 937 2199 1008 induto?

744 1026 1240 1095 Eminentissimi
1290 1039 1357 1095 et
1400 1027 1936 1096 Reverendissimi
1982 1032 2197 1096 Patres

616 1114 818 1181 Sacris
867 1115 1121 1185 tuendis
1173 1114 1419 1183 Ritibus
1470 1115 1850 1205 praepositi,
1899 1115 2196 1184 omuibus

559 1215 572 1229 ·
615 1212 864 1268 maturo
926 1204 1216 1271 examine
1283 1203 1655 1293 perpensis,
1706 1204 2194 1273 rescribendum

613 1309 684 1356 ac
731 1289 1189 1369 declarandum
1235 1302 1662 1360 censuerunt:

747 1400 786 1445 ‹
817 1379 1184 1447 Palmatoria
1243 1379 1309 1448 in
1365 1401 1546 1466 casu,
1595 1379 1770 1448 iuxta
1822 1383 2192 1470 generalem

614 1468 1170 1553 consuetudinem,
1219 1467 1588 1537 sustinenda
1640 1478 1738 1536 est
1784 1470 1888 1537 vel
1935 1492 1966 1537 a
2013 1470 2191 1538 llini-

611 1554 756 1623 stris
815 1556 919 1622 vel
979 1577 1011 1622 a
1070 1557 1363 1644 Magistro
1431 1556 1987 1626 caeremoniarum
2051 1559 2192 1626 Mis-

611 1661 717 1711 sae
762 1643 1048 1712 Solemni
1094 1644 1583 1713 inservientibus
1613 1666 1676 1714 ».
1725 1646 1839 1714 Die
1886 1650 1925 1715 3
1973 1650 2190 1736 Augu·

610 1732 690 1797 sti
744 1735 933 1802 1839.

610 1873 856 1943 279⁷.
1010 1875 1290 1943 nonus
1333 1877 1780 1944 russum-11.
1957 1875 2187 1963 (taos)

745 1996 876 2065 Etsi
922 1998 1231 2067 Rubricae
1274 1998 1529 2065 nissalis
1560 2018 1631 2066 ac
1663 1998 2052 2087 plerumque
2082 2005 2188 2070 Sa-

610 2106 754 2154 crae
822 2086 1083 2154 Rituum
1151 2086 1675 2174 congregationis
1744 2091 2009 2155 Decreta
2036 2137 2054 2174 ,
2124 2100 2190 2156 et

612 2175 985 2264 praesertim
1032 2178 1343 2243 Generale
1390 2175 1609 2244 datum
1653 2175 1762 2244 die
1798 2180 1885 2245 28
1914 2176 2190 2245 Februa·

607 2263 684 2331 rii
737 2266 946 2350 1818,
991 2274 1200 2332 certas
1244 2262 1661 2351 indubiasque
1717 2264 1894 2353 leges
1951 2283 2187 2355 propo-

607 2352 1726 2528 r:ss‡;„a³s:;÷1⁰‘¹s⁸szfzaf¹2f
1771 2353 2187 2527 {aazia

2026 2489 2044 2522 ‚
2160 2477 2184 2491 .

609 2526 735 2596 huc
780 2538 995 2596 autem
1042 2460 1314 2596 alteras
1359 2528 1424 2594 in
1468 2546 1542 2595 re
1601 2527 2065 2596 declarationes
2109 2529 2186 2596 ab

606 2617 724 2684 bac
790 2619 1013 2683 Sancta
1060 2616 1418 2703 Apostolica
1464 2614 1633 2682 Sede
1679 2614 2050 2684 desiderare
2095 2619 2186 2686 vi-

605 2706 801 2773 detur
853 2703 1159 2772 Sacerdos
1219 2704 1575 2773 Lndovicus
1619 2704 1855 2772 Valade
1902 2704 2187 2775 vicarius

605 2791 929 2862 Generalis
963 2790 1026 2859 in
1072 2792 1358 2860 Dioecesi
1389 2791 1966 2879 Montispessulani,
2004 2795 2184 2862 cuius

604 2882 865 2986 npmine
928 2880 1252 2969 proposita
1296 2892 1445 2948 sunt
1502 2882 1899 2968 insequentia
1953 2883 2179 2969 dubia3

603 2988 942 3039 nimirum:

739 3065 802 3129 1.
849 3057 1112 3139 Quando
1142 3061 1240 3126 Nn
1291 3060 1413 3127 tiae
1445 3058 1854 3128 celebrantur
1887 3069 2183 3149 tempore

604 3148 932 3216 Adventus
958 3148 1065 3216 vel
1097 3148 1226 3227 Oua
1278 3149 1653 3235 ragesimae,
1687 3147 1887 3216 debet
1923 3167 2007 3216 ne
2037 3148 2180 3217 fieri

602 3236 1126 3305 commemoratio
1155 3236 1374 3305 Missae
1402 3256 1521 3325 pro
1553 3240 1801 3325 Sponso
1835 3247 1900 3304 et
1939 3238 2180 3327 Sponsa

602 3346 724 3415 per
787 3325 1177 3412 conectam,
1226 3328 1550 3394 secretam
1621 3336 1686 3392 et
1741 3328 2179 3394 Postcommu·

599 3410 910 3482 nionem?
1549 3449 1554 3458 ·

729 3506 794 3569 2.
845 3501 1136 3570 Licetne
1168 3514 1319 3572 tunc
1349 3503 1622 3572 recitare
1666 3521 1855 3590 supra
1900 3508 2177 3590 Sponsos

598 3608 825 3677 preces
865 3608 984 3658 seu
1029 3591 1356 3659 Orationes
1389 3591 1453 3659 in
1500 3590 1719 3659 llissali
1767 3593 2001 3679 positas
2035 3604 2179 3746 post

597 3677 958 3745 Orationem
1004 3679 1392 3747 Dominicam
1437 3690 1502 3747 et
1549 3682 1639 3747 Ite
1684 3682 1883 3748 Missa
1928 3692 2022 3749 cst

727 3769 797 3833 3.
829 3766 1089 3845 Quando
1122 3767 1484 3856 praedictae
1514 3768 1840 3835 Orationes
1869 3788 1996 3837 non
2030 3781 2176 3837 sunt

597 3855 897 3922 recitatae
960 3855 1026 3923 in
1091 3854 1269 3923 llis'sa
1325 3856 1739 3944 Nuptiarum,
1787 3856 2026 3925 debent
2095 3877 2178 3927 ue

595 3943 847 4102 {Sicingi
896 3954 1073 4011 extra
1117 3942 1389 4029 Missam,
1429 3945 1643 4033 elapso
1688 3955 1982 4034 tempore
2029 3965 2175 4036 pro-

732 4042 797 4099 to

723 4122 892 4199 Quae
937 4121 1187 4209 singula
1218 4122 1406 4190 dubia
1436 4119 1666 4189 sedulo
1698 4119 1784 4187 de
1813 4140 1994 4188 more
2025 4141 2173 4210 per·

593 4212 951 4299 pendentes
998 4209 1495 4278 Eminentissimi
1536 4220 1603 4275 et
1632 4209 2171 4300 Reverendissimi

593 4303 805 4368 Patres
853 4298 1056 4366 Sacris
1105 4298 1359 4366 tuendis
1403 4297 1650 4368 Ritibus
1695 4300 2071 4386 praepositi,
2109 4299 2173 4366 in

591 4388 920 4456 ordinario
962 4390 1168 4455 coetu
1214 4387 1292 4454 ad
1325 4387 1644 4465 Quirinale
1673 4387 2030 4473 subsignata
2063 4388 2172 4455 die

594 4476 952 4561 coadunati,
992 4475 1333 4563 auditaque
1379 4474 1556 4544 fideli
1603 4475 1910 4543 relatione
1943 4475 2035 4541 ab
2082 4476 2173 4542 in·

592 4564 922 4653 trascripto
988 4565 1348 4632 secretario
1406 4564 1598 4648 tacta,
1646 4563 2171 4651 respondendum

592 4666 983 4722 comufll'llnl.
1000 4677 1019 4722 Σ

721 4765 760 4810 ‹
795 4744 1151 4811 servemur
1193 4739 1808 4811 Rubricae-hlissalis
1850 4759 1921 4808 ac
1968 4741 2189 4808 cene-⁶

591 4833 723 4899 rale
770 4843 1191 4899 memoratum
1223 4835 1596 4916 Decretum,
1630 4848 1758 4917 qno
1790 4827 2071 4898 edicitur
2099 4839 2172 4898 nt

590 4921 888 5007 qnoniam
937 4919 1335 5007 temporibus
1382 4922 1459 4989 ab
1506 4917 1782 4987 Ecclesia
1830 4919 2045 4986 vetitis
2078 4918 2170 4985 102

590 5027 738 5076 cum
785 5007 1022 5076 babere
1052 5008 1275 5095 nequit
1305 5010 1603 5077 solemnis
1634 5005 1996 5076 benedictio
2042 5009 2170 5074 Nu·

588 5097 906 5186 ptiarum,
956 5097 1041 5163 ita
1101 5096 1342 5184 pariter
1401 5096 1728 5167 inhibetur
1780 5114 2167 5165 commemo·

590 5183 751 5252 ratio
821 5203 939 5273 pro
983 5188 1234 5272 Sponao
1291 5194 1357 5253 et
1418 5190 1662 5275 Sponsa
1714 5184 1781 5252 in
1839 5185 2016 5251 Missa
2064 5203 2167 5250 oc-

588 5282 924 5353 currente;
957 5292 1172 5360 neque
1198 5273 1524 5341 Orationes
1564 5273 1987 5340 resumendae
2018 5281 2171 5337 sunt

589 5374 769 5431 extra
815 5362 1091 5444 lissam,
1140 5371 1432 5449 tempore
1486 5357 1805 5448 prohibito
1849 5360 2068 5446 elapso
2099 5379 2161 5424 a.

2303 413 2511 499 Atque
2557 410 2640 478 ita
2687 410 3181 500 rescripserunt,
3212 412 3620 483 declaramnt
3648 430 3715 479 ac
3744 432 3861 480 sar·

2300 500 2909 675 {aggumaegmnino
2971 500 3375 570 mandarunt.
3439 502 3558 570 Die
3611 504 3689 568 31
3748 503 3861 569 Aa·

2302 730 2553 800 2⁷98.
2859 733 3318 799 ms‘rurmn.
3650 730 3854 818 (saca)

2435 858 2595 921 Dum
2643 853 2706 922 in
2740 872 2857 922 suo
2903 853 3197 922 Generali
3234 858 3503 922 Decreto
3534 853 3745 943 pridie
3764 857 3857 922 Ca-

2301 941 2524 1010 lendas
2570 941 2767 1010 Har-tii
2801 962 2963 1010 anno
3004 944 3170 1010 1818
3206 945 3389 1011 Sacra
3420 942 3679 1009 Rituum
3716 946 3856 1011 Con·

2300 1029 2591 1119 gregatio
2636 1030 2864 1116 edixit,
2914 1040 2999 1097 ut
3040 1029 3255 1097 Missae
3299 1030 3550 1098 votivae
3598 1030 3854 1119 privatae

2300 1138 2417 1207 pro
2463 1119 2708 1205 Sponso
2754 1129 2821 1185 et
2860 1122 3099 1207 Sponsa
3147 1118 3444 1204 legantur
3474 1118 3616 1185 sine
3648 1118 3853 1186 Gloria

2299 1216 2366 1272 et
2395 1206 2534 1274 sine
2568 1208 2786 1289 Credo,
2818 1226 2965 1275 cum
2996 1204 3200 1274 tribus
3235 1205 3657 1291 Orationibus,
3686 1209 3854 1274 Beu-

2272 1295 2593 1375 ,dicanma
2624 1297 2895 1362 Domino
2925 1306 2993 1362 et
3015 1293 3360 1383 Evangelio
3392 1294 3606 1363 Sancti
3636 1295 3853 1361 loannis

2296 1381 2361 1449 in
2408 1381 2579 1463 line;
2627 1381 3220 1452 Reverendissimus
3249 1380 3592 1449 Eistetten.
3626 1383 3852 1469 Episco-

2344 1490 2418 1538 us
2463 1473 2689 1539 Sacrae
2735 1470 2951 1539 eidem
2995 1470 3491 1558 congregationi
3543 1469 3847 1559 exposuit:

2407 1559 2681 1645 Bavaria,
2718 1568 2784 1626 et
2822 1556 3200 1660 praesertim
3248 1558 3313 1626 in
3344 1558 3658 1626 Paroeciis
3685 1562 3849 1646 Pago·

2296 1665 2439 1714 rum
2483 1646 2846 1716 huiusmodi
2875 1646 3085 1715 Missas
3128 1645 3521 1734 plerumque
3566 1645 3848 1714 celebrari

2292 1752 2442 1801 cum
2490 1745 2705 1820 cantu,
2739 1735 3025 1822 quamvis
3068 1733 3294 1803 unicus
3330 1734 3496 1804 adsit
3534 1735 3844 1809 Sacerdos:

2295 1841 2451 1908 quas
2494 1823 2758 1911 quidem
2804 1822 3011 1891 Missas
3055 1841 3204 1889 cum
3252 1833 3440 1891 cantu
3483 1823 3546 1890 in
3581 1841 3846 1912 praesen·

2294 1910 2526 1979 tiarum
2594 1910 2941 1998 prohibere
2987 1909 3249 1983 difficile
3318 1911 3665 1980 admodum
3706 1909 3844 1977 arbi-

2294 2008 2520 2066 tratur.
2570 1998 2809 2078 Quibus
2838 1998 3059 2087 positia
3100 2016 3378 2085 sequens
3418 1998 3709 2067 exhibuit
3745 1998 3843 2067 du·

2294 2084 2492 2173 bium,
2542 2087 2881 2155 nimirum:

2423 2178 2520 2242 Au
2552 2175 2768 2243 Missae
2799 2195 2917 2264 pro
2950 2179 3199 2264 Sponso
3231 2185 3297 2242 et
3328 2178 3594 2264 Sponsa,
3619 2173 3842 2263 quando

2293 2261 2657 2330 celebratur
2702 2282 2852 2332 cum
2895 2275 3110 2348 cantu,
3161 2262 3308 2332 addi
3355 2275 3551 2352 queat
3590 2268 3843 2353 Dymnus

2292 2350 2636 2440 Angelicus
2682 2370 2829 2420 cum
2876 2351 3181 2440 symbolo
3226 2350 3549 2419 Nicaeno‘?

2422 2443 2501 2506 Et
2548 2441 2737 2507 Sacra
2780 2439 2914 2529 ipsa
2976 2439 3443 2528 congregatio,
3500 2460 3572 2506 re
3624 2448 3843 2506 matura

2288 2527 3757 2704 ffissorffgpon‘delnedffiffiffsdiffazcgggfive
3780 2612 3843 2680 ad

2434 2663 2451 2700 ,
3312 2662 3332 2682 .

2288 2701 2596 2784 dubium;
2656 2704 2719 2771 in
2765 2704 3072 2773 Paroeciis
3116 2722 3309 2789 vero,
3361 2703 3473 2781 ubi
3518 2723 3682 2771 unns
3731 2712 3844 2767 tan·

2287 2800 2425 2858 tum
2472 2802 2569 2858 est
2615 2792 2948 2878 Sacerdos,
2982 2791 3323 2860 Dominicis
3365 2792 3692 2877 Festisque
3728 2788 3845 2857 die-

2287 2877 2405 2946 bus
2464 2878 2687 2947 Missae
2742 2881 3105 2949 occurrenti
3165 2880 3435 2949 addatur
3480 2896 3843 2947 commemo·

2283 2965 2441 3034 ratio
2490 2987 2608 3057 pro
2650 2969 2898 3057 Spouso
2942 2981 3007 3037 et
3055 2971 3296 3058 Sponsa
3342 2969 3408 3037 in
3455 2989 3601 3036 casu
3634 2990 3696 3035 ιν.
3984 3005 3985 3012 1

2416 3058 2626 3143 Atque
2673 3056 2757 3123 ita
2800 3058 3041 3125 servari
3086 3057 3434 3126 mandavit.
3484 3058 3598 3124 Die
3630 3059 3707 3123 31
3741 3057 3846 3121 Au·
3984 3073 3985 3088 ¹

2287 3144 2454 3233 gusti
2510 3148 2702 3213 1839.

2284 3320 2537 3391 2799.
2771 3326 3033 3391 TERTll
3077 3324 3381 3391 ottmms

2692 3431 2971 3500 sarton
3038 3433 3467 3500 FRAthsct.

2412 3592 2619 3669 Quum
2674 3594 2751 3659 R.
2816 3594 2889 3658 P.
2936 3590 3207 3659 Aloisius
3267 3590 3629 3658 Galandrini
3689 3589 3847 3657 Prior

2283 3680 2475 3746 Tertii
2546 3678 2796 3748 Ordinis
2850 3680 3059 3748 Sancti
3128 3676 3437 3746 Francisci
3496 3679 3562 3745 in
3616 3678 3845 3768 Oppido

2282 3768 2479 3854 vulgo
2526 3768 2591 3834 di
2641 3766 3048 3837 Manteion-oto
3103 3766 3423 3834 Dioecesis
3479 3770 3844 3834 laceraten.

3640 3318 3842 3408 (4⁸70)

2282 3857 2513 3923 Sacrae
2537 3855 2797 3925 Ritunm
2830 3855 3317 3944 congregationi
3354 3875 3470 3944 pro
3504 3865 3847 3943 opportuna
3982 3847 3983 3906 ἐ

2279 3943 2710 4012 declaratione
2757 3943 3158 4031 insequentia
3188 3942 3380 4011 dubia
3412 3941 3846 4033 proposuerim
3982 4039 3983 4042 Ἴ

2279 4049 2617 4103 mmtrumz

2418 4125 2475 4189 1.
2524 4123 2621 4189 An
2665 4119 2733 4187 in
2778 4119 3080 4187 Ecclesiis
3145 4119 3257 4188 ubi
3312 4118 3677 4188 functiones
3732 4136 3851 4185 ma-

2280 4207 2429 4276 ioris
2472 4207 3101 4280 Hebdomadae.fieri
3149 4219 3520 4293 nequeunt,
3583 4207 3765 4274 Feria
3806 4206 3853 4272 V

2280 4297 2345 4364 in
2368 4301 2574 4367 Coena
2606 4297 2857 4367 Domini
2887 4295 3198 4364 celebrari
3232 4297 3428 4384 possit
3460 4296 3639 4364 Missa
3670 4289 3857 4362 lecta?

2410 4390 2472 4453 2.
2526 4389 2622 4452 An
2666 4385 2717 4454 si
2764 4384 3131 4453 huiusmodi
3193 4385 3514 4452 Ecclesiae
3568 4384 3695 4450 sint
3742 4385 3854 4450 Re·

2278 4472 2624 4562 gulariut'n,
2658 4475 2719 4541 id
2772 4473 2985 4558 liceat,
3034 4483 3106 4540 ut
3144 4472 3452 4560 Superior
3506 4471 3856 4539 communi-

2277 4581 2421 4628 care
2480 4564 2687 4630 valeat
2741 4579 2888 4628 suos
2946 4561 3292 4645 Alumnos,
3356 4579 3476 4647 pro
3544 4558 3858 4647 adimple·

2278 4658 2499 4718 mento
2544 4650 2850 4719 Pascbalis
2900 4645 3268 4740 praecepti?

2411 4743 2478 4806 3.
2527 4744 2623 4807 An
2669 4737 2939 4808 sabbato
2971 4741 3201 4808 Sancto
3244 4735 3546 4824 Religiosi
3582 4734 3859 4804 existen·

2277 4839 2373 4895 tes
2421 4827 2484 4894 in
2528 4825 2864 4895 coenobiis
2909 4846 3070 4914 qnae
3114 4826 3282 4893 ultra
3329 4826 3600 4893 milliare
3633 4826 3713 4892 ab
3740 4826 3856 4911 Op-

2272 4915 2441 5004 pidis
2471 4916 2729 5001 distant,
2767 4913 2832 4983 in
2862 4917 3071 4983 sonitu
3117 4914 3418 4981 Nolarum
3456 4912 3853 4980 conformare
3980 4943 3981 4998 i

2271 5024 2341 5072 se
2385 5004 2659 5073 debeant
2708 5002 3027 5072 Ecclesiae
3074 4999 3368 5070 matrici?

2406 5096 2468 5163 4.
2517 5097 2615 5160 An
2661 5092 2964 5180 Religiosi
3009 5093 3175 5160 ultra
3220 5090 3494 5158 milliare
3548 5089 3626 5157 ab
3672 5083 3851 5176 Oppi·
3980 5085 3981 5128 ³

2272 5165 2372 5247 dis
2403 5191 2867 5250 commorantes
2897 5190 3241 5247 teneantur
3270 5177 3576 5246 accedere
3602 5176 3681 5245 ad
3711 5191 3849 5273 sup·

2270 5269 2671 5356 plicationes,
2719 5288 2883 5356 quae
2932 5270 2995 5336 in
3045 5266 3327 5337 Ecclesia
3386 5266 3629 5334 matrici
3692 5265 3847 5332 insti-

2274 5355 2589 5424 tuuntur‘?
