4042 5950
1571 263 1874 344 -,191
1936 287 2041 325 -’-

153 424 362 494 rentis
392 425 706 494 honorem
741 435 934 511 atque
964 424 1043 491 ad
1068 443 1316 492 sacrum
1363 424 1561 511 ipsius
1590 427 1743 493 Cor-

151 534 280 600 pus
309 516 456 581 loco
486 512 933 581 honestissime
966 513 1369 598 condendum
1417 512 1749 585 molitione

150 601 519 668 admirabili
564 620 894 689 opereque
943 600 1274 687 magnifico
1323 601 1746 694 extruendam

150 691 233 756 ab
279 689 582 757 inchoato
630 690 897 772 curavit,
937 688 1265 774 ceterique
1298 688 1557 755 Romani
1591 692 1749 754 Pon-

156 777 370 844 tifices
439 776 970 845 Praedecessores
1043 775 1253 842 Nostri
1331 776 1503 842 omni
1569 775 1749 841 cultu

153 876 558 931 exornarunt
603 864 966 950 insignique
1026 864 1204 951 copia
1261 863 1493 953 privile
1542 863 1753 929 iorum

154 972 318 1040 prae
365 953 599 1018 ceteris
630 951 912 1019 Aedibus
944 970 1205 1036 auxere,
1243 971 1380 1018 eam
1412 952 1505 1017 No
1554 950 1603 1016 is
1633 947 1756 1016 sin·

154 1039 374 1126 gnlari
409 1039 681 1125 quadam
719 1038 975 1106 Divinae
1006 1038 1450 1106 Providentiae
1496 1037 1754 1125 dispen-

151 1128 409 1194 satione
457 1128 677 1193 datum
724 1137 821 1193 est
858 1127 982 1193 -illo
1026 1126 1351 1212 dignitatis
1395 1147 1467 1194 ac
1511 1125 1753 1213 gloriae

154 1215 519 1301 splendore
567 1215 922 1296 cumulare,
971 1215 1079 1300 qui
1125 1217 1201 1281 ad
1249 1214 1615 1301 perfectum
1647 1213 1755 1278 ab-

156 1305 583 1388 solutumque
631 1302 921 1369 eiusdem
952 1303 1152 1370 decus
1182 1301 1535 1371 desiderari
1566 1299 1755 1368 unice

158 1390 534 1457 videbatur.
605 1390 943 1457 Communi
1017 1390 1261 1489 quippe
1312 1380 1756 1456 ‘consensione

160 1476 634 1565 percrebuerat
679 1477 799 1544 sub
827 1481 950 1544 Ara
996 1478 1295 1565 principe,
1328 1476 1618 1545 eimdem
1647 1480 1759 1542 Ba-

156 1566 385 1632 silicas
436 1565 649 1632 locum
711 1585 877 1649 esse,
926 1566 989 1632 in
1034 1585 1162 1651 quo
1206 1565 1340 1632 Viri
1384 1563 1758 1653 sanetissimi

161 1658 421 1741 Corpus
465 1664 737 1720 extaret.
789 1657 1029 1720 Verum
1077 1657 1167 1719 Eo
1212 1653 1301 1719 sic
1348 1653 1757 1740 disponente,

162 1742 359 1807 cuius
399 1740 975 1826 imperscrutabilia
1007 1740 1239 1808 iudicia
1268 1750 1441 1824 sunt,
1475 1742 1762 1808 nondum

160 1829 526 1896 adinveniri
575 1848 762 1916 posse
807 1839 999 1914 atque
1046 1828 1111 1895 in
1158 1830 1373 1894 lucem
1403 1838 1761 1916 aspectum·

162 1936 297 2002 que
322 1916 661 1983 hominum
686 1917 963 2002 proferri
989 1915 1385 1983 'thesaurum
1409 1916 1584 1983 omni
1607 1934 1761 1981 auro

166 2004 628 2091 pretiosiorem
673 2004 1013 2070 lectissima
1058 2003 1213 2070 tanti
1258 2006 1456 2070 Patris
1506 2003 1764 2070 Familia

164 2103 229 2156 et
277 2111 389 2157 res
435 2090 783 2160 Christiana
828 2091 1126 2158 universa
1172 2090 1581 2158 condolebat.
1629 2096 1763 2158 lmc

164 2198 337 2265 quae
369 2179 438 2245 in
470 2179 674 2246 causis
702 2178 768 2244 id
809 2195 1015 2265 genus
1046 2182 1306 2246 Sanctae
1356 2179 1622 2246 huiusce
1656 2181 1765 2247 Se-

165 2267 267 2334 dis
310 2267 588 2355 provida
634 2276 729 2333 est
772 2266 1014 2352 iugiter
1057 2279 1123 2334 et
1168 2278 1348 2333 cauta
1379 2266 1761 2349 moderatio,

122 2356 386 2422 ·visnm
449 2353 571 2421 fuit
623 2355 813 2420 Paulo
874 2358 926 2421 V
987 2354 1098 2421 fel.
1150 2373 1286 2420 rec.
1349 2359 1620 2421 Decreto
1684 2373 1765 2419 ex

169 2441 376 2529 ipsius
438 2442 817 2510 auctoritate
874 2462 996 2531 per
1046 2441 1444 2529 Alphonsum
1502 2442 1766 2510 Viceco-

170 2531 405 2598 mitem
464 2529 866 2598 Cardinalem
920 2530 1169 2597 Ordinis
1229 2530 1762 2599 conventualium

167 2622 520 2685 Patronum
568 2617 771 2699 edito,
821 2618 1060 2687 diserte
1112 2637 1345 2686 cavere
1390 2628 1463 2684 ut
1508 2618 1768 2706 perqui-

66 2709 77 2720 '
166 2727 321 2773 rere
368 2707 585 2793 ipsum
631 2705 1070 2791 fossionesque
1100 2717 1208 2772 aut
1238 2706 1410 2774 aliud
1442 2706 1768 2792 quidpiam

171 2795 234 2860 in
286 2813 443 2861 eum
490 2793 687 2860 finem
733 2793 974 2861 ibidem
1020 2804 1418 2880 pertentare,
1463 2794 1552 2859 fas
1599 2803 1769 2860 esset

170 2901 445 2962 nemini.

306 2968 534 3036 llluxit
572 2981 785 3037 tamen
817 2980 1073 3058 tempus
1105 2990 1138 3036 a
1168 2974 1301 3039 Deo
1332 2968 1767 3057 praefinitum,

173 3059 353 3146 quod
392 3059 651 3125 incensa
682 3057 967 3124 omnium
1000 3069 1144 3124 vota
1174 3068 1512 3146 tantopere
1544 3059 1772 3158 adpro·

173 3145 529 3236 perabant,
577 3164 704 3230 quo
765 3145 1066 3213 nimirum
1128 3166 1236 3211 vas
1288 3145 1451 3213 illud
1501 3146 1774 3231 Spiritus

172 3233 393 3302 Sancti
437 3233 947 3321 protrahendum
1001 3234 1166 3300 foret
1213 3233 1279 3300 in
1328 3235 1591 3311 lucem;
1652 3236 1774 3300 No-

171 3336 486 3407 straeque
522 3321 870 3388 humilitati
904 3332 997 3389 tot
1026 3321 1196 3387 inter
1229 3332 1556 3407 tantasque
1589 3324 1775 3388 Sum-

174 3411 267 3477 mi
308 3408 725 3477 Pontificatus
782 3408 1225 3476 solicitudines
1277 3409 1589 3477 fatiscenti
1638 3427 1776 3476 eam

174 3502 348 3565 Deus
395 3496 814 3583 Omnipotens
859 3498 1132 3565 delatam
1163 3498 1373 3564 voluit
1402 3495 1776 3565 consolatio-

174 3605 357 3671 nem,
394 3595 471 3651 ut
513 3603 630 3650 nos
674 3586 1206 3671 suspicatissimae
1250 3584 1522 3653 huiusce
1569 3585 1778 3653 fausti·

178 3674 327 3745 tatis
374 3671 781 3739 administros
828 3674 1182 3740 clementer
1213 3673 1578 3741 adsciverit.
1615 3677 1774 3740 Cum

179 3759 385 3843 enim,
435 3759 823 3827 conficiente
855 3760 1119 3828 Domino
1152 3761 1590 3829 miserationes
1623 3761 1777 3828 vias-

177 3870 307 3935 que
331 3848 671 3936 aperiente
695 3848 1082 3916 mirabilium
1104 3867 1395 3932 suorum,
1421 3849 1615 3915 certis
1637 3850 1775 3934 qui·

178 3936 455 4004 busdam
472 3935 908 4022 gravibusque
936 3956 1019 4003 ex
1053 3936 1399 4003 rationibus
1429 3937 1773 4022 compulsi,

179 4036 543 4092 memorato
606 4025 777 4090 Pauli
826 4027 879 4093 V
926 4024 1273 4090 interdicto
1330 4024 1775 4109 derogandum

183 4132 321 4178 eme
371 4110 780 4195 duxerimus,
828 4110 1256 4200 precibusque
1302 4113 1715 4178 annuerimus
1742 4133 1776 4178 a

182 4200 430 4266 dilecto
464 4198 622 4265 Filio
655 4202 923 4285 losepbo
956 4199 1138 4266 Maria
1171 4200 1254 4266 de
1285 4200 1495 4284 Bonis,
1527 4199 1781 4266 Ordinis

184 4291 503 4355 uiuorum
549 4288 1082 4355 Conventualium
1129 4285 1414 4353 ninistro
1461 4288 1779 4372 Generali,

188 4376 482 4463 perlatis,
534 4374 767 4460 quibus
811 4377 890 4442 de
946 4381 1013 4442 S.
1056 4376 1459 4443 FRANClSGl
1494 4378 1777 4473 Corpore

189 4463 578 4549 inquirendo
613 4463 675 4533 in
709 4462 1037 4530 assisiensi
1070 4461 1327 4529 Basilica
1375 4464 1634 4531 facultas
1665 4483 1779 4550 po·

186 4552 512 4634 scebatur,
567 4570 666 4617 res
712 4551 902 4618 cessit
963 4550 1264 4618 feliciter.
1328 4556 1546 4638 Longo
1592 4550 1784 4636 siqui-

188 4641 332 4706 dem
370 4639 649 4707 duarum
683 4648 748 4704 et
776 4640 1237 4727 quinquaginta
1270 4638 1555 4705 noctium
1586 4649 1778 4724 atque

192 4726 557 4795 incredibili
620 4728 837 4793 labore
893 4730 1056 4794 clam
1104 4736 1171 4793 et
1232 4728 1485 4794 occulte
1542 4728 1781 4793 insum-

188 4826 327 4902 pto,
362 4814 823 4914 perruptisque
855 4834 1044 4903 rupe,
1080 4830 1345 4902 aggere,
1379 4815 1607 4896 muris,
1642 4834 1783 4880 coe-

189 4914 428 4969 mentis
472 4904 767 4988 saxisque
821 4903 1350 4989 praegrandibus„
1401 4902 1613 4969 locum
1666 4901 1781 4968 de-

188 5008 369 5056 mum
420 4989 841 5078 introspicere
874 4992 1095 5058 datum
1128 4991 1246 5056 fuit
1277 4992 1438 5059 Arae
1468 4990 1779 5056 maximae

192 5087 363 5144 recta
414 5097 676 5166 prorsus
721 5079 1150 5168 suppositum,
1200 5081 1264 5145 in
1309 5099 1438 5165 quo
1482 5082 1641 5145 Arca
1693 5079 1780 5144 la⁴

194 5165 379 5255 pidea
452 5166 728 5250 iacebat,
806 5185 995 5253 quam
1062 5167 1257 5234 ferrei
1331 5167 1555 5233 clathri
1624 5167 1776 5232 vali·

195 5257 288 5321 dis
334 5254 535 5341 virgis
586 5252 987 5340 inferiusque
1046 5274 1114 5321 ac
1161 5255 1454 5342 superius
1510 5251 1778 5321 mirifice

198 5344 406 5409 densis
466 5341 1088 5426 circumcludebant,
1137 5344 1290 5427 quin
1348 5362 1549 5408 sacras
1608 5342 1775 5408 Reli-

1849 423 2026 512 quias
2086 423 2327 489 ibidem
2386 423 2740 491 adservatas
2800 421 3079 491 invisere
3131 423 3427 514 prohibe·

1850 521 2016 579 rent.
2070 510 2266 577 Aditu
2312 511 2585 599 proinde
2627 510 2692 577 in
2738 531 2957 578 cavum
2993 531 3144 580 eum
3189 513 3425 599 sinum,

1852 599 1942 666 uti
1993 609 2245 665 cautum
2315 603 2557 681 fuerat,
2607 599 2775 665 illico
2825 600 3172 686 obstructo,
3230 620 3429 687 reque

1851 688 1927 754 ad
1990 689 2115 752 Nos
2171 687 2382 752 statim
2442 687 2686 771 delata,
2741 687 3022 774 primum
3068 688 3428 756 Venerabili

1851 775 2052 841 Fratri
2100 775 2432 842 Francisco
2463 774 2773 863 Episcopo
2803 774 3128 842 Assisiensi
3176 777 3432 843 manda-

1856 874 1993 928 tum
2042 861 2186 947 fuit,
2235 872 2310 928 ut
2355 881 2426 927 ea
2473 861 2823 947 dumtaxat,
2870 883 3031 949 quae
3085 873 3430 949 usquetum'

1856 962 1989 1016 acta
2032 949 2560 1035 proferebantur,
2609 947 2729 1016 rite
2789 949 2924 1038 ipse
2990 961 3430 1039 cognosceret,

1853 1035 2007 1122 quin
2039 1049 2252 1103 tamen
2296 1037 2381 1104 de
2418 1037 2611 1103 sacris
2655 1036 2962 1123 Reliquiis
2991 1039 3431 1123 quaoetionem

1856 1124 2247 1191 institueret.
2297 1125 2392 1192 Ad
2441 1144 2578 1191 eam
2625 1125 2865 1213 quippe
2895 1145 3014 1212 pro
3043 1145 3285 1193 summa
3315 1145 3431 1192 ne-

1855 1212 2018 1297 gocii
2053 1212 2361 1300 gravitate
2393 1231 2523 1279 non
2554 1211 2763 1300 ipsum
2794 1213 3002 1279 solum
3036 1216 3432 1282 Franciscum

1856 1299 2268 1387 Episcopum,
2316 1301 2430 1366 sed
2476 1311 2543 1367 et
2587 1298 2742 1367 alios
2783 1310 3116 1387 praeterea
3161 1305 3436 1369 Venera-

1857 1389 2018 1454 biles
2064 1392 2310 1456 Fratres
2365 1389 2783 1472 Nucerinum,
2831 1388 3271 1475 spoletanum,
3320 1395 3435 1457 Pe·

1858 1475 2152 1542 rusinum
2198 1486 2264 1541 et
2309 1476 2825 1561 Fulginatensem
2870 1477 3242 1566 Episcopos,
3275 1477 3436 1544 datis

1857 1563 1923 1628 in
1968 1563 2169 1629 forma
2214 1563 2430 1630 Brevis
2476 1562 2854 1651 Apostolicis
2898 1564 3124 1631 Literis
3168 1564 3274 1631 die
3305 1568 3437 1633 vm

1858 1650 2124 1717 Ianuarii
2170 1670 2333 1718 anno
2379 1651 2721 1753 superiori,
2772 1652 3159 1739 adlegandos
3192 1653 3439 1719 censui-

1856 1757 2023 1821 mus,
2059 1748 2132 1804 ut
2165 1737 2417 1804 insimul
2468 1759 2534 1805 in
2573 1748 2996 1807 memoratum
3045 1739 3257 1807 locum
3290 1761 3438 1808 con-

1858 1827 2181 1908 venirent,
2232 1846 2432 1911 reque
2479 1828 2772 1893 universa
2803 1828 3267 1896 accuratissime
3298 1848 3442 1896 con·

1860 1923 2110 2001 specta,
2160 1914 2324 1980 Viris
2384 1915 2616 1981 artium
2674 1915 2898 2002 peritis
2956 1915 3189 1983 auditis
3252 1928 3316 1983 et
3377 1917 3440 1983 in

1863 2020 2135 2071 examen
2183 2003 2438 2087 vocatis,
2477 2004 2850 2088 cunctisque
2881 2004 3316 2072 monumentis
3345 2004 3442 2072 di-

1864 2091 2145 2176 ligenter
2189 2089 2559 2174 conquisitis
2604 2109 2676 2156 ac
2722 2091 3079 2179 perpensis,
3131 2112 3204 2158 ea
3235 2092 3444 2159 omnia

1865 2179 1931 2247 in
1975 2188 2106 2244 acta
2154 2177 2462 2243 solemnia
2507 2177 2825 2245 referrent
2870 2198 2942 2245 ac
2973 2179 3311 2247 iuridicum
3342 2200 3445 2246 su-

1866 2285 1988 2354 per
2061 2264 2391 2333 identitate
2469 2266 2637 2332 Sacri
2706 2266 3003 2353 Corporis
3123 2287 3443 2335 recessum

1865 2361 2277 2442 peragerent,
2327 2353 2735 2438 obsignarent
2781 2363 2846 2419 et
2891 2354 2955 2420 in
2999 2357 3086 2421 Ur
3135 2374 3238 2422 em
3300 2357 3444 2422 mit-

1869 2450 2104 2525 terent,
2152 2439 2472 2527 Nobisque
2517 2442 2593 2507 ad
2644 2441 2977 2523 veritatem
3022 2443 3448 2530 significarent

1866 2530 2021 2616 quid
2070 2530 2153 2595 de
2199 2547 2270 2595 re
2316 2528 2448 2615 ipsa
2491 2528 2803 2596 sentirent
2848 2529 2913 2596 in
2957 2531 3248 2599 Domino.

1999 2616 2210 2683 Nitide
2269 2616 2509 2700 iidem,
2566 2627 2758 2703 atque
2824 2637 2894 2684 ea
2947 2638 3069 2705 qua
3131 2629 3449 2708 praestant

1867 2705 2266 2782 dexteritate
2301 2715 2366 2770 et
2410 2705 2778 2792 prudentia,
2830 2707 3122 2794 imposito
3168 2706 3285 2774 sibi
3317 2725 3451 2775 mu·

1867 2813 2027 2861 nere
2060 2793 2377 2880 perfuncti
2410 2803 2581 2859 sunt.
2617 2795 2820 2871 Quare
2851 2795 3145 2862 omnibus
3166 2795 3245 2862 ad
3267 2815 3450 2882 prae-

1867 2881 2114 2947 finitam
2158 2898 2241 2947 ex
2271 2884 2608 2948 Sacrorum
2639 2882 2900 2949 Rituum
2931 2883 3453 2984 congregationis

1834 2967 2174 3043 ,institutis
2219 2976 2508 3035 normam
2557 2968 2905 3057 diligenter
2948 2969 3276 3057 absolutis,
3327 2990 3453 3039 non

1870 3057 2203 3123 abnuimus
2259 3066 2394 3122 acta
2439 3057 2594 3124 baec
2654 3059 2785 3146 ipsa
2844 3057 2917 3123 iis
2962 3077 3235 3145 quorum
3290 3061 3452 3127 inte-

1871 3155 2043 3212 rerat
2088 3144 2409 3231 patefieri,
2457 3155 2529 3211 ut
2574 3144 2899 3232 quaelibet
2946 3164 3028 3211 ex
3087 3147 3455 3214 Minoriticis

1868 3232 2142 3300 Familiis
2186 3251 2305 3319 per
2347 3253 2498 3299 suos
2523 3234 2864 3300 Generales
2902 3234 3347 3301 Procuratores
3379 3235 3452 3300 li-

1870 3322 2022 3388 bere
2057 3322 2170 3387 hac
2207 3323 2268 3386 in
2300 3341 2478 3387 causa
2525 3340 2702 3388 suam
2747 3322 2996 3388 diceret
3024 3323 3449 3400 sententiam3

1872 3420 1944 3476 ut
1990 3408 2227 3474 exinde
2288 3407 2782 3494 locupletissima
2835 3409 3454 3478 animadversionum

1872 3499 2536 3591 documentorumque
2580 3499 2884 3583 congerie
2931 3499 2995 3564 in
3050 3499 3454 3587 disceptatio-

1871 3604 2019 3653 nem
2066 3584 2413 3672 proposita,
2451 3584 2838 3653 luculentius
2866 3585 3102 3652 veritas
3132 3590 3458 3673 tutiusque

1872 3674 2385 3758 dignosceretur.

2004 3764 2167 3826 Haec
2213 3780 2408 3847 porro
2461 3762 2669 3828 omnia
2732 3760 3132 3830 discutienda
3188 3777 3252 3831 et
3311 3783 3458 3852 per-

1875 3848 2218 3937 pendenda
2287 3848 2808 3918 demandavimus
2869 3853 3044 3918 iuxta
3103 3851 3457 3920 Tridentini

1875 3936 2145 4007 Consilii
2193 3940 2456 4005 Decreta
2503 3939 2809 4005 Sessionis
2854 3940 3024 4007 XXV
3069 3943 3156 4005 De
3200 3944 3456 4008 invoca-

1879 4031 2073 4105 tione,
2123 4029 2533 4093 veneratione
2575 4039 2636 4093 st
2683 4027 2987 4111 reliquiis
3040 4028 3453 4109 Sanctorum,

1876 4112 2154 4179 selectae
2175 4113 2427 4180 cuidam
2449 4116 2972 4202 congregationi,
3005 4135 3198 4201 quam
3217 4116 3282 4183 in
3309 4134 3457 4183 eum

1876 4200 2073 4268 finem
2104 4200 2574 4287 designavimus
2607 4221 2690 4268 ex
2721 4203 3205 4271 venerabilibus
3234 4205 3460 4270 Fratri·

1876 4289 1994 4354 δικ
2027 4287 2265 4354 Nostris
2298 4293 2364 4357 S.
2391 4293 2467 4356 R.
2503 4293 2581 4358 E.
2616 4290 3048 4359 Cardinalibus
3081 4292 3164 4358 de
3195 4293 3460 4359 Somalia

1874 4375 2044 4443 Sacri
2079 4375 2352 4463 Collegii
2397 4381 2647 4443 Decano
2696 4378 3119 4467 eiusdemque
3167 4384 3231 4448 S.
3269 4387 3346 4448 R.
3381 4386 3459 4448 Ε.
3573 4400 3576 4407 ·

1878 4463 2449 4530 vice-Cancellario
2483 4473 2548 4530 et
2572 4468 3094 4553 congregationis
3127 4471 3461 4535 Sacrorum

1879 4552 2139 4618 Rituum
2185 4553 2509 4619 Praefecto
2539 4602 2556 4636 ,
2619 4554 2779 4618 Naro
2835 4557 3056 4621 Sacrae
3103 4559 3460 4645 congrega·

1882 4639 2069 4705 tionis
2114 4638 2665 4727 indulgentiarum
2714 4651 2778 4706 et
2822 4642 3255 4728 Reliquiarum
3289 4649 3465 4710 Prae·

1879 4728 2074 4809 fecto,
2108 4726 2497 4804 Quara'ntetti
2533 4738 2597 4793 et
2628 4729 2901 4795 Antonio
2948 4732 3023 4797 ab
3054 4731 3279 4811 Auria3
3314 4752 3464 4801 nec·

1881 4832 2007 4881 non
2029 4833 2114 4879 ex
2137 4814 2389 4881 dilectis
2424 4815 2593 4881 Filiis
2624 4816 2929 4900 Magistris
2960 4818 3290 4886 Francisco
3321 4824 3466 4888 Ser·

1880 4900 2015 4988 lupi
2062 4906 2378 4969 Romanae
2427 4905 2623 4969 Rotae
2689 4907 2974 4989 Decano,
3024 4908 3294 4995 losepho
3339 4910 3463 4974 An·

1879 4989 2054 5057 tenio
2086 4990 2223 5055 Sala
2250 5000 2639 5056 memoratae
2662 4991 2922 5058 Rituum
2944 4995 3467 5082 congregationis

1882 5078 2238 5145 Secretario
2298 5078 2703 5163 Coadiutore,
2754 5079 3121 5147 Alexandro
3175 5084 3465 5151 Buttaoni

1881 5166 2054 5232 Fidei
2102 5169 2473 5233 Promotore
2521 5177 2586 5231 et
2630 5168 2871 5235 Aleisio
2908 5169 3254 5237 Gardellini
3303 5173 3467 5238 eius·

1885 5254 2036 5320 dem
2080 5254 2344 5320 Rituum
2392 5256 2914 5341 congregationis
2960 5259 3336 5344 Assessore3
3398 5278 3468 5326 ac

1891 5342 2153 5408 demum
2185 5342 2502 5408 extribus
2549 5346 2769 5410 Sacrae
2817 5343 3198 5433 Theologiae
3245 5351 3467 5414 Docto·
