4042 5950
1579 193 1999 272 ...71-

168 359 340 417 nente
375 348 624 436 triginta
657 349 850 416 dubia
883 350 945 416 in
975 370 1160 417 causa
1191 348 1515 417 Bituntina
1539 369 1724 436 prae·
1823 351 1901 418 ad
1952 351 2335 418 relationem
2405 354 2742 422 memorati
2811 356 3027 425 Emin-
3075 359 3420 446 Ponentis,

172 449 470 504 tensarum
519 436 1164 523 praeeminentiarum
1216 448 1515 504 vertente
1562 437 1730 505 inter

169 525 490 612 dignitates
539 524 705 592 illius
752 525 1145 593 Gathedralis
1194 545 1276 590 ex
1324 545 1469 608 una,
1506 537 1571 592 et
1618 529 1728 592 Ca-

171 612 407 680 nonicos
444 612 728 679 eiusdem
765 633 842 679 ex
879 614 1073 680 altera
1109 612 1419 700 partibus,
1452 631 1729 699 quorum

171 700 370 785 viginti
407 720 442 765 a
473 705 542 768 S.
578 705 648 768 R.
682 704 755 767 C.
789 702 868 768 ad
904 699 1280 768 relationem
1316 701 1511 789 ipsius
1545 705 1724 768 Dom.

172 787 482 871 Ponentis,
546 788 609 855 in
670 789 918 858 duobus
976 788 1398 855 Positionibus
1441 789 1732 874 sequutis

171 877 272 942 sub
311 876 413 941 die
461 881 504 942 6
551 876 785 964 Aprilis
842 890 906 943 et
953 881 1033 944 31
1082 874 1357 961 Augusti
1415 879 1578 944 1737
1628 896 1728 943 re·

169 965 350 1030 soluta
410 963 718 1041 fuerunt;
778 964 966 1032 modo
1015 984 1098 1030 ex
1146 974 1324 1051 parte
1377 964 1732 1031 Canonico-

169 1070 292 1118 rum
335 1052 650 1140 praefatae
696 1051 1087 1120 cathedralis
1135 1052 1422 1118 institum
1463 1053 1583 1119 fuit
1614 1072 1729 1140 pro

170 1138 540 1294 fffimme
607 1139 1005 1226 reliquorum
1081 1138 1426 1208 dubiorum
1453 1190 1470 1224 ‚
1538 1150 1732 1225 prout

172 1250 186 1292 l
276 1249 344 1293 a:

279 1320 382 1382 21.
433 1319 528 1381 An
588 1315 797 1401 aliqua
842 1336 924 1383 ex
968 1316 1155 1384 dictis
1199 1314 1619 1402 Dignitatibus
1666 1314 1730 1381 in

171 1408 331 1470 Sacro
374 1403 879 1472 subdiaconatus
923 1404 1159 1472 Ordine
1204 1420 1332 1469 non
1363 1403 1746 1485 constituta‚'

172 1493 223 1556 in
261 1491 767 1559 Processionibus
799 1491 1063 1579 aliisque
1101 1490 1610 1559 solemnitatibus
1639 1511 1731 1565 sa,-

172 1598 284 1645 cras
321 1589 533 1646 vestes
585 1579 845 1646 deferre
885 1591 1076 1666 atque
1107 1578 1434 1648 Canonicis
1467 1578 1731 1665 Presby-

174 1666 298 1732 teris
339 1667 736 1753 praecedere
781 1667 1031 1754 possit?

279 1759 384 1820 22.
453 1757 556 1821 An
634 1756 986 1822 eanonicus
1053 1755 1342 1822 nondum
1403 1753 1468 1821 in
1529 1755 1732 1823 Sacris

174 1843 552 1926 constitutus,
588 1844 687 1911 vel
735 1863 864 1910 non
894 1843 1130 1910 habens
1161 1853 1435 1910 aetatem
1481 1862 1598 1930 pro
1625 1845 1730 1910 Sa-

175 1930 275 1996 cris
311 1929 677 2014 ordinibus,
719 1933 915 2019 possit
961 1930 1198 1999 habere
1246 1951 1472 1998 vocem
1520 1931 1584 1995 in
1621 1927 1731 1996 Ca-

210 2017 386 2097 ‘tulo;
436 2029 505 2083 et
553 2019 710 2104 quid
756 2018 806 2085 si
854 2019 1048 2086 fuerit
1093 2019 1493 2104 dispensatus
1538 2037 1734 2106 super

214 2107 406 2173 effectu
450 2106 684 2173 aetatis
711 2106 745 2175 ⁴?

283 2198 386 2260 23.
432 2197 534 2260 An
585 2194 856 2280 Capituli
891 2193 1260 2262 convocatio
1307 2194 1625 2282 pertineat
1654 2193 1731 2261 ad

177 2281 710 2367 Archidiaconum,
738 2302 947 2368 eoque
979 2282 1349 2368 deficiente,
1371 2282 1448 2349 ad
1484 2281 1733 2370 dignio-

177 2387 292 2436 rem
335 2370 396 2436 in
437 2369 723 2456 Ordine;
793 2369 929 2437 sive
990 2369 1205 2456 potius
1249 2370 1327 2436 ad
1389 2371 1733 2438 canonicos

178 2458 455 2543 Syndicos
497 2477 625 2525 seu
669 2457 1023 2541 ordinatos,
1076 2457 1268 2525 etiam
1311 2459 1447 2525 sine
1482 2456 1734 2526 licentia

180 2544 598 2615 Archidiaconi
666 2565 782 2613 seu
844 2546 1126 2614 alterius*
1154 2546 1263 2632 qui
1326 2547 1621 2634 sequitur
1667 2545 1731 2611 in

177 2632 430 2702 Ordine?
475 2644 547 2703 et
593 2643 910 2722 quatenus
957 2633 1330 2701 affirmative
1377 2634 1590 2721 quoad
1634 2651 1734 2699 se·

183 2721 421 2790 eandam
467 2735 751 2811 partem,

287 2814 388 2877 21.
435 2817 536 2879 An
583 2822 734 2877 ante
777 2811 1142 2878 affixionem
1187 2810 1537 2877 schedulae
1586 2829 1734 2876 con·

180 2900 500 2966 vocatoriae
535 2898 738 2965 iidem
762 2899 1058 2966 Canonici
1090 2898 1349 2987 Syndici
1394 2909 1735 2965 teneantur

47 3002 48 3069 ξ
179 2986 484 3073 designare
555 2987 1021 3055 Archidiacono
1086 2991 1187 3056 vel
1250 2987 1433 3055 alteri
1481 2988 1590 3073 qui
1637 3007 1736 3053 se·

179 3073 370 3158 quitur
414 3076 478 3142 in
525 3074 791 3161 Ordine,
839 3074 1134 3146 materias
1165 3076 1456 3164 capitulo
1503 3094 1736 3165 propo-

47 3176 48 3245 }
181 3162 432 3231 nendas‘?
478 3176 544 3231 et
639 3173 910 3232 uatenus
954 3163 1350 3246 affirmative,

47 3268 48 3309 t
290 3255 394 3318 25.
444 3257 568 3335 An,
633 3263 769 3319 acta
813 3253 1223 3319 materiarum
1270 3251 1735 3340 designatione,

47 3342 48 3353 ¹
182 3336 340 3404 liceat
382 3337 688 3429 praefatis
711 3340 1062 3408 =Ganonicis
1094 3339 1409 3428 Syndicis,
1442 3338 1643 3425 petita
1676 3348 1740 3404 et

181 3444 289 3491 non
309 3426 566 3495 obtenta
594 3427 874 3513 licentia,
901 3432 983 3497 Ga
1033 3428 1268 3496 itulum
1303 3429 1588 3496 indicere
1623 3445 1741 3514 per

181 3512 515 3582 affixionem
561 3515 771 3584 dictae
817 3516 969 3582 sche
1025 3513 1227 3583 ulae?

291 3607 396 3669 26.
445 3609 545 3671 An
591 3602 965 3690 Dignitates,
1015 3624 1180 3691 quae
1238 3605 1302 3672 in
1347 3604 1561 3673 Officio
1609 3621 1738 3670 ma-

47 3704 48 3779 ,
182 3689 307 3757 ioris
347 3690 799 3760 Hebdomadae
864 3692 1148 3759 intonant
1193 3693 1593 3795 antiphonas,
1645 3699 1740 3756 te-

179 3791 422 3847 neantur
469 3779 668 3847 etiam
714 3798 946 3847 canere
992 3778 1569 3848 Lamentationes?

284 3872 391 3935 27.
439 3872 538 3937 An
586 3868 910 3952 canonici,
939 3868 1050 3955 qui
1095 3870 1285 3936 sacris
1335 3870 1619 3935 vestibus
1645 3866 1739 3932 in·

177 3955 292 4023 duti
335 3958 634 4025 assistunt
683 3956 1000 4045 Episcopo
1033 3957 1359 4024 exercenti
1407 3954 1738 4023 Pontifica-

178 4042 265 4127 lia,
307 4046 542 4112 sedere
605 4045 881 4113 debeant
940 4064 1136 4131 super
1190 4045 1482 4113 scabellis
1529 4063 1740 4131 panno

179 4134 469 4219 coopertis
500 4132 535 4202 ἲ

287 4224 393 4287 28.
441 4224 543 4288 An
590 4221 893 4288 resolutio
942 4225 1023 4289 Ca
1072 4221 1315 4288 itularis
1363 4224 1481 4290 sub
1512 4219 1621 4288 die
1655 4222 1737 4286 30

179 4306 301 4373 unii
343 4313 510 4379 1733
560 4308 1035 4376 substineatur‘

292 4398 398 4465 20.
447 4400 547 4465 An
604 4396 901 4464 laceratio
960 4397 1312 4465 schedulae
1367 4406 1740 4464 convocato·

183 4482 292 4549 riae
335 4485 610 4575 Capituli
658 4484 952 4551 eiusdem
1002 4484 1131 4552 diei
1189 4485 1383 4551 fuerit
1441 4493 1742 4552 attentata

183 4584 238 4635 et
275 4571 618 4641 iniuriosa?
661 4584 728 4639 et
771 4583 1085 4659 quatenus
1131 4572 1535 4653 affirmative,
1585 4590 1745 4656 quo-

182 4660 350 4728 modo
391 4670 696 4729 attentata
741 4662 867 4729 sint
914 4658 1294 4751 purganda?

294 4751 397 4816 30.
448 4753 549 4817 An
593 4750 829 4818 electio
875 4748 1182 4817 Advocati
1230 4748 1371 4815 laici
1419 4749 1579 4816 facta
1628 4769 1747 4837 per

183 4835 526 4921 Capitulum
572 4837 678 4905 die
728 4842 809 4905 30
856 4839 1124 4924 Augusti
1180 4840 1348 4904 1734
1392 4838 1742 4904 substinea-

187 4932 295 5006 tur,
341 4926 424 4991 ita
465 4937 538 4992 ut
585 4925 860 4992 remotio
908 4930 980 4992 D.
1034 4924 1327 4993 canonici
1377 4925 1544 4991 Satio
1606 4925 1743 4991 fue·

187 5008 252 5073 rit
293 5024 615 5166 ³3⁸⁹m³⁸3¹⁹
669 5024 734 5081 et
781 5012 1106 5099 quomodo
1168 5012 1495 5101 purganda
1553 5013 1635 5078 sit
1681 5012 1745 5078 iu

188 5118 316 5164 casu

299 5192 375 5254 Et
420 5194 486 5258 S.
522 5191 744 5258 eadem
788 5195 863 5258 R.
899 5195 969 5259 C.
1013 5187 1263 5277 scriptis
1295 5202 1359 5256 et
1395 5209 1551 5257 voce
1598 5193 1745 5255 Pro·

186 5290 455 5345 curatore
505 5278 977 5368 praedictorum
1009 5279 1470 5347 canonicorum
1502 5278 1744 5362 audite,

1829 439 2322 507 rescribendum
2372 442 2661 508 censuit:

1961 528 2060 593 Ad
2107 532 2217 594 21.
2270 551 2308 594 ‹
2345 529 2739 598 Affirmative
2775 556 2837 599 ».

1960 614 2058 681 Ad
2106 620 2217 685 22.
2268 639 2306 682 ‹
2341 619 2688 705 Negative,
2739 620 2816 686 ad
2894 632 3234 710 utramque
3286 644 3426 710 par-

1835 713 2067 904 ιῗωᾼᾚ
2120 796 2228 859 23.
2301 815 2339 858 ‹
2374 796 2688 861 Servetur
2752 795 3048 882 Synodus
3127 797 3472 887 Episcopi·

1834 879 2091 1034 haudd·
2112 971 2220 1034 24.
2272 991 2310 1033 α
2343 969 2763 1054 Affirmative,
2780 972 2989 1038 solum
3011 971 3076 1039 in
3094 990 3340 1058 genere
3358 949 3424 1040 ιν.

1962 1055 2060 1120 Ad
2109 1061 2221 1123 25.
2270 1079 2308 1121 α
2340 1057 2733 1125 Affirmative
2765 1080 2832 1125 ιν.

1962 1143 2060 1210 Ad
2108 1150 2220 1211 26.
2270 1167 2308 1210 ‹
2343 1148 2653 1212 Servetur
2685 1147 3166 1214 caeremoniale
3202 1153 3428 1216 Roma-

1836 1250 1990 1298 num
2026 1253 2087 1299 ».

1964 1320 2062 1386 Ad
2110 1325 2217 1388 27.
2269 1343 2307 1386 ‹
2342 1320 2649 1409 Negative
2691 1345 2753 1386 ».

1965 1408 2061 1473 Ad
2112 1412 2223 1475 28.
2274 1431 2312 1473 ‹
2345 1408 2680 1494 Negative,
2718 1409 2781 1475 in
2827 1430 2972 1476 casu
3006 1411 3088 1477 de
3137 1432 3264 1498 quo
3294 1413 3426 1498 agi-

1837 1505 1941 1562 tm·
1974 1517 2037 1563 tv.
2418 1527 2425 1534 ·

1960 1585 2057 1652 Ad
2106 1588 2214 1652 29.
2268 1607 2306 1649 ‹
2342 1583 2758 1668 Affirmative,
2794 1604 2913 1672 pro
2948 1587 3151 1673 prima
3203 1598 3422 1677 parte;

1837 1682 1901 1738 et
1949 1692 2066 1759 pro
2113 1674 2421 1754 secunda,
2471 1672 2779 1759 Negative
2812 1697 2874 1739 ».

1966 1761 2064 1828 Ad
2110 1764 2218 1829 30.
2271 1783 2309 1826 ‹
2341 1761 2650 1846 Negative
2700 1761 2761 1827 in
2809 1782 2956 1829 casu
3005 1771 3132 1829 etc.
3172 1785 3234 1829 ».

1963 1851 2043 1913 Et
2090 1849 2173 1914 ita
2220 1849 2567 1916 declaravit
2632 1868 2703 1915 ac
2759 1849 2998 1916 servari
3070 1851 3420 1918 mandavit.

1832 1935 1943 2002 Die
1996 1939 2076 2003 19
2124 1936 2265 2003 iulii
2319 1938 2513 2002 1738.

1841 2130 2099 2200 2338.
2288 2133 2594 2198 cunnus
2643 2132 2996 2222 mNORtJu
3197 2131 3424 2218 (4078)

1991 2256 2594 2322 ossssnvAN‘riuu
2637 2253 3272 2322 nEronuA‘ronuu

2368 2378 2432 2443 S.
2464 2380 2893 2447 rmcisci.

1963 2549 2106 2616 Emi
2155 2549 2429 2618 Domini:
2465 2554 2572 2618 Fr.
2602 2551 2863 2618 Michael
2896 2550 3181 2634 Angelus
3213 2539 3431 2635 affGalss

1835 2638 2042 2726 lipoli‚
2069 2642 2445 2705 Procurator
2476 2638 2803 2705 Generalis
2824 2638 3074 2707 Ordinis
3107 2636 3420 2704 uiuorum

1838 2730 1904 2795 S.
1958 2725 2268 2793 Francisci
2314 2726 2865 2809 Reformatorum,
2915 2730 3044 2792 EE.
3096 2728 3231 2793 VV.
3279 2744 3428 2813 sup·

1840 2814 2095 2904 pliciter
2128 2813 2392 2901 exponit
2420 2825 2734 2899 quatenus
2765 2824 3065 2880 recenter
3093 2834 3127 2879 a
3151 2815 3217 2880 S.
3245 2817 3325 2882 lt.
3351 2816 3426 2881 C.

1840 2921 2137 2973 concessa
2161 2911 2308 2967 sunt
2329 2901 2638 2988 quaedam
2659 2904 3034 2969 Sanctorum
3052 2901 3288 2986 Officia,
3311 2899 3427 2966 alia

1839 2991 2025 3058 Urbis
2057 3000 2121 3055 et
2151 2988 2354 3073 Orbis,
2388 2989 2508 3056 alia
2538 3011 2655 3078 pro
2687 2988 3002 3074 aliquibus
3024 2990 3292 3075 Regnis,
3326 2988 3430 3056 Di·

1842 3077 2115 3147 tionibus
2164 3075 2569 3163 Statibusque
2616 3076 3045 3164 peculiaribus
3102 3075 3425 3143 recitanda

1840 3178 1978 3235 tum
2038 3187 2070 3231 a
2131 3163 2538 3232 secularibus
2585 3175 2720 3231 tum
2765 3189 2799 3234 a
2842 3162 3264 3250 Regularibus
3317 3163 3427 3249 qui

1839 3255 1917 3322 ad
1964 3257 2159 3320 Horas
2207 3252 2546 3320 Canonicas
2600 3261 2929 3334 tenentur,
2974 3268 3248 3337 quorum
3282 3269 3430 3317 con-

1845 3342 2164 3409 cessiones
2196 3339 2649 3427 exprimuntur
2681 3339 2778 3407 his
2806 3337 3059 3408 verbis:
3113 3360 3151 3403 α
3178 3335 3429 3404 recitari

1842 3449 2054 3520 posse,
2103 3427 2242 3496 fieri
2299 3445 2488 3529 posse
2524 3443 2606 3507 »;
2671 3438 2736 3493 et
2797 3447 2945 3496 cum
3008 3445 3091 3492 ex
3137 3424 3428 3495 Rubricis

1843 3516 1989 3585 novi
2032 3515 2338 3582 Breviarn
2386 3514 2774 3583 Franciscani
2806 3512 3169 3604 approbatis
3194 3533 3229 3578 a
3258 3531 3427 3579 s.m.

1843 3603 2213 3671 Innocentio
2268 3606 2384 3669 PP.
2434 3606 2542 3670 xit
2592 3623 2708 3691 per
2762 3606 3010 3673 Bullam
3066 3620 3229 3688 quae
3277 3598 3430 3667 inci-

1845 3693 1975 3782 pit:
2025 3693 2282 3778 Experti
2342 3691 2517 3756 nobis
2583 3702 2702 3758 etc.
2753 3700 3104 3774 statuatur,
3155 3697 3227 3756 ut
3273 3706 3430 3774 quo-

1842 3782 2243 3865 tiescumque
2303 3777 2374 3845 fit
2441 3779 2597 3845 haec
2670 3799 2751 3846 ex
2803 3780 3039 3847 ressioz
3106 3800 3144 3843 α
3178 3774 3437 3843 recitari

1847 3887 2075 3958 posse,
2139 3865 2278 3935 lieri
2324 3885 2550 3952 posse:
2590 3889 2628 3932 >
2689 3868 2751 3933 ni
2804 3868 2847 3935 il
2892 3866 3065 3934 aliud
3113 3863 3433 3949 intelliga-

1849 3969 1954 4024 tur
1999 3957 2118 4023 nisi
2160 3955 2377 4024 Officia
2421 3954 2497 4020 ad
2549 3955 2845 4033 libitum;
2906 3953 3051 4022 hinc
3098 3951 3435 4020 humiliter

1848 4044 2011 4133 petit
2057 4046 2132 4111 ab
2189 4047 2317 4111 EE.
2369 4045 2501 4109 VV.
2554 4052 2625 4109 ut
2669 4042 3019 4130 dignentur
3064 4040 3432 4108 declarare:

1844 4138 1941 4200 An
1987 4133 2313 4219 praedicta
2356 4130 2571 4198 Officia
2618 4150 2765 4197 cum
2794 4132 2907 4199 tali
2936 4128 3350 4215 expressione
3381 4127 3436 4193 si

1845 4230 2183 4301 occurrant
2230 4220 2293 4285 in
2341 4217 2447 4283 die
2512 4219 2821 4305 impedita
2868 4218 2946 4285 ab
3003 4216 3140 4283 aliis
3198 4214 3435 4282 Officiis

1848 4308 1932 4375 de
1977 4315 2323 4397 praecepto
2348 4306 2648 4372 Breviarii
2671 4305 3005 4394 praedicti,
3034 4322 3161 4370 non
3186 4305 3434 4371 obstan·

1851 4395 2016 4463 tibus
2060 4391 2343 4461 Decretis
2391 4395 2460 4459 S.
2508 4398 2584 4461 R.
2636 4396 2709 4462 C.
2743 4395 2829 4460 de
2872 4412 3002 4461 non
3054 4390 3435 4457 transferen-

1846 4483 1943 4551 dis
1988 4482 2222 4551 Ol'ficiis
2270 4484 2646 4548 Sanctorum
2693 4482 2770 4547 ad
2821 4481 3115 4561 libitum,
3166 4498 3200 4542 a
3245 4476 3432 4544 nobis

1850 4570 2095 4658 possint
2140 4568 2468 4637 transferri
2518 4570 2593 4635 ad
2663 4569 2848 4636 aliam
2897 4568 3097 4651 diem,
3145 4564 3250 4631 vel
3324 4564 3436 4631 de-

1846 4660 2036 4726 beant
2089 4657 2357 4726 omitti?
3084 4654 3097 4671 ⁸

1936 4751 2005 4815 S.
2039 4752 2114 4815 R.
2150 4750 2220 4813 C.
2273 4746 2349 4812 ad
2399 4765 2628 4833 preces
2674 4750 2740 4813 P.
2786 4750 2887 4812 Fr.
2941 4741 3261 4811 Michaelis
3308 4742 3438 4809 An·

1846 4834 1976 4922 geli
2025 4857 2057 4900 a
2103 4834 2429 4921 Gallipoli,
2478 4832 2907 4901 Procuratoris
2956 4829 3277 4919 generalis
3320 4831 3439 4896 Or-

1847 4924 2014 4993 dinis
2059 4922 2375 4987 Minorum
2408 4920 2893 4988 Observantium
2923 4919 3435 4985 Reformatorum

1851 5016 1915 5081 S.
1969 5008 2304 5093 Francisci,
2352 5009 2567 5077 audito
2617 5008 2793 5097 prius
2838 5018 2990 5074 voto
3048 5005 3437 5093 Apostolica·

1850 5118 1993 5167 rum
2061 5096 2622 5165 caeremoniarum
2678 5094 2997 5186 Magistri,
3046 5092 3436 5165 declaravit:

1852 5213 1890 5256 α
1923 5186 2249 5254 Praedicta
2291 5185 2505 5255 Officia
2570 5195 2889 5275 acceptata
2960 5203 3086 5252 non
3154 5181 3440 5284 reputari

1852 5275 2094 5347 debere
2146 5286 2462 5363 tamquam
2507 5295 2687 5345 mera
2729 5272 2943 5343 Officia
3000 5274 3077 5342 ad
3141 5272 3436 5354 libitum,
