4042 5950
2014 280 2487 362 -354-

612 450 875 525 2955.
1258 449 1542 518 SENEN.
1967 440 2196 530 (5108)

742 636 903 698 Dum
941 629 1004 695 in
1031 624 1372 696 ordinariis
1419 627 1758 692 Sacrorum
1790 622 2049 689 Rituum
2081 626 2200 690 Co-

610 718 805 785 mitiis
839 713 1366 817 expendebantur
1398 730 1624 799 preces
1649 710 2005 779 Sacerdotis
2031 709 2200 776 Aloi-

612 805 687 872 sii
732 805 949 873 Ballati
995 801 1221 870 Decani
1281 819 1350 867 ac
1411 798 1650 886 primae
1707 797 2036 885 Dignitatis
2087 800 2198 865 Ca-

612 893 797 981 pituli
866 889 1385 976 Metropolitanae
1456 887 1751 953 Senensis
1824 885 2144 952 Ecclesiae
2177 933 2195 969 ,

608 982 791 1067 queis
837 976 1213 1065 exquirebat
1258 994 1414 1043 num
1460 975 1596 1061 ipse
1642 975 1750 1061 qui
1801 993 1877 1040 ex
1927 976 2196 1060 Aposto-

609 1070 747 1136 licis
790 1064 1043 1133 Litteris
1091 1063 1428 1131 erectionis
1464 1067 1811 1129 Decauatus
1843 1080 1898 1126 s.
1927 1080 2017 1127 m.
2055 1060 2197 1129 Iulii

608 1161 806 1243 Papae
850 1158 936 1238 ll,
1001 1151 1162 1220 datis
1220 1151 1510 1219 Calendis
1564 1148 1938 1217 Novembris
1987 1152 2194 1232 1510,

607 1243 1001 1332 peculiarem
1035 1250 1287 1306 vestem
1333 1249 1563 1324 gestat,
1599 1236 1898 1303 nimirum
1929 1255 2193 1324 cappam

605 1351 723 1398 seu
754 1329 1077 1416 caputium
1108 1346 1291 1394 more
1317 1327 1771 1408 Praelatorum,
1820 1325 1994 1391 solus
2039 1325 2194 1392 dum

606 1415 1113 1497 Processionibus
1146 1415 1412 1481 interest
1446 1413 1749 1480 incedere
1778 1412 2009 1480 debeat
2055 1422 2199 1500 post

609 1505 974 1592 Capitulum
1017 1523 1086 1569 ac
1134 1502 1281 1568 alias
1312 1501 1692 1587 Dignitates;
1743 1500 1980 1587 placuit
2026 1499 2197 1567 Emi·

607 1591 991 1661 nentissimis
1036 1601 1103 1656 et
1149 1588 1715 1657 Reverendissimis
1760 1588 2043 1655 Patribus
2091 1589 2197 1654 Sa-

610 1680 732 1749 cris
767 1678 1019 1747 tuendis
1049 1676 1295 1744 Ritibus
1342 1675 1716 1764 praepositis
1759 1676 1848 1743 nil
1884 1676 1946 1742 in
1976 1694 2050 1742 re
2082 1675 2195 1741 de-

608 1767 791 1834 finire
853 1766 1006 1854 quin
1054 1764 1230 1852 prius
1276 1763 1729 1849 exquireretur
1773 1762 2197 1831 Revereudis·

606 1854 745 1921 simi
793 1857 1031 1922 Senen.
1066 1851 1543 1940 Archiepiscopi
1590 1851 1867 1920 dilucida
1898 1850 2195 1917 informa-

611 1941 697 2009 tio
729 1961 875 2009 cum
901 1951 1074 2024 voto,
1103 1939 1479 2026 praesertim
1509 1959 1707 2027 super
1728 1938 2195 2007 consuetudine

607 2029 1133 2117 praecedentium
1177 2028 1594 2115 Dignitatum.
1657 2031 1931 2096 Mentem
1982 2027 2195 2111 itaque

607 2121 833 2185 Sacrae
876 2115 1421 2203 Congregationis,
1456 2135 1577 2202 qua
1616 2126 1892 2203 praestat
1924 2115 2196 2201 diligen-

610 2205 689 2273 tia
735 2224 806 2272 ac
850 2204 1193 2291 religione,
1234 2222 1559 2289 exequens
1591 2207 1827 2271 Senen.
1865 2202 2193 2303 Archiepi-

605 2312 834 2379 scopus
882 2292 1207 2380 pastoralis
1250 2291 1348 2357 sui
1380 2293 1664 2358 muneris
1694 2311 1832 2358 esse
1880 2291 2067 2358 duxit
2099 2309 2192 2356 in·

605 2398 818 2468 genue
851 2379 1190 2447 enunciare
1237 2391 1661 2446 memoratum
1697 2383 2010 2446 Decanum
2043 2397 2192 2444 suae

604 2467 1123 2556 Metropolitanae
1167 2467 1245 2533 ad
1293 2465 1472 2533 dubii
1518 2478 1761 2534 tantum
1804 2468 2192 2535 solutionem

605 2573 833 2643 preces
862 2574 1004 2621 suas
1034 2554 1476 2642 proposuisse;
1503 2574 1572 2620 ac
1604 2555 1908 2643 deinceps
1940 2558 2190 2623 Sacram

605 2641 1174 2730 congregationem
1221 2640 1558 2708 certiorem
1603 2643 1880 2710 reddere
1925 2662 2191 2709 consue-

608 2731 898 2812 tudinem
942 2746 1204 2817 semper
1245 2728 1331 2797 ibi
1363 2728 1640 2816 viguisse
1678 2740 1748 2796 ut
1777 2734 2059 2797 Decanus
2090 2749 2192 2797 se·

607 2816 828 2904 quenti
861 2816 1086 2883 ordine
1117 2817 1365 2883 incedat
1403 2818 1466 2882 in
1497 2817 2007 2903 quibuscumque
2039 2838 2191 2905 sup·

604 2902 1071 2993 plicationibus.
1105 2902 1169 2971 Si
1202 2903 1381 2970 binae
1412 2904 1759 2993 Dignitates
1790 2908 1978 2994 (quae
2010 2925 2191 2995 prae-

606 3005 705 3060 ter
749 2998 1071 3060 Decanum
1116 3010 1387 3059 numero
1434 2996 1716 3080 quinque
1761 2994 1827 3061 in
1873 2999 2074 3061 Metro
2123 3014 2189 3059 o-

604 3081 793 3149 litana
825 3079 955 3168 ipsa
989 3080 1294 3166 existunt)
1320 3082 1425 3148 vel
1455 3080 1586 3149 duo
1619 3101 1699 3148 ex
1730 3015 2190 3171 antiquior-figas

606 3168 957 3253 Canonicis,
993 3171 1072 3238 ob
1100 3168 1488 3254 Dignitatum
1520 3169 1892 3255 absentiam,
1939 3181 2188 3257 postre-

604 3259 690 3325 mi
737 3268 909 3339 sunt,
960 3255 1213 3324 medius
1257 3256 1426 3324 inter
1477 3278 1585 3325 eos
1644 3259 1936 3345 procedit
1995 3264 2186 3326 Deca-

602 3366 757 3432 nus,
804 3345 856 3412 si
890 3366 1009 3413 una
1039 3344 1317 3429 Dignitas
1362 3346 1468 3412 vel
1516 3366 1681 3413 unus
1724 3347 2048 3432 antiquior
2076 3351 2186 3416 Ca-

602 3434 866 3502 nonicus
895 3436 1194 3521 supersit,
1233 3433 1333 3499 hic
1362 3433 1701 3516 sinistram,
1725 3439 2007 3502 Decanus
2032 3454 2186 3501 vero

602 3523 933 3590 dexteram
981 3531 1187 3587 tenet.
1218 3521 1325 3588 His
1356 3521 1686 3606 expositis,
1735 3533 1952 3590 votum
1997 3523 2184 3590 etiam

599 3626 787 3675 suum
834 3608 1110 3696 prodere
1165 3627 1364 3694 quum
1414 3608 1548 3695 ipse
1594 3610 2187 3677 Reverendissimus

598 3694 1129 3783 Archiepiscopus
1159 3695 1552 3782 adigeretur,
1588 3696 1793 3763 minus
1826 3689 2184 3785 cong'ruum

600 3803 668 3849 ac
702 3782 940 3849 decens
973 3800 1308 3849 evasurum
1350 3784 1668 3869 opinatur,
1712 3785 1885 3870 quod
1914 3789 2090 3853 solus
2121 3787 2185 3854 in

599 3870 1105 3938 processionibus
1158 3874 1441 3938 Decanus
1498 3871 1751 3939 incedat
1804 3883 2020 3939 contra
2068 3874 2185 3940 im-

600 3957 1083 4025 memorabilem
1143 3957 1711 4042 consuetudinem,
1783 3979 1944 4046 quae
2015 3963 2181 4030 haud

598 4064 936 4134 perperam
963 4045 1325 4114 introducta
1372 4045 1619 4112 censeri
1648 4046 1870 4114 debet.
1919 4053 2184 4136 Insuper

596 4134 897 4202 adnotare
930 4152 1161 4223 operae
1195 4132 1473 4223 pretium
1504 4134 1707 4220 ducit,
1739 4137 1912 4222 quod
1941 4137 2181 4223 aliquo-

596 4222 717 4287 ties
766 4220 1295 4323 Archiepiscopus
1354 4222 1860 4290 Processionibus
1913 4224 2183 4292 interest

595 4320 738 4396 post
796 4312 1136 4377 Canonicos
1191 4309 1392 4378 Sacris
1438 4311 1821 4378 Paramentis
1881 4311 2135 4381 indutos
2160 4363 2178 4399 ,

593 4398 701 4464 vel
731 4397 783 4463 si
815 4397 1141 4464 breviores
1171 4396 1335 4465 intra
1364 4398 1713 4466 Ecclesiam
1744 4401 2180 4469 processiones

594 4484 772 4569 fiant,
821 4495 962 4573 post
1008 4485 1176 4573 ipsos
1223 4487 1520 4555 chorales
1562 4495 1769 4552 vestes
1813 4499 2175 4575 gestantes,

595 4594 665 4640 ac
723 4572 790 4639 in
846 4573 1132 4659 utrisque
1186 4575 1358 4641 solus
1416 4592 1675 4661 semper
1718 4575 1980 4643 incedit.
2051 4579 2176 4642 lam

592 4678 745 4727 vero
792 4661 842 4728 si
884 4658 950 4726 in
985 4661 1347 4729 huiusmodi
1379 4662 1886 4729 Processionibus
1930 4675 2180 4750 postre-

588 4766 728 4815 mae
764 4748 968 4816 lineae
1001 4748 1192 4815 trium
1217 4749 1602 4838 Dignitatum
1634 4751 1807 4817 solus
1840 4763 1906 4817 et
1936 4752 2174 4838 absque

589 4836 824 4904 comite
852 4840 1139 4904 Decanus
1168 4838 1491 4922 succedat,
1525 4847 1592 4903 et
1626 4849 1769 4924 post
1802 4840 1970 4907 bunc
2000 4843 2174 4908 solus

587 4923 1161 5013 Arcbiepiscopus,
1224 4923 1461 5011 absque
1521 4925 1715 4993 dubio
1774 4927 2172 4995 admirationi

588 5028 716 5079 non
761 5013 1033 5100 exiguae
1088 5013 1264 5080 locus
1308 5024 1595 5100 pateret3
1645 5033 1856 5102 neque
1899 5015 2171 5104 amplius

590 5098 935 5166 haberetur
977 5101 1475 5185 praeeminentia
1523 5101 1652 5185 illa,
1702 5122 1862 5188 quae
1910 5123 1986 5170 ex
2029 5105 2169 5170 iure

586 5185 912 5275 Episcopis
962 5189 1295 5256 tribuenda
1342 5199 1460 5256 est.
1511 5192 1662 5256 Tam
1706 5190 2053 5258 dilucidam
2098 5209 2168 5254 ac

586 5277 868 5342 numeris
921 5276 1216 5342 omnibus
1261 5278 1607 5343 absolutam
1655 5295 1871 5343 rerum
1920 5276 2167 5365 exposi-

588 5364 849 5452 tionem,
884 5380 1031 5427 cum
1063 5361 1407 5428 enunciatis
1432 5364 1661 5428 Decani
1692 5365 2015 5448 precibus,
2045 5364 2159 5429 ite·

2304 451 2437 507 rato
2483 437 2766 507 fideliter
2817 436 3144 503 referente
3206 433 3270 501 in
3335 454 3503 501 novo
3559 431 3890 502 Ordinatio

2303 532 2504 595 Coetu
2537 529 2875 594 Sacrorum
2903 523 3164 591 Rituum
3193 523 3270 590 ad
3293 520 3646 604 Quirinales
3677 520 3890 586 Aedes

2296 615 2660 703 subsignata
2707 613 2812 680 die
2867 611 3216 680 coadunato
3242 660 3260 696 ,
3323 607 3682 680 secretario
3742 607 3892 674 snb-

2300 703 2422 769 scri
2473 711 2585 782 to;

2426 722 2926 858 1Eminentissimi
2985 800 3049 855 et
3093 786 3632 856 ReverendissImi
3677 791 3892 853 Patres

2299 880 2501 947 Sacris
2529 879 2775 948 Ritibus
2804 877 3144 966 praepositi
3178 877 3245 943 in
3267 888 3419 943 voto
3449 876 3668 942 fuere:
3703 896 3746 938 α
3775 875 3892 939 Ne—

2296 968 2534 1053 gative,
2561 977 2800 1033 attenta
2825 965 3199 1055 praesertim
3221 962 3687 1032 consuetudine
3714 962 3890 1050 ipxta

2296 1055 2812 1122 informationem
2877 1065 2942 1121 et
3005 1061 3226 1120 votum
3292 1051 3776 1138 Arcbiepiscopi
3826 1071 3886 1116 ι.
3999 1122 4000 1127 η

2299 1145 2507 1229 Atque
2553 1143 2633 1207 ita
2681 1141 3068 1227 rescripsere
3103 1161 3178 1206 ac
3209 1140 3596 1208 servandum
3629 1136 3890 1204 manda·

2299 1242 2543 1385 mullis
2595 1322 2669 1385 11
2720 1319 3115 1405 Septembris
3163 1320 3354 1385 1847.

2302 1459 2566 1532 2956.
2910 1460 3303 1526 vsaoNEN.
3655 1456 3891 1543 (ειη)
3999 1488 4000 1491 ¹

2426 1584 2737 1654 Sacerdos
2784 1586 3044 1649 loannes
3089 1583 3363 1669 Baptista
3406 1580 3682 1668 Biadego
3733 1584 3894 1647 Can-

2296 1674 2592 1741 cellarius
2641 1669 2963 1738 Ecclesiae
3007 1669 3418 1752 Veronensis,
3465 1668 3896 1736 Reverendis-

2295 1761 2440 1828 simi
2474 1762 2669 1826 etiam
2698 1758 2796 1826 sui
2828 1759 3210 1827 Veronensis
3255 1757 3549 1846 Episcopi
3597 1756 3892 1840 nomine,

2296 1853 2522 1917 Sacrae
2568 1847 2829 1915 Rituum
2874 1845 3360 1934 congregationi
3406 1845 3743 1931 sequentia
3780 1845 3899 1911 du·

2296 1936 2399 2004 bia
2456 1935 2833 2003 elucidanda
2892 1935 3259 2022 proposuit,
3313 1944 3388 2000 ut
3444 1951 3526 2000 ex
3584 1950 3896 2019 germana

2297 2024 2676 2091 eorumdem
2735 2023 3056 2089 solutione
3116 2042 3329 2089 sacrae
3394 2021 3761 2088 functiones
3829 2040 3895 2086 ac

2296 2112 2733 2179 caeremoniae
2761 2109 3164 2177 uniformiter
3192 2109 3366 2176 iuxta
3398 2108 3699 2177 Rubricas
3745 2128 3899 2196 pro-

2295 2202 2548 2269 cedant.
2599 2198 2798 2267 Dubia
2840 2210 3055 2264 autem
3102 2197 3259 2264 haec
3301 2208 3489 2264 sunt:

2434 2293 2493 2354 1.
2541 2289 2746 2366 Quum
2806 2288 2869 2352 in
2914 2286 3133 2352 multis
3180 2285 3512 2352 Breviariis
3559 2296 3624 2351 et
3665 2283 3902 2352 Ritus-

2299 2376 2461 2444 libus
2529 2374 2594 2441 in
2661 2374 2915 2441 Litaniis
2975 2375 3359 2440 Sanctorum
3434 2372 3904 2440 desiderentur

2293 2482 2522 2554 preces
2594 2482 2709 2551 pro
2769 2463 3043 2530 arcendo
3103 2461 3362 2548 flagello
3419 2473 3901 2527 terraemotus:

2296 2562 2404 2619 aut
2452 2562 2676 2638 peste,
2731 2549 2894 2616 fame
2926 2562 2993 2615 et
3038 2549 3251 2635 bello;
3303 2549 3668 2636 quaeritur:
3729 2551 3904 2615 Num

2296 2651 2360 2708 et
2407 2640 2587 2795 istae?
2609 2638 2856 2706 recitari
2902 2637 3205 2722 debeant,
3257 2649 3326 2705 et
3353 2657 3482 2724 quo
3528 2636 3667 2702 loco
3725 2636 3900 2704 inse·

2295 2728 2535 2795 rendae

2424 2819 2488 2883 2.
2537 2818 2742 2896 Quum
2777 2815 2842 2882 in
2872 2817 3057 2882 Sacra
3085 2814 3497 2883 ordinatione
3533 2812 3902 2901 Episcopus

2292 2904 2577 2994 imponat
2622 2903 2984 2971 ordinando
3031 2904 3108 2970 ad
3146 2903 3683 2971 subdiaconatum
3720 2904 3901 2969 Ami·

2293 3004 2469 3062 ctum
2516 2992 2583 3058 in
2628 2992 2879 3078 capite;
2927 2992 3295 3078 quaeritur:
3343 2995 3574 3059 Utrum
3609 2990 3784 3058 illud
3837 2993 3900 3057 in

2292 3081 2498 3168 capite
2562 3080 2766 3147 teneri
2831 3079 3061 3148 debeat
3111 3100 3318 3167 usque
3368 3079 3447 3146 ad
3494 3079 3692 3146 finem
3746 3083 3900 3148 Ora·

2294 3168 2687 3323 tionis13?an
2752 3186 2952 3256 super
3016 3170 3304 3257 scapulas
3370 3167 3702 3237 dimittere
3736 3216 3756 3252 ,
3834 3179 3900 3233 et

2338 3277 2460 3325 uan
2509 3276 2546 3322 o

2292 3278 2334 3345 q
2422 3348 2488 3412 3.
2537 3343 2873 3422 Quaeritur
2916 3364 2994 3411 an
3039 3365 3269 3433 preces
3317 3362 3464 3413 cum
3514 3341 3720 3412 tribus
3750 3348 3899 3413 Ora-

2289 3433 2565 3501 tionibus
2611 3432 3038 3520 praescriptae
3082 3454 3112 3497 a
3147 3434 3376 3501 Rituali
3409 3435 3698 3500 Romano
3747 3445 3898 3534 post

2290 3519 2763 3587 Processionem
2798 3539 2912 3609 pro
2944 3520 3290 3608 gratiarum
3322 3521 3594 3604 actione,
3633 3521 3896 3587 recitari

2291 3609 2482 3675 etiam
2542 3609 2820 3676 debeant
2879 3608 3132 3694 quando
3193 3619 3480 3676 cantatur
3548 3612 3629 3676 Te
3681 3612 3895 3677 Deum

2287 3697 2423 3763 sine
2471 3697 2880 3763 processione
2928 3714 3045 3783 pro
3093 3695 3406 3765 beneficio
3451 3697 3749 3781 obtento,
3781 3698 3892 3763 vel

2289 3786 2698 3851 conclusione
2751 3784 3258 3869 Exercitiorum,
3324 3794 3492 3872 etc.;
3556 3794 3665 3851 aut
3713 3785 3891 3853 suffi-

2287 3873 2409 3940 ciat
2441 3873 2622 3939 unica
2644 3872 2853 3940 Oratio
2889 3873 3078 3953 Deus,
3130 3877 3321 3940 cuius
3367 3874 3886 3954 misericordias,

2289 3960 2532 4027 omissis
2579 3959 2877 4047 precibus
2930 3971 2996 4025 et
3042 3960 3285 4028 duabus
3327 3959 3773 4028 Orationibus?

2419 4051 2485 4114 4.
2534 4051 2760 4115 Utrum
2796 4048 2859 4115 in
2892 4048 3190 4136 vesperis
3221 4049 3489 4115 Paschae
3520 4049 3668 4115 Anti
3723 4050 3884 4117 bona

2286 4139 2453 4202 Haec
2498 4137 2631 4203 dies
2678 4137 2910 4203 cantari
2960 4137 3194 4204 debeat
3223 4136 3300 4202 ab
3329 4136 3659 4203 Hebdoma
3713 4138 3881 4205 ario:

2283 4242 2363 4289 an
2410 4224 2487 4290 ab
2533 4243 2611 4290 eo
2658 4235 2903 4291 tantum
2951 4225 3247 4308 intonari,
3313 4224 3523 4290 Choro
3571 4226 3679 4291 vel
3729 4229 3883 4293 Can·

2284 4311 2530 4378 toribus
2576 4310 3137 4399 prosequentibus,
3186 4311 3494 4379 stantibus
3541 4312 3695 4379 hinc
3736 4314 3884 4380 inde

2283 4399 2735 4467 Assistentibus
2780 4411 2848 4467 et
2891 4401 3299 4469 ceroferariis
3346 4419 3492 4467 cnm
3540 4402 3777 4485 cereis,
3812 4409 3882 4467 ut
3999 4447 4000 4488 3

2284 4487 2359 4553 ad
2409 4486 2820 4573 Capitulum?

2414 4579 2477 4641 ὅ.
2529 4577 2698 4642 Νιιιιι
2741 4576 3109 4662 Celebrans,
3145 4577 3254 4644 ubi
3286 4597 3413 4645 non
3446 4589 3540 4645 est
3573 4577 3881 4667 obligatio
3999 4569 4000 4612 ³

2282 4661 2501 4746 Chori,
2538 4665 2601 4729 in
2635 4666 2933 4752 Vesperis
2965 4666 3231 4733 Festivis
3263 4668 3367 4734 vel
3400 4665 3644 4733 Votivis
3677 4668 3881 4755 possit

2280 4751 2518 4817 Stolam
2566 4751 2876 4837 induere,
2927 4771 3126 4840 quum
3171 4756 3253 4820 sit
3300 4754 3503 4821 veluti
3551 4756 3877 4855 praeemi-

2278 4838 2531 4905 nentiae
2577 4837 2832 4927 signum
2881 4841 2945 4908 in
2976 4843 3210 4927 Choro,
3244 4843 3522 4909 maxime
3553 4861 3619 4908 ιιι
3649 4842 3876 4908 Eccle-

2275 4925 2384 4994 siis
2431 4925 2791 4995 ruralibus?

2410 5018 2473 5081 6.
2528 5019 2753 5083 Utrum
2799 5016 2861 5083 in
2888 5019 3170 5086 secunda
3201 5031 3266 5085 et
3297 5017 3484 5086 tertia
3515 5018 3697 5085 Missa
3728 5037 3873 5085 can·

2277 5113 2396 5171 tata
2462 5103 2525 5170 in
2571 5105 2679 5171 die
2725 5105 3075 5173 Nativitatis
3128 5105 3378 5174 Domini
3434 5105 3872 5175 subdiaconus

2274 5191 2508 5258 debeat
2549 5192 2870 5259 sustinere
2900 5198 3217 5279 Patenam,
3266 5213 3468 5281 quum
3514 5194 3646 5282 ipsa
3737 5195 3872 5260 rius

2273 5280 2673 5367 superposita
2721 5279 2918 5346 fuerit
2965 5280 3154 5349 Calici
3199 5282 3485 5349 nondum
3531 5282 3677 5369 puri
3730 5293 3868 5348 cato

2274 5376 2341 5432 et
2403 5377 2725 5432 reservato
2790 5368 2853 5433 in
2911 5370 3340 5438 Tabernaculo
3403 5381 3544 5458 post
3596 5370 3865 5459 primam
