4042 5950
1606 302 2021 380 ...45-

214 458 402 545 giatae
447 462 514 526 S.
565 458 1025 525 Bartholomaei
1071 459 1226 527 dicti
1269 459 1527 547 Oppidi,
1574 478 1657 524 ex
1745 494 1771 509 -

215 547 440 628 nendo,
490 548 659 632 quod
692 546 861 613 idem
897 546 1288 633 Magistratus
1326 559 1618 632 tempore
1701 544 1777 612 d·

214 643 430 705 ventus
491 645 559 701 et
615 634 1174 720 Quadragesimae,
1237 634 1565 700 occasione
1625 653 1776 700 con-

213 722 482 804 cionum,
515 722 829 789 decenter
870 722 1103 789 sedens
1150 723 1215 788 in
1247 721 1516 788 scamnis
1547 722 1612 788 in
1642 739 1776 787 me-

214 810 308 875 dio
351 809 669 895 praefatae
717 808 1065 893 Ecclesiae,
1098 820 1244 876 ante
1274 808 1619 876 canonicos
1666 809 1774 895 qui

215 897 272 961 in
313 894 627 964 subselliis
669 897 857 963 chori
890 909 1036 983 post
1066 897 1277 963 Altare
1323 896 1522 962 maius
1577 896 1775 962 inter-

213 991 377 1050 erant
403 1031 423 1065 ,
483 984 923 1050 salutationem
985 985 1426 1052 concionatore
1485 984 1774 1072 recipere

213 1072 555 1152 consuevit,
600 1073 718 1141 sed
763 1074 1197 1160 postmodum,
1252 1073 1473 1157 vigore
1519 1072 1773 1138 Decreti

212 1158 269 1223 in
297 1158 575 1224 concilio
605 1160 979 1225 Provinciali
1023 1179 1186 1226 anno
1229 1163 1395 1226 1726
1427 1158 1771 1242 celebrato,

213 1246 579 1313 constructis
639 1268 670 1313 a
732 1248 905 1314 dicto
949 1247 1242 1336 capitulo
1285 1246 1552 1314 scamnis
1599 1257 1665 1312 et
1710 1247 1775 1312 in

210 1333 410 1398 medio
443 1334 769 1401 Ecclesiae
816 1336 1142 1422 appositis,
1192 1334 1616 1422 Praepositae,
1663 1337 1774 1402 ca·

211 1421 403 1487 nonici
451 1422 785 1507 ceterique
830 1423 1217 1509 capitulares
1256 1423 1319 1489 in
1366 1422 1491 1488 illis
1520 1424 1773 1504 sedent,

215 1519 353 1574 tunc
394 1509 687 1575 salutatio
747 1510 853 1576 illa
911 1510 1189 1599 praefato
1250 1513 1328 1577 ca
1379 1510 1577 1592 itulo,
1641 1511 1777 1596 ipso

212 1596 562 1681 Magistratu
594 1608 1138 1682 controvertente,
1188 1598 1337 1663 exhi
1424 1598 1479 1662 ri
1529 1598 1772 1685 caepit:

213 1684 601 1769 deductaque
649 1686 725 1752 ad
774 1689 840 1752 S.
876 1689 949 1752 R.
985 1688 1055 1751 c.
1108 1685 1468 1752 huiusmodi
1522 1697 1773 1751 contro-

212 1772 423 1855 versia,
472 1766 670 1838 Emus
718 1784 783 1839 et
826 1776 1019 1839 Rmus
1064 1778 1248 1840 Dom.
1297 1773 1482 1839 Card.
1532 1775 1595 1838 S.
1633 1774 1774 1838 Cle·

212 1859 429 1925 mentis
487 1858 961 1946 infrascriptum
1022 1859 1286 1927 dubium
1345 1860 1513 1926 inter
1567 1869 1773 1947 partes

214 1948 651 2015 concordatum
697 1949 968 2035 proponi
1015 1948 1369 2015 mandavit:

215 2120 226 2132 ·
325 2038 418 2100 An
462 2046 532 2187 gt
580 2034 680 2102 cui
709 2035 1021 2102 debeatur
1050 2037 1259 2122 primo
1291 2038 1431 2103 loco
1476 2035 1767 2102 salutatio

214 2141 269 2187 m
310 2140 450 2188 casu

329 2214 405 2276 Et
451 2212 518 2277 S.
556 2214 633 2278 R.
669 2213 771 2294 c.,
821 2211 898 2278 ad
947 2211 1320 2279 relationem
1367 2230 1488 2298 per
1527 2230 1631 2278 me
1664 2216 1775 2278 Se-

213 2298 566 2382 cretarium,
603 2298 743 2365 vice
776 2307 841 2363 et
884 2300 1144 2367 nomine
1175 2300 1329 2366 dicti
1367 2301 1504 2365 Emi
1540 2310 1602 2366 et
1634 2299 1771 2367 Rmi

214 2387 276 2450 D.
323 2386 502 2454 Gard.
546 2389 646 2453 ·S.
719 2387 1065 2454 Clementis
1131 2387 1470 2469 ponentis,
1520 2387 1770 2471 factam,

212 2472 401 2539 audita
462 2474 913 2541 informatione
980 2475 1119 2542 ami
1181 2475 1651 2562 ,archiepiscopi
1709 2486 1775 2540 et

214 2569 327 2625 tam
367 2562 622 2649 scriptis
667 2580 857 2649 quam
904 2581 1061 2629 voce
1107 2562 1388 2649 partibus
1431 2563 1772 2645 informan-

216 2648 365 2713 tibus
407 2650 644 2715 auditis
690 2649 965 2734 visisque
1012 2650 1257 2717 iuribus
1306 2650 1629 2718 hincinde
1660 2651 1774 2718 de·

212 2734 443 2820 ductis,
494 2738 981 2806 rescribendum
1026 2740 1319 2805 censuit:
1368 2759 1406 2802 ‹
1440 2738 1773 2805 Salutatio-

212 2840 345 2888 nem
390 2824 600 2911 primo
663 2826 805 2891 loco
860 2827 1084 2893 deberi
1142 2826 1474 2913 Capitulo;
1526 2837 1594 2893 et
1644 2844 1770 2891 am·

216 2909 367 2997 plius
397 2934 462 2979 ι.
514 2916 596 2978 Et
642 2912 728 2978 ita
772 2913 1060 2980 decrevit
1100 2933 1175 2981 ac
1218 2914 1456 2981 servari
1516 2914 1772 2981 manda-

214 2999 314 3063 vit.
363 3000 477 3068 Die
522 3003 611 3068 20
656 3002 926 3089 Augusti
977 3005 1171 3069 1729.

212 3139 450 3209 2289.
790 3144 1178 3210 mauman.
1516 3123 1765 3231 “(3997)

329 3267 485 3332 cum
513 3283 597 3330 ex
628 3274 808 3351 parte
832 3264 1129 3353 Episcopi
1154 3264 1458 3331 Terulen.
1485 3264 1563 3330 ad
1597 3267 1773 3331 evel-

213 3351 421 3418 lendos
467 3354 710 3420 multos
754 3351 983 3418 abusus
1029 3353 1139 3437 qui
1186 3353 1251 3418 in
1306 3352 1770 3439 praeiudicium

214 3440 493 3526 propriae
564 3439 938 3525 DignitatiS,
1002 3439 1327 3507 occasione
1392 3440 1771 3507 solemnium

211 3525 763 3594 ecclesiasticarum
808 3526 1230 3610 functionum,
1266 3541 1328 3594 et
1357 3529 1579 3615 vigore
1625 3548 1772 3612 con-

209 3615 614 3680 suetudinisa
643 3613 934 3700 capitulo
981 3624 1045 3680 et
1090 3617 1417 3684 Canonicis
1462 3616 1633 3682 illius
1663 3619 1773 3682 ca-

212 3700 507 3770 thedralis
552 3714 949 3790 praetensae,
1000 3704 1422 3790 irrepserunt,
1455 3724 1487 3769 a
1512 3706 1577 3770 S.
1601 3708 1766 3771 R.c.

211 3787 558 3943 gunltillime
590 3790 1021 3877 supplicatum
1069 3791 1187 3858 fuit
1216 3790 1546 3878 sequentia
1579 3792 1771 3858 dubia

253 3894 323 3944 ec
350 3898 551 3944 arari:

336 3969 397 4031 1.
446 3967 546 4031 An
593 3965 781 4032 liceat
824 3967 1057 4052 apponi
1105 3977 1322 4053 tapete
1375 3987 1521 4034 cum
1569 3967 1774 4056 pulvi·

213 4051 336 4117 nari
402 4064 557 4119 ante
613 4049 816 4140 pedes
882 4055 1295 4121 Praebendati
1365 4055 1772 4138 celebrantis,

214 4139 393 4204 etiam
436 4144 692 4226 quando
738 4141 1094 4226 descendit,
1127 4145 1441 4210 vertendo
1479 4155 1656 4229 terga
1697 4143 1795 4209 ad·

215 4226 415 4293 Altare
462 4247 582 4313 pro
641 4228 1042 4314 impositione
1110 4229 1399 4297 cinerum
1442 4252 1512 4298 ac
1566 4231 1778 4298 distri-

216 4313 465 4383 butione
521 4316 928 4385 candelarum
980 4326 1049 4383 et
1104 4318 1493 4403 palmarum,
1541 4328 1607 4384 et
1656 4335 1776 4403 pro

217 4419 604 4489 quacumque
648 4405 769 4471 alia
812 4403 1137 4470 functione
1191 4404 1663 4472 ecclesiastica?

335 4494 397 4556 2.
454 4493 554 4558 An
608 4492 833 4573 liceat,
896 4491 1140 4558 etiamsi
1206 4504 1510 4582 sequatur
1569 4513 1771 4577 casus,

216 4580 376 4660 quod
420 4579 818 4665 Magistratus
878 4578 1159 4647 civitatis
1202 4582 1398 4667 vulgo
1445 4583 1777 4666 chidores

217 4673 465 4733 utantur
494 4669 723 4735 eodem
758 4677 971 4754 tapete
1003 4677 1068 4733 et
1100 4668 1415 4755 pulvinari
1447 4670 1511 4735 in
1553 4670 1776 4737 iisdem

219 4751 687 4821 functionibus?

339 4844 403 4906 3.
453 4842 549 4908 An
619 4841 830 4926 liceat,
876 4853 1216 4927 praesente
1263 4845 1601 4933 Episcopo,
1664 4846 1779 4913 eis-

218 4925 357 4992 dem
380 4928 797 5014 Dignitatibus
821 4939 885 4994 et
917 4931 1243 4996 canonicis
1274 4931 1437 4998 intra
1462 4934 1564 4999 vel
1600 4943 1776 5001 extra

216 5016 555 5082 Ecclesiam
600 5015 1049 5085 Cathedralem
1093 5017 1402 5086 adhibere
1463 5021 1528 5087 in
1573 5023 1778 5109 priva-

220 5101 292 5165 tis
313 5102 736 5172 functionibus
768 5106 1209 5173 ecclesiasticis
1233 5108 1433 5176 Sedes
1462 5128 1608 5176 cum
1640 5110 1778 5176 bra-

221 5189 368 5255 chiis
414 5200 479 5257 et
522 5191 874 5274 subselliis3
937 5207 1045 5261 aut
1100 5196 1306 5262 solum
1358 5197 1454 5262 uti
1506 5198 1780 5265 debeant

357 5382 434 5455 (t)
470 5386 526 5442 n
564 5387 704 5444 nub.
740 5388 790 5443 c.

1875 456 2166 524 scabellis
2207 458 2313 523 vel
2359 458 2651 541 scamnis,
2684 459 3224 544 quemadmodum
3252 471 3442 528 utun-

1876 556 2003 623 tur,
2054 547 2367 632 Episcopo
2413 545 2794 613 Pontificalia
2841 545 3233 615 exercente?

2006 637 2070 699 4.
2121 635 2216 698 An
2263 634 2452 699 liceat
2497 633 2741 700 eisdem
2789 634 3208 721 Dignitatibus
3239 646 3304 702 et
3335 638 3447 702 ca-

1873 720 2115 786 nonicis
2159 739 2469 808 occupare
2539 722 2792 788 easdem
2851 722 3055 788 Sedes
3116 741 3262 788 cum
3307 723 3446 789 bra-

1875 807 2054 891 chiis,
2105 809 2365 875 absente
2413 810 2640 896 Episco
2692 830 2752 894 o,
2790 809 2854 875 in
2885 809 3313 876 functionibus
3345 828 3443 875 ec-

1874 896 2233 962 clesiasticis
2300 897 2459 963 intra
2518 902 2642 963 Ecc
2672 897 2863 964 esiam
2894 946 2911 981 ,
2974 916 3100 963 non
3160 896 3448 962 obstante

1871 1002 1999 1051 uon
2045 1003 2165 1049 usu
2197 983 2260 1049 in
2293 984 2678 1050 contrarium
2724 985 2788 1051 in
2834 984 3312 1052 cathedralibus
3343 984 3444 1049 Hi-

1874 1069 2273 1157 spaniarum?

2001 1164 2070 1226 tt.
2137 1162 2231 1225 An
2288 1159 2515 1246 Episco
2565 1179 2604 1225 o
2670 1159 3047 1227 pontificalia
3117 1161 3441 1226 exercenti

1874 1257 2195 1332 competat
2225 1249 2501 1314 retentio
2577 1248 2884 1315 aldachini
2915 1266 3032 1314 seu
3062 1247 3442 1330 umbraculi,

1876 1332 2063 1398 etiam
2109 1335 2370 1419 pretiosi
2421 1347 2487 1401 et
2532 1335 2764 1418 aurati,
2812 1354 3001 1435 supra
3061 1335 3293 1401 Sedem
3339 1352 3446 1421 po-

1872 1420 2058 1487 sitam
2106 1442 2138 1486 a
2186 1423 2386 1488 latere
2428 1423 2662 1488 Altaris
2705 1419 3006 1489 maioris?
3051 1424 3144 1510 (1)
3439 1422 3453 1438 “

2004 1512 2071 1576 S.
2121 1513 2198 1575 R.
2248 1514 2364 1593 c.,
2420 1511 2497 1576 ad
2558 1511 2930 1576 relationem
2993 1511 3131 1576 Emi
3189 1519 3253 1575 et
3307 1512 3443 1576 Rmi

1874 1602 1946 1663 D.
1996 1597 2183 1663 Card.
2234 1600 2498 1684 Bellnga
2567 1598 2903 1681 Ponentis,
2953 1609 3217 1683 utraque
3262 1609 3445 1684 parte

1875 1704 2032 1750 voce
2078 1696 2146 1751 et
2190 1686 2440 1774 scriptis
2495 1686 2878 1752 informante
2923 1685 3132 1751 audita
3156 1733 3175 1769 ,
3222 1685 3445 1752 rescri-

1875 1771 2158 1839 bendum
2203 1774 2486 1841 censuit:

2005 1859 2100 1926 Ad
2154 1866 2216 1928 1.
2264 1882 2302 1923 «
2336 1864 2474 1927 Non
2523 1861 2717 1927 licere
2751 1882 2812 1927 ».
3031 1916 3036 1919 2

2004 1948 2100 2013 Ad
2151 1953 2215 2014 2.
2265 1970 2302 2012 ‹
2334 1953 2451 2014 Pro
2509 1949 2961 2018 reformatione
3013 1948 3225 2031 dubii,
3273 1950 3442 2033 quod

1872 2054 1999 2101 non
2033 2033 2198 2102 bene
2232 2036 2624 2122 concipitur3
2676 2047 2741 2102 et
2764 2036 3110 2123 Episcopus
3138 2036 3443 2121 declaret,

1873 2122 2028 2208 quid
2077 2123 2141 2190 in
2187 2142 2265 2190 eo
2312 2124 2688 2208 exquiratur
2721 2146 2784 2189 ν.

2005 2211 2099 2277 Ad
2153 2216 2220 2278 3.
2267 2234 2305 2277 ‹
2339 2211 2671 2299 Negative,
2719 2211 2795 2277 ad
2844 2212 3116 2297 primam
3160 2223 3444 2299 partem;

1875 2297 2292 2383 Affirmative,
2341 2300 2415 2366 ad
2464 2300 2810 2366 secundam
2841 2320 2907 2364 ».

2002 2387 2098 2453 Ad
2151 2392 2213 2453 4.
2271 2409 2309 2452 ‹
2343 2386 2648 2474 Negative
2682 2409 2748 2453 ιν.

2001 2477 2100 2541 Ad
2147 2481 2212 2541 ὅ.
2263 2496 2301 2539 «
2334 2479 2743 2563 competere,
2792 2472 3320 2565 dummodo·non
3366 2476 3446 2541 sit

1876 2562 2256 2651 pretiosum,
2304 2583 2426 2630 nec
2472 2571 2756 2630 auratum
2782 2586 2851 2630 ι».

2006 2656 2086 2717 Et
2141 2652 2220 2717 ita
2286 2652 2627 2718 declaravit
2688 2662 2754 2717 et
2797 2646 3033 2719 servari
3101 2651 3444 2719 mandavit.

1877 2738 1989 2804 Die
2040 2742 2123 2805 20
2172 2738 2441 2823 Augusti
2494 2741 2682 2829 1729.

1876 2877 2137 2945 2290.
2480 2876 2850 2945 Mamm.
3221 2880 3445 2967 (3999)

2003 2999 2224 3066 Habito
2293 3000 2370 3066 ab
2438 2999 2749 3089 Episcopo
2816 3002 3113 3069 Narnien.
3185 3021 3447 3069 recursu

1875 3100 2090 3156 contra
2157 3087 2584 3173 magistratum
2655 3088 2823 3154 illius
2867 3089 3189 3173 Civitatis,
3245 3107 3450 3177 expo-

1877 3179 2088 3244 nendo
2132 3179 2303 3261 quod
2353 3175 2561 3259 idem,
2611 3177 2897 3260 quamvis
2963 3189 3141 3244 antea
3175 3178 3265 3244 ab
3310 3179 3446 3262 ipso

1876 3265 2188 3352 Episcopo
2247 3264 2491 3352 pluries
2564 3264 2892 3347 hortatus,
2959 3265 3318 3330 admonitus
3379 3284 3447 3329 ac

1876 3353 2202 3419 occasione

1874 3442 1992 3507 sub
2021 3458 2224 3528 poena
2254 3438 2614 3525 pecuniaria
2644 3439 2978 3506 adstrictus
3009 3440 3226 3518 fuerit,
3262 3439 3448 3524 eique

1877 3528 2264 3612 conveniens
2311 3527 2488 3591 locus
2534 3537 2714 3598 extra
2753 3529 3222 3614 Presbyterium
3256 3526 3451 3593 fuerit

1874 3616 2244 3716 assignatus,
2279 3615 2449 3681 dicto
2477 3614 2793 3702 Episcopo
2822 3614 3206 3682 Pontificalia
3240 3615 3302 3680 in
3330 3617 3450 3680 Ec·

1876 3708 2065 3770 clesia
2110 3686 2467 3770 cathedrali
2505 3702 2840 3787 peragenti
2870 3704 3163 3769 assistere
3191 3720 3451 3789 semper

1874 3791 2214 3874 recusavit,
2239 3790 2358 3856 suh
2382 3800 2721 3875 praetextu
2753 3791 2922 3875 qnod
2954 3790 3129 3857 idem
3160 3791 3224 3857 in
3252 3789 3450 3857 stallis

1876 3878 2236 3945 choralibus
2280 3879 2572 3943 assistere
2601 3876 2870 3962 solebat,
2906 3890 3095 3978 prout
3126 3889 3271 3945 ante
3301 3898 3448 3965 pro·

1874 3965 2335 4051 mulgationem
2365 3964 2627 4032 concilii
2660 3969 2922 4032 Romani
2951 3975 3271 4032 servatum
3301 3967 3444 4052 fuit3

1874 4054 2164 4139 factaque
2209 4072 2331 4140 per
2373 4071 2476 4118 me
2521 4052 2949 4120 secretarium
2981 4054 3065 4120 de
3112 4054 3450 4142 praedictis

1877 4145 2069 4209 SSmo
2127 4140 2393 4208 Domino
2452 4143 2678 4206 Nostro
2735 4141 3084 4225 relatione,
3148 4142 3451 4209 Sanctitas

1876 4233 2040 4297 Sua:
2090 4251 2128 4294 ‹
2161 4230 2412 4295 Dictum
2446 4228 2873 4316 magistratum
2902 4247 3023 4315 per
3045 4229 3352 4296 mulctam
3384 4238 3450 4293 et

1874 4337 2170 4385 censuras
2233 4317 2595 4402 cogendum
2655 4336 2799 4384 esse
2828 4339 2865 4381 »
2924 4317 3269 4384 mandavit.
3339 4316 3449 4381 Die

1886 4410 1967 4472 14
2014 4403 2409 4492 Septembris
2462 4408 2651 4473 1729.

1880 4546 2129 4615 2291.
2421 4547 2898 4614 ΑνΕΝιοΝΕΝ.
3222 4545 3447 4633 (3999)

2009 4669 2294 4736 Excitata
2327 4690 2358 4733 a
2392 4669 2768 4735 Rectoribus
2810 4667 3144 4754 Hospitalis
3189 4671 3255 4735 S.
3302 4672 3453 4733 Mar-

1877 4757 2023 4823 thae
2069 4758 2353 4824 civitatis
2399 4756 2794 4821 Avenionen.
2865 4756 3292 4822 controversia
3345 4757 3450 4824 ad·

1878 4863 2099 4911 versus
2145 4845 2504 4932 capitulum
2557 4843 2727 4909 illius
2774 4842 3092 4910 Ecclesiae
3137 4847 3452 4930 Metropo-

1879 4932 2133 5014 litanae,
2167 4933 2271 4997 cui
2322 4948 2630 4998 summam
2681 4941 3070 4997 scutatorum
3129 4932 3449 5016 sexaginta

1877 5038 1993 5107 pro
2050 5018 2337 5104 quolibet
2395 5037 2588 5102 anno,
2636 5017 2859 5104 vigore
2920 5020 3109 5106 legati
3169 5019 3450 5108 praefato

1877 5106 2169 5194 Capitulo
2216 5107 2470 5190 relicti,
2520 5105 2716 5174 iidem
2760 5112 3064 5174 Rectores
3116 5108 3331 5195 paucis
3376 5106 3453 5172 ab

1878 5195 2025 5262 hinc
2072 5195 2247 5264 annis
2276 5196 2652 5284 persolvere
2680 5195 3077 5278 recusabant,
3108 5196 3227 5262 sub
3270 5213 3450 5281 prae·

2271 3351 2522 3417 Decreti
2571 3352 2636 3416 in
2680 3362 2821 3417 actu
2878 3352 3247 3418 visitationis
3305 3352 3446 3417 facti
3553 3417 3559 3422 ,
