4042 5950
1614 254 2085 333 —343—

161 398 407 490 positis
479 404 691 472 dubiis
753 404 1102 492 diligenter
1159 408 1243 477 de
1304 428 1487 476 more
1545 408 1785 477 exami-

159 492 364 576 natis,
423 492 659 561 iisdem
711 496 1231 581 respondendum
1279 497 1575 565 censuit:

304 581 413 648 Ad
478 585 542 648 1.
591 603 629 646 α
664 581 1057 649 Affirmative
1092 605 1155 649 ».

304 670 415 737 Ad
470 674 537 736 2.
590 692 628 735 α
662 671 1018 757 Negative3
1077 673 1189 739 sed
1240 693 1357 761 pro
1416 675 1785 743 Benel'acto-

162 756 351 824 ribus
402 756 479 824 in
526 775 773 844 genere
804 779 866 825 ιν.

301 845 411 912 Ad
472 850 541 913 3.
590 868 628 911 α
662 851 841 914 quta
893 848 1287 936 peculiarem
1343 849 1680 918 Rubricam
1715 876 1777 918 ».

304 934 413 1001 Ad
478 938 543 1001 4.
594 957 635 1002 ι
662 935 973 1022 Negative
1014 958 1075 1004 ».

302 1023 409 1090 Ad
471 1028 542 1090 5.
592 1046 630 1089 α
662 1027 731 1091 In
775 1026 1188 1113 suppedaneo
1223 1049 1285 1094 ι».

300 1113 411 1183 Ad
469 1117 536 1180 6.
591 1134 629 1177 ‹
662 1112 998 1201 Negative,
1047 1116 1125 1182 ad
1174 1128 1522 1203 utrumque
1556 1139 1619 1186 ».

300 1204 536 1287 Atque
585 1207 665 1267 ita
715 1201 1067 1269 rescribere
1115 1207 1296 1271 Sacra
1327 1207 1588 1273 Rituum
1621 1211 1783 1274 Con-

158 1291 481 1380 gregatio
530 1301 660 1363 rata
705 1300 801 1356 est
849 1302 914 1357 et
961 1292 1312 1359 declarare.

299 1378 428 1447 Die
483 1382 566 1445 27
616 1378 941 1447 Februarii
997 1383 1186 1448 1847.

160 1522 441 1590 2929.
826 1524 1148 1590 Annum.
1548 1525 1774 1614 (5064)

297 1647 401 1712 Ne
458 1646 527 1713 in
575 1645 915 1734 explendis
963 1646 1404 1718 ecclesiasticis
1451 1669 1775 1717 caeremo-

158 1735 285 1801 niis
311 1733 697 1820 divinisque
732 1735 1024 1804 laudibus
1056 1739 1501 1825 persolvendis
1534 1738 1772 1824 aliquid

160 1841 528 1910 perperam
575 1832 822 1909 agatur,
873 1827 985 1893 sed
1030 1824 1344 1893 Rubricae
1390 1827 1771 1894 adamussim

159 1922 554 1993 serventur,
605 1912 914 1979 Sacerdos
950 1918 1213 1982 Ioannes
1249 1915 1625 1982 Emmanuel
1660 1920 1775 1984 Be-

163 1999 332 2085 doya
373 1998 741 2065 canonicus
773 2003 1055 2068 Decanus
1083 2003 1475 2071 Cathedralis
1507 2005 1770 2071 Aurien.

162 2086 536 2169 Ecclesiae,
575 2107 646 2154 ac
694 2089 759 2155 in
807 2090 1309 2176 praesentiarum
1356 2092 1550 2157 totius
1593 2091 1776 2158 Dioe-

164 2173 331 2240 cesis
380 2172 676 2242 vicarius
707 2176 1105 2263 CapitulariS,
1142 2180 1309 2246 Sede
1345 2179 1451 2246 illa
1484 2190 1770 2259 vacante,

163 2265 400 2330 Sacrae
477 2264 741 2331 Rituum
802 2266 1328 2353 Congregationis
1388 2268 1774 2335 sententiam

162 2349 517 2417 humiliter
563 2352 836 2440 expetiit
880 2373 1080 2441 super
1123 2355 1536 2441 sequentibus
1568 2355 1776 2424 dubiis

163 2458 283 2525 pro
316 2438 551 2507 debita
584 2441 905 2509 solutione
951 2444 1331 2529 propositis;
1383 2444 1722 2511 nimirum:

303 2531 367 2595 1.
406 2535 515 2595 An
546 2527 610 2594 in
642 2528 856 2596 Officio
888 2550 1007 2618 pro
1059 2533 1152 2598 rio
1199 2535 1462 2600 Sanctae
1508 2532 1775 2620 Agnetis

166 2615 461 2702 Virginis
505 2616 822 2704 Martyris,
874 2638 1002 2703 quo
1084 2621 1275 2686 estin
1305 2620 1624 2688 Breviario
1650 2625 1770 2688 Ro-

166 2723 353 2772 mano
404 2705 532 2773 sub
578 2705 687 2773 die
720 2708 859 2773 XXI
891 2708 1183 2792 Ianuarii,
1234 2708 1297 2774 in
1347 2709 1547 2798 prima
1592 2706 1769 2775 Anti-

172 2793 379 2878 phona
431 2792 511 2860 ad
565 2795 876 2880 Vesperas
916 2805 982 2861 et
1023 2797 1269 2864 Laudes
1311 2798 1495 2864 liceat
1526 2797 1769 2864 addere

170 2880 478 2947 claritatis
525 2881 749 2967 gratia,
788 2891 853 2949 et
885 2895 955 2950 ut
987 2883 1242 2969 plenior
1286 2906 1509 2953 sensus
1541 2885 1768 2953 babea-

174 2980 275 3035 tur
321 2973 400 3037 iu
447 2976 562 3038 sui
610 2973 992 3052 custodiam,
1030 2973 1113 3040 ita
1147 2985 1219 3042 ut
1258 2975 1346 3041 sic
1392 2975 1485 3041 int
1572 2994 1644 3041 re
1677 2974 1767 3039 le-

170 3068 399 3144 gatur:
452 3062 746 3144 inpressa
792 3064 996 3146 Agnes
1044 3064 1484 3150 turpitudinis
1557 3081 1765 3144 ocum,

172 3146 455 3230 Angelus
502 3150 769 3216 Domini
816 3152 889 3215 in
934 3155 1044 3217 sui
1089 3153 1453 3219 custodiam
1498 3171 1770 3237 pracpa-

174 3243 401 3300 ratum
449 3235 757 3304 invenit?

302 3325 371 3389 2.
408 3327 513 3391 An
544 3324 608 3391 in
640 3327 810 3394 omni
847 3326 1063 3395 Officio
1109 3327 1515 3416 semiduplici
1549 3340 1615 3394 et
1647 3328 1766 3395 du-

171 3408 323 3495 plici
371 3411 607 3479 minorl
650 3417 988 3483 Lectiones
1018 3419 1211 3503 primi
1243 3416 1545 3484 Nocturni
1579 3417 1767 3485 desu-

175 3498 450 3566 mendae
480 3501 605 3569 sint
636 3503 720 3571 de
753 3504 1077 3591 Scriptura
1111 3515 1489 3572 occurrente
1522 3504 1587 3571 in
1618 3509 1765 3570 Pro-

175 3584 312 3670 prio
358 3587 447 3656 de
498 3599 792 3677 tempore
824 3594 1180 3661 secundum
1229 3591 1516 3678 regulam
1564 3609 1765 3678 gene-

178 3674 373 3740 ralem
420 3679 748 3765 Breviarii,
799 3681 1044 3748 omissis
1090 3682 1281 3748 etiam
1333 3683 1430 3768 (ut
1466 3680 1614 3767 plus
1645 3700 1765 3768 per

175 3780 408 3829 annum
466 3767 720 3854 legatur
772 3768 856 3836 de
904 3768 1260 3856 Scriptura)
1309 3769 1762 3851 LectionibuS,

175 3867 333 3932 quae
402 3855 731 3923 interdum
791 3857 1190 3945 assignantur
1244 3858 1326 3924 de
1382 3856 1759 3938 Communi,

177 3939 324 4023 quin
356 3942 575 4011 dicant
601 3945 950 4032 specialem
983 3944 1449 4032 congruitatem
1481 3963 1630 4011 cum
1656 3949 1765 4010 Fe-

177 4039 297 4116 sto,
330 4033 437 4099 vel
486 4036 631 4120 quia
681 4047 1019 4102 extensum
1061 4045 1156 4101 est
1187 4033 1476 4103 Officium
1508 4034 1583 4100 ad
1616 4032 1763 4099 alias

180 4119 514 4206 Ecclesiae,
566 4143 646 4189 ex
691 4123 827 4190 aliis
874 4122 981 4190 ubi
1028 4124 1387 4211 gaudebant
1436 4121 1761 4188 elevatiori

179 4205 300 4274 ritu
345 4222 456 4276 aut
503 4211 725 4277 maiori
769 4208 1234 4279 solemnitate?
1270 4211 1360 4299 (1)

307 4301 387 4362 Et
430 4301 617 4367 Sacra
662 4300 919 4367 Rituum
971 4300 1424 4386 Congregatio,
1473 4299 1683 4366 audita
1731 4318 1765 4364 a

180 4383 534 4474 subscripto
582 4390 938 4456 Secretario
987 4389 1165 4456 fideli
1218 4387 1525 4454 relatione
1557 4399 1761 4454 atten-

186 4479 370 4556 teque
416 4476 830 4543 consideratis
873 4476 1218 4565 propositis
1263 4475 1495 4558 dubiis,
1547 4475 1610 4540 in
1653 4476 1762 4541 Or-

183 4555 416 4628 dinario
449 4567 651 4632 Coetu
682 4566 759 4631 ad
789 4565 1111 4646 Quirinale
1161 4564 1469 4631 hodierna
1516 4562 1621 4629 die
1657 4562 1762 4629 ha-

186 4642 331 4732 bito,
381 4653 904 4740 respondendum
954 4653 1247 4721 censuit:
1650 4667 1666 4742 J

307 4740 399 4806 Ad
453 4745 513 4808 1.
565 4763 603 4806 α
637 4741 804 4808 Nihil
854 4741 1357 4825 immutandum,
1415 4739 1519 4807 vel
1584 4740 1762 4806 inno-

184 4826 453 4896 vandum
489 4855 551 4896 ›.

306 4915 401 4986 Ad
447 4924 511 4987 2.
563 4940 601 4983 α
634 4920 946 4987 Standum
994 4915 1420 4986 concessionis
1451 4915 1667 4986 verbis
1695 4941 1757 4982 ».

305 5008 512 5093 Atque
568 5009 654 5074 ita
710 5008 1105 5092 rescribere,
1155 5026 1223 5071 ac
1281 5007 1603 5094 proposita
1647 5005 1763 5073 du·

188 5087 278 5157 bia
330 5095 655 5164 declarare
705 5095 1115 5165 existimavit.

307 5185 417 5252 Die
464 5190 546 5257 27
596 5185 918 5254 Februarii
973 5189 1163 5255 1847.

316 5379 390 5454 (1)
424 5386 485 5442 E.
524 5385 665 5445 Dub.
704 5386 738 5444 ὅ
774 5393 831 5444 et
865 5385 918 5443 t.

1894 413 2157 484 2930.
2377 374 2989 488 BENEVE'NTANA.

3253 422 3478 513 (ὄφεις)

2021 587 2226 663 Abbas
2273 590 2666 658 Venerabilis
2714 593 3036 662 Ecclesiae
3087 595 3476 683 Collegiatae

1889 676 2096 745 Sancti
2144 676 2418 764 Spiritus
2451 678 2514 744 in
2546 679 2814 748 Civitate
2860 686 3330 768 Beneventana,
3364 687 3474 773 qui

1889 765 2159 865 primam
2225 766 2393 833 illius
2440 768 2706 858 Collegii
2762 769 3148 856 Dignitatem
3199 773 3470 860 obtinet,

1886 864 2058 920 mter
2087 852 2240 920 alios
2274 855 2550 922 honores
2581 857 2813 942 quibus
2845 859 3209 945 decoratur,
3234 862 3475 947 gaudet

1888 941 2078 1007 etiam
2127 941 2520 1031 privilegiis,
2570 964 2731 1030 quae
2790 968 2822 1012 a
2882 968 2934 1013 s.
2989 966 3076 1014 m.
3126 949 3475 1017 Benedicto

1884 1034 2044 1115 Papa
2089 1033 2225 1098 Xlll
2270 1051 2390 1118 per
2432 1052 2573 1099 suas
2617 1034 3007 1122 Apostolicas
3064 1035 3358 1121 Litteras,
3408 1036 3472 1105 in

1887 1117 2088 1184 forma
2134 1120 2353 1186 Brevis
2401 1121 2572 1187 datas
2617 1123 2890 1209 septimo
2938 1124 3246 1195 Calendas
3288 1128 3474 1194 Octo-

1886 1206 2014 1272 bris
2077 1227 2238 1273 anno
2307 1211 2500 1291 1721,
2563 1229 2855 1277 concessa
2924 1211 3186 1279 suerunt
3245 1213 3468 1281 Abbati

1885 1314 2000 1395 pro
2052 1307 2345 1394 tempore
2392 1297 2781 1398 Collegiatae
2842 1299 3036 1387 ipsius
3095 1300 3467 1380 Ecclesiae;

1752 1418 1759 1425 ·
1884 1402 1993 1469 qut
2040 1383 2342 1469 proinde,
2379 1395 2503 1451 tam
2551 1396 2713 1451 intra
2760 1387 3085 1473 propriam
3121 1389 3470 1457 Ecclesiam

1882 1490 2072 1557 quam
2123 1472 2186 1537 in
2233 1471 2497 1539 Civitate
2548 1484 2611 1539 et
2657 1474 2942 1542 Dioecesi
2994 1480 3466 1561 Beneventana,

1882 1559 1947 1624 in
1975 1559 2483 1627 processionibus
2531 1561 2796 1648 aliisque
2843 1563 3280 1632 ecclesiasticis
3327 1564 3469 1631 l'un-

1881 1645 2197 1713 ctionibus
2231 1658 2295 1714 et
2329 1648 2559 1715 divinis
2590 1648 2817 1717 Officiis
2864 1651 3070 1718 utitur
3117 1652 3326 1738 mitra,
3362 1653 3467 1719 ba-

1881 1734 2028 1802 culo
2097 1736 2392 1821 pastorali
2457 1737 2724 1822 aliisque
2793 1738 3263 1825 pontificalibus
3319 1739 3467 1806 insi·

1882 1821 2134 1911 guibus.
2186 1825 2354 1902 Quae
2400 1825 2651 1912 singula
2682 1827 2837 1893 dum
2869 1827 3147 1894 advertit
3177 1832 3371 1896 Emus
3403 1837 3469 1894 et

1879 1915 2075 1978 Rsnus
2147 1915 2332 1979 Dom.
2406 1913 2751 1981 cardinalis
2820 1914 3187 1983 Dominicus
3256 1915 3470 1984 Caral'a

1878 1999 2154 2067 Traietto
2212 1999 2745 2090 Archiepiscopus
2808 2007 3330 2088 Beneventanus,
3390 2003 3464 2069 il-

1882 2087 2001 2154 lico
2071 2087 2506 2175 deprehendit
2576 2089 2729 2156 haec
2795 2090 3045 2178 singula
3112 2102 3465 2159 memorato

1874 2176 2100 2243 Abbati
2134 2187 2504 2260 competere
2536 2179 2759 2263 vigore
2793 2179 3166 2246 earumdem
3197 2178 3466 2247 Littera-

1880 2284 2046 2348 rum,
2096 2283 2164 2329 ac
2215 2263 2388 2330 licite
2452 2278 2516 2331 et
2580 2265 2783 2335 libere
2843 2267 3049 2352 ipsum
3097 2267 3466 2335 exercuisse

1879 2364 1945 2418 et
1989 2363 2273 2440 gestasse
2320 2373 2484 2438 quae
2531 2356 2607 2423 ab
2652 2354 3011 2443 Apostolica
3068 2356 3180 2423 hac
3236 2359 3464 2425 Sancta

1877 2441 2047 2509 Sede
2093 2442 2317 2509 donata
2365 2441 2596 2521 fuerej
2663 2462 2886 2509 verum
2946 2463 3146 2529 quum
3209 2442 3463 2515 dubitet

1877 2529 2152 2597 decursu
2203 2531 2507 2617 temporis
2569 2530 2928 2600 huiusmodi
2993 2532 3459 2615 concessiones,

1874 2619 1977 2683 vel
2028 2629 2351 2685 revocatas
2411 2620 2513 2686 vel
2569 2621 2792 2686 saltem
2849 2630 3191 2688 coarctatas
3237 2619 3460 2703 fuisse,

1876 2707 2023 2774 hinc
2073 2706 2399 2805 pastoralis
2442 2709 2538 2774 sui
2590 2706 2876 2774 muneris
2937 2727 3073 2775 esse
3135 2706 3321 2775 duxit
3363 2726 3462 2774 se-

1873 2803 2136 2881 quentia
2212 2794 2405 2861 dubia
2479 2815 2842 2883 proponere
2911 2799 3134 2864 Sacrae
3200 2796 3459 2864 Rituum
3509 2827 3514 2831 ·

1873 2882 2400 2969 Congregationi,
2466 2894 2535 2950 ut
2592 2884 2845 2971 singula
2915 2886 3087 2951 iuxta
3154 2883 3464 2973 praefatas

1873 2971 2127 3057 regulas
2175 2970 2574 3058 procedant:

2011 3063 2067 3124 1.
2120 3061 2217 3125 An
2262 3062 2470 3127 Abbas
2502 3073 2888 3129 memoratae
2921 3061 3312 3150 Collegiatae
3343 3065 3462 3127 Ec·

1872 3146 2127 3231 clesiae,
2178 3148 2463 3234 gaudens
2509 3168 2626 3215 usu
2674 3150 2926 3233 mitrae,
2986 3148 3190 3217 baculi
3253 3159 3461 3235 pasto-

1870 3238 2015 3303 ralis
2084 3235 2487 3323 aliorumque
2554 3235 3013 3304 pontificalium
3082 3237 3201 3304 insi
3248 3236 3456 3319 nium,

1871 3326 1961 3392 uti
2023 3322 2223 3411 possit
2288 3324 2472 3391 mitra
2530 3325 3033 3410 auriphryyiata
3097 3335 3160 3392 et
3271 3323 3455 3390 aculo

1872 3411 2214 3501 episcopali
2245 3427 2263 3491 ;
2315 3413 2418 3478 vel
2466 3412 2677 3499 potius
2709 3412 2971 3480 alterius
3007 3413 3250 3480 formae
3283 3426 3348 3477 et
3379 3412 3457 3478 ab

1871 3501 2214 3590 episcopali
2263 3497 2628 3569 distinctis?
3205 3550 3223 3563 .
3395 3585 3408 3598 ι

2001 3595 2066 3656 2.
2118 3591 2214 3656 An
2260 3588 2385 3657 frui
2432 3589 2634 3679 possit
2690 3589 3054 3657 huiusmodi
3115 3587 3456 3679 privilegio

1867 3676 2328 3745 pontificalium
2375 3677 2540 3752 intra
2569 3697 2746 3745 suam
2781 3677 3128 3745 Ecclesiam
3163 3688 3449 3761 tantum3

1871 3767 1973 3833 vel
2020 3766 2233 3852 potius
2280 3766 2341 3833 in
2388 3764 2683 3833 omnibus
2726 3767 3028 3834 Ecclesiis
3074 3764 3356 3834 Civitatis
3390 3774 3459 3831 et
3539 3809 3548 3816 -

1868 3852 2240 3921 Dioecesis‘?

2000 3946 2065 4010 3.
2116 3944 2213 4009 An
2271 3942 2543 4011 induere
2604 3943 2828 4031 possit,
2895 3945 3153 4012 deferre
3216 3955 3282 4009 et
3343 3959 3457 4028 ge-

1865 4043 2033 4098 stare
2082 4032 2358 4117 mitram,
2409 4031 2707 4098 baculum
2767 4032 3146 4119 pastoralem
3208 4030 3456 4117 aliaque

1867 4119 2133 4208 insignia
2181 4120 2591 4207 pontificalia,
2627 4120 2783 4187 dum
2817 4119 3167 4188 intervenit
3200 4124 3455 4186 Proces-

1863 4208 2146 4277 sionibus
2191 4209 2458 4295 aliisque
2512 4207 2745 4276 divinis
2791 4207 3020 4276 Officiis
3073 4220 3138 4274 et
3186 4206 3455 4275 functio·

1866 4299 2054 4365 nibus
2124 4296 2600 4379 ecclesiasticis,
2673 4296 2854 4382 queis
2918 4295 3457 4382 Archiepiscopus

1867 4386 2058 4452 etiam
2105 4384 2499 4455 intervenit?
3258 4468 3270 4481 ι

2000 4477 2062 4541 4.
2100 4475 2197 4540 An
2226 4474 2486 4541 absente
2516 4472 3045 4560 Archiepiscopo,
3093 4471 3207 4538 sed
3255 4479 3453 4537 mter-

1866 4562 2172 4630 veniente
2219 4561 2511 4661 capitulo
2543 4561 3089 4649 Metropolitanae,
3120 4558 3324 4657 quod·
3371 4557 3456 4622 ri-

1864 4649 2100 4736 vilegio
2147 4648 2609 4717 pontificalium
2642 4650 2907 4738 gaudet,
2940 4647 3330 4715 processioni
3380 4664 3456 4744 ¹¹.⁸

1864 4739 2126 4824 aliisque
2176 4736 2614 4804 ecclesiasticis
2661 4738 3093 4806 functionibus
3124 4756 3193 4802 ac
3224 4732 3455 4802 divinis

1864 4827 2121 4909 Officiis,
2157 4827 2354 4914 possit
2400 4827 2606 4895 Abbas
2652 4827 2859 4895 Sancti
2893 4824 3165 4925 Spiritus
3203 4831 3453 4911 gestare

1865 4916 2119 4983 mitram
2153 4923 2218 4980 et
2250 4914 2679 5001 pastoralem;
2729 4915 2833 4980 vel
2881 4925 3132 4980 mitram
3166 4906 3458 5008 tantum-‘i‘

1997 5007 2077 5068 Et
2124 5005 2308 5070 Sacra
2352 5002 2612 5068 Rituum
2681 5001 3131 5087 congregatio,
3183 5000 3259 5069 ad
3305 4998 3456 5075 Qui-

1864 5093 2064 5159 rinale
2109 5088 2468 5176 subsignata
2516 5090 2622 5156 die
2670 5089 3041 5171 coadunata,
3090 5086 3303 5155 audita
3348 5104 3452 5153 re-

1865 5179 2101 5249 latione
2148 5201 2180 5245 a
2222 5179 2579 5265 subscripto
2612 5177 2969 5246 Secretario
3002 5177 3187 5261 facta,
3218 5194 3451 5263 propo·
