4042 5950
1537 286 2009 369 ...241-

123 447 373 535 hinem,
425 446 635 536 quoad
684 445 1081 515 erectionem
1135 446 1355 515 Crucis
1400 445 1730 514 Ecclesiae
1829 443 2321 528 concordarunt,
2355 462 2521 531 quae
2558 443 2901 512 recensitas
2948 442 3409 514 controversias

162 537 502 606 arochialis
552 539 618 604 in
664 535 1044 605 associandis
1089 533 1505 604 cadaveribus
1559 534 1728 601 eius-

163 645 267 693 em
293 627 657 711 Paroeciae,
686 636 819 692 tam
842 625 893 692 si
919 625 1075 692 haec
1109 634 1322 692 essent
1351 623 1725 712 sepelienda

121 716 182 781 in
213 715 389 783 dicta
430 713 774 783 Parochiali
809 733 1001 800 quam
1031 714 1083 781 si
1117 713 1489 781 tumulanda
1522 713 1588 779 in
1618 732 1723 778 su·

116 804 403 891 pradicta
450 803 843 889 collegiata3
893 804 1054 870 adeo
1086 813 1299 889 partes
1334 802 1398 868 in
1431 800 1562 869 suis
1589 810 1723 867 stu-

116 892 230 960 diis
277 890 725 974 incaluerunt,
760 902 833 957 ut
866 891 943 959 ad
976 910 1113 957 rem
1154 909 1414 957 omnem
1461 908 1723 977 compo-

115 978 390 1048 nendam
442 1000 605 1068 opus
651 979 849 1047 fuerit
896 979 1171 1046 mutuari
1218 979 1612 1066 praesidium
1645 975 1723 1042 ab

115 1072 461 1136 Sacrorum
507 1070 771 1137 Rituum
817 1068 1356 1154 congregatione.
1420 1066 1722 1133 Primitus

115 1176 265 1223 vero
296 1158 445 1223 solo
477 1154 766 1224 exhibito
795 1157 1074 1245 supplici
1122 1156 1345 1224 libello
1391 1155 1720 1240 nullisque

115 1244 272 1313 datis
328 1244 854 1333 allegationibus,
903 1249 1087 1329 Sacra
1147 1244 1603 1334 Congregatio,
1654 1243 1720 1310 in

114 1333 447 1401 Ordinatio
520 1337 726 1403 coetu
804 1335 909 1402 die
992 1337 1069 1401 17
1149 1334 1290 1402 tulii
1364 1332 1721 1421 superioris

116 1423 254 1488 anni
324 1426 533 1505 1830,
599 1423 666 1488 in
731 1442 924 1491 sensu
993 1422 1115 1489 fuit
1183 1434 1256 1490 ιιι
1323 1423 1719 1491 scriberetur

120 1510 639 1579 Eminentissimo
688 1522 755 1579 et
797 1512 1359 1580 Reverendissimo
1401 1511 1716 1599 Episcopo

118 1599 420 1667 Sabinen.
482 1619 603 1688 pro
662 1600 1115 1668 informatione
1181 1609 1248 1667 et
1305 1611 1485 1666 voto.
1550 1604 1715 1666 Dum

116 1690 266 1757 haec
316 1688 679 1775 agebantur
724 1699 791 1755 et
835 1689 1112 1777 quisque
1154 1708 1275 1776 pro
1321 1708 1438 1755 suo
1471 1688 1714 1755 tuendo

117 1776 324 1845 studio
359 1778 461 1844 liti
492 1777 845 1845 necessaria
876 1789 1156 1865 pararet,
1191 1776 1717 1845 dissentientibus

120 1866 321 1933 adhuc
382 1866 637 1951 animis,
689 1867 753 1933 in
802 1868 923 1934 hoc
982 1886 1183 1934 unum
1242 1875 1713 1948 convenerunt,

120 1964 182 2020 ut
213 1955 678 2022 consuleretur
707 1955 1040 2044 expensis;
1088 1965 1564 2044 proptereaque
1597 1955 1715 2020 ite-

120 2060 256 2109 rum
317 2043 772 2144 supplicarunt
841 2042 1375 2112 Eminentissimis
1426 2042 1714 2110 Patribus

122 2130 320 2199 Sacris
365 2130 617 2199 Ritibus
665 2133 923 2200 tuendis
967 2132 1372 2234 praepositis,
1421 2142 1494 2199 ιιι
1540 2131 1714 2198 omni

120 2221 398 2307 strepitu
443 2231 511 2287 et
554 2219 757 2287 forma
805 2218 1025 2290 iudicii
1070 2222 1335 2291 sublatis
1379 2232 1572 2308 atque
1616 2239 1713 2287 se-

122 2308 338 2395 positis
369 2356 388 2392 ,
460 2308 883 2395 dignarentur
949 2310 1199 2398 eligere
1267 2321 1333 2377 et
1401 2311 1713 2397 deputare

124 2397 366 2464 ludices
434 2398 1031 2484 compromissarios
1088 2420 1204 2466 seu
1267 2400 1584 2481 Arbitros,
1632 2397 1709 2464 ad

127 2486 593 2552 controversias
671 2488 929 2555 easdem
1011 2486 1329 2556 librandas
1403 2486 1717 2555 definien-

124 2573 397 2660 dasque,
448 2575 593 2642 dato
661 2575 854 2641 etiam
915 2578 1284 2643 authentico
1341 2575 1711 2643 testimonio

124 2664 193 2729 ab
234 2661 535 2729 omnibus
578 2662 834 2750 propria
880 2682 1072 2731 manu
1117 2664 1529 2753 subsignat03
1582 2683 1710 2749 quo

125 2749 488 2818 declaratur
533 2762 782 2839 paratos
826 2770 992 2837 esse,
1038 2752 1177 2819 sine
1241 2756 1370 2822 ulla
1431 2755 1710 2842 appella·

128 2839 317 2924 tione,
369 2840 675 2925 amplecti
711 2850 775 2906 et
808 2841 1144 2908 observare
1182 2843 1587 2911 Arbitrorum
1619 2844 1715 2909 iu-

127 2927 360 2997 dicium
410 2937 476 2994 et
520 2928 927 2996 sententiam.
977 2933 1127 2998 Rata
1176 2942 1274 2999 est
1319 2936 1501 3002 Sacra
1547 2935 1711 3000 con-

126 3016 410 3104 gregatio
458 3036 595 3084 rem
643 3036 902 3086 omnem
949 3019 1350 3088 committere
1413 3023 1712 3089 Eminen-

128 3106 358 3171 tissimo
401 3107 711 3174 cardinali
741 3107 1091 3192 Praefecto,
1126 3108 1261 3194 qui,
1295 3110 1546 3178 arbitris
1578 3112 1709 3177 ele-

127 3193 234 3259 ctis
258 3203 323 3260 et
346 3194 709 3279 nominatis,
734 3194 978 3264 eisdem
1003 3195 1335 3264 facultates
1359 3217 1579 3266 omnes
1604 3218 1710 3266 ne-

125 3281 414 3348 cessarias
440 3290 506 3348 et
531 3291 920 3371 opportunas
944 3281 1020 3351 ad
1047 3303 1188 3352 rem
1212 3285 1604 3374 impertiret.
1629 3290 1711 3353 Et

129 3369 674 3438 Eminentissimus
702 3392 773 3439 ac
799 3373 1392 3441 Reverendissimus
1415 3375 1711 3442 cardina-

127 3457 196 3523 lis
226 3458 487 3526 carolus
517 3459 702 3525 Maria
734 3459 1019 3527 Pedicini
1059 3462 1412 3551 Episcopus
1443 3466 1712 3530 Praene-

125 3546 344 3631 stinus,
379 3566 499 3614 ceu
533 3550 870 3615 Sacrorum
912 3548 1173 3616 Rituum
1219 3550 1709 3639 congregationi

127 3635 703 3720 Praefectus,hisce
726 3636 1127 3705 facultatibus
1159 3641 1428 3725 utendo,
1454 3639 1572 3707 sub
1604 3640 1711 3707 die

133 3725 198 3788 11
234 3723 471 3811 Aprilis
516 3724 832 3792 vertentis
878 3728 1024 3792 anni
1069 3728 1271 3813 elegit
1316 3738 1384 3794 et
1429 3728 1710 3796 nomina·

127 3811 212 3876 vit
242 3812 308 3879 in
335 3811 590 3880 ludices
617 3814 1210 3901 compromissarios
1256 3821 1384 3884 ΚΒ.
1422 3820 1547 3883 DD.
1586 3821 1709 3883 An-

128 3899 340 3968 dream
385 3900 642 3970 Mariam
671 3903 935 3970 Fmttini
969 3904 1262 3971 eiusdem
1293 3909 1518 3974 Sacrae
1549 3909 1710 3973 con·

128 3988 510 4078 gregationis
576 3995 976 4058 Assessorem
1033 4002 1099 4057 et
1155 3993 1462 4060 Aloisium
1511 3996 1706 4062 cano-

128 4081 338 4146 nicum
391 4079 768 4146 Tomassetti
826 4081 1434 4148 Sub-Secretarium
1484 4085 1707 4150 Sacrae

128 4168 648 4256 congregationis
691 4167 955 4235 Concilii
1006 4167 1342 4256 utriusque
1389 4170 1544 4237 luris
1589 4175 1707 4237 Do-

131 4267 354 4341 ctores,
387 4275 538 4323 cum
584 4256 877 4323 omnibus
913 4256 1314 4325 facultatibus
1347 4257 1711 4325 necessariis

132 4353 192 4408 et
228 4345 609 4432 opportunis
639 4347 716 4413 ad
748 4343 1209 4414 controversias
1238 4346 1709 4433 componendas

131 4430 698 4527 definiendasqu03
746 4433 863 4500 hac
907 4445 1122 4502 tamen
1153 4435 1394 4502 adiecta
1427 4436 1601 4523 lege,
1636 4443 1708 4501 ut

133 4537 191 4583 m
219 4520 512 4588 omnibus
551 4521 1022 4611 procederetur
1049 4522 1188 4590 sine
1220 4523 1423 4590 forma
1455 4535 1520 4591 et
1548 4532 1708 4590 stre·

133 4605 260 4693 pitu
302 4608 563 4675 iudicii:
615 4608 880 4697 insuper
923 4620 994 4677 ut
1039 4612 1454 4699 allegationes
1487 4629 1708 4679 omnes

131 4714 242 4761 una
300 4714 449 4763 cnm
510 4700 826 4766 sententia
883 4698 1179 4767 ludicum
1238 4711 1301 4766 et
1361 4699 1570 4766 omnia
1627 4699 1704 4766 ad

133 4783 562 4868 quaestionem
591 4785 1077 4872 quomodolibet
1121 4790 1468 4876 spectantia
1500 4797 1565 4853 et
1598 4806 1707 4853 ex-

135 4868 310 4938 hibita
380 4874 788 4943 referrentur
848 4875 913 4942 in
971 4875 1147 4943 Actis
1211 4879 1548 4944 Sacrorum
1606 4875 1707 4942 Ri-

135 4968 303 5027 tuum
347 4963 921 5050 congregationis3
977 4963 1261 5053 denique
1310 4974 1381 5031 ut
1425 4962 1589 5030 nulli
1636 4962 1711 5029 li-

135 5059 261 5115 ceat
302 5052 442 5119 ullo
489 5068 792 5138 umquam
837 5061 1132 5139 tempore
1179 5051 1257 5119 ab
1301 5052 1711 5120 Arbitrorum

132 5138 435 5207 sententia
466 5157 728 5226 quoquo
768 5141 959 5207 modo
991 5140 1489 5230 appellationem
1522 5157 1711 5224 quae·

136 5242 292 5292 rere.
355 5229 557 5296 Huius
613 5230 826 5314 itaque
879 5249 1101 5296 causae
1159 5228 1379 5297 arbitri
1432 5229 1709 5311 ludices,

137 5321 390 5401 utraque
434 5325 622 5404 parte
675 5317 1152 5401 consentiente,
1201 5328 1274 5385 ut
1321 5315 1530 5383 omnia
1590 5316 1713 5384 rite

137 5417 203 5465 ac
252 5402 536 5492 legitime
597 5407 1062 5495 procederent,
1125 5406 1459 5493 sequentia
1517 5404 1709 5473 dubia

332 5548 550 5595 Demi}
574 5544 889 5595 Aufilenum
914 5548 966 5593 8.
993 5547 1054 5592 R.
1083 5547 1136 5591 0.
1165 5569 1214 5578 —
1243 5544 1354 5590 Vol.
1379 5547 1440 5590 11.

1827 534 2371 624 complectuntur,
2420 533 2772 600 nimirum:

1962 626 2023 688 1.
2072 624 2196 708 An,
2248 632 2312 689 et
2358 622 2461 688 cui
2506 632 2827 710 competat
2873 621 3147 691 elevatio
3193 622 3412 690 crucis

1824 710 1892 778 in
1939 709 2141 779 casu?

1955 804 2029 955 2⁴}
2073 800 2197 882 An,
2246 808 2313 865 et
2360 799 2463 867 cui
2509 809 2830 887 competat
2860 798 3313 886 praecedentia
3345 797 3411 865 in

1825 908 1972 955 casu

1953 975 2169 1044 Dubiis
2216 977 2652 1059 concordatiS,
2701 976 2953 1045 ludices
2998 975 3119 1065 ipsi
3164 974 3409 1061 pluries

1818 1064 2097 1152 partium
2144 1070 2588 1132 Procuratores
2637 1065 3006 1148 audierunt,
3057 1073 3121 1131 et
3164 1073 3408 1130 attente

1819 1172 1888 1219 ac
1919 1153 2272 1242 diligenter
2303 1153 2716 1221 consideratis
2746 1153 3230 1254 allegationibus
3262 1152 3409 1219 hinc

1819 1240 1967 1309 inde
2013 1241 2397 1323 distributis,
2428 1242 2595 1309 ,visis
2644 1242 2962 1327 videndis,
2996 1240 3412 1310 consideratis

1819 1330 2298 1399 considerandis
2331 1340 2396 1397 et
2426 1331 2693 1397 servatis
2738 1332 2802 1397 in
2832 1330 3009 1398 hisce
3045 1327 3295 1397 iudiciis
3324 1328 3407 1396 de

1819 1418 1957 1485 iure
2004 1419 2362 1502 servandis,
2413 1420 2737 1507 propriam
2802 1419 2865 1485 in
2920 1418 3172 1504 scriptis
3229 1427 3293 1483 et
3343 1416 3406 1484 in

1817 1508 1987 1574 hunc
2036 1510 2299 1576 modum
2348 1510 2561 1574 tulere
2607 1507 3016 1590 sententiam,
3063 1504 3402 1572 videlicet:

1947 1597 2164 1676 Quoad
2214 1597 2497 1686 primum
2543 1596 2862 1664 dubium:
2929 1619 2968 1662 ι
3001 1593 3223 1662 crucis
3275 1594 3407 1660 ele-

3015 1682 3274 1751 rochiali
3309 1693 3406 1749 tu·

1820 1683 2137 1758 vationem
2170 1695 2542 1773 competere
2581 1684 2901 1752 Ecclesiae

2958 1773 3284 1839 eferantur
3329 1770 3407 1855 ad

1817 1774 2123 1854 mulanti;
2171 1791 2410 1859 nempe
2457 1772 2508 1840 si
2556 1775 2860 1841 cadavera

1818 1862 2172 1930 Ecclesiam
2218 1861 2631 1948 collegiatam
2680 1864 2940 1929 Sanctae
2987 1860 3211 1928 Mariae
3240 1862 3407 1945 Mag·

1814 1951 2105 2033 dalenae,
2142 1952 2330 2018 huius
2374 1950 2698 2017 Ecclesiae
2743 1952 2915 2017 crux
2961 1960 3059 2015 est
3100 1949 3405 2016 elevanda

1815 2039 2007 2104 etiam
2053 2039 2103 2105 si
2150 2039 2491 2107 defunctus
2536 2038 2612 2105 ad
2661 2036 2871 2105 Sancti
2914 2037 3131 2104 Hilarii
3183 2040 3406 2103 Paroe-

1814 2127 1973 2194 ciam
2006 2127 2366 2216 pertineret
2381 2143 2400 2209 ;
2449 2137 2513 2193 et
2545 2126 2816 2192 vicissim
2864 2125 3082 2192 crucis
3129 2123 3406 2192 elevatio

1813 2217 2129 2302 competit
2172 2214 2501 2283 Paroeciae
2550 2214 2756 2282 Sancti
2801 2213 3044 2297 Hilarii,
3075 2214 3129 2279 si
3173 2213 3405 2281 defun-

1815 2315 1954 2372 ctus
1998 2305 2066 2371 in
2109 2304 2226 2371 hac
2273 2305 2559 2373 Ecclesia
2597 2303 2678 2368 sit
2711 2303 3147 2387 tumulandus,
3182 2319 3403 2387 quam-

1812 2393 1907 2460 vis
1939 2394 2021 2461 de
2051 2393 2341 2475 Paroecia
2370 2390 2757 2480 collegiatae
2791 2402 2998 2476 esset;
3048 2408 3252 2475 quum
3283 2389 3403 2456 sub

1814 2501 1933 2550 una
1968 2481 2407 2549 tantummodo
2439 2485 2642 2548 cruce
2675 2479 2998 2545 Ecclesiae
3030 2475 3404 2545 tumulantis

1809 2570 1875 2638 in
1923 2570 2253 2637 funeribus
2302 2590 2437 2637 esse
2478 2566 2964 2655 procedendum
3011 2565 3257 2655 pluries
3289 2565 3402 2632 de-

1811 2659 2087 2727 creverit
2148 2661 2332 2726 Sacra
2381 2657 2644 2726 Rituum
2701 2656 3164 2744 congregatio,
3222 2673 3402 2743 prae·

1809 2748 2032 2815 sertim
2077 2746 2144 2813 in
2189 2746 2605 2836 responsione
2661 2746 2739 2813 ad
2788 2743 3060 2811 dubium
3120 2742 3403 2844 primum

1810 2836 1879 2905 in
1920 2841 2163 2906 Lucen.
2222 2840 2301 2903 16
2356 2835 2490 2902 Maii
2550 2838 2750 2918 1694,
2801 2842 2867 2898 et
2916 2830 3187 2920 (omissis
3239 2830 3398 2913 aliis)

1808 2924 2153 2994 novissime
2194 2923 2257 2992 in
2304 2923 2581 2991 Alatrina
2627 2925 2667 2989 6
2715 2920 2850 2989 Maii
2906 2924 3074 2989 1826
3107 2942 3171 2986 ».

1941 3017 2074 3093 Quo
2108 3033 2262 3080 vero
2293 3012 2373 3080 ad
2402 3013 2761 3079 secundum
2795 3009 3103 3076 dubiumz
3154 3031 3193 3074 ι
3218 3011 3402 3075 com-

1812 3115 2041 3191 petere
2108 3100 2388 3168 Parocho
2458 3100 2792 3183 defuncti,
2856 3097 3211 3165 dummodo
3273 3115 3403 3162 non

1810 3192 2061 3261 deferat
2108 3188 2505 3258 canonicalia
2554 3186 2819 3275 insignia
2855 3186 2907 3252 si
2940 3185 3135 3251 fuerit
3167 3184 3334 3251 alter
3366 3202 3403 3249 e

1811 3278 2143 3348 Canonicis
2181 3276 2592 3364 Collegiatae,
2629 3276 2821 3342 etiam
2865 3273 2917 3339 si
2966 3273 3066 3339 isti
3100 3271 3400 3359 collegia·

1811 3370 1961 3437 liter
2006 3367 2335 3435 incedant.
2384 3363 2762 3451 Saepissime
2809 3362 2982 3430 enim
3019 3381 3051 3426 a
3083 3363 3269 3428 Sacra
3298 3358 3401 3427 Ri-

1808 3470 1995 3525 tuum
2040 3454 2553 3543 congregatione
2597 3454 2991 3520 declaratum
3038 3448 3158 3515 fuit
3189 3451 3268 3518 ad
3301 3453 3403 3515 Pa·

1807 3545 2081 3614 rochum
2114 3544 2403 3612 defuncti
2446 3563 2476 3608 s
2528 3552 2741 3608 ectare
2788 3538 2852 3607 in
2897 3537 3233 3606 funeribus
3261 3542 3402 3607 Sto·

1808 3636 1936 3702 lam
1967 3633 2258 3716 deferre,
2292 3651 2452 3717 aqua
2531 3630 2821 3698 enedicta
2852 3627 3157 3696 cadavera
3187 3645 3399 3714 asper·

1807 3740 1964 3812 gere
2011 3731 2356 3807 antequam
2401 3740 2437 3787 e
2484 3720 2680 3787 domo
2727 3719 3099 3799 efferantur,
3135 3724 3200 3781 et
3244 3714 3400 3782 anti·

1807 3813 2092 3900 phonam
2142 3809 2564 3896 praecinere:
2621 3807 3042 3874 Exultabunt
3101 3805 3397 3870 Domino.

1808 3904 2009 3969 lmmo
2074 3921 2107 3966 a
2168 3901 2355 3966 Sacra
2420 3895 2930 3982 congregatione
2994 3890 3287 3976 concilii,
3336 3890 3399 3958 in

1807 3988 2078 4057 callien.
2139 3989 2398 4054 Iurium
2449 3984 2945 4051 Parochialium
2997 3983 3081 4049 20
3136 3982 3401 4047 Decem·

1808 4076 1939 4143 bris
1968 4080 2163 4161 1828,
2189 4075 2581 4143 declaratum
2606 4071 2726 4140 fuit
2747 4073 2868 4139 hoc
2890 4071 2968 4138 ad
2990 4068 3177 4134 illum
3199 4066 3398 4155 perti-

1804 4185 1965 4234 nere
1996 4165 2189 4231 etiam
2222 4163 2286 4229 in
2318 4161 2653 4230 funeribus
2683 4158 3147 4226 Canonicorum
3180 4155 3398 4253 Eccle5

1805 4254 1932 4322 siae
1976 4251 2397 4320 Gathedralis.
2447 4246 2895 4318 Praecedentia
2939 4263 3092 4310 vero
3139 4243 3396 4310 Parochi

1805 4362 1992 4431 supra
2025 4340 2391 4427 capitulum
2423 4337 2809 4423 collegiatae
2841 4343 3071 4401 statuta
3100 4330 3219 4431 fuit
3241 4351 3275 4397 a
3299 4334 3400 4399 Sa·

1809 4450 1914 4498 cra
1958 4430 2217 4497 Rituum
2267 4427 2774 4514 congregatione
2818 4422 2886 4492 in
2929 4425 3264 4489 Faventina
3316 4423 3398 4486 16

1809 4518 2208 4607 Septembris
2253 4520 2446 4599 1668,
2488 4527 2552 4581 et
2596 4513 2768 4580 alibi.
2818 4508 3196 4579 Praesertim
3242 4525 3396 4574 vero

1812 4608 1874 4674 in
1908 4625 2057 4673 casu
2088 4605 2364 4673 definire
2395 4604 2515 4670 hoc
2547 4600 2935 4683 censuimus,
2963 4615 3160 4685 quum
3194 4595 3399 4696 colle·

1807 4695 1974 4781 giata
1999 4698 2261 4762 Sanctae
2286 4691 2513 4759 Mariae
2539 4689 2943 4777 magdalenae
2968 4695 3180 4753 erecta
3203 4685 3397 4751 fuerit

1809 4805 1843 4850 a
1873 4804 1926 4849 s.
1963 4801 2056 4850 m.
2092 4780 2340 4849 Urbano
2374 4783 2505 4846 Vlll
2552 4777 2791 4864 absque
2838 4775 2972 4842 ullo
3002 4770 3396 4861 praeiudicio

1808 4871 2072 4940 alterius
2103 4868 2472 4953 Paroeciae;
2523 4885 2686 4952 quae
2726 4882 2928 4949 quum
2962 4862 3084 4928 iam
3118 4870 3393 4943 extaret,

1812 4960 1940 5028 dici
1984 4957 2212 5044 nequit
2269 4955 2655 5044 collegiatae
2713 4952 2945 5020 filialis.
2995 4948 3176 5027 Quod
3220 4946 3273 5014 si
3317 4946 3396 5015 ad

1812 5045 2344 5116 consuetudinem
2414 5052 2824 5111 convertatur
2890 5057 3104 5106 sermo
3132 5086 3149 5120 ,
3209 5054 3396 5104 num-

1810 5155 2004 5224 quam
2049 5131 2348 5202 Canonici
2392 5131 2458 5199 in
2503 5129 2834 5198 funeribus
2863 5126 3213 5194 Parochum
3246 5126 3397 5191 San-

1812 5226 1898 5293 cti
1942 5222 2162 5291 Hilarii
2208 5229 2719 5310 praecesserunt.
2771 5217 2836 5285 Si
2878 5234 3038 5282 vero
3083 5214 3397 5314 Parecbus

1815 5314 1936 5381 iste
1967 5311 2164 5380 fuerit
2197 5310 2572 5392 canonicus,
2607 5317 2675 5374 et
2705 5303 3087 5373 canonicalia
3132 5318 3398 5402 insignia

1814 5401 2076 5470 deferre
2121 5400 2361 5489 cupiat,
2409 5410 2562 5466 tunc
2605 5393 2941 5486 proprium
2985 5391 3203 5462 locum
3230 5399 3398 5456 inter

3028 5532 3084 5578 16
