4042 5950
1538 268 2013 361 2-371—

161 434 324 503 aliter
354 436 589 527 quippe
619 447 941 510 statuente
985 437 1545 508 Revereudissimo
1576 437 1730 525 Epi-

161 544 369 614 scopo,
427 529 723 598 canonici
784 526 970 597 aliive
1039 525 1418 592 Sacerdotes
1484 528 1729 630 possint

162 614 353 681 illaesa
396 616 782 686 couscientia
828 613 1181 698 infringere
1226 625 1335 679 aut
1382 627 1728 692 omittere;

160 702 357 788 sicque
404 702 946 774 Reverendissimi
979 707 1027 769 E
1078 701 1273 791 iscopi
1304 702 1600 771 voluntas
1631 702 1728 770 his

164 791 223 857 in
247 789 483 858 66611166
509 794 592 859 sit
624 816 742 882 pro
774 793 926 896 ipsis
955 720 1272 856 sufficiens
1303 786 1736 892 dispensatio?

278 883 337 945 5.
388 882 615 949 Utrum
664 890 912 970 possint
958 877 1279 962 Canonici,
1330 898 1438 965 qui
1487 901 1570 947 ex
1625 899 1729 946 an-

163 966 322 1052 tiquo
367 985 547 1036 more
594 980 911 1038 mozzetta
965 977 1032 1035 et
1094 966 1388 1035 rochetto
1449 965 1732 1056 insigniti

161 1067 328 1138 sunt,
378 1056 472 1122 uti
534 1058 827 1125 rochetto
897 1059 959 1124 in
1023 1054 1568 1124 administratione
1614 1074 1732 1122 seu

164 1143 545 1213 confectione
589 1149 1147 1215 sacramentorum
1195 1152 1261 1209 et
1308 1145 1734 1211 Sacramenta·

164 1230 345 1318 lium3
426 1252 627 1320 quum
703 1231 1300 1302 Reverendissimus
1377 1232 1736 1322 Episcopus

162 1338 327 1385 usum
375 1321 651 1389 rochetti
699 1319 1088 1412 generaliter
1118 1329 1185 1386 et
1217 1338 1338 1407 pro
1369 1320 1589 1387 maiori
1622 1321 1735 1388 Se·

162 1406 410 1475 minario
442 1422 744 1478 recenter
764 1410 1171 1497 praeceperit
1200 1417 1306 1474 aut
1328 1408 1554 1477 saltem
1585 1427 1733 1509 pro·

161 1493 422 1576 baverit;
474 1508 540 1564 et
570 1519 690 1587 pro
719 1497 1016 1567 omnibus
1061 1495 1325 1582 insuper
1354 1514 1505 1562 suae
1548 1500 1733 1563 Dioe-

159 1583 306 1650 cesis
350 1587 769 1673 presbyteris,
819 1587 1011 1653 etiam
1057 1583 1123 1651 iu
1179 1587 1734 1651 sacramentorum

162 1671 685 1743 administratione
731 1693 801 1742 se
851 1675 1274 1740 toleraturum
1305 1691 1444 1738 esse
1485 1683 1638 1738 voto
1671 1682 1735 1737 et

162 1760 382 1850 scripto
429 1763 804 1851 declararit;
853 1761 1168 1849 quidquid
1233 1761 1299 1827 in
1343 1760 1736 1827 contrarium

165 1848 370 1917 iaciant
414 1852 896 1919 Caeremoniale
943 1852 1433 1937 Episcoporum,
1482 1848 1736 1916 Rituale

164 1941 543 2023 Romanum,
593 1939 838 2007 missale
903 1949 969 2005 et
1022 1936 1423 2016 Pontifical03
1476 1948 1540 2002 et
1588 1935 1740 2002 licet

164 2025 320 2093 nulla
368 2027 431 2095 in
479 2028 770 2095 Dioecesi
816 2024 1281 2094 Cenomanensi
1329 2025 1584 2110 antiqua
1627 2033 1736 2090 aut

166 2118 515 2201 usquedum
575 2114 900 2205 generalis
960 2134 1079 2204 pro
1125 2133 1198 2180 ea
1244 2115 1470 2180 Sacrae
1533 2112 1739 2177 Litur-

166 2200 289 2287 giae
334 2203 753 2291 derogatione
800 2202 1089 2270 extiterit
1134 2196 1591 2269 consuetudo?

280 2292 437 2368 Quas
487 2293 753 2379 quidem
780 2311 1011 2378 preces
1043 2309 1190 2357 cum
1220 2289 1473 2355 insertis
1504 2285 1739 2370 dubiis,

167 2376 223 2444 in
261 2379 605 2463 ordinariis
652 2382 988 2448 Sacrorum
1035 2378 1297 2446 Rituum
1341 2374 1629 2444 Comitiis
1660 2376 1737 2442 ad

166 2466 525 2536 Vaticanum
562 2468 869 2537 hodierna
901 2467 1007 2535 die
1037 2465 1292 2548 habitis,
1327 2463 1618 2531 referens
1648 2463 1741 2531 in-

168 2553 527 2646 inscriptus
583 2553 1185 2632 Pro-Secretarius3
1251 2551 1750 2619 Eminentissimi

168 2652 227 2707 et
266 2643 806 2712 Reverendissimi
850 2648 1060 2711 Patres
1107 2642 1309 2709 Sacris
1358 2639 1613 2709 tuendis
1641 2639 1745 2707 Ri-

171 2727 322 2798 tibus
367 2734 754 2821 praepositi,
805 2730 1098 2799 omuibus
1145 2741 1394 2797 maturo
1451 2728 1744 2795 examine

167 2822 517 2907 perpensis,
568 2820 1053 2889 rescribendum
1099 2834 1458 2885 censuere:

291 2910 387 2980 Ad
441 2915 506 2978 1.
556 2931 594 2975 ‹
625 2909 930 2999 Negative
964 2929 1028 2973 a.

290 2998 384 3066 Ad
434 3004 504 3068 2.
556 3020 595 3065 «
629 2999 938 3089 Negative
972 3019 1035 3064 ι.

290 3087 385 3155 Ad
434 3091 504 3155 3.
556 3108 595 3153 ι
629 3086 929 3157 consulat
974 3084 1363 3153 coniunctim
1409 3093 1749 3167 utramque

171 3173 695 3244 constitutionem
741 3175 948 3244 Sancti
995 3174 1085 3242 Pii
1118 3176 1195 3258 V,
1230 3169 1536 3239 videlicet
1574 3169 1750 3235 illam

173 3277 325 3346 quae
385 3264 613 3353 incipit
686 3265 864 3342 Quod
926 3283 966 3329 a
1022 3262 1238 3342 nobis,
1288 3263 1393 3327 Vll
1462 3260 1609 3326 Idus
1653 3260 1749 3323 lu-

176 3349 233 3416 lii
272 3355 468 3437 1568,
508 3364 573 3418 et
617 3353 803 3419 aliam
850 3370 1011 3439 quae
1046 3350 1266 3440 incipit
1299 3351 1404 3414 Em
1424 3349 1749 3434 proximo,

176 3441 276 3505 XII
318 3442 633 3509 Calendas
677 3439 963 3508 Octobris
1019 3442 1179 3506 1571
1216 3459 1283 3504 ».

296 3531 392 3599 Ad
442 3532 512 3597 4.
562 3550 600 3593 «
631 3528 975 3615 Negative3
1028 3536 1095 3594 et
1138 3525 1412 3614 amplius
1443 3547 1512 3591 ›.

299 3618 395 3685 Ad
444 3623 514 3685 ὅ.
564 3638 602 3681 «
635 3618 1016 3685 Rocbettum
1047 3634 1176 3682 non
1209 3633 1347 3680 esse
1394 3622 1642 3678 vestem
1670 3631 1759 3677 sa—

180 3723 338 3773 cram
384 3704 817 3773 adhibendam
862 3704 930 3771 in
974 3701 1517 3771 administratione
1550 3702 1759 3769 Sacra-

180 3803 589 3880 mentorum3
639 3814 710 3860 ac
756 3791 1029 3883 proinde
1078 3803 1214 3858 tum
1261 3789 1337 3856 ad
1387 3806 1460 3855 ea
1488 3788 1759 3854 admini-

179 3882 451 3966 stranda,
486 3890 625 3948 tum
657 3881 732 3948 ad
780 3879 1251 3978 suscipiendam
1298 3878 1567 3964 primam
1598 3879 1760 3944 Ton-

180 3986 385 4036 suram
415 3979 487 4036 et
517 3969 787 4036 Minores
825 3967 1092 4034 Ordines
1135 3965 1489 4032 necessarie
1537 3983 1760 4052 super-

182 4058 455 4142 pelliceo
501 4058 818 4125 utendum
848 4077 914 4122 ».
1608 4091 1613 4095 -

304 4148 522 4234 Atque
569 4145 653 4212 ita
698 4144 1069 4213 declaravit.

306 4234 419 4302 Die
477 4236 555 4302 10
600 4233 869 4302 Ianuarii
926 4235 1121 4300 1852.

187 4372 446 4445 2994.
619 4375 898 4442 nonus
943 4373 1375 4445 rourum..
1539 4370 1767 4459 (6166)

322 4498 919 4569 Reverendissimus
996 4496 1344 4563 hodiernus
1418 4493 1771 4583 Episcopus

188 4589 407 4654 Montis
437 4586 753 4670 Politiani,
781 4586 946 4653 inter
976 4594 1187 4652 cetera
1258 4583 1522 4650 ostulata
1547 4585 1772 4651 Sacrae

190 4676 449 4743 Concilii
504 4674 996 4764 congregationi
1054 4672 1201 4740 exhi
1250 4670 1375 4755 ita,
1429 4682 1777 4759 sequentes

192 4762 379 4832 etiam
426 4763 927 4832 consuetudines
970 4760 1330 4851 proposuit,
1373 4776 1528 4846 quas
1573 4777 1775 4846 quum

90 4883 99 4896 ·
192 4852 367 4918 Sacra
401 4852 665 4920 Rituum
698 4849 1121 4938 congregatio
1152 4849 1475 4917 discutere
1508 4847 1781 4915 deberet
1879 4846 2406 4916 Pro-Secretario
2454 4849 2641 4932 facta,
2690 4849 2860 4915 iuxta

193 4937 255 5006 in
312 4940 662 5009 ordinariis
729 4938 1010 5007 Comitiis
1078 4937 1156 5004 ad
1227 4935 1598 5005 Vaticanum
1669 4938 1779 5004 ho-

193 5026 414 5129 dierna
470 5029 578 5098 die
626 5026 877 5113 habitis,
925 5026 1148 5094 retulit
1193 5025 1777 5110 Pro-Secretarius,

198 5133 534 5273 nimii-ura.
563 5205 939 5294 quibusdam
985 5202 1470 5287 Anniversariis‚
1518 5203 1624 5270 die
1672 5223 1776 5270 ex.

335 5397 419 5492 (1)
457 5402 513 5457 E.
557 5401 694 5459 Dub.
731 5399 766 5456 2
802 5407 857 5455 et
891 5398 942 5456 t.

1830 458 1933 526 gr.
1981 442 2061 509 IV
2105 438 2507 523 Novembris,
2560 440 2710 507 licet
2754 458 2885 506 nou
2926 444 3009 511 sit
3064 440 3202 513 dies
3247 435 3419 508 anni·

1830 527 2126 611 versaria,
2178 546 2298 594 nec
2343 527 2652 595 celebrari
2698 526 2895 613 possit
2939 533 3115 601 Missa
3162 529 3244 596 de
3299 533 3421 596 Re·

1830 614 2051 702 quiem
2099 616 2203 704 (eo
2249 615 2420 702 quod
2469 634 2597 683 uon
2643 615 2808 683 adsit
2856 615 3157 708 obligatio
3218 616 3420 705 appli-

1831 702 2012 769 candi
2059 705 2307 770 Missam
2370 704 2873 771 conventualem
2935 706 2998 773 in
3058 705 3283 776 diebus
3330 704 3422 770 ie·

1834 790 2113 875 rialibus)
2152 793 2399 859 canitur
2429 793 2852 874 Nocturnum,
2886 793 3121 864 deinde
3155 793 3421 860 Absolu-

1835 877 1922 944 tio
1955 878 2120 946 circa
2146 879 2490 947 Tumulum
2525 880 2880 969 peragitur,
2910 894 2973 948 et
3003 894 3222 971 postea
3247 880 3423 947 Missa

1826 968 2283 1035 conventualis
2348 977 2634 1035 cantatur
2693 967 2779 1035 de
2840 972 3024 1038 Festo
3082 969 3257 1059 quod
3319 988 3425 1036 oc·

1835 1055 2063 1141 currit,
2097 1055 2474 1145 applicando
2521 1055 2696 1122 illam
2741 1075 2859 1146 pro
2892 1058 3241 1143 1161666116,
3276 1073 3424 1125 cum

1835 1146 2111 1211 'rumulo
2157 1153 2303 1212 ante
2350 1144 2538 1210 Aram
2571 1154 2635 1209 et
2668 1145 2871 1211 cereis
2907 1144 3236 1215 accensis?
3282 1145 3378 1233 (1)

1967 1236 2036 1299 2.
2083 1236 2292 1311 Quum
2354 1232 2640 1318 pulsatur
2705 1234 3067 1321 organum,
3120 1236 3185 1303 in
3247 1235 3426 1301 Missa

1840 1331 2107 1406 cantata,
2156 1319 2564 1389 offertorium
2610 1332 2674 1387 et
2720 1324 3233 1391 Postcommunio
3280 1320 3427 1389 sub-

1841 1406 2022 1473 missa
2073 1426 2229 1476 voce
2276 1410 2353 1476 ab
2403 1426 2530 1474 uno
2578 1409 2879 1476 recitatur
2924 1410 2991 1478 iu
3036 1412 3270 1497 cnoro,
3318 1410 3423 1476 vel

1840 1495 1997 1563 nihil
2047 1497 2282 1565 dicitur
2326 1495 2555 1565 diebus
2600 1497 2977 1582 praesertim
3024 1498 3365 1567 ferialibus.

1974 1588 2054 1651 Et
2085 1586 2269 1652 Sacra
2294 1585 2553 1653 Rituum
2587 1586 3042 1674 congregatio,
3080 1587 3430 1676 propositas

1842 1673 2341 1741 consuetudines
2386 1682 2633 1739 maturo
2681 1673 2973 1741 examine
3021 1676 3424 1763 expendens,

1842 1759 1925 1826 ita
1973 1761 2500 1849 respondendum
2548 1764 2838 1829 censuit:

1974 1849 2069 1915 Ad
2127 1853 2184 1914 1.
2235 1870 2273 1913 «
2306 1854 2533 1933 Posse,
2601 1850 2954 1917 dummodo
3023 1862 3434 1919 removeatur

1844 1936 2132 2004 tumulus
2181 1950 2473 2026 tempore
2519 1937 2760 2022 Missae,
2807 1959 2880 2005 ac
2926 1937 3103 2007 linita
3150 1941 3314 2007 circa
3360 1940 3433 2007 il·

1846 2026 1978 2092 lum
2030 2023 2432 2092 absolutione
2466 2046 2532 2093 ».

1977 2113 2073 2180 Ad
2120 2117 2275 2180 2.«
2307 2114 2439 2181 Dici
2485 2132 2672 2201 posse
2719 2112 3024 2181 submissa
3072 2135 3266 2203 voce,
3305 2116 3432 2183 ‚sed

1847 2220 1974 2270 non
2021 2210 2227 2267 omitti
2259 2223 2325 2268 ›.

1975 2289 2187 2374 Atque
2235 2295 2316 2358 ita
2362 2288 2713 2377 rescripsit.

1978 2376 2095 2445 Die
2144 2380 2225 2446 10
2269 2377 2535 2446 Ianuarii
2588 2382 2780 2449 1852.

1852 2522 2119 2592 2995.
2476 2522 2813 2591 sonam.
3210 2525 3437 2612 (6166)

1982 2649 2162 2712 quta
2193 2661 2601 2711 communem
2634 2646 2908 2733 praxim,
2936 2646 3091 2714 dum
3121 2647 3200 2714 ad
3231 2647 3441 2714 colle-

1853 2733 2086 2821 giatam
2130 2731 2481 2799 Ecclesiam
2548 2736 2812 2802 Sanctae
2868 2736 3221 2804 Restitutae
3278 2735 3442 2804 Civi-
3533 2736 3540 2743 “

1855 2820 1996 2888 tatis
2045 2823 2314 2889 Soranae
2361 2822 2607 2889 accedit
2652 2822 3250 2891 Revereudissimus
3293 2825 3443 2914 Epi-

1853 2927 2084 3012 scopus
2130 2921 2202 2977 ut
2247 2909 2448 2978 Sacris
2493 2908 2823 2978 solemniis
2866 2912 3134 2995 assistat,
3170 2929 3318 2980 eum
3352 2931 3444 2979 as·

1854 3008 2096 3065 soc1ant
2149 2997 2420 3085 capituli
2483 2998 2876 3066 cathedralis
2933 2999 3281 3080 canonici;
3330 3001 3446 3068 sed

1854 3085 2258 3174 Praepositus
2326 3087 2430 3152 vel
2503 3086 2731 3154 Senior
2788 3088 3179 3177 Collegiatae
3247 3089 3446 3175 ipsius

1856 3174 2209 3241 Canonicus
2241 3173 2556 3261 Episcopo
2589 3173 2979 3262 ingredienti
3016 3175 3445 3262 aspersorium

1858 3261 2132 3350 porrigit
2177 3280 2322 3328 cum
2355 3280 2511 3348 aqua
2558 3259 2917 3330 benedicta.
2970 3267 3212 3331 Verum
3247 3280 3449 3349 quum

1860 3353 1925 3418 in
1970 3348 2476 3438 praesentiarum
2523 3350 2886 3438 capitulum
2927 3351 3321 3419 cathedralis
3352 3351 3448 3418 ius

1863 3438 2057 3516 istud,
2106 3438 2538 3526 aspersorium
2581 3456 2818 3524 nempe
2846 3438 2915 3506 in
2947 3459 3092 3507 casu
3131 3440 3452 3530 Episcopo

1862 3526 2264 3615 porrigendi,
2311 3526 2431 3594 sibi
2477 3526 2801 3595 vindicare
2845 3529 3226 3610 contendat;
3267 3531 3451 3594 Prae·

1864 3614 2106 3704 positus
2153 3614 2292 3700 ipse
2336 3615 2539 3683 veluti
2587 3615 2792 3702 prima
2823 3616 3103 3703 Dignitas
3132 3617 3453 3685 Ecclesiae

1864 3702 2251 3789 collegiatae
2299 3713 2364 3768 et
2412 3704 2711 3773 canonici
2758 3721 2980 3771 omnes
3025 3707 3289 3773 Sanctae
3333 3710 3454 3773 Re-

1865 3788 2124 3857 stitutae
2157 3792 2406 3858 Sacram
2436 3793 2700 3860 Rituum
2725 3793 3306 3882 Congregatiouem
3334 3795 3453 3861 hu·

1866 3878 2138 3945 millime
2184 3892 2515 3967 rogarunt,
2549 3891 2621 3947 ut
2665 3880 2995 3947 declarare
3039 3881 3452 3970 dignaretur:

1867 3968 2033 4034 Num
2096 3965 2267 4034 iuxta
2318 3968 2508 4035 etiam
2555 3966 2920 4052 novissimas
2979 3970 3452 4037 ordinariorum

1869 4054 2250 4134 sanctiones,
2299 4057 2699 4145 Praepositus
2744 4065 2852 4124 aut
2897 4055 3150 4146 dignior
3192 4058 3459 4125 canoni-

1872 4161 1983 4209 cus
2014 4142 2401 4230 collegiatae
2434 4145 2630 4232 ipsius
2675 4144 2997 4212 Ecclesiae
3043 4161 3459 4234 perseverare

1872 4231 2107 4298 debeat
2151 4231 2215 4299 in
2249 4231 2387 4299 iure
2419 4231 2792 4320 porrigendi
2838 4233 3263 4321 aspersorium
3308 4233 3460 4323 Epi·

1871 4336 2064 4406 scopo
2123 4319 2201 4386 ad
2268 4319 2686 4421 collegiatam
2746 4320 2944 4407 ipsam
3001 4322 3456 4408 accedentem;

1874 4406 1979 4472 vel
2041 4407 2255 4495 potius
2314 4409 2409 4475 ius
2467 4407 2636 4476 istud
2696 4418 3018 4495 competat
3071 4408 3463 4478 cathedralis

1876 4495 2199 4563 Ecclesiae
2247 4498 2536 4584 capitulo
2584 4497 2974 4586 Episcopum
3002 4495 3377 4564 comitanti?

2010 4587 2090 4649 Et
2135 4587 2320 4651 Sacra
2366 4586 2625 4652 Rituum
2670 4584 3121 4673 congregatio,
3170 4586 3247 4652 ad
3296 4585 3462 4653 Vati-

1881 4691 2108 4739 canum
2156 4672 2461 4752 hodierna
2523 4672 2633 4739 die
2696 4674 3039 4741 coadunata
3088 4674 3153 4741 iu
3204 4672 3465 4741 Ordina-

1876 4760 1987 4826 riis
2016 4760 2328 4844 comitiis,
2362 4760 2574 4828 audita
2610 4761 2914 4828 relatione
2946 4762 3023 4828 ab
3063 4761 3464 4850 infrascripto

2956 4848 3151 4915 luries
3181 4849 3463 4936 decreta,

1884 4936 2371 5003 rescribendum
2418 4937 2667 5003 censuit
2713 4949 2780 5002 et
2825 4867 3311 5004 degniendum:

2014 5042 2054 5087 4
2087 5026 2390 5111 Spectare
2436 5026 2512 5091 ad
2563 5024 2945 5112 Dignitatem
2992 5026 3097 5091 vel
3135 5024 3469 5094 seniorem

1886 5113 2165 5199 Capituli
2210 5112 2598 5202 collegiatae
2630 5135 2699 5179 ›-

2022 5201 2134 5268 Die
2187 5203 2267 5269 10
2311 5200 2579 5270 Ianuarii
2628 5203 2825 5268 18⁸2.
