4042 5950
1548 305 1850 386 —461
1916 351 2018 366 —

267 476 360 543 Ad
411 480 457 542 1.
508 496 547 540 ι
579 470 991 553 Affirmative,
1025 467 1232 571 quoad
1267 465 1533 555 primam
1574 486 1713 568 par-

131 577 305 647 tem,
354 563 613 630 absente
684 571 897 628 tamen
950 562 1307 645 Episcop03
1372 559 1714 642 Negative,

129 652 342 740 quoad
389 649 735 719 secundam
767 670 832 714 ν.

265 740 361 807 Ad
411 744 485 807 ΙΙ.
536 760 575 804 ι
609 736 996 805 Affirmative
1024 757 1089 802 ν.

263 828 361 895 Ad
407 831 506 894 lli.
556 847 595 891 ι
626 825 934 912 Negative
966 844 1034 890 ν.

263 918 476 1002 Atque
503 914 590 981 ita
638 910 964 999 respondit
996 922 1064 978 et
1096 910 1333 977 servari
1367 907 1710 976 mandavit.

263 1006 376 1072 Die
423 1006 503 1070 27
553 1001 710 1068 lunii
762 1002 955 1068 1868.

570 1208 1274 1277 SANCTmoNlALmM

416 1317 874 1385 PERPETUAE
920 1313 1429 1384 ADORATIONIS

584 1421 693 1487 SS.
745 1419 1268 1487 SACRAMENTL

126 1212 373 1282 31⁷3.
1483 1207 1711 1294 (sans)

263 1611 854 1682 sanctimonialibus
893 1610 1235 1698 praedictis
1267 1612 1620 1680 Modoetiae
1651 1632 1715 1679 e-

127 1700 512 1769 xistentibus
556 1720 626 1768 ac
673 1698 1178 1789 postulantibus:

269 1794 329 1857 1.
381 1794 476 1856 An
518 1789 586 1857 in
632 1808 781 1855 casu
827 1787 1223 1856 deficientiae
1264 1788 1615 1872 redituum,
1653 1788 1716 1855 in

125 1878 546 1965 Expositione
617 1876 792 1946 SSmi
862 1878 1247 1944 Sacramenti
1326 1876 1561 1944 lumina
1629 1895 1712 1944 ex

123 1966 299 2050 oleo,
348 1965 573 2033 saltem
620 1984 700 2032 ex
744 1975 952 2051 parte,
1000 1963 1294 2033 substitui
1345 1963 1586 2051 possint
1618 1964 1713 2032 lu·

123 2053 409 2122 minibus
455 2051 706 2120 cereis?

259 2146 326 2210 2.
377 2144 457 2208 Et
501 2139 552 2207 si
599 2141 927 2228 negative,
979 2141 1223 2228 petitur
1269 2139 1594 2210 indultum
1640 2151 1712 2208 ut

123 2230 252 2297 boc
298 2229 403 2297 fiat
451 2248 532 2296 ex
578 2228 1072 2317 dispensatione.

261 2320 457 2390 Sacra,
519 2315 779 2385 Rituum
845 2318 1269 2405 congregatio
1336 2315 1707 2403 rescripsit:

123 2428 162 2472 ι
200 2404 508 2505 Negative
552 2404 630 2472 ad
680 2414 1027 2491 utrumque
1061 2428 1129 2474 ν.

262 2496 372 2560 Die
420 2495 502 2560 27
549 2491 710 2560 lunii
762 2495 958 2560 1868.

121 2654 372 2723 31⁷4.
764 2654 1069 2722 ORDINIS

501 2762 939 2828 EchLcE
959 2763 1269 2832 A'roRu
1289 2764 1348 2828 Μ

641 2867 706 2933 8.
757 2866 1199 2933 ΔΠΕῙῙΒΤΙΝΙ.

1482 2653 1709 2743 (saco)

258 3028 414 3092 Rev.
486 3026 667 3088 Pater
734 3018 1180 3089 constantinus
1247 3042 1279 3086 a
1349 3025 1412 3090 S.
1479 3025 1710 3091 Ioanne

117 3112 397 3201 Baptista
465 3108 815 3178 hodiernus
870 3107 1047 3174 Prior
1107 3112 1473 3177 conventus
1530 3109 1708 3179 Ordi-

117 3201 224 3268 nis
287 3198 806 3267 Excalceatorum
876 3199 942 3264 S.
1007 3196 1344 3283 Augustini
1415 3198 1478 3265 in
1544 3197 1708 3267 civi-

117 3298 257 3355 tate
322 3286 657 3371 lanuensi,
729 3284 830 3352 cui
898 3284 1354 3353 demandatum
1418 3298 1513 3353 est
1568 3305 1708 3355 mu·

118 3396 248 3443 nns
292 3373 671 3443 conficiendi
732 3373 1174 3441 calendarium
1243 3393 1359 3462 pro
1416 3374 1708 3443 Alumnis

117 3462 282 3532 dicti
326 3465 720 3546 conventus,
772 3461 1056 3528 incertus
1121 3461 1320 3529 haesit
1366 3481 1444 3528 an
1491 3462 1556 3529 in
1603 3482 1709 3530 eo·

118 3553 277 3620 dem
322 3550 721 3636 calendario,
769 3558 1025 3637 praeter
1069 3548 1450 3637 praecipuos
1505 3550 1709 3637 Regni

119 3650 188 3707 et
243 3638 526 3707 civitatis
592 3641 927 3722 Patronus,
983 3638 1329 3706 'l’itularem
1386 3640 1707 3707 Ecclesiae

117 3727 642 3813 metropolitanae
703 3725 1123 3813 eiusdemque
1190 3726 1708 3795 Anniversarium

118 3814 547 3885 Dedicationis
576 3863 593 3897 ,
646 3813 856 3883 locum
903 3814 1092 3881 etiam
1139 3814 1408 3883 babeant
1454 3818 1709 3884 Sancto-

119 3923 269 3972 rum
319 3915 383 3972 et
427 3907 765 3971 Beatorum
826 3901 1039 3970 Officia
1083 3921 1287 3989 quae,
1338 3903 1709 3973 instantibus

117 3993 470 4092 Republica
541 3990 830 4063 lanuensi
887 4003 952 4056 et
1003 3990 1326 4059 Sardiniae
1385 3991 1707 4079 Regibus,

120 4091 384 4167 utrique
430 4081 618 4150 clero
667 4078 911 4147 indulta
955 4087 1141 4163 sunt3
1178 4076 1465 4165 itemque
1501 4079 1711 4149 Officia

122 4168 277 4254 illa,
327 4188 492 4255 quae
539 4187 620 4239 ex
669 4166 1030 4254 particulari
1088 4168 1500 4234 concessione
1556 4171 1707 4238 San-

121 4266 265 4325 ctae
335 4257 515 4325 Sedis
561 4257 625 4324 in
685 4254 1015 4343 praedicto
1084 4257 1418 4322 conventu
1490 4257 1711 4323 recita-

121 4345 380 4427 bantur,
413 4363 542 4412 non
587 4344 876 4412 obstante
908 4346 1203 4425 Decreto,
1237 4344 1408 4427 quod
1453 4344 1530 4411 ad
1581 4345 1713 4425 eni·

123 4455 233 4501 xas
280 4452 510 4521 preces
539 4430 679 4500 limi
711 4430 904 4498 Patris
949 4433 1082 4497 lose
1132 4430 1196 4499 bi
1241 4432 1527 4499 Palermo
1561 4445 1712 4501 tunc

119 4521 551 4589 Procuratoris
594 4520 921 4588 Generalis
983 4521 1064 4587 Or
1115 4517 1232 4585 inis
1287 4522 1709 4589 cremitarum

121 4610 336 4679 Sancti
404 4607 743 4696 Augustini
812 4607 1124 4674 concessit
1190 4627 1246 4672 s.
1313 4625 1401 4673 m.
1473 4611 1713 4697 Grego-

121 4699 257 4765 rius
302 4700 462 4784 Papa
506 4698 643 4764 xvl
691 4697 797 4764 die
860 4699 943 4764 30
999 4695 1212 4761 Martii·
1264 4698 1470 4762 1846:
1535 4708 1600 4764 et
1647 4697 1710 4763 in

119 4805 254 4873 quo
301 4796 561 4852 cavetur
624 4784 797 4870 quod
853 4784 930 4851 ad
979 4783 1402 4851 inducendam
1471 4784 1707 4853 unifor-

120 4875 412 4941 mitatem
474 4871 538 4940 in
594 4873 832 4939 Divinis
899 4870 1342 4958 persolvendis
1395 4872 1711 4940 Laudibus

119 4963 293 5029 inter
362 4961 692 5047 utriusque
755 4979 948 5026 sexus
1012 4959 1321 5026 Alumnos
1390 4959 1709 5029 enunciati

116 5048 412 5128 Ordinis;
464 5049 527 5116 in
574 5048 956 5117 eorumdem
1001 5048 1375 5117 calendario
1419 5068 1548 5116 non
1593 5048 1708 5114 alia

120 5139 186 5205 in
236 5150 567 5225 posterum
610 5138 737 5204 sint
796 5136 1191 5204 admittenda
1236 5135 1470 5223 Officia,
1520 5154 1710 5224 quam

118 5227 229 5293 illa
272 5225 349 5292 ad
398 5245 561 5312 quae
607 5226 828 5293 velex
875 5223 1163 5293 Rubricis
1194 5224 1297 5290 vel
1356 5244 1437 5292 ex
1483 5228 1710 5292 Decre-

118 5313 200 5380 tis
248 5314 438 5380 etiam
483 5313 832 5402 Regulares
881 5321 1239 5379 teneantur.
1304 5313 1400 5380 Ad
1450 5330 1709 5380 omnem

119 5401 317 5489 igitur
339 5402 734 5470 dubietatem
773 5400 1151 5486 tollendam,
1185 5412 1576 5470 memoratus
1601 5403 1707 5468 Pa·

1821 475 1921 532 ter
1950 484 1982 530 a
2014 465 2197 532 Sacra
2240 459 2500 530 Rituum
2531 455 3041 546 congregatione
3087 457 3390 526 declarari

1868 551 2047 620 etiit:
3245 589 3253 602 -

1822 572 1865 639 p
1951 645 1999 707 l.
2049 645 2147 708 An
2205 638 2270 705 in
2313 631 2688 704 calendario
2733 633 2810 700 ad
2862 652 3047 700 usum
3094 632 3407 721 praedicti

1820 731 2186 796 Conventus
2252 726 2319 792 in
2378 733 2708 813 posterum
2755 721 3143 806 ordinando,
3194 722 3407 790 locum

1820 815 2057 884 babere
2103 814 2378 883 debeant
2410 810 2517 877 illa
2563 812 2937 879 Sanctorum
2975 820 3039 877 et
3069 815 3407 878 Beatorum

1818 904 2057 989 Officia,
2089 922 2282 990 quae,
2317 898 2692 968 instantibus
2735 898 3086 988 Republica
3119 898 3407 967 lanuensi

1822 1005 1886 1060 et
1931 991 2257 1061 Sardiniae
2312 988 2628 1075 Regibus,
2678 986 2938 1074 utrique
2984 987 3172 1055 clero
3220 991 3410 1056 Secu-

1821 1081 1933 1148 lari
1981 1090 2048 1147 et
2092 1077 2391 1166 Regulari
2438 1093 2735 1144 concessa
2780 1071 2973 1142 sunt?

1953 1173 2028 1236 Π.
2077 1171 2175 1235 An
2219 1168 2445 1233 saltem
2490 1162 2704 1232 locum
2750 1164 3021 1232 babeant
3068 1162 3131 1231 in
3178 1164 3410 1231 eodem

1814 1255 2188 1326 calendario
2234 1252 2471 1335 Officia,
2521 1271 2684 1338 quae
2733 1271 2814 1320 ex
2862 1251 3226 1341 particulari
3259 1270 3406 1320 con-

1816 1344 2102 1412 cessione
2150 1347 2414 1411 Sanctae
2448 1339 2632 1411 Sedis
2666 1339 3006 1410 enunciato
3047 1340 3405 1408 conventui

1817 1452 2111 1501 concessa
2166 1431 2352 1585 ῐιόθῑθ
2398 1441 2544 1499 ante
2592 1440 3018 1496 memoratum
3062 1432 3405 1498 Decretum

1825 1521 1967 1589 anni
2019 1523 2188 1589 1846

1953 1612 2144 1677 Sacra
2188 1625 2345 1674 vero
2393 1606 2620 1675 eadem
2678 1604 3129 1694 congregatio,
3178 1606 3254 1673 ad
3308 1624 3409 1674 re·

1822 1697 2123 1764 lationem
2167 1694 2508 1783 subscripti
2555 1694 2894 1761 secretarii
2943 1704 3008 1761 et
3054 1712 3126 1760 re
3159 1703 3406 1760 mature

1818 1795 2239 1886 accurateque
2286 1801 2644 1871 perpensa,
2693 1782 3035 1868 auditaque
3093 1782 3407 1848 sententia

1819 1873 1882 1943 in
1925 1873 2178 1974 scriptis
2233 1872 2498 1940 alterius
2558 1890 2639 1939 ex
2697 1872 3208 1957 Apostolicarum
3255 1873 3405 1937 cae·

1820 1979 2253 2029 remoniarum
2299 1960 2629 2047 Magistris,
2679 1969 2921 2029 attento
2969 1961 3157 2027 etiam
3187 1977 3408 2046 supra·

1818 2061 2171 2118 memorato
2213 2054 2485 2118 Decreto
2516 2047 2645 2116 diei
2678 2051 2762 2116 30
2795 2046 2994 2115 Martii
3025 2048 3169 2114 anni
3190 2050 3401 2130 1846,

1819 2137 1882 2205 in
1931 2156 2077 2205 casu
2128 2138 2211 2205 de
2256 2155 2385 2224 quo
2444 2135 2652 2225 agitur
2713 2135 3201 2206 rescribendum
3265 2155 3412 2204 cen-

1817 2226 1992 2293 suit:
2047 2247 2084 2290 «
2115 2224 2422 2314 Negative
2469 2224 2547 2293 ad
2595 2234 2941 2310 utrumque
2977 2246 3044 2291 ν.

1948 2314 2302 2381 Declaravit
2330 2313 2619 2401 insuper,
2646 2312 2849 2380 relate
2880 2312 2960 2380 ad
2987 2311 3275 2381 Officium
3299 2314 3405 2381 Sa-

1815 2420 2068 2469 crarum
2134 2401 2570 2489 Reliquiarum
2601 2446 2621 2484 ,
2668 2400 2839 2487 quod
2914 2400 3174 2469 retineri
3242 2400 3405 2470 illud

1814 2490 2078 2577 quidem
2127 2491 2322 2578 possit
2383 2489 2504 2558 sub
2570 2488 2700 2556 ritu
2769 2488 3013 2578 duplici
3080 2489 3406 2557 secundae

1818 2578 2078 2646 classis:
2147 2589 2427 2646 attamen
2504 2576 2961 2646 celebrandum
3026 2576 3107 2646 sit
3172 2578 3401 2647 eadem

1817 2667 1925 2735 die
1954 2714 1972 2750 ,
2021 2687 2141 2754 qua
2210 2667 2275 2735 in
2317 2666 2690 2734 Calendario
2758 2665 3008 2735 Ordinis
3078 2667 3408 2755 peragitur

1817 2760 2075 2823 Festum
2123 2759 2453 2824 Sacrarum
2497 2754 2934 2841 Reliquiarum
2987 2774 3101 2822 seu
3147 2757 3405 2823 Sancto-

1816 2862 1985 2927 rum,
2019 2862 2297 2931 quorum
2346 2844 2628 2931 corpora
2660 2844 2761 2910 vel
2816 2840 3145 2928 Reliquiae
3192 2843 3256 2909 in
3288 2846 3405 2910 Ec-

1816 2931 2027 2999 clesiis
2068 2930 2318 3001 Ordinis
2364 2941 2793 2998 asservantur.

1946 3022 2157 3108 Atque
2191 3019 2274 3085 ita
2301 3018 2651 3107 rescripsit,
2687 3019 3035 3088 declaravit
3065 3040 3134 3087 ac
3170 3018 3406 3088 servari

1819 3107 2167 3175 mandavit.

1948 3196 2063 3264 Die
2109 3199 2193 3265 27
2240 3194 2398 3264 lunii
2451 3198 2644 3263 1868.

1817 3336 2060 3407 31⁷5.
2446 3335 2765 3401 mma.
3174 3335 3403 3427 (5401)

1945 3461 2490 3529 Caeremoniarius
2531 3460 3052 3564 metropolitanae
3085 3459 3406 3528 Ecclesiae

1814 3548 2096 3619 civitatis
2140 3548 2434 3617 Limanae
2479 3551 2860 3640 suppliciter
2914 3547 3284 3639 postulavit,
3334 3558 3407 3615 ut

1815 3642 2000 3708 Sacra
2045 3637 2307 3706 Rituum
2355 3640 2777 3740 congregatio
2824 3637 3155 3725 sequeutia
3207 3636 3401 3708 dubia

1815 3728 2070 3804 solvere
2115 3725 2528 3813 dignaretur;
2586 3727 2932 3797 mmirum:

1948 3812 2223 3881 Dubium
2268 3819 2320 3882 1.
2368 3820 2436 3883 ln
2487 3816 2928 3884 Anniversario
2990 3812 3407 3884 Dedicationis

1815 3901 2134 3970 Ecclesiae
2193 3905 2714 3992 metropolitanae
2775 3905 3070 3972 Limanae
3123 3901 3406 3969 Civitatis

1816 3992 1887 4059 tlt
1929 3990 2252 4057 Processio
2299 3990 2363 4058 in
2411 3993 2681 4061 circuitu
2726 3992 3016 4065 interiori
3087 3990 3409 4058 Ecclesiae

1816 4090 1880 4147 et
1938 4081 2174 4145 Cruces
2233 4080 2734 4149 consecrationis
2796 4081 3225 4148 incensantur.
3277 4084 3404 4146 lam

1817 4184 1971 4236 vero
2001 4166 2078 4233 ab
2108 4166 2425 4251 aliquibus
2458 4173 2789 4240 sacrarum
2823 4167 3239 4235 Rubricarum
3286 4166 3401 4235 mi-

1814 4255 1989 4323 nime
2034 4253 2256 4343 peritis
2286 4257 2616 4340 asseritur,
2641 4257 2814 4343 quod
2846 4259 3084 4325 cruces
3115 4255 3400 4323 laudatae

1816 4341 2126 4411 incensari
2157 4342 2432 4411 debeant
2464 4367 2496 4411 a
2528 4343 2841 4414 canonico
2891 4345 3258 4414 celebrante
3290 4343 3405 4412 fle-

1814 4432 1907 4498 xis
1953 4431 2263 4519 genibus,
2313 4431 2607 4500 omnibus
2653 4433 2790 4499 aliis
2852 4432 3405 4502 circumstantibus

1813 4518 2002 4587 simili
2050 4519 2243 4586 modo
2296 4520 2680 4607 genuflexis.
2740 4521 2970 4590 Dicunt
3028 4522 3199 4608 quod
3248 4522 3404 4589 baec

1816 4607 2218 4675 consuetudo
2285 4627 2547 4695 semper
2606 4608 2806 4696 viguit
2869 4609 2932 4675 in
2991 4611 3106 4677 hac
3175 4609 3407 4678 cathe-

1815 4695 2013 4783 drali3
2063 4696 2179 4763 sed
2228 4697 2488 4764 videtur
2546 4697 2806 4765 omnino
2866 4717 2946 4764 ex
3009 4697 3403 4784 ignorantia;

1813 4802 1959 4850 nam
2026 4786 2198 4851 crux
2244 4784 2474 4852 Altaris
2520 4798 2585 4852 et
2634 4787 2763 4872 ipsa
2830 4784 3118 4872 Reliquis
3173 4788 3401 4856 SSmae

1814 4871 2033 4939 crucis
2079 4890 2206 4939 non
2251 4885 2349 4940 est
2381 4872 2756 4941 incensanda
2801 4896 2834 4941 a
2880 4872 3260 4942 celebrante
3292 4892 3405 4961 ge-

1813 4958 2097 5027 nuflexo.
2147 4961 2392 5029 Petitur
2424 4962 2619 5049 igitur
2650 4973 2721 5028 ut
2751 4965 2937 5031 Sacra
2977 4963 3404 5062 congregatio

1813 5048 2128 5130 declaret,
2160 5049 2269 5116 tali
2305 5051 2496 5118 modo
2544 5059 2616 5116 ut
2662 5050 2741 5115 ab
2785 5050 3079 5119 omnibus
3126 5050 3401 5139 intelligi

1963 5136 2050 5201 it:
2104 5140 2165 5202 1.
2215 5141 2312 5206 An
2358 5140 2596 5206 cruces
2640 5139 3043 5226 supradictae
3090 5136 3401 5206 incensari

1859 5222 2089 5290 ebeant
2134 5244 2165 5289 a
2199 5227 2580 5295 celebrante
2629 5226 2811 5293 flexis
2843 5223 3164 5314 genibus?
3205 5231 3271 5295 2.
3304 5230 3402 5297 An

1811 5314 1888 5381 ab
1934 5310 2070 5378 aliis
2114 5311 2665 5382 ciscumstantibus
2733 5315 3090 5403 genuflexis
3157 5315 3400 5384 adorari

1815 5395 2143 5469 debeant?
