4042 5950
1686 300 2178 377 ...3-...

214 459 452 526 2171.
684 459 915 525 URBlS
956 460 1058 523 ET
1103 459 1351 524 ORBIS.
1581 457 1810 545 (3748)

352 637 519 701 Cum
559 651 724 708 anno
764 635 929 698 1707
965 631 1258 717 proxime
1308 630 1523 696 futuro
1555 633 1810 696 Festum

212 721 431 789 Sancti
496 722 681 785 Marci
743 719 1188 805 Evangelistae
1250 730 1541 785 occurrat
1589 719 1652 784 in
1679 723 1810 784 ·Fe·

216 810 309 875 ria
345 815 392 877 ll
432 817 583 896 post
627 806 1018 875 Dominicam
1066 804 1602 890 Resurrectionis,
1640 817 1704 870 et
1735 806 1815 869 si·

212 900 464 963 militer
496 901 752 962 Festum
787 897 1162 960 Sanctorum
1188 893 1646 980 Apostolorum
1677 892 1817 959 Phi-

217 985 381 1074 lippi
418 996 486 1051 et
517 983 719 1050 lacobi
767 984 831 1048 in
881 982 1203 1050 Dominica
1237 980 1299 1046 in
1333 981 1534 1064 Albis,
1568 1002 1637 1048 ac
1669 1001 1815 1069 pro·

216 1085 447 1161 pterea
497 1073 673 1138 iuxta
717 1070 1018 1137 Rubricas
1049 1079 1403 1153 utrumque
1433 1071 1516 1134 sit
1550 1067 1813 1137 transfe-

216 1161 537 1237 rendum;
619 1159 931 1225 uaesitum
963 1158 1081 1224 fuit
1113 1178 1143 1221 a
1179 1160 1458 1229 S.R.c.:
1486 1157 1812 1233 Quodnam

218 1268 451 1315 eorum
514 1249 599 1314 de
686 1260 747 1312 at
808 1247 873 1313 in
918 1246 1330 1312 translatione
1393 1245 1702 1333 praeferri
1748 1256 1813 1311 et

216 1338 398 1422 prius
448 1332 730 1423 reponi?

350 1429 435 1490 Et
468 1427 533 1491 S.
571 1428 644 1490 R.
670 1427 773 1508 C.,
795 1420 1091 1488 omnibus
1126 1421 1287 1488 bene
1326 1422 1688 1509 perpensiS,
1718 1442 1817 1487 re—

218 1514 479 1579 ferente
510 1515 670 1577 Emo
695 1523 760 1576 et
784 1514 942 1578 Rmo
968 1510 1247 1576 D.Card.
1272 1508 1642 1592 Colloredo,
1671 1527 1818 1575 cen-

214 1599 375 1664 suit:
400 1622 437 1661 ι
459 1599 960 1681 Praeter-endum
987 1617 1124 1663 esse
1138 1598 1436 1665 ‚Officium
1460 1601 1524 1664 S.
1545 1599 1812 1662 Marci».

216 1691 295 1752 Et
342 1687 428 1752 ita
464 1685 757 1752 decrevit
790 1696 856 1752 et
887 1684 1124 1751 servari
1173 1685 1521 1753 mandavit.
1573 1684 1686 1751 Die
1740 1688 1814 1750 17

220 1775 364 1841 lulii
420 1778 612 1842 1706.

223 1898 466 1966 2172.

814 1898 1232 1963 russum.
1588 1894 1813 1983 (3752)

358 2043 449 2103 Ex
509 2049 690 2124 parte
756 2033 1235 2137 Archiepiscopi
1306 2035 1590 2103 Theatini
1655 2056 1685 2100 a
1748 2038 1813 2104 S.

220 2129 296 2191 R.
326 2129 402 2191 C.
453 2125 730 2192 demisse
799 2126 1225 2213 supplicatum
1286 2123 1406 2190 tuit
1464 2123 1814 2191 declarari:

359 2216 455 2280 An
502 2213 1012 2300 permittendum
1074 2212 1154 2275 sit
1208 2210 1600 2278 cancellario
1661 2212 1822 2278 Civi-

222 2301 371 2368 tatis
424 2301 768 2368 Theatinae
821 2300 999 2367 Feria
1057 2302 1110 2366 V
1174 2298 1238 2365 in
1282 2302 1492 2365 Coena
1538 2298 1813 2382 Domini,

220 2390 401 2456 iuter
430 2392 612 2458 Sacra
660 2388 966 2454 solemnia
1004 2385 1262 2475 publico
1293 2386 1576 2451 Civitatis
1602 2386 1818 2474 'sigillo

219 2476 563 2561 obsignare
607 2483 833 2543 Arcam
878 2474 941 2539 in
990 2495 1111 2562 qua
1145 2472 1499 2559 repositum
1540 2486 1637 2540 est
1669 2476 1819 2541 San-

221 2578 399 2630 ctum
471 2562 718 2630 Domini
788 2567 837 2631 C
960 2584 1032 2630 us
1063 2612 1079 2645 ‚
1166 2562 1458 2646 illudque
1535 2561 1819 2647 sigillum

213 2651 518 2736 sequenti
567 2651 677 2717 die
712 2650 879 2717 inter
1042 2670 1111 2716 ra
1158 2649 1314 2714 item
1361 2649 1669 2715 solemnia
1701 2669 1819 2737 pu·

220 2738 393 2805 blice
444 2739 597 2805 iude
647 2734 954 2805 auferre?

356 2829 436 2890 Et
481 2829 546 2893 S.
577 2830 653 2894 R.
683 2829 755 2893 0.
792 2825 1161 2911 respondit:
1214 2846 1252 2888 ι
1283 2823 1589 2910 Negative
1624 2847 1687 2891 ν.
1740 2828 1821 2890 Et

217 2915 303 2979 ita
352 2913 729 2980 declaravit.
781 2913 891 2980 Die
945 2915 1027 2980 18
1074 2912 1472 3002 Septembris
1510 2915 1700 2983 1706.

217 3093 465 3163 2173.
688 3095 914 3159 URBIS
958 3094 1061 3157 ET
1105 3093 1351 3159 ORBlS.

356 3265 636 3333 Remissa
661 3286 691 3330 a
717 3268 914 3333 SSmo
938 3266 1201 3331 Domino
1232 3268 1459 3332 Nostro
1481 3267 1817 3332 Clemente

218 3358 336 3420 PP.
372 3357 454 3420 XI
492 3354 569 3419 ad
604 3356 668 3418 S.
708 3356 780 3419 R.
817 3355 896 3420 C.
928 3352 1318 3419 discussione
1366 3353 1585 3419 dubii:

357 3444 480 3524 An,
532 3451 913 3507 occurrente
962 3440 1190 3528 vigilia
1236 3441 1590 3508 Nativitatis
1629 3444 1693 3508 S.
1723 3445 1816 3506 lo·

219 3530 409 3595 anuis
456 3527 769 3614 Baptistae
817 3528 881 3594 in
929 3529 1035 3594 die
1081 3532 1267 3595 Festo
1315 3527 1489 3595 SSmi
1520 3528 1819 3614 Corporis

215 3616 495 3697 Christi,
545 3615 884 3701 anticipato
949 3614 1184 3682 ieiunio
1234 3615 1503 3702 vigiliae
1564 3615 1816 3704 praedi-

217 3715 365 3769 ctae
416 3704 479 3768 in
526 3703 699 3767 diem
740 3706 822 3769 22
876 3703 1027 3769 lunii
1078 3705 1154 3770 ad
1204 3703 1470 3768 formam
1498 3703 1820 3776 Constitu·

221 3792 416 3856 tionis
468 3792 629 3856 Cum
672 3795 924 3858 evenire
968 3792 1348 3874 quandoque
1372 3795 1596 3874 possit,
1634 3810 1689 3854 s.
1726 3809 1815 3856 m.

219 3877 463 3945 Urbani
504 3880 615 3942 PP.
654 3881 809 3960 Vlll,
846 3878 1079 3945 debeat
1110 3877 1174 3944 in
1204 3877 1423 3946 Officio
1456 3878 1582 3944 diei
1610 3882 1817 3945 2210-

221 3966 315 4032 nii
364 3966 451 4032 de
499 3965 791 4031 eiusdem
839 3966 1188 4052 Evangelio
1235 3985 1399 4033 nona
1443 3965 1659 4032 Lectio
1723 3986 1821 4031 re-

220 4055 441 4136 citari,
485 4064 550 4120 et
598 4053 658 4119 in
705 4053 922 4120 Officio
978 4065 1043 4119 et
1082 4053 1257 4120 Missa
1290 4055 1373 4121 de
1408 4054 1629 4119 eadem
1680 4054 1817 4119 fieri

222 4141 756 4207 commemoratio
779 4139 811 4207 ἵ·

362 4229 600 4294 Eadem
634 4231 698 4295 S.
730 4232 803 4295 R.
833 4232 935 4312 C.,
971 4227 1262 4294 omnibus
1296 4228 1461 4293 bene
1485 4230 1819 4316 perpensis

222 4327 295 4381 et
406 4315 602 4381 luries
662 4315 1111 4398 consideratio,
1176 4319 1333 4382 Emo
1396 4325 1460 4381 et
1518 4319 1675 4381 Rmo
1739 4320 1816 4382 D.

222 4336 415 4469 (lanf.
468 4404 814 4470 Colloredo
862 4403 1234 4469 referente:
1294 4423 1332 4465 ι
1367 4401 1530 4468 Nihil
1582 4403 1664 4469 de
1713 4403 1817 4471 vi-

224 4490 377 4576 gilia
414 4489 478 4555 in
516 4491 733 4557 Officio
769 4503 833 4556 et
864 4490 1039 4556 Missa
1072 4490 1513 4577 peragendum
1545 4490 1817 4573 censuit,

224 4579 281 4643 si
316 4581 513 4644 SSmo
542 4577 815 4644 Domino
859 4581 1087 4644 Nostro
1132 4577 1459 4644 videbitur
1483 4601 1548 4642 ».
1591 4576 1705 4645 Die
1741 4581 1821 4645 18

224 4665 629 4754 Septembris
682 4669 877 4733 1700.
1706 4665 1717 4676 ’

363 4759 442 4819 Ει
492 4753 651 4819 iacta
704 4773 824 4840 per
873 4773 976 4820 me
1025 4752 1452 4819 Secretarium
1507 4754 1587 4819 de
1635 4771 1817 4840 prae-

223 4841 419 4907 dictis
464 4844 658 4907 SSfilo
706 4839 974 4920 Domino
1022 4842 1248 4906 Nostro
1292 4840 1628 4922 relatione,
1669 4844 1818 4907 San-

223 4927 412 4996 ctitas
474 4932 595 4995 Sua
669 4928 944 5015 benigne
1013 4928 1257 4995 annuit.
1320 4928 1430 4994 Die
1490 4930 1531 4994 2
1595 4927 1820 4993 Mensis

220 5016 519 5083 Octobris
564 5016 856 5083 eiusdem
903 5017 1075 5083 anni.

224 5160 281 5226 2
294 5158 470 5230 1⁷4.
791 5158 1261 5224 FERENTlNA.

361 5279 808 5347 cathedralem
855 5278 1202 5345 Ecclesiam
1234 5281 1609 5344 Sanctorum
1646 5281 1817 5342 loan-

223 5369 324 5436 nis
355 5380 424 5434 et
464 5367 635 5435 Pauli
686 5366 1088 5433 Ferentinam
1130 5364 1318 5432 nimis
1359 5366 1614 5447 rudem,
1656 5364 1816 5430 anti-

1589 5154 1816 5241 (3755)

1575 3090 1823 3179 (3733)
1905 3099 1913 3112 “

1918 469 2170 543 quatam
2220 468 2286 524 et
2331 457 2571 544 absque
2618 457 2896 543 laqueari
2931 468 3360 526 constructam
3395 460 3506 546 (ex

1921 545 2317 626 traditione),
2347 564 2508 611 anno
2540 545 2759 611 salutis
2784 546 3093 613 humanae
3127 549 3319 631 1100,
3341 555 3512 633 post-

1912 632 2185 717 modum
2233 633 2596 719 Capitulum
2661 646 2725 698 et
2784 633 3078 700 Canonici
3120 654 3281 700 anno
3343 635 3511 701 1093

1921 730 1986 787 et
2032 718 2565 807 subsequentibus
2615 719 2854 788 fornice
2895 721 3308 807 decorarunt,
3351 724 3512 788 inte-

1920 808 2124 874 riores
2157 807 2429 897 parietes
2475 828 2506 873 a
2538 808 2676 873 solo
2723 808 2799 875 ad
2843 811 3102 876 culmen
3151 810 3507 898 emargina·
3551 830 3556 841 ·

1921 910 2184 981 verunt,
2242 897 2568 964 columnas
2614 896 2917 981 quasdam
2966 916 3130 964 novo
3179 909 3513 964 caemento

1922 984 2426 1052 circumvestitas
2485 984 2883 1067 glutinarunt
2954 998 3018 1050 et
3086 984 3511 1069 dealbarunt,

1922 1073 2258 1160 Cappellas
2304 1072 2597 1138 laterales
2641 1069 2977 1138 demolitas
3022 1074 3266 1138 recenti
3298 1073 3513 1139 studio

1927 1160 1990 1226 in
2037 1159 2281 1246 aequali
2330 1160 2454 1224 situ
2521 1171 3057 1246 composuerunt,
3123 1158 3203 1224 ita
3268 1171 3339 1227 ut
3387 1172 3510 1227 tota

1923 1266 2065 1332 pars
2115 1248 2381 1315 interior
2414 1257 2478 1312 et
2512 1247 2715 1313 forma
2746 1247 3069 1313 Ecclesiae
3101 1266 3232 1313 non
3263 1258 3512 1315 tantum

1922 1344 2266 1404 restaurata
2308 1335 2422 1401 sed
2475 1335 2728 1401 insimul
2782 1346 3074 1400 renovata
3122 1347 3444 1423 appareat.

2056 1426 2453 1512 Scripturas,
2502 1425 2932 1503 monumenta,
2983 1421 3246 1508 Signum
3295 1426 3524 1515 Crucis*

1920 1509 1986 1575 in
2025 1516 2281 1598 *pariete
2316 1522 2379 1577 et
2410 1510 2526 1577 alia
2573 1509 2799 1589 similia
2829 1512 3381 1578 consecrationem
3421 1514 3514 1579 in-

1918 1594 2192 1668 dicantia
2226 1598 2452 1666 nullibi
2503 1598 2818 1665 habentur
2864 1617 2983 1684 pro
3033 1608 3161 1664 tota
3203 1599 3509 1685 Ecclesia,

1923 1691 2037 1756 sed
2073 1687 2516 1755 tantummodo
2548 1706 2666 1771 pro
2699 1689 2814 1752 Ara
2847 1686 3068 1751 maiori
3104 1698 3297 1772 prout
3329 1688 3515 1754 huius

1925 1777 2228 1844 memoria
2293 1774 2527 1860 legitur
2581 1772 2650 1839 in
2711 1773 3044 1856 schedula,
3113 1793 3276 1840 anno
3349 1779 3514 1842 157ss

1920 1866 2027 1933 die
2075 1868 2159 1932 20
2206 1856 2611 1943 Novembris,
2661 1860 2831 1950 apud
2877 1860 3313 1948 Reliquiarum
3346 1862 3512 1948 frag·

1924 1963 2135 2019 menta
2180 1951 2300 2017 sub
2344 1967 2560 2015 mensa
2608 1948 2902 2015 eiusdem
2950 1948 3233 2016 inventa.

2054 2036 2570 2106 Anniversarium
2646 2038 2858 2102 tamen
2931 2036 3121 2103 totius
3189 2038 3510 2105 Ecclesiae

1922 2130 2042 2195 sub
2090 2125 2217 2192 fide
2267 2125 2575 2191 maiorum
2625 2122 2931 2189 recolitur
2971 2123 3076 2191 die
3118 2124 3412 2208 131unii,
3450 2126 3513 2190 in

1923 2236 2046 2302 qua
2079 2214 2317 2301 pariter
2361 2213 2437 2279 ad
2484 2211 2834 2276 Ecclesiam
2875 2215 3165 2277 Fratrum
3199 2212 3511 2278 Minorum

1925 2301 2137 2371 Sancti
2183 2300 2491 2367 Francisci
2551 2298 2929 2365 solemniter
2988 2300 3350 2366 celebratur
3396 2303 3511 2367 Fe-

1921 2403 2089 2456 stum
2149 2392 2213 2455 S.
2264 2386 2518 2454 Antonii
2572 2384 2881 2467 Patavini,
2932 2389 3172 2475 populo
3227 2387 3511 2453 Civitatis

1924 2490 1991 2544 et
2037 2476 2454 2543 finitimorum
2520 2473 2808 2539 locorum
2873 2484 3140 2560 propter
3184 2474 3513 2540 affluentes

1923 2565 2240 2631 nundinas
2293 2561 2534 2629 ibidem
2588 2560 2996 2645 adveniente,
3053 2574 3118 2628 et
3172 2562 3512 2630 Cathedra-

1925 2652 2054 2717 lem
2102 2670 2231 2718 non
2278 2651 2615 2731 visitante,
2663 2668 2784 2716 nec
2834 2650 3205 2715 memoriam
3259 2650 3511 2717 colente

1924 2759 2078 2806 suae
2122 2737 2571 2805 Dedicationis.

2052 2829 2180 2904 Qua
2230 2836 2452 2912 ropter
2496 2825 2876 2912 Episcopus,
2912 2824 3277 2913 Capitulum
3311 2837 3376 2892 et
3407 2829 3514 2893 Ca-

1923 2914 2133 2981 nonici
2225 2912 2511 2981 umiliter
2572 2916 2639 2982 S.
2689 2915 2762 2979 R.
2815 2916 2886 2981 0.
2937 2911 3400 2981 consuluerunt
3445 2925 3511 2980 et

1922 3002 2334 3089 quaesierunt
2380 3001 2688 3067 declarari
2722 3022 2739 3064 ι

2055 3094 2150 3155 An
2206 3087 2651 3175 opportuniori
2723 3100 3015 3175 tempore
3086 3091 3508 3156 consecranda
3557 3110 3563 3116 ·

1921 3177 2002 3243 sit
2049 3177 2445 3244 cathedralis
2481 3188 2547 3241 et
2578 3175 2766 3241 etiam
2799 3178 2918 3242 Ara
2950 3175 3150 3241 maior
3190 3176 3507 3257 eiusdem,

1923 3266 1987 3332 in
2034 3265 2141 3332 die
2189 3283 2315 3330 non
2356 3263 2687 3349 impedita,
2723 3274 2790 3329 ut
2826 3263 3106 3352 populus
3152 3266 3511 3330 anniversa-

1922 3353 2076 3419 riam
2126 3351 2603 3418 Dedicationem
2655 3352 2852 3439 possit
2901 3350 3236 3418 recolere?
3266 3364 3331 3417 et
3358 3371 3511 3436 qua-

1922 3453 2110 3508 tenus
2156 3438 2482 3526 negative,

2058 3530 2154 3593 An
2222 3527 2450 3593 saltem
2512 3528 2591 3593 sit
2654 3526 2832 3591 locus
2893 3525 3283 3594 translationi
3332 3528 3510 3594 anni-

1921 3616 2238 3680 versariae
2299 3614 2748 3698 solemnitatis,
2812 3634 2975 3699 quae
3039 3616 3341 3681 recolitur
3402 3614 3509 3681 die

1930 3707 2007 3769 13
2054 3702 2241 3782 lunii,
2291 3703 2366 3768 ad
2415 3702 2598 3767 aliam
2655 3702 3182 3790 opportuniorem
3231 3702 3454 3769 diem'?

2056 3793 2136 3856 Et
2182 3794 2249 3857 S.
2283 3793 2361 3857 R.
2393 3793 2496 3875 C.,
2545 3791 2621 3856 ad
2668 3791 3044 3857 relationem
3093 3790 3229 3855 Emi
3264 3801 3329 3856 et
3368 3792 3506 3858 Rmi

1923 3883 1998 3945 D.
2041 3879 2230 3944 Card.
2279 3878 2602 3944 Colloredi
2650 3877 3026 3966 respondit:
3092 3901 3129 3942 α
3163 3878 3507 3944 Ecclesiam

1920 3965 2371 4033 cathedralem
2429 3984 2558 4032 non
2611 3965 2907 4054 indigere
2968 3984 3127 4032 nova
3181 3984 3508 4032 consecra-

1924 4053 2136 4136 tione,
2185 4054 2296 4119 sed
2365 4065 2603 4119 tantum
2666 4056 2882 4120 Altare
2943 4053 3189 4137 maius3
3254 4057 3506 4119 Festum

1922 4161 2078 4206 vero
2119 4140 2542 4208 Dedicationis
2587 4141 2909 4207 Ecclesiae
2958 4160 3143 4228 posse
3179 4141 3507 4209 transferri

1922 4228 1998 4294 ab
2047 4231 2096 4293 E
2147 4227 2362 4316 iscopo
2407 4229 2486 4295 ad
2532 4229 2716 4294 aliam
2772 4230 2943 4295 diem
3006 4228 3083 4293 ab
3142 4227 3281 4318 ipso
3339 4229 3507 4295 desi-

1922 4332 2090 4401 gnan
2138 4334 2273 4398 am,
2326 4327 2388 4380 et
2435 4335 2561 4383 non
2616 4317 2891 4403 amplius
2950 4316 3403 4383 immutandam
3439 4338 3503 4382 ν.

1922 4406 2002 4468 Et
2049 4403 2133 4468 ita
2179 4404 2552 4469 declaravit.
2600 4405 2711 4469 Die
2762 4407 2843 4471 27
2892 4403 3268 4471 Novembris
3310 4406 3503 4471 1706.

1927 4575 2166 4644 2175.
2227 4627 2231 4632 .
2394 4576 3037 4642 ὃΕΡΤΕΜΡΕΒΑΝΑ.
3277 4573 3501 4660 (3737)

2057 4755 2175 4817 Per
2233 4754 2667 4817 Promotorem
2724 4748 3028 4815 Fiscalem
3085 4748 3310 4814 Curiae
3372 4748 3505 4835 epi·

1921 4837 2191 4924 scopalis
2235 4836 2514 4904 Civitatis
2566 4837 3121 4923 Septempedanae
3176 4835 3508 4903 humiliter

1923 4948 1955 4992 a
2003 4929 2069 4994 S.
2106 4929 2180 4992 R.
2214 4928 2290 4994 C.
2323 4926 2751 5014 supplicatum
2799 4923 2919 4990 fuit
2965 4922 3313 4990 declarari:

2051 5015 2147 5078 An
2194 5014 2276 5079 sit
2322 5012 2739 5093 attendenda,
2772 5022 3086 5098 quatenus
3133 5010 3322 5094 adsit,
3358 5029 3506 5076 con-

1922 5100 2199 5168 suetudo
2247 5101 2437 5165 etiam
2487 5099 2849 5186 longissima
2899 5099 3070 5185 quod
3128 5118 3247 5185 per
3291 5098 3506 5165 Diaco-

1923 5206 2078 5255 num
2127 5199 2413 5273 paratum
2461 5187 2914 5254 inservientem
2947 5187 3161 5253 missae
3205 5186 3505 5269 solemni,

1925 5287 1990 5342 et
2031 5276 2222 5341 etiam
2253 5275 2567 5364 Episcopo
2599 5276 2992 5357 celebrante,
3028 5272 3502 5356 thurificentur,

1921 5375 2065 5450 post
2109 5364 2566 5451 Magistratum,
2599 5364 2704 5430 alii
2755 5383 2838 5429 ex
2883 5362 3058 5430 omni
3085 5378 3328 5447 genere
3362 5379 3506 5450 per·
