4042 5950
1543 362 1963 441 -65-

274 520 326 581 1.
374 518 756 583 Occurrente
825 522 1011 584 Festo
1066 517 1311 606 duplici
1378 518 1699 586 secundae
1803 520 2050 592 232⁷.
2343 524 2848 589 MEGHLINIEN.

168 603 341 669 classis
382 613 656 670 octavam
706 605 978 672 habente
1026 626 1173 674 cum
1219 607 1540 674 Dominica
1588 609 1698 673 Se-

166 695 586 778 ptuassesimae,
636 703 700 758 et
747 694 1190 788 ‘sequentibus
1239 695 1464 762 diebus
1510 713 1698 761 occu·
1932 701 2029 762 Ex
2068 705 2249 782 parte
2297 697 2433 762 Emi
2464 708 2529 763 et
2568 695 2707 765 Rmi
2755 695 3001 762 Domini
3026 694 3384 762 'cardinalis

163 780 315 865 patis)
361 780 650 847 translato
710 801 740 845 a
847 801 1124 867 sequens
1186 781 1548 866 Sabbatum,
1597 802 1697 849 se·
1799 784 2075 850 'rhomae
2112 783 2192 849 de
2218 783 2445 852 Alsatia
2462 784 2937 871 Arcbiepiscopi
2972 782 3379 851 Mechtinien.

162 867 366 933 eundae
413 870 729 955 vesperae
779 882 1056 937 eruntne
1103 882 1173 937 ut
1223 869 1288 937 in
1333 870 1555 957 primis
1593 880 1697 936 aut
1799 872 1967 959 apud
2001 874 2252 939 S.R·.c.
2291 871 2479 939 enixe
2518 872 2947 961 supplicatum
2980 872 3126 954 fnit,
3161 881 3231 936 ut
3263 874 3383 938 De-

161 965 214 1018 ιιι
251 956 304 1056 in
343 956 629 1054 secundis
676 957 839 1022 Festi
888 977 1037 1024 cum
1085 958 1690 1026 commemoratione
1795 969 1993 1042 creta,
2044 960 2164 1025 iam
2210 979 2325 1048 pro
2371 961 2653 1027 Ecclesia
2699 959 3060 1027 cathedrali
3094 963 3374 1046 Burgen.

159 1047 467 1109 Dominicae
537 1044 601 1109 in
659 1044 1122 1133 sexagesima?
1177 1046 1282 1112 vel
1357 1056 1544 1114 erunt
1606 1046 1687 1113 de
1795 1045 1915 1112 sub
1953 1048 2057 1113 die
2096 1052 2179 1114 23
2221 1047 2380 1115 lunii
2416 1052 2581 1116 1736
2621 1048 2699 1114 ab
2724 1048 2952 1114 eadem
2984 1050 3049 1114 S.
3080 1050 3150 1114 G.
3181 1046 3377 1129 edita,

159 1131 413 1198 Psalterio
441 1152 474 1195 a
503 1131 796 1219 capitulo
844 1135 923 1200 de
967 1134 1292 1202 Dominica
1324 1154 1472 1200 cum
1519 1153 1687 1200 com·
1796 1135 1872 1201 ad
1934 1135 2481 1221 metropolitanam
2555 1136 2955 1203 Mechlinien.
3023 1135 3377 1201 extendere

156 1219 562 1286 memoratione
630 1218 715 1285 de
761 1221 870 1289 die
939 1234 1152 1289 octava
1216 1234 1286 1288 ut
1347 1223 1410 1288 in
1468 1222 1687 1309 primis
1793 1224 2204 1310 dignaretur,
2256 1235 2446 1313 prout
2492 1224 2851 1291 resolutum
2897 1222 3018 1290 fuit
3063 1224 3139 1291 ad
3190 1221 3378 1289 inira-

3153 522 3382 609 (aoso)

159 1308 406 1395 vesperis
447 1305 668 1374 Festi?
718 1319 785 1373 et
831 1310 987 1395 quid
1035 1310 1085 1374 si
1134 1310 1272 1377 dies
1317 1319 1529 1377 octava
1579 1311 1686 1376 ha·

159 1394 270 1460 beat
305 1395 657 1463 Orationem
699 1395 1076 1485 propriam?

258 1487 312 1548 2.
360 1487 448 1549 An
493 1488 682 1552 Festo
728 1485 1187 1552 Purificationis
1231 1491 1303 1552 B.
1334 1491 1415 1552 Μ.
1454 1489 1530 1553 V.
1582 1507 1685 1553 oc·-

157 1582 405 1636 currente
458 1572 519 1638 in
577 1572 963 1660 supradictis
1019 1574 1385 1658 Dominicis,
1434 1583 1572 1640 tum
1620 1574 1684 1641 in

159 1658 403 1724 Ecclesiis
458 1660 687 1726 dicatis
748 1660 869 1727 sub
930 1661 1115 1727 titulo
1177 1662 1684 1729 Annuntiationis

157 1746 233 1809 vel
274 1748 719 1836 Assumptionis
766 1759 922 1834 etc.‚
972 1749 1171 1836 possit
1217 1749 1340 1816 dici
1391 1750 1568 1818 Missa
1599 1751 1684 1816 de

156 1833 580 1902 Purificatione?
628 1847 694 1902 et
739 1857 816 1904 an
867 1839 931 1902 in
979 1838 1277 1904 Ecclesiis
1322 1837 1682 1928 praecipuis

157 1924 439 1990 cantandae
497 1925 630 1993 sint
688 1927 854 1993 duae
913 1926 1169 2009 Missae,
1233 1927 1315 1993 de
1365 1927 1686 1994 Dominica

153 2030 340 2099 nempe
384 2025 446 2078 et
487 2014 574 2080 de
625 2012 1115 2081 purificatione?
1167 2033 1236 2079 ac
1281 2014 1388 2081 ubi
1437 2024 1680 2082 tantum

154 2110 387 2166 cantatur
428 2121 548 2168 una
597 2102 814 2190 Missa,
883 2102 1033 2171 idne
1081 2102 1220 2170 fieri
1268 2102 1501 2169 debeat
1544 2105 1681 2170 sine

61 2253 62 2260 ¹
153 2186 362 2253 alterius
404 2188 1063 2258 commemoratione?

253 2281 309 2342 3.
352 2281 441 2343 An
484 2279 546 2344 in
598 2279 1010 2346 processione
1050 2279 1268 2348 Feriae
1300 2285 1376 2348 Vl
1412 2281 1477 2347 in
1506 2284 1681 2348 Para·

151 2381 300 2430 scere
340 2385 563 2454 cappae
612 2386 727 2433 seu
759 2366 1059 2454 pluvialia
1095 2368 1529 2437 deferentium
1575 2371 1683 2437 ba-

152 2461 246 2514 stas
283 2451 653 2539 baldacbini,
717 2455 994 2522 debeant
1041 2456 1418 2524 conformari
1467 2459 1527 2524 in
1577 2480 1684 2526 co·

61 2557 62 2614 3
155 2537 257 2604 lore
295 2561 428 2610 cum
457 2543 851 2622 indumentis
898 2541 1096 2631 nigris
1141 2543 1538 2613 celebrantis
1576 2558 1683 2613 aut

153 2645 260 2691 cuin
300 2630 428 2697 albo
471 2628 886 2700 baldachini'?
1413 2703 1430 2720 „
1579 2677 1590 2687 -

253 2719 308 2781 4.
350 2723 440 2785 An
493 2721 559 2787 in
615 2720 984 2787 adoratione
1037 2721 1255 2787 Crucis
1314 2722 1520 2789 dictae
1567 2726 1681 2789 Fe-

149 2800 245 2901 riae
283 2806 544 2876 debeant
581 2808 930 2874 celebrans
961 2819 1027 2874 et
1057 2810 1319 2876 Ministri
1352 2811 1682 2897 deponere

149 2899 296 2956 etiam
335 2894 785 2985 manipulum?

181 2986 300 3079 ..5·
343 2987 733 3052 occurrente
776 2990 965 3052 Festo
1009 2987 1417 3073 semiduplici
1466 2990 1530 3054 in
1575 2987 1682 3054 Vi-

147 3067 260 3150 gilia
301 3072 554 3140 alicuius
600 3074 918 3161 Apostoli,
961 3074 1023 3143 in
1071 3075 1246 3142 Missa
1282 3077 1448 3143 Festi
1495 3073 1679 3142 tertia

61 3240 62 3251 ἵ
143 3156 307 3224 Oratio
349 3161 552 3228 eritne
599 3165 654 3227 A
703 3166 956 3228 cunctis
1001 3167 1105 3231 vel
1158 3164 1483 3230 Concede!

242 3250 299 3312 6.
343 3249 400 3317 Si
447 3250 726 3316 secunda
772 3251 979 3317 Oratio
1011 3263 1108 3318 est
1137 3254 1222 3320 de
1255 3253 1495 3341 Spiritu
1528 3255 1676 3319 San·

61 3314 62 3329 ³
145 3342 251 3430 eto,
290 3347 389 3403 aut
434 3339 517 3406 de
565 3357 646 3404 eo
701 3338 773 3405 fit
818 3340 1098 3424 mentio,
1149 3341 1334 3408 tertia
1391 3342 1525 3407 sive
1581 3340 1677 3405 ul-

61 3450 62 3477 ι
145 3430 256 3486 tima
282 3424 554 3494 debetne
584 3426 884 3494 concludi
909 3429 1183 3497 ciusdem
1210 3429 1499 3513 Spiritus
1520 3430 1678 3493 Sait-

145 3512 212 3573 ctt‘
235 3513 384 3579 etc}
426 3513 523 3602 (1)

247 3604 313 3665 Et
356 3607 418 3671 S.
455 3608 536 3671 R.
577 3606 685 3688 (3.,
718 3604 796 3671 ad
827 3605 1203 3672 relationem
1251 3604 1391 3671 Emi
1426 3615 1494 3669 et
1535 3604 1675 3670 Rfiii

147 3685 199 3747 D·
247 3690 417 3757 Card.
483 3692 835 3760 Zondadari
889 3694 1231 3777 Ponentis,
1280 3692 1674 3779 responden-

143 3771 260 3838 dum
301 3781 585 3846 censuit:

241 3866 325 3933 Ad
375 3872 431 3933 1.
481 3891 520 3932 ‹
555 3870 882 3937 Secundas
942 3873 1255 3956 vesperas
1314 3869 1478 3934 Festi
1538 3869 1675 3935 fieri

144 3947 335 4019 debere
380 3975 527 4022 cum
561 3958 1170 4024 commemoratione
1202 3958 1564 4023 Dominicae
1616 3958 1677 4024 in

143 4036 521 4128 sexagesima,
572 4054 640 4109 et
686 4045 748 4112 in
795 4046 902 4112 die
950 4055 1163 4112 octava
1210 4064 1351 4111 esse
1407 4045 1676 4111 recitan-

141 4120 250 4191 dam
313 4132 674 4199 Orationem
751 4135 1073 4224 propriam
1151 4133 1441 4200 eiusdem
1515 4144 1678 4198 octa·

141 4228 225 4276 vae
253 4240 310 4283 ›.

173 4386 184 4399 .
237 4308 321 4373 Ad
365 4313 428 4375 2.
481 4332 522 4373 ι
556 4313 712 4376 Esse
758 4312 1125 4379 cantandam
1175 4310 1416 4377 Missam
1467 4310 1674 4376 Domi-

139 4406 282 4457 mcae
307 4404 597 4495 vtantum,
646 4418 765 4465 nec
814 4398 1163 4465 faciendam
1212 4418 1350 4464 esse
1399 4416 1674 4464 comme-

137 4491 514 4550 morationem
540 4509 606 4552 ».

244 4570 327 4638 Ad
373 4578 435 4639 3.
487 4594 527 4639 ι
557 4576 699 4641 Non
743 4594 882 4645 esse
929 4574 1282 4642 adhibenda
1348 4574 1671 4660 pluvialia,

139 4653 463 4811 {edhsolum
522 4672 720 4729 cottas
765 4682 797 4727 a
843 4663 1238 4750 gestantibus
1299 4664 1498 4729 hastas
1546 4660 1673 4726 bal-

171 4760 227 4806 30
269 4768 345 4815 tm
380 4773 442 4815 ».

242 4836 325 4901 Ad
375 4839 436 4903 4.
486 4864 525 4905 ‹
559 4838 947 4928 Affirmatlve
981 4862 1046 4905 >-

242 4924 325 4990 sd
371 4931 435 4993 tt.
487 4951 526 4992 αι
561 4931 714 4993 Esse
779 4925 1168 4995 recitandam
1213 4926 1574 4995 Orationem
1625 4927 1674 4990 A

144 5015 355 5078 tanais
384 5036 451 5080 ».

243 5099 326 5165 Ad
374 5105 441 5168 6.
489 5124 527 5167 ‹
561 5102 864 5193 Negative
896 5125 959 5170 ν.

183 5266 193 5279 .
243 5188 313 5251 Et
356 5190 438 5255 ita
494 5190 838 5259 declaravit
896 5211 967 5256 ac
1021 5192 1257 5258 servari
1328 5190 1674 5259 mandavit.

147 5268 229 5335 Dte
274 5278 345 5342 16
390 5279 784 5365 Septembris
836 5282 1027 5346 1736.

1788 1312 2025 1398 scripta
2072 1312 2290 1397 dubia,
2340 1312 2679 1381 videlicet:
2735 1313 2825 1399 (2)

1940 1405 2002 1467 1.
2051 1403 2174 1483 An,
2224 1402 2379 1469 dum
2424 1401 2599 1467 Missa
2646 1409 2930 1466 cantatur
2967 1419 3176 1467 coram
3211 1402 3373 1466 Ven.

1793 1495 2198 1558 sacramento
2248 1489 2309 1556 in
2355 1489 2550 1555 Altari
2600 1487 2912 1576 exposito,
2961 1487 3191 1555 debeat
3236 1485 3375 1554 fieri

1790 1577 2317 1646 commemoratio
2372 1578 2456 1643 de
2517 1575 2867 1642 venerabili
2937 1586 3081 1642 ante
3152 1592 3376 1640 omnes

1790 1667 1940 1732 alias
1986 1664 2643 1748 commemorationes,
2681 1684 2758 1730 an
2800 1673 2949 1750 post
2978 1682 3202 1731 omnes
3231 1664 3377 1728 Ora·

1793 1756 1994 1822 tiones
2056 1754 2138 1820 de
2208 1762 2553 1839 praecepto
2614 1748 2963 1819 dicendas?
3019 1754 3217 1816 Item:
3279 1757 3377 1816 An

1790 1842 2016 1909 eadem
2054 1839 2569 1907 commemoratio
2601 1840 2798 1926 possit
2829 1839 2932 1906 vel
2966 1839 3106 1905 fieri
3140 1839 3374 1904 debeat

1791 1931 1982 1997 etiam
2018 1931 2082 1995 in
2114 1929 2314 1996 Festis
2345 1927 2590 2014 primae
2621 1928 2726 1992 vel
2759 1927 3080 1995 secundae
3113 1921 3380 1992 classis?

1922 2024 1988 2085 2.
2038 2019 2137 2083 An
2183 2017 2525 2102 Sequentia
2574 2015 2639 2081 in
2686 2016 2863 2082 Missa
2908 2017 2992 2082 de
3027 2019 3222 2084 SSmo
3254 2017 3375 2080 No·

1787 2106 1961 2173 mine
1985 2111 2128 2260 ⁴{esu
2160 2103 2428 2172 dicenda
2454 2103 2556 2170 vel
2592 2103 2945 2171 omittenda
2976 2104 3056 2171 sit
3089 2104 3153 2170 in
3178 2103 3375 2190 ipsius

1787 2198 1974 2260 Festo

1920 2286 1984 2349 3.
2038 2283 2133 2347 An
2180 2284 2334 2350 dum
2408 2280 2470 2348 in
2516 2282 2774 2364 choro,
2823 2290 3082 2368 praeter
3127 2279 3368 2345 Missam

1786 2370 2317 2453 Conventualem,
2353 2379 2637 2436 cantatur
2669 2370 2844 2434 Missa
2873 2368 3084 2434 votiva
3115 2387 3196 2434 ex
3230 2369 3371 2435 iun-

1788 2460 2072 2543 datione,
2125 2458 2188 2525 in
2235 2460 2349 2525 hac
2400 2459 2575 2524 Missa
2623 2458 2854 2524 debeat
2898 2455 3033 2522 fieri
3087 2474 3369 2523 comme-

1786 2549 2055 2617 moratio
2103 2546 2268 2613 Festi
2316 2547 2396 2613 de
2444 2565 2573 2630 quo
2642 2556 2926 2613 cantatur
2984 2545 3159 2611 Missa
3208 2548 3371 2612 Con-

1785 2634 2148 2704 ventualis‘?

1916 2729 1996 2791 Et
2041 2726 2110 2791 S.
2153 2728 2232 2791 R.
2270 2727 2371 2807 C.,
2416 2724 2493 2790 ad
2542 2723 2918 2790 relationem
2948 2723 3088 2789 Emi
3123 2732 3191 2789 et
3227 2721 3365 2787 Rffii

1785 2811 2030 2879 Domini
2088 2813 2432 2879 cardinalis
2481 2810 2849 2877 Zondadarii
2895 2810 3216 2893 Ponentis,
3266 2827 3366 2873 re-

1784 2900 2238 2991 spondendum
2287 2894 2573 2966 censui‘t:

1915 2989 2010 3055 Ad
2077 2993 2137 3055 1.
2203 3012 2241 3055 ‹
2273 2993 2428 3055 Esse
2496 2986 2850 3054 taciendam
2909 3005 3366 3053 commemora-

1781 3079 2023 3145 tionem
2058 3078 2140 3145 de
2174 3079 2578 3144 Sacramento
2610 3083 2754 3162 post
2781 3074 2929 3140 alias
2973 3093 3194 3141 omnes
3223 3080 3366 3142 Ora-

1788 3167 1990 3233 tiones
2036 3167 2119 3233 de
2166 3175 2549 3251 praecepto;
2601 3174 2669 3227 et
2714 3164 2779 3228 in
2823 3163 3018 3228 Missis
3064 3162 3365 3230 solemni-

1782 3255 1900 3322 bus
1945 3252 2340 3321 celebrandis
2386 3252 2450 3317 in
2496 3249 2695 3317 Festis
2738 3248 2980 3337 primae
3026 3259 3093 3315 et
3138 3269 3364 3316 secun-

1784 3344 1901 3410 dae
1950 3341 2200 3425 classis,
2252 3359 2391 3408 esse
2451 3339 2746 3427 eamdem
2815 3336 3363 3404 commemoratio-

1783 3448 1932 3497 nem
1983 3429 2334 3496 faciendam
2381 3427 2501 3494 sub
2546 3426 2730 3494 unica
2762 3426 3172 3492 conclusione
3204 3447 3270 3491 ».

1913 3519 2008 3585 Ad
2060 3522 2127 3584 2.
2178 3539 2216 3582 α
2249 3516 2659 3602 sequentiam
2693 3532 2831 3579 esse
2865 3513 3276 3580 omittendam
3296 3534 3358 3578 ι.

1914 3605 2008 3672 Ad
2059 3610 2122 3673 3.
2172 3629 2211 3670 ‹
2243 3603 2555 3691 Negative
2585 3624 2651 3668 ».

1916 3699 1992 3760 Et
2059 3693 2142 3758 ita
2209 3693 2398 3758 etiam
2444 3692 2509 3758 in
2574 3688 2856 3758 Ecclesia
2926 3687 3361 3757 Mechliniensi

1781 3782 2017 3848 servari
2073 3781 2415 3847 mandavit.
2479 3779 2593 3869 Die
2651 3782 2730 3845 16
2788 3776 3113 3843 Februarii
3168 3780 3356 3843 1737.

1782 3924 2038 3994 2328.
2382 3921 2767 3988 CAPUANA.
3135 3915 3359 4004 (aoso)

1913 4051 2084 4112 Inter
2143 4044 2507 4131 Capitulum
2560 4041 2883 4109 Ecclesiae
2935 4040 3362 4129 Metropolita-

1781 4154 1898 4202 nae
1945 4132 2228 4202 Civitatis
2275 4135 2525 4217 Capuae
2574 4147 2652 4195 ex
2702 4149 2849 4214 una,
2900 4139 2965 4195 et
3008 4128 3362 4195 Hebdoma-

1781 4223 1988 4289 darios
2060 4220 2348 4287 eiusdem
2409 4217 2728 4285 Ecclesiae
2787 4218 3069 4304 partibus
3130 4235 3213 4281 ex
3273 4218 3362 4282 al-

1781 4321 1943 4394 tera,
1978 4309 2134 4375 ortis
2180 4307 2629 4373 controversiis
2678 4305 2930 4391 illisque
2966 4305 3043 4371 ad
3077 4308 3143 4371 S.
3176 4307 3250 4370 R.
3284 4307 3355 4370 C.

1773 4398 2045 4478 delatis,
2103 4401 2294 4462 Emus
2348 4406 2413 4462 et
2467 4399 2661 4462 Rffius
2715 4399 2787 4460 D.
2846 4392 3030 4460 card.
3096 4391 3359 4478 Belluga

1781 4486 2174 4574 infrascripta
2234 4484 2424 4551 dubia
2482 4483 2653 4549 inter
2709 4492 2924 4570 partes
2983 4480 3358 4547 concordata

1781 4574 2150 4642 declaranda
2195 4592 2315 4659 pro
2367 4572 2566 4638 osuit:

1920 4667 1982 4727 1.
2034 4663 2130 4727 An
2175 4665 2303 4727 Lau
2352 4660 2494 4726 ibus
2541 4667 2608 4725 et
2654 4654 2955 4745 vesperis
2984 4705 3000 4738 ,
3049 4673 3215 4740 quae
3259 4673 3360 4719 so-

1781 4750 2084 4817 lemniter
2133 4747 2538 4815 celebrantur
2571 4762 2689 4833 per
2718 4743 3062 4811 canonicos
3107 4742 3211 4809 vel
3260 4742 3362 4808 Di-

1781 4838 2095 4923 gnitates,
2145 4835 2401 4901 assitere
2448 4832 2725 4899 debeant
2771 4846 2917 4898 eum
2977 4830 3365 4918 pluvialibus

1779 4922 2265 4992 Hebdomadarii
2332 4918 2739 5007 Presbyteri,
2791 4921 2891 4984 vel
2952 4917 3168 5004 potius
3213 4916 3359 4984 novi

1781 5010 2170 5079 nansionarii
2220 5004 2513 5076 Diaconi?
2559 5016 2622 5072 et
2653 5017 2966 5091 quatenus
2996 5005 3363 5074 affirmative

1782 5101 1988 5187 quoad
2035 5096 2571 5165 Hebdomadarios
2616 5096 3053 5181 Presbyteros,

1912 5192 1977 5253 2.
2030 5191 2127 5252 An
2174 5185 2401 5254 eadem
2446 5183 2793 5249 assistentia
2862 5181 3236 5269 praestanda
3284 5182 3364 5246 sit

1784 5273 2114 5342 Canonicis
2147 5283 2213 5339 et
2238 5270 2654 5360 Dignitatibus
2683 5269 3154 5337 celebrantibus
3187 5277 3365 5337 extra

256 5464 329 5537 (ι)
363 5469 425 5526 a.
465 5470 599 5529 ons.
636 5474 666 5529 ⁷
706 5478 762 5532 et
797 5472 847 5531 s
889 5503 953 5513 -
989 5472 1074 5547 (a)
1108 5474 1172 5530 n.
1208 5473 1350 5532 nui».
1391 5473 1439 5543 ι,
1475 5474 1526 5543 a,
1564 5476 1613 5539 5,
1649 5474 1702 5545 a,
1737 5474 1790 5541 a,
1826 5473 1861 5531 s
1895 5474 2033 5531 01⁷.

321 5591 530 5639 Decreta
553 5593 864 5641 authentia·
890 5598 940 5639 s.
969 5597 1028 5640 R.
1060 5598 1110 5640 c.
1138 5618 1188 5627 —
1219 5594 1328 5640 vol.
1355 5596 1415 5638 n.

3026 5587 3054 5633 Β
