4042 5950
1631 288 1999 363 ...5-

152 467 285 533 pro
335 456 627 533 tempore
678 446 745 512 in
802 445 929 512 fine
990 444 1379 512 benedicere
1442 443 1753 531 populum

150 553 313 600 cum
361 537 567 601 Cruce
612 544 761 599 ante
807 532 928 599 se?
970 534 1204 600 velox
1258 553 1334 597 eo
1382 535 1556 617 quod
1617 530 1753 598 sine

146 626 368 689 Cruce
429 620 803 704 benedicat,
860 621 1151 707 accipere
1210 620 1445 686 debeat
1502 619 1754 685 mitram

148 710 235 777 ad
291 710 808 776 benedicendum
832 707 873 775 ‘1‘-

298 801 363 865 3.
414 800 509 862 An
559 796 621 863 in
663 797 866 882 Missa,
901 798 965 863 in
1015 817 1135 883 qua
1178 796 1287 862 uni
1339 807 1580 863 tantum
1615 815 1758 862 con-

154 886 372 951 fertur
416 884 585 951 Ordo
633 884 1134 951 subdiaconatus
1191 896 1300 951 aut
1359 885 1755 967 Diaconum,

152 973 399 1039 debeat
444 976 781 1059 promotus
825 973 1267 1041 subdiaconus
1307 981 1559 1038 cantare
1606 971 1758 1057 Epi-

152 1061 393 1127 stulam
445 1062 549 1127 vel
596 1061 904 1128 Diaconus
965 1060 1404 1147 Evangelium,
1456 1071 1527 1126 ut
1578 1060 1648 1126 fit
1693 1057 1759 1125 in

152 1149 681 1216 ordinationibus
728 1148 1136 1233 generalibus
1156 1146 1189 1214 ’ἓ

298 1241 369 1303 4.
426 1239 523 1302 An
582 1238 837 1322 quoties
898 1237 1248 1323 Episcopus
1314 1237 1549 1303 sedens
1611 1253 1757 1303 cum

156 1327 353 1391 mitia
399 1325 705 1390 admonet
749 1325 1163 1407 Ordina'ndOS,
1199 1325 1430 1392 debeat
1465 1325 1759 1391 haculum

157 1413 225 1478 in
278 1432 470 1478 manu
505 1422 786 1497 gestare,
821 1431 967 1477 cum
1000 1412 1366 1479 pontificale
1408 1413 1619 1480 solum
1667 1412 1761 1477 lo·

154 1512 400 1586 quatur
431 1519 550 1585 pro
581 1500 1015 1566 admonitione
1063 1500 1585 1587 presbyterorum
1606 1496 1639 1564 ’ἓ
1665 1497 1758 1585 (1)

300 1593 380 1654 Ει
426 1590 492 1653 S.
528 1591 604 1654 R.
643 1590 714 1655 C.
752 1587 1000 1654 censuit
1047 1589 1614 1674 respondendum:

296 1676 397 1741 Ad
450 1679 507 1740 1.
561 1697 597 1737 ‹
633 1676 968 1759 Negative‚
1019 1676 1227 1760 quoad
1293 1677 1559 1764 primam
1623 1695 1764 1760 par-

160 1777 352 1848 tem:
402 1763 820 1846 Aflirmative‚
870 1764 1077 1849 quoad
1124 1765 1467 1830 secundam
1506 1784 1573 1831 t.

296 1851 395 1918 Ad
430 1854 497 1916 2.
541 1872 579 1914 ι
606 1851 771 1917 Citra
805 1850 1329 1938 approbationem
1363 1852 1581 1918 Missae
1613 1870 1757 1918 cnm

158 1938 468 2005 Ministris
510 1949 576 2004 et
625 1958 754 2006 non
790 1952 1101 2020 cantatae,
1136 1959 1283 2004 cum
1318 1940 1381 2005 in
1407 1940 1762 2007 Ordinatio-

158 2027 351 2093 nibns
397 2025 809 2112 generalibus
841 2025 1079 2092 debeat
1110 2028 1459 2112 Episcopus
1501 2027 1764 2094 benedi-

156 2135 317 2181 cere
350 2113 730 2181 solemniter
763 2116 1000 2181 babens
1031 2125 1174 2181 ante
1206 2136 1276 2180 se
1310 2119 1620 2193 Crucem;
1658 2115 1762 2180 Af-

161 2203 511 2286 firmative‚
547 2204 756 2286 quoad
788 2202 1055 2290 primam
1091 2216 1379 2289 partem;
1429 2204 1762 2290 Negative,

158 2292 379 2375 quoad
425 2291 772 2357 secundam
808 2314 873 2355 ιν.

301 2380 396 2444 Ad
447 2384 515 2444 3.
565 2398 603 2440 ‹
637 2380 942 2466 Negative
976 2402 1044 2444 »-

299 2467 396 2534 Ad
443 2471 510 2533 4.
562 2487 600 2529 ι
635 2470 947 2535 Servetur
983 2466 1348 2533 Pontificala
1381 2473 1761 2550 Romanum,

158 2568 237 2619 nt
289 2555 451 2620 iacet
485 2578 548 2619 ιν.

304 2646 382 2707 Ει
437 2645 519 2707 ita
576 2643 923 2708 declaravit
978 2664 1065 2708 ac·
1106 2642 1345 2709 servari
1417 2643 1760 2711 mandavit.

164 2729 281 2795 Die
330 2735 412 2796 27
462 2730 736 2816 Augusti
790 2733 984 2798 1707.

170 2909 426 2979 2180.
756 2909 1198 2975 BlTUNTlNA.
1537 2909 1759 2996 (3777)

301 3083 670 3169 Capitulum
705 3083 1101 3149 Bituntinum
1138 3086 1201 3150 S.
1233 3088 1305 3150 R.
1333 3087 1407 3152 C.
1436 3084 1764 3160 humiliter

170 3172 513 3257 exposuit:
564 3172 802 3252 Prim0‚
838 3172 1009 3254 quod
1058 3171 1405 3256 antiquitus
1434 3173 1511 3238 ab
1544 3174 1764 3238 imme·

172 3257 469 3324 morabili
516 3257 881 3324 celebrabat
932 3259 1221 3325 Officium
1266 3259 1768 3328 consecrationis

170 3347 503 3413 Ecclesiae
557 3346 677 3412 sub
736 3347 843 3412 die
892 3350 931 3412 4
978 3347 1212 3412 mensis
1273 3349 1441 3434 lliaii3
1492 3359 1554 3413 at
1618 3366 1764 3414 cum

168 3453 333 3500 anno
383 3435 642 3499 circiter
676 3438 843 3500 1679
876 3434 1251 3521 Episcopus,
1285 3447 1655 3503 consecrato
1705 3436 1766 3501 in

166 3522 371 3587 altera
415 3522 555 3605 die,
605 3542 768 3607 quae
829 3523 1188 3609 ignoratur,
1254 3524 1467 3590 Altare
1527 3524 1765 3590 maiore

168 3610 464 3677 eiusdem
522 3611 878 3693 Ecclesiae,
938 3609 1338 3676 transtulerit
1393 3613 1563 3678 idem
1621 3611 1767 3678 offi-

167 3698 345 3764 cium
392 3699 927 3766 Gonsecrationis.
959 3700 1039 3764 ad
1098 3697 1272 3763 diem
1333 3701 1602 3783 primam
1656 3703 1768 3766 Se-

166 3785 487 3871 ptembris
544 3799 760 3852 contra
807 3791 1066 3853 Decreta
1117 3788 1181 3853 S.
1219 3790 1293 3852 R.
1340 3790 1442 3871 C.,
1494 3789 1767 3856 demisse

166 3874 559 3962 supplicavit
606 3874 930 3940 declarare
965 3897 982 3938 :

309 3964 374 4026 1.
423 3963 520 4027 An
566 3961 735 4028 dicta
790 3962 1108 4029 translatio
1149 3964 1383 4030 debeat
1437 3964 1763 4045 sustineri,

168 4050 275 4115 vel
304 4050 520 4135 potius
551 4050 791 4115 remitti
814 4051 877 4116 in
909 4050 1296 4137 praedictam
1322 4052 1494 4118 diem
1523 4058 1560 4118 4
1584 4050 1770 4118 Maii?

305 4139 357 4202 A
403 4137 598 4225 Regia
644 4139 964 4204 Haiestate
1012 4140 1290 4225 Reginae
1322 4141 1615 4206 Poloniae
1651 4160 1766 4206 nu-

168 4246 292 4314 per
338 4224 535 4292 fuisse
584 4225 888 4292 donatum
926 4227 1043 4313 ipsi
1075 4228 1367 4314 Capitulo
1400 4232 1647 4316 Corpus
1674 4229 1765 4294 in-

172 4329 431 4401 tegrum
461 4316 528 4380 S.
553 4312 822 4381 Victoris
850 4315 1133 4401 Martyris
1168 4335 1285 4380 una
1320 4334 1467 4381 cum
1498 4316 1766 4383 authen·

171 4402 293 4467 tica
345 4402 484 4467 Emi
520 4413 586 4466 et
618 4402 756 4468 Rmi
790 4405 867 4468 D.
901 4402 1091 4469 Card.
1127 4403 1381 4487 vicarii,
1431 4403 1768 4480 asserentis

173 4490 338 4556 illud
386 4499 748 4557 extractum
794 4509 876 4556 ex
922 4492 1328 4557 coemeterio
1377 4492 1652 4558 Callisti:
1706 4501 1771 4556 et

172 4597 322 4643 cum
358 4581 422 4645 S.
448 4581 617 4646 R.G.
654 4598 781 4644 non
817 4597 953 4643 esse
989 4577 1445 4646 celebrandum
1481 4579 1768 4647 Officium

170 4666 441 4731 alicuius
504 4665 712 4732 Sancti
780 4667 1017 4732 ratione
1079 4667 1408 4753 Reliquiae
1475 4668 1765 4755 insignis,

173 4774 301 4822 non
350 4756 622 4820 constito
670 4754 752 4820 de
804 4755 1134 4821 identitate
1186 4756 1504 4839 eiusdem,
1542 4757 1767 4821 decre-

176 4843 367 4925 verit:
404 4842 737 4908 humiliter
769 4844 958 4908 etiam
994 4843 1321 4909 declarare
1353 4844 1763 4932 supplicavit:

308 4933 373 4993 2.
403 4928 721 5016 Anpossit
747 4930 1053 4996 celebrari
1082 4931 1369 4998 Officium
1400 4937 1465 4998 S.
1498 4932 1771 4999 Victoris

175 5016 488 5103 praedicti
537 5018 643 5083 die
698 5021 777 5084 15
826 5015 1215 5102 Decembris,
1252 5039 1394 5086 cum
1433 5021 1494 5086 in
1544 5024 1767 5105 Marty-

174 5107 428 5189 rologio
474 5107 755 5171 Romano
787 5108 1007 5193 plures
1039 5108 1442 5193 reperiantur
1473 5110 1582 5175 SS.
1612 5112 1767 5173 Mar-

176 5207 350 5276 tyres
397 5194 690 5261 eiusdem
738 5196 1011 5262 nominis
1058 5208 1125 5260 et
1171 5195 1445 5260 diversis
1491 5191 1772 5262 diebus?

313 5389 396 5463 (1)
432 5391 496 5449 E·
544 5390 685 5450 nub.
723 5389 775 5449 ὅ.

1994 448 2072 509 Et
2118 446 2186 511 S.
2222 446 2296 509 R.
2333 445 2438 520 G..
2467 443 2549 509 ad
2589 440 2966 508 relationem
3014 441 3152 508 Emi
3203 452 3268 508 et
3312 441 3451 509 ami

1860 537 1934 600 D.
1978 531 2170 599 Card.
2205 529 2540 611 Gabrielli,
2587 530 3115 617 respondendum
3162 530 3447 597 censuit:

1995 619 2090 687 Ad
2147 623 2203 684 1.
2256 639 2294 681 ‹
2329 619 2663 703 Negative‚
2712 617 2788 683 ad
2842 617 3107 705 primam
3163 628 3448 705 partem;

1861 706 2278 790 Affirmative,
2328 706 2405 771 ad
2454 706 2798 773 secundam
2830 728 2893 773 ».

1992 795 2089 861 Ad
2137 798 2201 859 2.
2255 815 2291 855 α
2325 794 2636 880 Negative
2667 816 2730 857 ».
3136 875 3148 887 ι

1991 887 2072 949 Et
2126 883 2204 948 ita
2267 881 2615 949 declaravit
2677 893 2741 946 et
2800 882 3038 947 servari
3101 882 3446 949 mandavit.

1860 972 1972 1039 Die
2026 974 2056 1036 1
2107 968 2389 1037 Octobris
2426 973 2619 1037 1707.
2669 984 2678 993 ·
3111 1004 3126 1008 -

1868 1149 2106 1218 2181.

2488 1149 2830 1214 aonam.
3218 1147 3448 1234 (3779)

1996 1331 2064 1391 ln
2112 1330 2179 1394 S.
2213 1331 2289 1394 R.
2325 1331 2399 1395 C.
2434 1326 3006 1415 Archipresbytero
3054 1326 3277 1393 Carolo
3310 1332 3454 1394 Bar·

1866 1412 2230 1480 tholomaeo
2286 1415 2498 1481 Piazza
2559 1416 2834 1482 demisse
2880 1415 3280 1502 supplicante
3335 1435 3453 1503 pro

1865 1500 2342 1568 declaratione:
2429 1552 2440 1564 ,
3196 1510 3200 1521 ’

1994 1592 2093 1655 An
2137 1590 2307 1656 inter
2349 1593 2706 1659 functiones
2742 1590 2939 1678 magis
2972 1590 3356 1676 principales
3387 1605 3457 1660 et

1864 1676 2184 1744 solemnes
2234 1678 2298 1744 in
2339 1678 2796 1746 caeremoniali
2831 1677 3246 1765 praescriptas
3284 1699 3455 1746 com-

1866 1765 2305 1850 prehendatur
2353 1772 2607 1837 Festum
2665 1766 3087 1833 Dedicationis
3136 1784 3347 1852 nuper
3395 1768 3457 1834 in

1866 1852 2214 1936 Collegiata
2263 1857 2327 1920 S.
2367 1856 2589 1921 Mariae
2638 1854 2703 1920 in
2749 1852 3092 1921 Cosmedin
3148 1854 3227 1919 de
3285 1857 3457 1922 Urbe

1867 1939 2180 2006 celebrari
2229 1941 2699 2029 introductum;
2754 1955 2818 2007 et
2864 1962 2942 2008 an
2990 1953 3333 2029 propterea
3381 1945 3456 2010 ad

1865 2027 2074 2181 ipsum
2135 2030 2777 2116 Archipresbyterum
2824 2041 3075 2117 spectet
3133 2030 3457 2116 praedicto

1836 2172 1852 2188 ,
1917 2115 1975 2180 ie
2022 2119 2208 2182 Festo
2255 2116 2639 2184 celebrare?

2001 2204 2236 2270 Eadem
2287 2207 2351 2274 S.
2387 2209 2460 2271 R.
2503 2209 2605 2290 C.‚
2655 2208 2730 2273 ad
2785 2207 3160 2272 relationem
3210 2206 3347 2273 Emi
3394 2216 3458 2272 et

1867 2291 2006 2357 Rmi
2056 2293 2305 2359 Domini
2354 2296 2536 2360 Card.
2590 2294 2915 2376 Gabrielli,
2968 2294 3247 2359 censuit:
3283 2298 3461 2361 ‹Ce-

1870 2379 2287 2446 lebrationem
2336 2382 2555 2447 Missae
2613 2383 2918 2448 solemnis
2976 2392 3039 2445 et
3091 2380 3288 2448 Officii
3343 2402 3458 2469 pro

1864 2469 2052 2533 Festo
2117 2468 2544 2535 Dedicationis
2616 2469 2935 2536 Ecclesiae
2995 2472 3061 2537 S.
3109 2468 3335 2535 Mariae
3397 2470 3459 2535 in

1865 2556 2210 2621 Cosmedin
2242 2558 2318 2623 ab
2349 2558 2924 2646 Archipresbytero
2975 2577 3114 2622 esse
3149 2576 3459 2643 peragen-

1867 2642 2015 2709 dam
2047 2665 2118 2710 ιν.
2185 2650 2262 2710 Et
2306 2645 2390 2709 it'a
2449 2647 2822 2715 declaravit.
2880 2646 2991 2712 Die
3056 2648 3134 2712 10
3195 2650 3460 2713 Decem·

1872 2731 1999 2796 bris
2052 2735 2246 2799 1707.

1870 2909 2118 2979 2182.
2420 2912 2925 2988 SQUlLLACEN.
3234 2910 3459 2997 (3780)

2003 3088 2165 3150 Cum
2222 3085 2551 3150 referente
2608 3088 2765 3150 Emo
2821 3097 2886 3150 et
2941 3088 3100 3151 Rmo
3145 3089 3219 3151 D.
3270 3087 3455 3151 Card.

1870 3171 2169 3239 Gabrielli
2259 3173 2706 3238 controversiis
2795 3174 3037 3238 exortis
3111 3173 3280 3238 iuter
3351 3178 3462 3239 Ca-

1875 3259 2152 3348 pitulum
2223 3260 2548 3326 Ecclesiae
2618 3262 3002 3346 collegiatae
3067 3274 3132 3326 ot
3201 3261 3463 3328 Clarum

1872 3367 1953 3412 ex
2016 3368 2166 3430 una,
2214 3359 2407 3433 atque
2479 3350 2925 3414 nonasterium
2994 3360 3059 3412 et
3129 3347 3463 3413 uonauhos

1873 3437 1937 3502 S.
1968 3435 2211 3502 loannis
2244 3435 2530 3500 Tberesti
2578 3437 2829 3504 Ordinis
2868 3438 2933 3502 S.
2971 3435 3177 3501 Basilii
3232 3435 3460 3523 Oppidi

1871 3524 2012 3589 Stili
2052 3523 2441 3609 Squillacen.
2523 3527 2840 3590 Dioecesis
2887 3543 2966 3590 ex
3024 3524 3220 3590 altera
3253 3535 3461 3611 parte,

1874 3612 1980 3677 die
2037 3616 2122 3676 22
2169 3610 2326 3677 lunii
2393 3613 2586 3695 1703,
2657 3633 2854 3699 super
2899 3614 3185 3679 secundo
3232 3610 3462 3695 dubie,

1874 3718 2151 3785 nempe:

2006 3790 2102 3852 An
2135 3788 2289 3854 dicti
2333 3788 2613 3854 monachi
2665 3800 3005 3854 teneantur
3048 3792 3354 3856 accedere
3388 3790 3464 3857 ad

1870 3877 2019 3942 alias
2067 3877 2507 3942 processiones
2551 3875 3108 3959 extraordinarias,
3150 3896 3313 3963 quae
3346 3897 3462 3964 pro

1870 3964 2086 4049 aliquo
2135 3964 2298 4029 bono
2341 3962 2597 4052 publico
2649 3964 2788 4030 fieri
2834 3965 3199 4031 acciderent
3248 3966 3307 4031 in
3359 3985 3466 4030 eo-

1872 4049 2021 4119 d'em
2070 4050 2348 4140 Oppido,
2398 4051 2587 4116 etiam
2623 4071 2771 4118 cum
2801 4051 3124 4118 delatione
3157 4053 3467 4140 Reliquia-

1874 4160 2011 4206 rum
2062 4145 2127 4208 S.
2168 4139 2409 4205 loannis
2455 4139 2771 4224 Theresti‚
2822 4158 2984 4225 quae
3032 4153 3369 4207 servantur
3401 4137 3465 4208 in

1876 4229 2158 4295 Ecclesia
2214 4227 2596 4294 eorumdem
2656 4231 2951 4311 Patrum;
3018 4229 3256 4315 talique
3320 4249 3463 4295 casu

1872 4315 2187 4384 debeatur
2220 4315 2670 4403 praecedentia
2700 4317 2890 4382 Clero
2923 4316 3243 4385 saeculari
3277 4315 3465 4383 etiam

1872 4402 1938 4468 in
1984 4406 2145 4469 atrio
2191 4401 2606 4469 monasterii?
2659 4407 2723 4473 S.
2763 4408 2838 4470 R.
2883 4409 2956 4471 C.
3008 4405 3459 4493 responderit:

1875 4514 1911 4554 α
1943 4493 2158 4569 Quoad
2222 4492 2496 4579 primam
2545 4505 2610 4557 et
2661 4492 2915 4558 tertiam
2960 4506 3235 4579 partem,
3284 4490 3463 4557 Affir-

1875 4582 2154 4659 mative3
2225 4581 2436 4667 quoad
2509 4580 2858 4646 secundam
2929 4600 3084 4645 vero
3166 4593 3461 4667 partem,

1875 4669 2227 4754 Negative:
2278 4669 2446 4734 idest
2494 4668 2699 4733 dictos
2745 4667 3078 4733 Monacbos
3119 4687 3246 4733 non
3280 4687 3466 4755 posse

1876 4757 2180 4844 compelli
2229 4753 2306 4822 ad
2339 4755 2725 4822 deserendas
2784 4758 2846 4820 in
2894 4754 3167 4841 publicis
3212 4759 3465 4821 Proces-

1874 4843 2157 4911 sionibus
2189 4843 2508 4930 Reliquias
2542 4846 2606 4911 S.
2651 4843 2893 4908 loannis
2927 4844 3257 4922 Theresti3
3293 4846 3466 4930 qnod

1873 4932 1922 4994 si
1989 4931 2143 4998 istae
2205 4931 2534 5016 Reliquiae
2590 4929 3002 5014 deferantur,
3057 4931 3302 4998 deferri
3356 4933 3467 4998 de-

1878 5018 2063 5085 beant
2095 5040 2129 5084 a
2161 5020 2464 5086 Monacho
2510 5019 2852 5086 incedente
2888 5019 2950 5085 in
3003 5021 3141 5086 loco
3191 5020 3464 5106 digniori

1878 5106 2295 5172 processionis
2332 5122 2395 5184 »ς

2005 5199 2295 5280 Cumque
2331 5194 2393 5260 in
2428 5197 2933 5284 praesentiarum
2969 5216 3047 5278 ex
3077 5208 3258 5284 parto
3292 5216 3468 5282 prae·
