<?xml version="1.0" encoding="UTF-8"?>
<!DOCTYPE html PUBLIC "-//W3C//DTD XHTML 1.0 Transitional//EN"
    "http://www.w3.org/TR/xhtml1/DTD/xhtml1-transitional.dtd">
<html xmlns="http://www.w3.org/1999/xhtml" xml:lang="en" lang="en">
 <head>
  <title>
</title>
<meta http-equiv="Content-Type" content="text/html;charset=utf-8" />
  <meta name='ocr-system' content='tesseract 3.04.00' />
  <meta name='ocr-capabilities' content='ocr_page ocr_carea ocr_par ocr_line ocrx_word'/>
</head>
<body>
  <div class='ocr_page' id='page_1' title='image "./decretaauthenti00ritugoog_0396.png"; bbox 0 0 4042 5950; ppageno 0'>
   <div class='ocr_carea' id='block_1_1' title="bbox 1937 264 2409 343">
    <p class='ocr_par' dir='ltr' id='par_1_1' title="bbox 1937 264 2409 343">
     <span class='ocr_line' id='line_1_1' title="bbox 1937 264 2409 343; baseline 0.004 -21"><span class='ocrx_word' id='word_1_1' title='bbox 1937 264 2409 343; x_wconf 77' lang='grc'><strong>-348-</strong></span> 
     </span>
    </p>
   </div>
   <div class='ocr_carea' id='block_1_2' title="bbox 518 424 2114 2878">
    <p class='ocr_par' dir='ltr' id='par_1_2' title="bbox 521 424 2112 1374">
     <span class='ocr_line' id='line_1_2' title="bbox 524 424 2109 513; baseline 0.001 -25"><span class='ocrx_word' id='word_1_2' title='bbox 524 432 735 491; x_wconf 86' lang='lat' dir='ltr'><strong>tamen</strong></span> <span class='ocrx_word' id='word_1_3' title='bbox 782 424 1076 492; x_wconf 88' lang='lat' dir='ltr'><strong>omnibus</strong></span> <span class='ocrx_word' id='word_1_4' title='bbox 1112 436 1289 513; x_wconf 88' lang='lat' dir='ltr'><strong>patet</strong></span> <span class='ocrx_word' id='word_1_5' title='bbox 1320 425 1644 510; x_wconf 81' lang='lat' dir='ltr'><strong>fidelibus,</strong></span> <span class='ocrx_word' id='word_1_6' title='bbox 1679 443 1973 513; x_wconf 89' lang='lat' dir='ltr'><strong>quaeque</strong></span> <span class='ocrx_word' id='word_1_7' title='bbox 2006 425 2109 490; x_wconf 83' lang='lat' dir='ltr'><strong>&#39;ri-</strong></span> 
     </span>
     <span class='ocr_line' id='line_1_3' title="bbox 524 512 2110 582; baseline 0.001 -4"><span class='ocrx_word' id='word_1_8' title='bbox 524 512 799 581; x_wconf 89' lang='lat' dir='ltr'><strong>tularem</strong></span> <span class='ocrx_word' id='word_1_9' title='bbox 845 518 1184 580; x_wconf 80' lang='lat' dir='ltr'><strong>Patronem</strong></span> <span class='ocrx_word' id='word_1_10' title='bbox 1234 513 1421 581; x_wconf 88' lang='lat' dir='ltr'><strong>habet</strong></span> <span class='ocrx_word' id='word_1_11' title='bbox 1467 517 1765 582; x_wconf 89' lang='lat' dir='ltr'><strong>Sanctum</strong></span> <span class='ocrx_word' id='word_1_12' title='bbox 1812 513 2110 581; x_wconf 89' lang='lat' dir='ltr'><strong>carolum</strong></span> 
     </span>
     <span class='ocr_line' id='line_1_4' title="bbox 523 601 2109 686; baseline 0.001 -21"><span class='ocrx_word' id='word_1_13' title='bbox 523 604 1014 685; x_wconf 84' lang='lat' dir='ltr'><strong>Borromaeum;</strong></span> <span class='ocrx_word' id='word_1_14' title='bbox 1065 607 1322 669; x_wconf 79' lang='lat' dir='ltr'><strong>Festum</strong></span> <span class='ocrx_word' id='word_1_15' title='bbox 1370 601 1557 670; x_wconf 87' lang='lat' dir='ltr'><strong>huius</strong></span> <span class='ocrx_word' id='word_1_16' title='bbox 1603 601 1838 686; x_wconf 82' lang='lat' dir='ltr'>Sancti,</span> <span class='ocrx_word' id='word_1_17' title='bbox 1889 611 2109 686; x_wconf 87' lang='lat' dir='ltr'><strong>quarta</strong></span> 
     </span>
     <span class='ocr_line' id='line_1_5' title="bbox 524 689 2112 778; baseline 0.001 -25"><span class='ocrx_word' id='word_1_18' title='bbox 524 689 902 756; x_wconf 83' lang='lat' dir='ltr'><strong>Novembris</strong></span> <span class='ocrx_word' id='word_1_19' title='bbox 946 689 1082 776; x_wconf 90' lang='lat' dir='ltr'><strong>die,</strong></span> <span class='ocrx_word' id='word_1_20' title='bbox 1129 709 1249 778; x_wconf 86' lang='lat' dir='ltr'><strong>per</strong></span> <span class='ocrx_word' id='word_1_21' title='bbox 1275 691 1542 758; x_wconf 92' lang='lat' dir='ltr'><strong>modum</strong></span> <span class='ocrx_word' id='word_1_22' title='bbox 1574 692 1738 758; x_wconf 84' lang='lat' dir='ltr'><strong>Festi</strong></span> <span class='ocrx_word' id='word_1_23' title='bbox 1770 689 2112 756; x_wconf 88' lang='lat' dir='ltr'><strong>Patronalis</strong></span> 
     </span>
     <span class='ocr_line' id='line_1_6' title="bbox 522 775 2110 934; baseline 0.001 -93"><span class='ocrx_word' id='word_1_24' title='bbox 522 775 643 841; x_wconf 90' lang='lat' dir='ltr'><strong>sub</strong></span> <span class='ocrx_word' id='word_1_25' title='bbox 691 777 815 844; x_wconf 91' lang='lat' dir='ltr'><strong>ritu</strong></span> <span class='ocrx_word' id='word_1_26' title='bbox 862 778 1101 868; x_wconf 78' lang='lat' dir='ltr'><strong>duplici</strong></span> <span class='ocrx_word' id='word_1_27' title='bbox 1148 778 1397 934; x_wconf 75' lang='lat' dir='ltr'><strong>primae</strong></span> <span class='ocrx_word' id='word_1_28' title='bbox 1438 779 1645 846; x_wconf 87' lang='lat' dir='ltr'><strong>classis</strong></span> <span class='ocrx_word' id='word_1_29' title='bbox 1694 796 1843 844; x_wconf 91' lang='lat' dir='ltr'><strong>cum</strong></span> <span class='ocrx_word' id='word_1_30' title='bbox 1892 789 2110 844; x_wconf 79' lang='lat' dir='ltr'><strong>octava</strong></span> 
     </span>
     <span class='ocr_line' id='line_1_7' title="bbox 522 867 2108 954; baseline 0 -25"><span class='ocrx_word' id='word_1_31' title='bbox 522 885 554 929; x_wconf 91' lang='lat' dir='ltr'><strong>a</strong></span> <span class='ocrx_word' id='word_1_32' title='bbox 621 867 955 952; x_wconf 89' lang='lat' dir='ltr'><strong>Praeside,</strong></span> <span class='ocrx_word' id='word_1_33' title='bbox 1028 871 1144 933; x_wconf 92' lang='lat' dir='ltr'><strong>Pro</strong></span> <span class='ocrx_word' id='word_1_34' title='bbox 1175 867 1488 934; x_wconf 83' lang='lat' dir='ltr'><strong>asseribus</strong></span> <span class='ocrx_word' id='word_1_35' title='bbox 1554 878 1745 954; x_wconf 88' lang='lat' dir='ltr'><strong>atque</strong></span> <span class='ocrx_word' id='word_1_36' title='bbox 1816 867 2108 934; x_wconf 82' lang='lat' dir='ltr'><strong>Alumnis</strong></span> 
     </span>
     <span class='ocr_line' id='line_1_8' title="bbox 522 953 2109 1023; baseline -0.001 -3"><span class='ocrx_word' id='word_1_37' title='bbox 522 953 945 1022; x_wconf 76' lang='lat' dir='ltr'>Seminarium</span> <span class='ocrx_word' id='word_1_38' title='bbox 1010 954 1501 1023; x_wconf 80' lang='lat' dir='ltr'><strong>inhabitantibus</strong></span> <span class='ocrx_word' id='word_1_39' title='bbox 1553 954 1862 1022; x_wconf 88' lang='lat' dir='ltr'><strong>celebrari</strong></span> <span class='ocrx_word' id='word_1_40' title='bbox 2062 954 2109 1019; x_wconf 89' lang='lat' dir='ltr'><strong>it</strong></span> 
     </span>
     <span class='ocr_line' id='line_1_9' title="bbox 521 1041 2107 1130; baseline 0 -24"><span class='ocrx_word' id='word_1_41' title='bbox 521 1061 591 1107; x_wconf 88' lang='lat' dir='ltr'><strong>ac</strong></span> <span class='ocrx_word' id='word_1_42' title='bbox 651 1043 904 1121; x_wconf 80' lang='lat' dir='ltr'><strong>valeat;</strong></span> <span class='ocrx_word' id='word_1_43' title='bbox 968 1056 1059 1127; x_wconf 92' lang='lat' dir='ltr'><strong>et,</strong></span> <span class='ocrx_word' id='word_1_44' title='bbox 1110 1063 1232 1130; x_wconf 88' lang='lat' dir='ltr'><strong>per</strong></span> <span class='ocrx_word' id='word_1_45' title='bbox 1281 1062 1543 1127; x_wconf 90' lang='lat' dir='ltr'><strong>annum,</strong></span> <span class='ocrx_word' id='word_1_46' title='bbox 1594 1043 1765 1110; x_wconf 91' lang='lat' dir='ltr'><strong>inter</strong></span> <span class='ocrx_word' id='word_1_47' title='bbox 1800 1046 1890 1110; x_wconf 92' lang='lat' dir='ltr'><strong>Su</strong></span> <span class='ocrx_word' id='word_1_48' title='bbox 1942 1041 2107 1129; x_wconf 85' lang='lat' dir='ltr'><strong>ragia</strong></span> 
     </span>
     <span class='ocr_line' id='line_1_10' title="bbox 522 1130 2107 1216; baseline 0 -21"><span class='ocrx_word' id='word_1_49' title='bbox 522 1130 597 1197; x_wconf 89' lang='lat' dir='ltr'><strong>ad</strong></span> <span class='ocrx_word' id='word_1_50' title='bbox 656 1134 967 1216; x_wconf 77' lang='lat' dir='ltr'><strong>vesperas</strong></span> <span class='ocrx_word' id='word_1_51' title='bbox 1025 1142 1087 1198; x_wconf 94' lang='lat' dir='ltr'><strong>et</strong></span> <span class='ocrx_word' id='word_1_52' title='bbox 1146 1133 1393 1199; x_wconf 80' lang='lat' dir='ltr'><strong>Laudes</strong></span> <span class='ocrx_word' id='word_1_53' title='bbox 1441 1132 1523 1199; x_wconf 89' lang='lat' dir='ltr'><strong>de</strong></span> <span class='ocrx_word' id='word_1_54' title='bbox 1582 1132 1814 1199; x_wconf 90' lang='lat' dir='ltr'><strong>eodem</strong></span> <span class='ocrx_word' id='word_1_55' title='bbox 1876 1133 2107 1198; x_wconf 88' lang='lat' dir='ltr'><strong>Sancto</strong></span> 
     </span>
     <span class='ocr_line' id='line_1_11' title="bbox 523 1217 2105 1373; baseline 0 -90"><span class='ocrx_word' id='word_1_56' title='bbox 523 1219 880 1373; x_wconf 52' lang='grc' dir='ltr'><strong>ἓετοΙο,ῗιιῑ</strong></span> <span class='ocrx_word' id='word_1_57' title='bbox 927 1221 988 1287; x_wconf 92' lang='lat' dir='ltr'><strong>in</strong></span> <span class='ocrx_word' id='word_1_58' title='bbox 1036 1220 1380 1305; x_wconf 84' lang='lat' dir='ltr'><strong>Breviario,</strong></span> <span class='ocrx_word' id='word_1_59' title='bbox 1417 1219 1932 1287; x_wconf 78' lang='lat' dir='ltr'><strong>commemoratio</strong></span> <span class='ocrx_word' id='word_1_60' title='bbox 1966 1217 2105 1285; x_wconf 82' lang='lat' dir='ltr'><strong>fieri</strong></span> 
     </span>
     <span class='ocr_line' id='line_1_12' title="bbox 571 1308 754 1374; baseline -0.011 -1"><span class='ocrx_word' id='word_1_61' title='bbox 571 1308 754 1374; x_wconf 89' lang='lat' dir='ltr'><strong>ebeat</strong></span> 
     </span>
    </p>

    <p class='ocr_par' dir='ltr' id='par_1_3' title="bbox 521 1395 2109 1816">
     <span class='ocr_line' id='line_1_13' title="bbox 651 1395 2106 1484; baseline 0 -24"><span class='ocrx_word' id='word_1_62' title='bbox 651 1398 730 1462; x_wconf 89' lang='lat' dir='ltr'><strong>Et</strong></span> <span class='ocrx_word' id='word_1_63' title='bbox 776 1400 960 1464; x_wconf 89' lang='lat' dir='ltr'><strong>Sacra</strong></span> <span class='ocrx_word' id='word_1_64' title='bbox 1013 1397 1274 1464; x_wconf 85' lang='lat' dir='ltr'><strong>Rituum</strong></span> <span class='ocrx_word' id='word_1_65' title='bbox 1336 1398 1787 1484; x_wconf 85' lang='lat' dir='ltr'><strong>congregatio,</strong></span> <span class='ocrx_word' id='word_1_66' title='bbox 1834 1398 1912 1464; x_wconf 87' lang='lat' dir='ltr'><strong>ad</strong></span> <span class='ocrx_word' id='word_1_67' title='bbox 1959 1395 2106 1473; x_wconf 89' lang='lat' dir='ltr'><strong>Qui·</strong></span> 
     </span>
     <span class='ocr_line' id='line_1_14' title="bbox 522 1482 2106 1553; baseline -0.001 -4"><span class='ocrx_word' id='word_1_68' title='bbox 522 1483 719 1550; x_wconf 87' lang='lat' dir='ltr'><strong>rinale</strong></span> <span class='ocrx_word' id='word_1_69' title='bbox 766 1485 1075 1552; x_wconf 88' lang='lat' dir='ltr'><strong>hodierna</strong></span> <span class='ocrx_word' id='word_1_70' title='bbox 1122 1485 1227 1553; x_wconf 92' lang='lat' dir='ltr'><strong>die</strong></span> <span class='ocrx_word' id='word_1_71' title='bbox 1271 1486 1618 1553; x_wconf 90' lang='lat' dir='ltr'><strong>coadunata</strong></span> <span class='ocrx_word' id='word_1_72' title='bbox 1668 1487 1733 1552; x_wconf 89' lang='lat' dir='ltr'><strong>in</strong></span> <span class='ocrx_word' id='word_1_73' title='bbox 1776 1482 2106 1553; x_wconf 86' lang='lat' dir='ltr'><strong>Ordinario</strong></span> 
     </span>
     <span class='ocr_line' id='line_1_15' title="bbox 521 1572 2109 1676; baseline -0.002 -36"><span class='ocrx_word' id='word_1_74' title='bbox 521 1575 749 1656; x_wconf 88' lang='lat' dir='ltr'><strong>Coetu,</strong></span> <span class='ocrx_word' id='word_1_75' title='bbox 800 1573 1091 1641; x_wconf 88' lang='lat' dir='ltr'><strong>omnibus</strong></span> <span class='ocrx_word' id='word_1_76' title='bbox 1137 1584 1384 1640; x_wconf 89' lang='lat' dir='ltr'><strong>maturo</strong></span> <span class='ocrx_word' id='word_1_77' title='bbox 1432 1574 1728 1640; x_wconf 81' lang='lat' dir='ltr'><strong>examine</strong></span> <span class='ocrx_word' id='word_1_78' title='bbox 1774 1572 2109 1676; x_wconf 79' lang='lat' dir='ltr'><strong>perpensis</strong></span> 
     </span>
     <span class='ocr_line' id='line_1_16' title="bbox 521 1661 2105 1748; baseline 0.001 -24"><span class='ocrx_word' id='word_1_79' title='bbox 521 1661 860 1748; x_wconf 87' lang='lat' dir='ltr'><strong>auditaque</strong></span> <span class='ocrx_word' id='word_1_80' title='bbox 906 1682 939 1727; x_wconf 92' lang='lat' dir='ltr'><strong>a</strong></span> <span class='ocrx_word' id='word_1_81' title='bbox 988 1662 1343 1739; x_wconf 84' lang='lat' dir='ltr'><strong>Secretario</strong></span> <span class='ocrx_word' id='word_1_82' title='bbox 1391 1662 1566 1729; x_wconf 80' lang='lat' dir='ltr'><strong>fideli</strong></span> <span class='ocrx_word' id='word_1_83' title='bbox 1625 1663 1955 1746; x_wconf 90' lang='lat' dir='ltr'><strong>relat1one,</strong></span> <span class='ocrx_word' id='word_1_84' title='bbox 2004 1681 2105 1727; x_wconf 89' lang='lat' dir='ltr'><strong>re-</strong></span> 
     </span>
     <span class='ocr_line' id='line_1_17' title="bbox 521 1748 1276 1816; baseline 0.003 -3"><span class='ocrx_word' id='word_1_85' title='bbox 521 1748 935 1816; x_wconf 87' lang='lat' dir='ltr'><strong>scribendum</strong></span> <span class='ocrx_word' id='word_1_86' title='bbox 982 1751 1276 1816; x_wconf 82' lang='lat' dir='ltr'><strong>censuit:</strong></span> 
     </span>
    </p>

    <p class='ocr_par' dir='ltr' id='par_1_4' title="bbox 653 1838 2101 1927">
     <span class='ocr_line' id='line_1_18' title="bbox 653 1838 2101 1927; baseline 0.001 -23"><span class='ocrx_word' id='word_1_87' title='bbox 653 1838 749 1904; x_wconf 84' lang='lat' dir='ltr'><strong>Ad</strong></span> <span class='ocrx_word' id='word_1_88' title='bbox 784 1841 841 1904; x_wconf 93' lang='grc'><strong>1.</strong></span> <span class='ocrx_word' id='word_1_89' title='bbox 872 1859 910 1902; x_wconf 82' lang='lat'><strong>‹</strong></span> <span class='ocrx_word' id='word_1_90' title='bbox 934 1840 1085 1905; x_wconf 87' lang='lat' dir='ltr'><strong>Sine</strong></span> <span class='ocrx_word' id='word_1_91' title='bbox 1107 1838 1367 1925; x_wconf 89' lang='lat' dir='ltr'><strong>speciali</strong></span> <span class='ocrx_word' id='word_1_92' title='bbox 1393 1839 1643 1907; x_wconf 87' lang='lat' dir='ltr'><strong>indulto</strong></span> <span class='ocrx_word' id='word_1_93' title='bbox 1667 1858 1795 1906; x_wconf 92' lang='lat' dir='ltr'><strong>non</strong></span> <span class='ocrx_word' id='word_1_94' title='bbox 1824 1859 2012 1927; x_wconf 91' lang='lat' dir='ltr'><strong>posse</strong></span> <span class='ocrx_word' id='word_1_95' title='bbox 2037 1861 2101 1905; x_wconf 63' lang='grc' dir='ltr'><strong>ι.</strong></span> 
     </span>
    </p>

    <p class='ocr_par' dir='ltr' id='par_1_5' title="bbox 652 1926 1889 2014">
     <span class='ocr_line' id='line_1_19' title="bbox 652 1926 1889 2014; baseline 0.001 -21"><span class='ocrx_word' id='word_1_96' title='bbox 652 1926 748 1993; x_wconf 84' lang='lat' dir='ltr'><strong>Ad</strong></span> <span class='ocrx_word' id='word_1_97' title='bbox 774 1930 840 1992; x_wconf 72' lang='lat'><strong>2.</strong></span> <span class='ocrx_word' id='word_1_98' title='bbox 872 1929 1261 2014; x_wconf 81' lang='lat' dir='ltr'><strong>‹Negative,</strong></span> <span class='ocrx_word' id='word_1_99' title='bbox 1297 1926 1469 1993; x_wconf 79' lang='lat' dir='ltr'><strong>iuxta</strong></span> <span class='ocrx_word' id='word_1_100' title='bbox 1502 1928 1803 1996; x_wconf 87' lang='lat' dir='ltr'><strong>Rubricas</strong></span> <span class='ocrx_word' id='word_1_101' title='bbox 1827 1951 1889 1994; x_wconf 81' lang='lat'><strong>».</strong></span> 
     </span>
    </p>

    <p class='ocr_par' dir='ltr' id='par_1_6' title="bbox 520 2013 2104 2171">
     <span class='ocr_line' id='line_1_20' title="bbox 650 2013 2104 2084; baseline 0.001 -4"><span class='ocrx_word' id='word_1_102' title='bbox 650 2013 747 2081; x_wconf 79' lang='lat' dir='ltr'><strong>Ad</strong></span> <span class='ocrx_word' id='word_1_103' title='bbox 774 2019 836 2082; x_wconf 83' lang='grc'><strong>3.</strong></span> <span class='ocrx_word' id='word_1_104' title='bbox 867 2016 1156 2083; x_wconf 80' lang='lat' dir='ltr'><strong>‹Teneri</strong></span> <span class='ocrx_word' id='word_1_105' title='bbox 1200 2016 1277 2083; x_wconf 90' lang='lat' dir='ltr'><strong>ad</strong></span> <span class='ocrx_word' id='word_1_106' title='bbox 1321 2027 1604 2084; x_wconf 84' lang='lat' dir='ltr'><strong>octavam</strong></span> <span class='ocrx_word' id='word_1_107' title='bbox 1646 2017 1940 2084; x_wconf 87' lang='lat' dir='ltr'><strong>Titularis</strong></span> <span class='ocrx_word' id='word_1_108' title='bbox 1989 2021 2104 2082; x_wconf 89' lang='lat' dir='ltr'><strong>Ec·</strong></span> 
     </span>
     <span class='ocr_line' id='line_1_21' title="bbox 520 2102 1174 2171; baseline 0.002 -1"><span class='ocrx_word' id='word_1_109' title='bbox 520 2102 751 2171; x_wconf 91' lang='lat' dir='ltr'><strong>clesiae</strong></span> <span class='ocrx_word' id='word_1_110' title='bbox 794 2103 1081 2171; x_wconf 79' lang='lat' dir='ltr'><strong>adnexae</strong></span> <span class='ocrx_word' id='word_1_111' title='bbox 1112 2127 1174 2171; x_wconf 60' lang='grc' dir='ltr'><strong>ι.</strong></span> 
     </span>
    </p>

    <p class='ocr_par' dir='ltr' id='par_1_7' title="bbox 520 2192 2102 2367">
     <span class='ocr_line' id='line_1_22' title="bbox 650 2192 2102 2282; baseline 0.001 -24"><span class='ocrx_word' id='word_1_112' title='bbox 650 2192 745 2259; x_wconf 80' lang='lat' dir='ltr'><strong>Ad</strong></span> <span class='ocrx_word' id='word_1_113' title='bbox 781 2195 845 2258; x_wconf 81' lang='lat'><strong>4.</strong></span> <span class='ocrx_word' id='word_1_114' title='bbox 883 2213 921 2257; x_wconf 66' lang='grc' dir='ltr'><strong>α</strong></span> <span class='ocrx_word' id='word_1_115' title='bbox 947 2196 1158 2278; x_wconf 84' lang='lat' dir='ltr'><strong>Posse,</strong></span> <span class='ocrx_word' id='word_1_116' title='bbox 1198 2192 1302 2260; x_wconf 76' lang='lat' dir='ltr'><strong>vel</strong></span> <span class='ocrx_word' id='word_1_117' title='bbox 1336 2211 1455 2280; x_wconf 89' lang='lat' dir='ltr'><strong>per</strong></span> <span class='ocrx_word' id='word_1_118' title='bbox 1483 2213 1553 2259; x_wconf 89' lang='lat' dir='ltr'><strong>se</strong></span> <span class='ocrx_word' id='word_1_119' title='bbox 1585 2194 1689 2261; x_wconf 79' lang='lat' dir='ltr'><strong>vel</strong></span> <span class='ocrx_word' id='word_1_120' title='bbox 1726 2213 1845 2282; x_wconf 89' lang='lat' dir='ltr'><strong>per</strong></span> <span class='ocrx_word' id='word_1_121' title='bbox 1865 2194 2102 2271; x_wconf 88' lang='lat' dir='ltr'><strong>alium;</strong></span> 
     </span>
     <span class='ocr_line' id='line_1_23' title="bbox 520 2280 2030 2367; baseline 0 -20"><span class='ocrx_word' id='word_1_122' title='bbox 520 2281 691 2367; x_wconf 83' lang='lat' dir='ltr'><strong>quin&#39;</strong></span> <span class='ocrx_word' id='word_1_123' title='bbox 722 2280 1086 2366; x_wconf 81' lang='lat' dir='ltr'><strong>requiratur</strong></span> <span class='ocrx_word' id='word_1_124' title='bbox 1131 2282 1310 2348; x_wconf 78' lang='lat' dir='ltr'><strong>Missa</strong></span> <span class='ocrx_word' id='word_1_125' title='bbox 1353 2280 1660 2348; x_wconf 89' lang='lat' dir='ltr'><strong>solemnis</strong></span> <span class='ocrx_word' id='word_1_126' title='bbox 1688 2303 1749 2347; x_wconf 77' lang='lat'><strong>›.</strong></span> <span class='ocrx_word' id='word_1_127' title='bbox 2025 2288 2030 2295; x_wconf 83' lang='grc'><strong><em>’</em></strong></span> 
     </span>
    </p>

    <p class='ocr_par' dir='ltr' id='par_1_8' title="bbox 518 2368 2114 2702">
     <span class='ocr_line' id='line_1_24' title="bbox 650 2368 2101 2459; baseline -0.001 -23"><span class='ocrx_word' id='word_1_128' title='bbox 650 2369 746 2437; x_wconf 83' lang='lat' dir='ltr'><strong>Ad</strong></span> <span class='ocrx_word' id='word_1_129' title='bbox 797 2373 863 2435; x_wconf 76' lang='lat'><strong>5.</strong></span> <span class='ocrx_word' id='word_1_130' title='bbox 913 2373 1109 2435; x_wconf 80' lang='lat' dir='ltr'><strong>«lam</strong></span> <span class='ocrx_word' id='word_1_131' title='bbox 1161 2369 1486 2459; x_wconf 83' lang='lat' dir='ltr'><strong>provisum</strong></span> <span class='ocrx_word' id='word_1_132' title='bbox 1533 2370 1598 2436; x_wconf 90' lang='lat' dir='ltr'><strong>in</strong></span> <span class='ocrx_word' id='word_1_133' title='bbox 1646 2370 1836 2436; x_wconf 91' lang='lat' dir='ltr'><strong>tertio</strong></span> <span class='ocrx_word' id='word_1_134' title='bbox 1868 2368 2101 2438; x_wconf 85' lang='lat' dir='ltr'><strong>dubio:</strong></span> 
     </span>
     <span class='ocr_line' id='line_1_25' title="bbox 522 2457 2102 2525; baseline 0 0"><span class='ocrx_word' id='word_1_135' title='bbox 522 2457 660 2525; x_wconf 82' lang='lat' dir='ltr'><strong>lieri</strong></span> <span class='ocrx_word' id='word_1_136' title='bbox 727 2469 943 2525; x_wconf 91' lang='lat' dir='ltr'><strong>autem</strong></span> <span class='ocrx_word' id='word_1_137' title='bbox 1001 2458 1242 2525; x_wconf 92' lang='lat' dir='ltr'><strong>debere</strong></span> <span class='ocrx_word' id='word_1_138' title='bbox 1307 2458 1978 2524; x_wconf 83' lang='lat' dir='ltr'><strong>commemorationem</strong></span> <span class='ocrx_word' id='word_1_139' title='bbox 2042 2458 2102 2525; x_wconf 88' lang='lat' dir='ltr'><strong>in</strong></span> 
     </span>
     <span class='ocr_line' id='line_1_26' title="bbox 518 2536 2114 2633; baseline -0.001 -19"><span class='ocrx_word' id='word_1_140' title='bbox 518 2545 840 2632; x_wconf 76' lang='lat' dir='ltr'><strong>Suffragiis</strong></span> <span class='ocrx_word' id='word_1_141' title='bbox 887 2565 1008 2633; x_wconf 87' lang='lat' dir='ltr'><strong>per</strong></span> <span class='ocrx_word' id='word_1_142' title='bbox 1041 2562 1303 2629; x_wconf 89' lang='lat' dir='ltr'><strong>annum,</strong></span> <span class='ocrx_word' id='word_1_143' title='bbox 1370 2546 1447 2612; x_wconf 91' lang='lat' dir='ltr'><strong>ad</strong></span> <span class='ocrx_word' id='word_1_144' title='bbox 1513 2545 1833 2613; x_wconf 88' lang='lat' dir='ltr'><strong>tramitem</strong></span> <span class='ocrx_word' id='word_1_145' title='bbox 1879 2536 2114 2613; x_wconf 63' lang='lat' dir='ltr'><strong>Rubri-⁵</strong></span> 
     </span>
     <span class='ocr_line' id='line_1_27' title="bbox 520 2654 727 2702; baseline 0.01 -2"><span class='ocrx_word' id='word_1_146' title='bbox 520 2654 631 2701; x_wconf 91' lang='lat' dir='ltr'><strong>cae</strong></span> <span class='ocrx_word' id='word_1_147' title='bbox 663 2657 727 2702; x_wconf 64' lang='lat' dir='ltr'><strong>a.</strong></span> 
     </span>
    </p>

    <p class='ocr_par' dir='ltr' id='par_1_9' title="bbox 653 2720 1736 2809">
     <span class='ocr_line' id='line_1_28' title="bbox 653 2720 1736 2809; baseline 0.002 -22"><span class='ocrx_word' id='word_1_148' title='bbox 653 2726 862 2809; x_wconf 77' lang='lat' dir='ltr'><strong>Atque</strong></span> <span class='ocrx_word' id='word_1_149' title='bbox 906 2722 987 2786; x_wconf 88' lang='lat' dir='ltr'><strong>ita</strong></span> <span class='ocrx_word' id='word_1_150' title='bbox 1036 2720 1390 2789; x_wconf 84' lang='lat' dir='ltr'><strong>rescribere</strong></span> <span class='ocrx_word' id='word_1_151' title='bbox 1437 2734 1566 2789; x_wconf 88' lang='lat' dir='ltr'><strong>rata</strong></span> <span class='ocrx_word' id='word_1_152' title='bbox 1614 2735 1736 2789; x_wconf 72' lang='lat' dir='ltr'><strong>est.</strong></span> 
     </span>
    </p>

    <p class='ocr_par' dir='ltr' id='par_1_10' title="bbox 651 2809 1517 2878">
     <span class='ocr_line' id='line_1_29' title="bbox 651 2809 1517 2878; baseline -0.001 -1"><span class='ocrx_word' id='word_1_153' title='bbox 651 2812 762 2877; x_wconf 89' lang='lat' dir='ltr'><strong>Die</strong></span> <span class='ocrx_word' id='word_1_154' title='bbox 811 2814 891 2877; x_wconf 80' lang='grc'><strong>27</strong></span> <span class='ocrx_word' id='word_1_155' title='bbox 942 2809 1269 2876; x_wconf 74' lang='lat' dir='ltr'><strong>Februarii</strong></span> <span class='ocrx_word' id='word_1_156' title='bbox 1324 2812 1517 2878; x_wconf 66' lang='lat'><strong>1847.</strong></span> 
     </span>
    </p>
   </div>
   <div class='ocr_carea' id='block_1_3' title="bbox 521 2950 2101 3042">
    <p class='ocr_par' dir='ltr' id='par_1_11' title="bbox 521 2950 2101 3042">
     <span class='ocr_line' id='line_1_30' title="bbox 521 2950 2101 3042; baseline 0.001 -20"><span class='ocrx_word' id='word_1_157' title='bbox 521 2950 789 3023; x_wconf 79' lang='lat'>2940.</span> <span class='ocrx_word' id='word_1_158' title='bbox 1071 2952 1554 3020; x_wconf 69' lang='lat' dir='ltr'><strong>caunmNEN.</strong></span> <span class='ocrx_word' id='word_1_159' title='bbox 1873 2953 2101 3042; x_wconf 74' lang='lat' dir='ltr'><strong>(soso)</strong></span> 
     </span>
    </p>
   </div>
   <div class='ocr_carea' id='block_1_4' title="bbox 515 3075 2109 5456">
    <p class='ocr_par' dir='ltr' id='par_1_12' title="bbox 516 3075 2109 4404">
     <span class='ocr_line' id='line_1_31' title="bbox 648 3075 2104 3162; baseline 0 -18"><span class='ocrx_word' id='word_1_160' title='bbox 648 3076 947 3145; x_wconf 83' lang='lat' dir='ltr'><strong>Canonici</strong></span> <span class='ocrx_word' id='word_1_161' title='bbox 1025 3075 1410 3162; x_wconf 75' lang='lat' dir='ltr'><strong>collegiatae</strong></span> <span class='ocrx_word' id='word_1_162' title='bbox 1498 3077 1819 3144; x_wconf 81' lang='lat' dir='ltr'><strong>Ecclesiae</strong></span> <span class='ocrx_word' id='word_1_163' title='bbox 1894 3079 2104 3147; x_wconf 85' lang='lat' dir='ltr'><strong>Sancti</strong></span> 
     </span>
     <span class='ocr_line' id='line_1_32' title="bbox 518 3164 2107 3253; baseline 0 -20"><span class='ocrx_word' id='word_1_164' title='bbox 518 3164 762 3233; x_wconf 78' lang='lat' dir='ltr'><strong>Martini</strong></span> <span class='ocrx_word' id='word_1_165' title='bbox 812 3165 878 3232; x_wconf 92' lang='lat' dir='ltr'><strong>in</strong></span> <span class='ocrx_word' id='word_1_166' title='bbox 928 3165 1179 3253; x_wconf 87' lang='lat' dir='ltr'><strong>Oppido</strong></span> <span class='ocrx_word' id='word_1_167' title='bbox 1241 3168 1502 3233; x_wconf 88' lang='lat' dir='ltr'><strong>Sanctae</strong></span> <span class='ocrx_word' id='word_1_168' title='bbox 1559 3167 1881 3233; x_wconf 79' lang='lat' dir='ltr'><strong>Anatoliae</strong></span> <span class='ocrx_word' id='word_1_169' title='bbox 1944 3166 2107 3233; x_wconf 90' lang='lat' dir='ltr'><strong>intra</strong></span> 
     </span>
     <span class='ocr_line' id='line_1_33' title="bbox 518 3253 2105 3322; baseline -0.001 0"><span class='ocrx_word' id='word_1_170' title='bbox 518 3254 678 3322; x_wconf 84' lang='lat' dir='ltr'><strong>fines</strong></span> <span class='ocrx_word' id='word_1_171' title='bbox 725 3253 1228 3322; x_wconf 81' lang='lat' dir='ltr'><strong>Archidioecesis</strong></span> <span class='ocrx_word' id='word_1_172' title='bbox 1273 3255 1675 3321; x_wconf 90' lang='lat' dir='ltr'><strong>camerinen.</strong></span> <span class='ocrx_word' id='word_1_173' title='bbox 1726 3256 1844 3321; x_wconf 90' lang='lat' dir='ltr'><strong>etsi</strong></span> <span class='ocrx_word' id='word_1_174' title='bbox 1890 3254 1966 3320; x_wconf 89' lang='lat' dir='ltr'><strong>ab</strong></span> <span class='ocrx_word' id='word_1_175' title='bbox 1997 3274 2105 3321; x_wconf 90' lang='lat' dir='ltr'><strong>an-</strong></span> 
     </span>
     <span class='ocr_line' id='line_1_34' title="bbox 518 3342 2108 3427; baseline -0.001 -18"><span class='ocrx_word' id='word_1_176' title='bbox 518 3362 601 3409; x_wconf 92' lang='lat' dir='ltr'><strong>no</strong></span> <span class='ocrx_word' id='word_1_177' title='bbox 654 3345 819 3409; x_wconf 73' lang='lat'><strong>1645</strong></span> <span class='ocrx_word' id='word_1_178' title='bbox 865 3342 985 3409; x_wconf 89' lang='lat' dir='ltr'><strong>sub</strong></span> <span class='ocrx_word' id='word_1_179' title='bbox 1031 3342 1136 3410; x_wconf 88' lang='lat' dir='ltr'><strong>die</strong></span> <span class='ocrx_word' id='word_1_180' title='bbox 1189 3348 1266 3410; x_wconf 86' lang='grc'><strong>16</strong></span> <span class='ocrx_word' id='word_1_181' title='bbox 1313 3344 1713 3427; x_wconf 88' lang='lat' dir='ltr'><strong>Septembris</strong></span> <span class='ocrx_word' id='word_1_182' title='bbox 1743 3342 1818 3408; x_wconf 88' lang='lat' dir='ltr'><strong>ab</strong></span> <span class='ocrx_word' id='word_1_183' title='bbox 1851 3344 1966 3411; x_wconf 91' lang='lat' dir='ltr'><strong>hac</strong></span> <span class='ocrx_word' id='word_1_184' title='bbox 1997 3344 2108 3410; x_wconf 88' lang='lat' dir='ltr'><strong>Sa-</strong></span> 
     </span>
     <span class='ocr_line' id='line_1_35' title="bbox 519 3430 2105 3519; baseline -0.001 -21"><span class='ocrx_word' id='word_1_185' title='bbox 519 3450 620 3498; x_wconf 88' lang='lat' dir='ltr'><strong>cra</strong></span> <span class='ocrx_word' id='word_1_186' title='bbox 667 3430 925 3498; x_wconf 90' lang='lat' dir='ltr'><strong>Rituum</strong></span> <span class='ocrx_word' id='word_1_187' title='bbox 968 3432 1473 3519; x_wconf 79' lang='lat' dir='ltr'><strong>congregatione</strong></span> <span class='ocrx_word' id='word_1_188' title='bbox 1521 3435 1861 3498; x_wconf 82' lang='lat' dir='ltr'><strong>Decretum</strong></span> <span class='ocrx_word' id='word_1_189' title='bbox 1899 3433 2105 3519; x_wconf 89' lang='lat' dir='ltr'><strong>impe-</strong></span> 
     </span>
     <span class='ocr_line' id='line_1_36' title="bbox 520 3519 2105 3605; baseline 0 -20"><span class='ocrx_word' id='word_1_190' title='bbox 520 3519 768 3603; x_wconf 89' lang='lat' dir='ltr'><strong>trarint,</strong></span> <span class='ocrx_word' id='word_1_191' title='bbox 815 3531 887 3585; x_wconf 88' lang='lat' dir='ltr'><strong>ut</strong></span> <span class='ocrx_word' id='word_1_192' title='bbox 935 3520 999 3586; x_wconf 91' lang='lat' dir='ltr'><strong>in</strong></span> <span class='ocrx_word' id='word_1_193' title='bbox 1045 3519 1312 3587; x_wconf 88' lang='lat' dir='ltr'><strong>Sabbato</strong></span> <span class='ocrx_word' id='word_1_194' title='bbox 1358 3521 1585 3586; x_wconf 87' lang='lat' dir='ltr'><strong>Sancto</strong></span> <span class='ocrx_word' id='word_1_195' title='bbox 1644 3519 1862 3605; x_wconf 87' lang='lat' dir='ltr'><strong>primi,</strong></span> <span class='ocrx_word' id='word_1_196' title='bbox 1912 3523 2105 3587; x_wconf 90' lang='lat' dir='ltr'><strong>etiam</strong></span> 
     </span>
     <span class='ocr_line' id='line_1_37' title="bbox 516 3608 2106 3695; baseline 0.001 -21"><span class='ocrx_word' id='word_1_197' title='bbox 516 3617 662 3674; x_wconf 90' lang='lat' dir='ltr'><strong>ante</strong></span> <span class='ocrx_word' id='word_1_198' title='bbox 708 3609 1038 3674; x_wconf 87' lang='lat' dir='ltr'><strong>matricem</strong></span> <span class='ocrx_word' id='word_1_199' title='bbox 1086 3610 1350 3676; x_wconf 85' lang='lat' dir='ltr'><strong>Sanctae</strong></span> <span class='ocrx_word' id='word_1_200' title='bbox 1390 3608 1738 3690; x_wconf 82' lang='lat' dir='ltr'><strong>Anatoliae,</strong></span> <span class='ocrx_word' id='word_1_201' title='bbox 1776 3609 2106 3695; x_wconf 85' lang='lat' dir='ltr'><strong>pulsarent</strong></span> 
     </span>
     <span class='ocr_line' id='line_1_38' title="bbox 519 3694 2101 3784; baseline -0.001 -20"><span class='ocrx_word' id='word_1_202' title='bbox 519 3699 895 3783; x_wconf 89' lang='lat' dir='ltr'><strong>Campanas,</strong></span> <span class='ocrx_word' id='word_1_203' title='bbox 945 3695 1116 3781; x_wconf 91' lang='lat' dir='ltr'><strong>quod</strong></span> <span class='ocrx_word' id='word_1_204' title='bbox 1180 3694 1440 3782; x_wconf 87' lang='lat' dir='ltr'><strong>quidem</strong></span> <span class='ocrx_word' id='word_1_205' title='bbox 1502 3696 1596 3761; x_wconf 87' lang='lat' dir='ltr'><strong>ius</strong></span> <span class='ocrx_word' id='word_1_206' title='bbox 1661 3696 1969 3784; x_wconf 81' lang='lat' dir='ltr'><strong>privative</strong></span> <span class='ocrx_word' id='word_1_207' title='bbox 2023 3696 2101 3763; x_wconf 92' lang='lat' dir='ltr'><strong>ad</strong></span> 
     </span>
     <span class='ocr_line' id='line_1_39' title="bbox 518 3780 2105 3873; baseline 0.001 -23"><span class='ocrx_word' id='word_1_208' title='bbox 518 3780 929 3870; x_wconf 79' lang='lat' dir='ltr'><strong>collegiatam</strong></span> <span class='ocrx_word' id='word_1_209' title='bbox 979 3785 1176 3873; x_wconf 84' lang='lat' dir='ltr'><strong>ipsam</strong></span> <span class='ocrx_word' id='word_1_210' title='bbox 1220 3793 1512 3870; x_wconf 90' lang='lat' dir='ltr'><strong>spectare</strong></span> <span class='ocrx_word' id='word_1_211' title='bbox 1560 3795 1712 3851; x_wconf 88' lang='lat' dir='ltr'><strong>tunc</strong></span> <span class='ocrx_word' id='word_1_212' title='bbox 1768 3783 2105 3851; x_wconf 86' lang='lat' dir='ltr'><strong>delinitum</strong></span> 
     </span>
     <span class='ocr_line' id='line_1_40' title="bbox 519 3870 2109 3961; baseline 0 -22"><span class='ocrx_word' id='word_1_213' title='bbox 519 3870 676 3950; x_wconf 74' lang='lat' dir='ltr'><strong>fuit;</strong></span> <span class='ocrx_word' id='word_1_214' title='bbox 711 3880 988 3938; x_wconf 89' lang='lat' dir='ltr'><strong>attamen</strong></span> <span class='ocrx_word' id='word_1_215' title='bbox 1022 3873 1086 3939; x_wconf 91' lang='lat' dir='ltr'><strong>in</strong></span> <span class='ocrx_word' id='word_1_216' title='bbox 1120 3872 1640 3961; x_wconf 85' lang='lat' dir='ltr'><strong>praesentiarum,</strong></span> <span class='ocrx_word' id='word_1_217' title='bbox 1676 3872 1917 3938; x_wconf 87' lang='lat' dir='ltr'><strong>iteratis</strong></span> <span class='ocrx_word' id='word_1_218' title='bbox 1958 3892 2109 3960; x_wconf 91' lang='lat' dir='ltr'><strong>pre-</strong></span> 
     </span>
     <span class='ocr_line' id='line_1_41' title="bbox 520 3960 2106 4047; baseline -0.001 -20"><span class='ocrx_word' id='word_1_219' title='bbox 520 3960 723 4043; x_wconf 91' lang='lat' dir='ltr'><strong>cibus,</strong></span> <span class='ocrx_word' id='word_1_220' title='bbox 775 3962 1024 4028; x_wconf 86' lang='lat' dir='ltr'><strong>Sacram</strong></span> <span class='ocrx_word' id='word_1_221' title='bbox 1070 3961 1270 4047; x_wconf 87' lang='lat' dir='ltr'><strong>ipsam</strong></span> <span class='ocrx_word' id='word_1_222' title='bbox 1317 3961 1892 4047; x_wconf 78' lang='lat' dir='ltr'><strong>congregationem</strong></span> <span class='ocrx_word' id='word_1_223' title='bbox 1927 3977 2106 4047; x_wconf 87' lang='lat' dir='ltr'><strong>roga·</strong></span> 
     </span>
     <span class='ocr_line' id='line_1_42' title="bbox 518 4048 2108 4135; baseline -0.002 -19"><span class='ocrx_word' id='word_1_224' title='bbox 518 4059 671 4116; x_wconf 86' lang='lat' dir='ltr'><strong>runt</strong></span> <span class='ocrx_word' id='word_1_225' title='bbox 732 4048 956 4135; x_wconf 84' lang='lat' dir='ltr'><strong>enixe,</strong></span> <span class='ocrx_word' id='word_1_226' title='bbox 1014 4062 1086 4117; x_wconf 90' lang='lat' dir='ltr'><strong>ut</strong></span> <span class='ocrx_word' id='word_1_227' title='bbox 1142 4049 1469 4116; x_wconf 86' lang='lat' dir='ltr'><strong>declarare</strong></span> <span class='ocrx_word' id='word_1_228' title='bbox 1523 4051 1944 4135; x_wconf 74' lang='lat' dir='ltr'><strong>dignaretur:</strong></span> <span class='ocrx_word' id='word_1_229' title='bbox 2009 4050 2108 4114; x_wconf 82' lang='lat' dir='ltr'><strong>An</strong></span> 
     </span>
     <span class='ocr_line' id='line_1_43' title="bbox 520 4137 2107 4223; baseline -0.002 -17"><span class='ocrx_word' id='word_1_230' title='bbox 520 4137 744 4206; x_wconf 83' lang='lat' dir='ltr'><strong>titulus</strong></span> <span class='ocrx_word' id='word_1_231' title='bbox 774 4138 1077 4223; x_wconf 77' lang='lat' dir='ltr'><strong>matriciS,</strong></span> <span class='ocrx_word' id='word_1_232' title='bbox 1112 4159 1240 4206; x_wconf 93' lang='lat' dir='ltr'><strong>non</strong></span> <span class='ocrx_word' id='word_1_233' title='bbox 1280 4138 1565 4204; x_wconf 87' lang='lat' dir='ltr'><strong>obstante</strong></span> <span class='ocrx_word' id='word_1_234' title='bbox 1596 4138 1959 4205; x_wconf 88' lang='lat' dir='ltr'><strong>huiusmodi</strong></span> <span class='ocrx_word' id='word_1_235' title='bbox 1995 4137 2107 4203; x_wconf 89' lang='lat' dir='ltr'><strong>de-</strong></span> 
     </span>
     <span class='ocr_line' id='line_1_44' title="bbox 516 4225 2105 4315; baseline -0.004 -20"><span class='ocrx_word' id='word_1_236' title='bbox 516 4227 832 4310; x_wconf 86' lang='lat' dir='ltr'><strong>finitione,</strong></span> <span class='ocrx_word' id='word_1_237' title='bbox 867 4228 1065 4314; x_wconf 87' lang='lat' dir='ltr'><strong>possit</strong></span> <span class='ocrx_word' id='word_1_238' title='bbox 1094 4229 1384 4313; x_wconf 88' lang='lat' dir='ltr'><strong>usurpari</strong></span> <span class='ocrx_word' id='word_1_239' title='bbox 1418 4246 1450 4291; x_wconf 89' lang='lat' dir='ltr'><strong>a</strong></span> <span class='ocrx_word' id='word_1_240' title='bbox 1481 4227 1798 4315; x_wconf 86' lang='lat' dir='ltr'><strong>praedicta</strong></span> <span class='ocrx_word' id='word_1_241' title='bbox 1828 4225 2105 4292; x_wconf 83' lang='lat' dir='ltr'><strong>Ecclesia</strong></span> 
     </span>
     <span class='ocr_line' id='line_1_45' title="bbox 519 4314 1596 4404; baseline 0.001 -23"><span class='ocrx_word' id='word_1_242' title='bbox 519 4314 862 4404; x_wconf 90' lang='lat' dir='ltr'><strong>parochiali</strong></span> <span class='ocrx_word' id='word_1_243' title='bbox 908 4318 1172 4384; x_wconf 89' lang='lat' dir='ltr'><strong>Sanctae</strong></span> <span class='ocrx_word' id='word_1_244' title='bbox 1218 4315 1596 4382; x_wconf 71' lang='lat' dir='ltr'><strong>Anatoliae?</strong></span> 
     </span>
    </p>

    <p class='ocr_par' dir='ltr' id='par_1_13' title="bbox 515 4402 2108 5375">
     <span class='ocr_line' id='line_1_46' title="bbox 648 4402 2107 4493; baseline -0.001 -23"><span class='ocrx_word' id='word_1_245' title='bbox 648 4405 808 4482; x_wconf 86' lang='lat' dir='ltr'><strong>Quas</strong></span> <span class='ocrx_word' id='word_1_246' title='bbox 853 4403 1117 4491; x_wconf 88' lang='lat' dir='ltr'><strong>quidem</strong></span> <span class='ocrx_word' id='word_1_247' title='bbox 1171 4423 1397 4493; x_wconf 88' lang='lat' dir='ltr'><strong>preces</strong></span> <span class='ocrx_word' id='word_1_248' title='bbox 1456 4423 1656 4491; x_wconf 90' lang='lat' dir='ltr'><strong>quum</strong></span> <span class='ocrx_word' id='word_1_249' title='bbox 1718 4402 2107 4472; x_wconf 76' lang='lat' dir='ltr'><strong>secretarius</strong></span> 
     </span>
     <span class='ocr_line' id='line_1_47' title="bbox 518 4490 2106 4581; baseline 0.001 -23"><span class='ocrx_word' id='word_1_250' title='bbox 518 4490 911 4581; x_wconf 86' lang='lat' dir='ltr'><strong>subscriptus</strong></span> <span class='ocrx_word' id='word_1_251' title='bbox 962 4494 1258 4559; x_wconf 90' lang='lat' dir='ltr'><strong>retulerit</strong></span> <span class='ocrx_word' id='word_1_252' title='bbox 1305 4493 1368 4559; x_wconf 92' lang='lat' dir='ltr'><strong>in</strong></span> <span class='ocrx_word' id='word_1_253' title='bbox 1412 4491 1737 4561; x_wconf 79' lang='lat' dir='ltr'><strong>ordinario</strong></span> <span class='ocrx_word' id='word_1_254' title='bbox 1768 4495 1970 4558; x_wconf 84' lang='lat' dir='ltr'><strong>Coetu</strong></span> <span class='ocrx_word' id='word_1_255' title='bbox 2001 4495 2106 4559; x_wconf 88' lang='lat' dir='ltr'><strong>Sa·</strong></span> 
     </span>
     <span class='ocr_line' id='line_1_48' title="bbox 519 4580 2103 4669; baseline 0.001 -23"><span class='ocrx_word' id='word_1_256' title='bbox 519 4599 663 4647; x_wconf 89' lang='lat' dir='ltr'><strong>crae</strong></span> <span class='ocrx_word' id='word_1_257' title='bbox 694 4583 953 4649; x_wconf 86' lang='lat' dir='ltr'><strong>Ritnum</strong></span> <span class='ocrx_word' id='word_1_258' title='bbox 985 4581 1512 4669; x_wconf 84' lang='lat' dir='ltr'><strong>congregationis</strong></span> <span class='ocrx_word' id='word_1_259' title='bbox 1552 4582 1856 4649; x_wconf 90' lang='lat' dir='ltr'><strong>hodierna</strong></span> <span class='ocrx_word' id='word_1_260' title='bbox 1889 4580 1997 4647; x_wconf 90' lang='lat' dir='ltr'><strong>die</strong></span> <span class='ocrx_word' id='word_1_261' title='bbox 2027 4580 2103 4647; x_wconf 89' lang='lat' dir='ltr'><strong>ad</strong></span> 
     </span>
     <span class='ocr_line' id='line_1_49' title="bbox 516 4668 2106 4758; baseline 0.001 -23"><span class='ocrx_word' id='word_1_262' title='bbox 516 4668 838 4748; x_wconf 90' lang='lat' dir='ltr'><strong>Quirinale</strong></span> <span class='ocrx_word' id='word_1_263' title='bbox 881 4668 1119 4756; x_wconf 90' lang='lat' dir='ltr'><strong>habito,</strong></span> <span class='ocrx_word' id='word_1_264' title='bbox 1154 4673 1338 4737; x_wconf 88' lang='lat' dir='ltr'><strong>Sacra</strong></span> <span class='ocrx_word' id='word_1_265' title='bbox 1372 4670 1500 4756; x_wconf 91' lang='lat' dir='ltr'><strong>ipsa</strong></span> <span class='ocrx_word' id='word_1_266' title='bbox 1549 4669 1972 4758; x_wconf 89' lang='lat' dir='ltr'><strong>congregatio</strong></span> <span class='ocrx_word' id='word_1_267' title='bbox 2007 4690 2106 4737; x_wconf 90' lang='lat' dir='ltr'><strong>re-</strong></span> 
     </span>
     <span class='ocr_line' id='line_1_50' title="bbox 515 4757 2106 4846; baseline 0 -23"><span class='ocrx_word' id='word_1_268' title='bbox 515 4758 924 4826; x_wconf 88' lang='lat' dir='ltr'><strong>scribendum</strong></span> <span class='ocrx_word' id='word_1_269' title='bbox 994 4758 1290 4825; x_wconf 86' lang='lat' dir='ltr'><strong>censuit:</strong></span> <span class='ocrx_word' id='word_1_270' title='bbox 1364 4780 1402 4823; x_wconf 84' lang='lat'><strong>‹</strong></span> <span class='ocrx_word' id='word_1_271' title='bbox 1436 4757 1696 4825; x_wconf 85' lang='lat' dir='ltr'><strong>Etiamsi</strong></span> <span class='ocrx_word' id='word_1_272' title='bbox 1764 4757 2106 4846; x_wconf 89' lang='lat' dir='ltr'><strong>parochiali</strong></span> 
     </span>
     <span class='ocr_line' id='line_1_51' title="bbox 517 4844 2104 4935; baseline 0 -23"><span class='ocrx_word' id='word_1_273' title='bbox 517 4844 841 4914; x_wconf 88' lang='lat' dir='ltr'><strong>Ecclesiae</strong></span> <span class='ocrx_word' id='word_1_274' title='bbox 875 4850 1141 4914; x_wconf 86' lang='lat' dir='ltr'><strong>Sanctae</strong></span> <span class='ocrx_word' id='word_1_275' title='bbox 1169 4847 1494 4914; x_wconf 82' lang='lat' dir='ltr'><strong>Anatoliae</strong></span> <span class='ocrx_word' id='word_1_276' title='bbox 1527 4858 1847 4935; x_wconf 87' lang='lat' dir='ltr'><strong>competat</strong></span> <span class='ocrx_word' id='word_1_277' title='bbox 1877 4847 2104 4914; x_wconf 88' lang='lat' dir='ltr'><strong>titulus</strong></span> 
     </span>
     <span class='ocr_line' id='line_1_52' title="bbox 519 4933 2098 5019; baseline 0 -20"><span class='ocrx_word' id='word_1_278' title='bbox 519 4933 814 5019; x_wconf 73' lang='lat' dir='ltr'><strong>Mati-icis,</strong></span> <span class='ocrx_word' id='word_1_279' title='bbox 863 4935 1036 5002; x_wconf 85' lang='lat' dir='ltr'><strong>iuxta</strong></span> <span class='ocrx_word' id='word_1_280' title='bbox 1088 4947 1297 5003; x_wconf 89' lang='lat' dir='ltr'><strong>tamen</strong></span> <span class='ocrx_word' id='word_1_281' title='bbox 1344 4936 1879 5003; x_wconf 88' lang='lat' dir='ltr'><strong>constitutionem</strong></span> <span class='ocrx_word' id='word_1_282' title='bbox 1917 4956 1970 5002; x_wconf 81' lang='lat' dir='ltr'><strong>S.</strong></span> <span class='ocrx_word' id='word_1_283' title='bbox 2010 4954 2098 5000; x_wconf 90' lang='lat' dir='ltr'><strong>m.</strong></span> 
     </span>
     <span class='ocr_line' id='line_1_53' title="bbox 520 5021 2101 5112; baseline -0.001 -22"><span class='ocrx_word' id='word_1_284' title='bbox 520 5021 747 5090; x_wconf 81' lang='lat' dir='ltr'><strong>Leonis</strong></span> <span class='ocrx_word' id='word_1_285' title='bbox 806 5027 1006 5112; x_wconf 86' lang='lat' dir='ltr'><strong>Papae</strong></span> <span class='ocrx_word' id='word_1_286' title='bbox 1051 5026 1107 5089; x_wconf 88' lang='lat' dir='ltr'>X</span> <span class='ocrx_word' id='word_1_287' title='bbox 1162 5034 1228 5090; x_wconf 92' lang='lat' dir='ltr'><strong>et</strong></span> <span class='ocrx_word' id='word_1_288' title='bbox 1288 5024 1437 5090; x_wconf 88' lang='lat' dir='ltr'><strong>alias</strong></span> <span class='ocrx_word' id='word_1_289' title='bbox 1484 5026 1740 5092; x_wconf 88' lang='lat' dir='ltr'><strong>decreta</strong></span> <span class='ocrx_word' id='word_1_290' title='bbox 1803 5023 1896 5090; x_wconf 90' lang='lat' dir='ltr'><strong>ius</strong></span> <span class='ocrx_word' id='word_1_291' title='bbox 1958 5023 2101 5112; x_wconf 85' lang='lat' dir='ltr'><strong>pul-</strong></span> 
     </span>
     <span class='ocr_line' id='line_1_54' title="bbox 517 5108 2106 5198; baseline -0.001 -20"><span class='ocrx_word' id='word_1_292' title='bbox 517 5108 697 5178; x_wconf 89' lang='lat' dir='ltr'><strong>sandi</strong></span> <span class='ocrx_word' id='word_1_293' title='bbox 744 5115 1088 5198; x_wconf 88' lang='lat' dir='ltr'><strong>campanas</strong></span> <span class='ocrx_word' id='word_1_294' title='bbox 1134 5112 1401 5181; x_wconf 89' lang='lat' dir='ltr'><strong>Sabbato</strong></span> <span class='ocrx_word' id='word_1_295' title='bbox 1448 5115 1676 5180; x_wconf 90' lang='lat' dir='ltr'><strong>Sancto</strong></span> <span class='ocrx_word' id='word_1_296' title='bbox 1732 5124 2106 5198; x_wconf 86' lang='lat' dir='ltr'><strong>competere</strong></span> 
     </span>
     <span class='ocr_line' id='line_1_55' title="bbox 518 5199 2108 5288; baseline -0.004 -18"><span class='ocrx_word' id='word_1_297' title='bbox 518 5202 596 5270; x_wconf 91' lang='lat' dir='ltr'><strong>ad</strong></span> <span class='ocrx_word' id='word_1_298' title='bbox 650 5200 996 5267; x_wconf 88' lang='lat' dir='ltr'><strong>Ecclesiam</strong></span> <span class='ocrx_word' id='word_1_299' title='bbox 1062 5200 1449 5288; x_wconf 76' lang='lat' dir='ltr'><strong>digniorem,</strong></span> <span class='ocrx_word' id='word_1_300' title='bbox 1501 5220 1736 5288; x_wconf 91' lang='lat' dir='ltr'><strong>nempe</strong></span> <span class='ocrx_word' id='word_1_301' title='bbox 1796 5199 2108 5284; x_wconf 84' lang='lat' dir='ltr'><strong>collegia-</strong></span> 
     </span>
     <span class='ocr_line' id='line_1_56' title="bbox 520 5287 1572 5375; baseline -0.004 -17"><span class='ocrx_word' id='word_1_302' title='bbox 520 5304 647 5358; x_wconf 85' lang='lat' dir='ltr'><strong>tam</strong></span> <span class='ocrx_word' id='word_1_303' title='bbox 680 5309 741 5354; x_wconf 73' lang='lat'><strong>».</strong></span> <span class='ocrx_word' id='word_1_304' title='bbox 793 5289 1002 5375; x_wconf 84' lang='lat' dir='ltr'><strong>Atque</strong></span> <span class='ocrx_word' id='word_1_305' title='bbox 1073 5287 1153 5353; x_wconf 88' lang='lat' dir='ltr'><strong>ita</strong></span> <span class='ocrx_word' id='word_1_306' title='bbox 1222 5288 1572 5375; x_wconf 87' lang='lat' dir='ltr'><strong>rescripsit.</strong></span> 
     </span>
    </p>

    <p class='ocr_par' dir='ltr' id='par_1_14' title="bbox 651 5371 1506 5456">
     <span class='ocr_line' id='line_1_57' title="bbox 651 5371 1506 5456; baseline -0.006 -10"><span class='ocrx_word' id='word_1_307' title='bbox 651 5375 763 5448; x_wconf 89' lang='lat' dir='ltr'><strong>Die</strong></span> <span class='ocrx_word' id='word_1_308' title='bbox 812 5380 895 5442; x_wconf 76' lang='lat'><strong>27</strong></span> <span class='ocrx_word' id='word_1_309' title='bbox 942 5371 1506 5456; x_wconf 63' lang='lat' dir='ltr'><strong>Februariiasm.</strong></span> 
     </span>
    </p>
   </div>
   <div class='ocr_carea' id='block_1_5' title="bbox 2213 425 3232 496">
    <p class='ocr_par' dir='ltr' id='par_1_15' title="bbox 2213 425 3232 496">
     <span class='ocr_line' id='line_1_58' title="bbox 2213 425 3232 496; baseline -0.003 -1"><span class='ocrx_word' id='word_1_310' title='bbox 2213 425 2459 496; x_wconf 70' lang='lat'>2941.</span> <span class='ocrx_word' id='word_1_311' title='bbox 2760 427 3232 493; x_wconf 73' lang='lat' dir='ltr'><strong>LmBURGEN.</strong></span> 
     </span>
    </p>
   </div>
   <div class='ocr_carea' id='block_1_6' title="bbox 2207 426 3802 2719">
    <p class='ocr_par' dir='ltr' id='par_1_16' title="bbox 3571 426 3784 512">
     <span class='ocr_line' id='line_1_59' title="bbox 3571 426 3784 512; baseline 0 0"><span class='ocrx_word' id='word_1_312' title='bbox 3571 426 3784 512; x_wconf 70' lang='lat'>(⁵⁰8¹)</span> 
     </span>
    </p>

    <p class='ocr_par' dir='ltr' id='par_1_17' title="bbox 2209 601 3802 2081">
     <span class='ocr_line' id='line_1_60' title="bbox 2340 601 3781 671; baseline -0.003 0"><span class='ocrx_word' id='word_1_313' title='bbox 2340 602 2470 671; x_wconf 88' lang='lat' dir='ltr'><strong>Sibi</strong></span> <span class='ocrx_word' id='word_1_314' title='bbox 2542 602 2911 668; x_wconf 86' lang='lat' dir='ltr'><strong>commissae</strong></span> <span class='ocrx_word' id='word_1_315' title='bbox 2983 601 3301 669; x_wconf 88' lang='lat' dir='ltr'><strong>Dioecesis</strong></span> <span class='ocrx_word' id='word_1_316' title='bbox 3369 601 3781 670; x_wconf 79' lang='lat' dir='ltr'><strong>visitationem</strong></span> 
     </span>
     <span class='ocr_line' id='line_1_61' title="bbox 2213 690 3788 776; baseline -0.001 -19"><span class='ocrx_word' id='word_1_317' title='bbox 2213 690 2548 758; x_wconf 86' lang='lat' dir='ltr'><strong>instituens</strong></span> <span class='ocrx_word' id='word_1_318' title='bbox 2582 690 3173 758; x_wconf 81' lang='lat' dir='ltr'><strong>Reverendissimus</strong></span> <span class='ocrx_word' id='word_1_319' title='bbox 3201 690 3617 776; x_wconf 86' lang='lat' dir='ltr'><strong>Limburgen.</strong></span> <span class='ocrx_word' id='word_1_320' title='bbox 3652 690 3788 776; x_wconf 86' lang='lat' dir='ltr'><strong>Epi·</strong></span> 
     </span>
     <span class='ocr_line' id='line_1_62' title="bbox 2211 777 3788 866; baseline -0.001 -21"><span class='ocrx_word' id='word_1_321' title='bbox 2211 798 2466 866; x_wconf 88' lang='lat' dir='ltr'><strong>scopus,</strong></span> <span class='ocrx_word' id='word_1_322' title='bbox 2515 777 2993 864; x_wconf 85' lang='lat' dir='ltr'><strong>quamplurium</strong></span> <span class='ocrx_word' id='word_1_323' title='bbox 3053 778 3299 846; x_wconf 88' lang='lat' dir='ltr'><strong>invenit</strong></span> <span class='ocrx_word' id='word_1_324' title='bbox 3345 777 3654 845; x_wconf 80' lang='lat' dir='ltr'><strong>Altarium</strong></span> <span class='ocrx_word' id='word_1_325' title='bbox 3696 798 3788 843; x_wconf 87' lang='lat' dir='ltr'><strong>se·</strong></span> 
     </span>
     <span class='ocr_line' id='line_1_63' title="bbox 2210 866 3785 954; baseline 0 -21"><span class='ocrx_word' id='word_1_326' title='bbox 2210 868 2430 954; x_wconf 88' lang='lat' dir='ltr'><strong>pulcra</strong></span> <span class='ocrx_word' id='word_1_327' title='bbox 2463 914 2480 949; x_wconf 96' lang='lat'><strong>,</strong></span> <span class='ocrx_word' id='word_1_328' title='bbox 2563 866 2624 933; x_wconf 90' lang='lat' dir='ltr'><strong>in</strong></span> <span class='ocrx_word' id='word_1_329' title='bbox 2691 866 2925 952; x_wconf 88' lang='lat' dir='ltr'><strong>quibus</strong></span> <span class='ocrx_word' id='word_1_330' title='bbox 3001 869 3226 935; x_wconf 84' lang='lat' dir='ltr'><strong>Sacrae</strong></span> <span class='ocrx_word' id='word_1_331' title='bbox 3293 867 3624 953; x_wconf 80' lang='lat' dir='ltr'><strong>Reliquiae</strong></span> <span class='ocrx_word' id='word_1_332' title='bbox 3689 867 3785 933; x_wconf 78' lang='lat' dir='ltr'><strong>vel</strong></span> 
     </span>
     <span class='ocr_line' id='line_1_64' title="bbox 2213 954 3793 1056; baseline 0 -35"><span class='ocrx_word' id='word_1_333' title='bbox 2213 964 2437 1056; x_wconf 81' lang='lat' dir='ltr'><strong>aperte</strong></span> <span class='ocrx_word' id='word_1_334' title='bbox 2483 955 2793 1036; x_wconf 89' lang='lat' dir='ltr'><strong>iacebant,</strong></span> <span class='ocrx_word' id='word_1_335' title='bbox 2829 954 2987 1021; x_wconf 89' lang='lat' dir='ltr'><strong>adeo</strong></span> <span class='ocrx_word' id='word_1_336' title='bbox 3034 966 3107 1022; x_wconf 86' lang='lat' dir='ltr'><strong>ut</strong></span> <span class='ocrx_word' id='word_1_337' title='bbox 3153 955 3238 1022; x_wconf 90' lang='lat' dir='ltr'><strong>de</strong></span> <span class='ocrx_word' id='word_1_338' title='bbox 3287 973 3506 1023; x_wconf 86' lang='lat' dir='ltr'><strong>earum</strong></span> <span class='ocrx_word' id='word_1_339' title='bbox 3537 956 3793 1022; x_wconf 87' lang='lat' dir='ltr'><strong>authen·</strong></span> 
     </span>
     <span class='ocr_line' id='line_1_65' title="bbox 2213 1042 3790 1130; baseline -0.001 -20"><span class='ocrx_word' id='word_1_340' title='bbox 2213 1044 2455 1110; x_wconf 78' lang='lat' dir='ltr'><strong>ucitate</strong></span> <span class='ocrx_word' id='word_1_341' title='bbox 2515 1043 2596 1109; x_wconf 93' lang='lat' dir='ltr'><strong>ob</strong></span> <span class='ocrx_word' id='word_1_342' title='bbox 2653 1042 2984 1110; x_wconf 76' lang='lat' dir='ltr'><strong>delectum</strong></span> <span class='ocrx_word' id='word_1_343' title='bbox 3047 1053 3187 1110; x_wconf 90' lang='lat' dir='ltr'><strong>tum</strong></span> <span class='ocrx_word' id='word_1_344' title='bbox 3241 1042 3605 1130; x_wconf 86' lang='lat' dir='ltr'><strong>sigillorum</strong></span> <span class='ocrx_word' id='word_1_345' title='bbox 3660 1054 3790 1109; x_wconf 82' lang='lat' dir='ltr'><strong>tum</strong></span> 
     </span>
     <span class='ocr_line' id='line_1_66' title="bbox 2212 1129 3787 1214; baseline -0.001 -16"><span class='ocrx_word' id='word_1_346' title='bbox 2212 1132 2571 1198; x_wconf 88' lang='lat' dir='ltr'><strong>litterarum</strong></span> <span class='ocrx_word' id='word_1_347' title='bbox 2622 1129 3140 1198; x_wconf 85' lang='lat' dir='ltr'><strong>testimonialium</strong></span> <span class='ocrx_word' id='word_1_348' title='bbox 3186 1151 3313 1198; x_wconf 89' lang='lat' dir='ltr'><strong>non</strong></span> <span class='ocrx_word' id='word_1_349' title='bbox 3369 1142 3642 1214; x_wconf 87' lang='lat' dir='ltr'><strong>constet,</strong></span> <span class='ocrx_word' id='word_1_350' title='bbox 3689 1133 3787 1197; x_wconf 74' lang='lat' dir='ltr'><strong>vel</strong></span> 
     </span>
     <span class='ocr_line' id='line_1_67' title="bbox 2211 1217 3792 1375; baseline 0 -90"><span class='ocrx_word' id='word_1_351' title='bbox 2211 1222 2426 1288; x_wconf 87' lang='lat' dir='ltr'><strong>nullae</strong></span> <span class='ocrx_word' id='word_1_352' title='bbox 2473 1228 2654 1286; x_wconf 88' lang='lat' dir='ltr'><strong>erant</strong></span> <span class='ocrx_word' id='word_1_353' title='bbox 2698 1217 3030 1304; x_wconf 82' lang='lat' dir='ltr'><strong>Reliquiae</strong></span> <span class='ocrx_word' id='word_1_354' title='bbox 3063 1222 3487 1295; x_wconf 86' lang='lat' dir='ltr'><strong>Sanctorum;</strong></span> <span class='ocrx_word' id='word_1_355' title='bbox 3536 1239 3607 1286; x_wconf 88' lang='lat' dir='ltr'><strong>ac</strong></span> <span class='ocrx_word' id='word_1_356' title='bbox 3648 1238 3792 1375; x_wconf 57' lang='lat' dir='ltr'><strong>pro·</strong></span> 
     </span>
     <span class='ocr_line' id='line_1_68' title="bbox 2212 1307 3792 1395; baseline 0.001 -23"><span class='ocrx_word' id='word_1_357' title='bbox 2212 1307 2362 1376; x_wconf 85' lang='lat' dir='ltr'><strong>inde</strong></span> <span class='ocrx_word' id='word_1_358' title='bbox 2411 1327 2492 1374; x_wconf 81' lang='lat' dir='ltr'><strong>ex</strong></span> <span class='ocrx_word' id='word_1_359' title='bbox 2541 1307 2979 1374; x_wconf 86' lang='lat' dir='ltr'><strong>ecclesiasticis</strong></span> <span class='ocrx_word' id='word_1_360' title='bbox 3025 1308 3277 1395; x_wconf 85' lang='lat' dir='ltr'><strong>legibus</strong></span> <span class='ocrx_word' id='word_1_361' title='bbox 3321 1326 3519 1394; x_wconf 90' lang='lat' dir='ltr'><strong>super</strong></span> <span class='ocrx_word' id='word_1_362' title='bbox 3573 1308 3646 1374; x_wconf 85' lang='lat' dir='ltr'><strong>iis</strong></span> <span class='ocrx_word' id='word_1_363' title='bbox 3696 1325 3792 1374; x_wconf 87' lang='lat' dir='ltr'><strong>em</strong></span> 
     </span>
     <span class='ocr_line' id='line_1_69' title="bbox 2212 1395 3793 1463; baseline -0.001 -1"><span class='ocrx_word' id='word_1_364' title='bbox 2212 1399 2688 1463; x_wconf 89' lang='lat' dir='ltr'><strong>Sacrosanctum</strong></span> <span class='ocrx_word' id='word_1_365' title='bbox 2748 1397 2968 1463; x_wconf 75' lang='lat' dir='ltr'><strong>Missae</strong></span> <span class='ocrx_word' id='word_1_366' title='bbox 3027 1395 3421 1463; x_wconf 82' lang='lat' dir='ltr'><strong>Sacrificium</strong></span> <span class='ocrx_word' id='word_1_367' title='bbox 3488 1395 3793 1462; x_wconf 85' lang='lat' dir='ltr'><strong>celebrari</strong></span> 
     </span>
     <span class='ocr_line' id='line_1_70' title="bbox 2209 1483 3794 1572; baseline -0.002 -21"><span class='ocrx_word' id='word_1_368' title='bbox 2209 1484 2456 1571; x_wconf 89' lang='lat' dir='ltr'><strong>nequit.</strong></span> <span class='ocrx_word' id='word_1_369' title='bbox 2507 1483 2623 1550; x_wconf 91' lang='lat' dir='ltr'><strong>cui</strong></span> <span class='ocrx_word' id='word_1_370' title='bbox 2661 1484 2924 1570; x_wconf 86' lang='lat' dir='ltr'><strong>quidem</strong></span> <span class='ocrx_word' id='word_1_371' title='bbox 2958 1484 3125 1551; x_wconf 87' lang='lat' dir='ltr'><strong>malo</strong></span> <span class='ocrx_word' id='word_1_372' title='bbox 3159 1504 3277 1572; x_wconf 90' lang='lat' dir='ltr'><strong>pro</strong></span> <span class='ocrx_word' id='word_1_373' title='bbox 3307 1484 3549 1551; x_wconf 83' lang='lat' dir='ltr'><strong>viribus</strong></span> <span class='ocrx_word' id='word_1_374' title='bbox 3581 1504 3794 1550; x_wconf 85' lang='lat' dir='ltr'><strong>occur·</strong></span> 
     </span>
     <span class='ocr_line' id='line_1_71' title="bbox 2211 1570 3795 1659; baseline 0.001 -21"><span class='ocrx_word' id='word_1_375' title='bbox 2211 1591 2357 1638; x_wconf 90' lang='lat' dir='ltr'><strong>rere</strong></span> <span class='ocrx_word' id='word_1_376' title='bbox 2404 1581 2712 1659; x_wconf 83' lang='lat' dir='ltr'><strong>exoptans</strong></span> <span class='ocrx_word' id='word_1_377' title='bbox 2769 1572 2947 1640; x_wconf 90' lang='lat' dir='ltr'><strong>idem</strong></span> <span class='ocrx_word' id='word_1_378' title='bbox 3006 1573 3609 1640; x_wconf 79' lang='lat' dir='ltr'><strong>Reverendissimus</strong></span> <span class='ocrx_word' id='word_1_379' title='bbox 3656 1570 3795 1659; x_wconf 86' lang='lat' dir='ltr'><strong>Epi·</strong></span> 
     </span>
     <span class='ocr_line' id='line_1_72' title="bbox 2209 1660 3795 1748; baseline -0.001 -21"><span class='ocrx_word' id='word_1_380' title='bbox 2209 1679 2461 1746; x_wconf 87' lang='lat' dir='ltr'><strong>scopus,</strong></span> <span class='ocrx_word' id='word_1_381' title='bbox 2515 1662 2635 1726; x_wconf 89' lang='lat' dir='ltr'><strong>iam</strong></span> <span class='ocrx_word' id='word_1_382' title='bbox 2684 1680 2800 1747; x_wconf 89' lang='lat' dir='ltr'><strong>pro</strong></span> <span class='ocrx_word' id='word_1_383' title='bbox 2847 1665 3179 1729; x_wconf 84' lang='lat' dir='ltr'><strong>Sacrarum</strong></span> <span class='ocrx_word' id='word_1_384' title='bbox 3210 1660 3646 1748; x_wconf 87' lang='lat' dir='ltr'><strong>Reliquiarum</strong></span> <span class='ocrx_word' id='word_1_385' title='bbox 3683 1662 3795 1725; x_wconf 88' lang='lat' dir='ltr'><strong>im·</strong></span> 
     </span>
     <span class='ocr_line' id='line_1_73' title="bbox 2209 1747 3795 1835; baseline -0.001 -20"><span class='ocrx_word' id='word_1_386' title='bbox 2209 1749 2570 1835; x_wconf 88' lang='lat' dir='ltr'><strong>petratione</strong></span> <span class='ocrx_word' id='word_1_387' title='bbox 2623 1749 3007 1835; x_wconf 73' lang='lat' dir='ltr'><strong>supplicavit</strong></span> <span class='ocrx_word' id='word_1_388' title='bbox 3067 1747 3305 1825; x_wconf 82' lang='lat' dir='ltr'><strong>enixe;</strong></span> <span class='ocrx_word' id='word_1_389' title='bbox 3367 1749 3482 1816; x_wconf 85' lang='lat' dir='ltr'><strong>sed</strong></span> <span class='ocrx_word' id='word_1_390' title='bbox 3537 1748 3795 1816; x_wconf 88' lang='lat' dir='ltr'><strong>interim</strong></span> 
     </span>
     <span class='ocr_line' id='line_1_74' title="bbox 2210 1836 3796 1926; baseline -0.003 -21"><span class='ocrx_word' id='word_1_391' title='bbox 2210 1841 2459 1905; x_wconf 90' lang='lat' dir='ltr'><strong>Sacram</strong></span> <span class='ocrx_word' id='word_1_392' title='bbox 2507 1836 2768 1905; x_wconf 86' lang='lat' dir='ltr'><strong>Ritnum</strong></span> <span class='ocrx_word' id='word_1_393' title='bbox 2813 1837 3393 1926; x_wconf 72' lang='lat' dir='ltr'><strong>congregationem</strong></span> <span class='ocrx_word' id='word_1_394' title='bbox 3429 1838 3704 1924; x_wconf 84' lang='lat' dir='ltr'><strong>rogavit,</strong></span> <span class='ocrx_word' id='word_1_395' title='bbox 3731 1846 3796 1903; x_wconf 87' lang='lat' dir='ltr'><strong>ut</strong></span> 
     </span>
     <span class='ocr_line' id='line_1_75' title="bbox 2210 1924 3796 2012; baseline -0.001 -21"><span class='ocrx_word' id='word_1_396' title='bbox 2210 1925 2556 2012; x_wconf 88' lang='lat' dir='ltr'><strong>indulgere</strong></span> <span class='ocrx_word' id='word_1_397' title='bbox 2622 1924 2992 2009; x_wconf 74' lang='lat' dir='ltr'><strong>dignaretur</strong></span> <span class='ocrx_word' id='word_1_398' title='bbox 3060 1927 3234 2011; x_wconf 90' lang='lat' dir='ltr'><strong>quod</strong></span> <span class='ocrx_word' id='word_1_399' title='bbox 3301 1944 3501 2012; x_wconf 87' lang='lat' dir='ltr'><strong>super</strong></span> <span class='ocrx_word' id='word_1_400' title='bbox 3569 1925 3796 1991; x_wconf 85' lang='lat' dir='ltr'><strong>iisdem</strong></span> 
     </span>
     <span class='ocr_line' id='line_1_76' title="bbox 2213 2013 3802 2081; baseline -0.001 -3"><span class='ocrx_word' id='word_1_401' title='bbox 2213 2013 2604 2081; x_wconf 88' lang='lat' dir='ltr'><strong>celebretur.</strong></span> <span class='ocrx_word' id='word_1_402' title='bbox 3799 2046 3802 2057; x_wconf 93' lang='lat'>·</span> 
     </span>
    </p>

    <p class='ocr_par' dir='ltr' id='par_1_18' title="bbox 2207 2100 3800 2719">
     <span class='ocr_line' id='line_1_77' title="bbox 2344 2100 3798 2189; baseline 0 -22"><span class='ocrx_word' id='word_1_403' title='bbox 2344 2105 2423 2167; x_wconf 89' lang='lat' dir='ltr'><strong>Et</strong></span> <span class='ocrx_word' id='word_1_404' title='bbox 2468 2104 2650 2168; x_wconf 89' lang='lat' dir='ltr'><strong>Sacra</strong></span> <span class='ocrx_word' id='word_1_405' title='bbox 2695 2102 2955 2169; x_wconf 83' lang='lat' dir='ltr'><strong>Ritnum</strong></span> <span class='ocrx_word' id='word_1_406' title='bbox 3002 2102 3463 2189; x_wconf 84' lang='lat' dir='ltr'><strong>Congregatio,</strong></span> <span class='ocrx_word' id='word_1_407' title='bbox 3511 2100 3589 2168; x_wconf 91' lang='lat' dir='ltr'><strong>ad</strong></span> <span class='ocrx_word' id='word_1_408' title='bbox 3655 2100 3798 2180; x_wconf 85' lang='lat' dir='ltr'><strong>Qui·</strong></span> 
     </span>
     <span class='ocr_line' id='line_1_78' title="bbox 2213 2189 3796 2277; baseline -0.001 -21"><span class='ocrx_word' id='word_1_409' title='bbox 2213 2190 2410 2262; x_wconf 86' lang='lat' dir='ltr'><strong>rinale</strong></span> <span class='ocrx_word' id='word_1_410' title='bbox 2454 2190 2816 2277; x_wconf 83' lang='lat' dir='ltr'><strong>subsignata</strong></span> <span class='ocrx_word' id='word_1_411' title='bbox 2848 2192 2956 2258; x_wconf 90' lang='lat' dir='ltr'><strong>die</strong></span> <span class='ocrx_word' id='word_1_412' title='bbox 2993 2191 3339 2257; x_wconf 88' lang='lat' dir='ltr'><strong>coadunata</strong></span> <span class='ocrx_word' id='word_1_413' title='bbox 3373 2191 3436 2258; x_wconf 92' lang='lat' dir='ltr'><strong>in</strong></span> <span class='ocrx_word' id='word_1_414' title='bbox 3467 2189 3796 2257; x_wconf 87' lang='lat' dir='ltr'><strong>Ordinario</strong></span> 
     </span>
     <span class='ocr_line' id='line_1_79' title="bbox 2209 2276 3798 2362; baseline 0 -17"><span class='ocrx_word' id='word_1_415' title='bbox 2209 2283 2439 2362; x_wconf 90' lang='lat' dir='ltr'><strong>coetu,</strong></span> <span class='ocrx_word' id='word_1_416' title='bbox 2493 2276 2815 2344; x_wconf 81' lang='lat' dir='ltr'><strong>referente</strong></span> <span class='ocrx_word' id='word_1_417' title='bbox 2849 2279 3206 2346; x_wconf 86' lang='lat' dir='ltr'><strong>secretario</strong></span> <span class='ocrx_word' id='word_1_418' title='bbox 3236 2300 3253 2343; x_wconf 77' lang='lat' dir='ltr'>z</span> <span class='ocrx_word' id='word_1_419' title='bbox 3304 2299 3342 2342; x_wconf 67' lang='grc' dir='ltr'><em>α</em></span> <span class='ocrx_word' id='word_1_420' title='bbox 3375 2278 3664 2362; x_wconf 87' lang='lat' dir='ltr'><strong>Benigne</strong></span> <span class='ocrx_word' id='word_1_421' title='bbox 3693 2297 3798 2345; x_wconf 86' lang='lat' dir='ltr'><strong>an·</strong></span> 
     </span>
     <span class='ocr_line' id='line_1_80' title="bbox 2211 2366 3800 2454; baseline -0.001 -21"><span class='ocrx_word' id='word_1_422' title='bbox 2211 2368 2352 2433; x_wconf 90' lang='lat' dir='ltr'><strong>nuit</strong></span> <span class='ocrx_word' id='word_1_423' title='bbox 2379 2385 2496 2453; x_wconf 89' lang='lat' dir='ltr'><strong>pro</strong></span> <span class='ocrx_word' id='word_1_424' title='bbox 2531 2367 2904 2433; x_wconf 81' lang='lat' dir='ltr'><strong>extensione</strong></span> <span class='ocrx_word' id='word_1_425' title='bbox 2938 2366 3170 2434; x_wconf 87' lang='lat' dir='ltr'><strong>indulti</strong></span> <span class='ocrx_word' id='word_1_426' title='bbox 3201 2366 3520 2454; x_wconf 84' lang='lat' dir='ltr'><strong>Episcopo</strong></span> <span class='ocrx_word' id='word_1_427' title='bbox 3552 2369 3800 2434; x_wconf 75' lang='lat' dir='ltr'><strong>Nanne-</strong></span> 
     </span>
     <span class='ocr_line' id='line_1_81' title="bbox 2211 2455 3800 2542; baseline -0.002 -20"><span class='ocrx_word' id='word_1_428' title='bbox 2211 2455 2373 2522; x_wconf 91' lang='lat' dir='ltr'><strong>tensi</strong></span> <span class='ocrx_word' id='word_1_429' title='bbox 2406 2455 2555 2521; x_wconf 91' lang='lat' dir='ltr'><strong>alias</strong></span> <span class='ocrx_word' id='word_1_430' title='bbox 2586 2456 2907 2531; x_wconf 84' lang='lat' dir='ltr'><strong>concessi;</strong></span> <span class='ocrx_word' id='word_1_431' title='bbox 2957 2455 3287 2540; x_wconf 87' lang='lat' dir='ltr'><strong>nimirum,</strong></span> <span class='ocrx_word' id='word_1_432' title='bbox 3321 2472 3800 2542; x_wconf 88' lang='lat' dir='ltr'><strong>quemcumque</strong></span> 
     </span>
     <span class='ocr_line' id='line_1_82' title="bbox 2207 2542 3800 2632; baseline 0 -24"><span class='ocrx_word' id='word_1_433' title='bbox 2207 2562 2428 2609; x_wconf 89' lang='lat' dir='ltr'><strong>sanans</strong></span> <span class='ocrx_word' id='word_1_434' title='bbox 2474 2542 2828 2627; x_wconf 74' lang='lat' dir='ltr'><strong>defectum,</strong></span> <span class='ocrx_word' id='word_1_435' title='bbox 2861 2544 3175 2610; x_wconf 86' lang='lat' dir='ltr'><strong>concessit</strong></span> <span class='ocrx_word' id='word_1_436' title='bbox 3220 2555 3293 2610; x_wconf 84' lang='lat' dir='ltr'><strong>ut</strong></span> <span class='ocrx_word' id='word_1_437' title='bbox 3335 2561 3536 2632; x_wconf 90' lang='lat' dir='ltr'><strong>super</strong></span> <span class='ocrx_word' id='word_1_438' title='bbox 3583 2542 3800 2610; x_wconf 87' lang='lat' dir='ltr'><strong>huius-</strong></span> 
     </span>
     <span class='ocr_line' id='line_1_83' title="bbox 2210 2630 3800 2719; baseline 0 -22"><span class='ocrx_word' id='word_1_439' title='bbox 2210 2630 2384 2697; x_wconf 85' lang='lat' dir='ltr'><strong>modi</strong></span> <span class='ocrx_word' id='word_1_440' title='bbox 2441 2631 2579 2696; x_wconf 78' lang='lat' dir='ltr'><strong>Aris</strong></span> <span class='ocrx_word' id='word_1_441' title='bbox 2644 2630 3050 2715; x_wconf 89' lang='lat' dir='ltr'><strong>celebretur,</strong></span> <span class='ocrx_word' id='word_1_442' title='bbox 3100 2632 3308 2699; x_wconf 89' lang='lat' dir='ltr'><strong>donec</strong></span> <span class='ocrx_word' id='word_1_443' title='bbox 3354 2650 3559 2698; x_wconf 80' lang='lat' dir='ltr'><strong>novae</strong></span> <span class='ocrx_word' id='word_1_444' title='bbox 3606 2649 3800 2719; x_wconf 89' lang='lat' dir='ltr'><strong>appo·</strong></span> 
     </span>
    </p>
   </div>
   <div class='ocr_carea' id='block_1_7' title="bbox 2210 2719 3328 2882">
    <p class='ocr_par' dir='ltr' id='par_1_19' title="bbox 2210 2719 3328 2882">
     <span class='ocr_line' id='line_1_84' title="bbox 2210 2719 3328 2809; baseline 0.001 -24"><span class='ocrx_word' id='word_1_445' title='bbox 2210 2730 2440 2786; x_wconf 86' lang='lat' dir='ltr'><strong>uantur</strong></span> <span class='ocrx_word' id='word_1_446' title='bbox 2485 2722 2858 2788; x_wconf 88' lang='lat' dir='ltr'><strong>Sanctorum</strong></span> <span class='ocrx_word' id='word_1_447' title='bbox 2905 2719 3232 2809; x_wconf 83' lang='lat' dir='ltr'><strong>Reliquiae</strong></span> <span class='ocrx_word' id='word_1_448' title='bbox 3264 2743 3328 2786; x_wconf 60' lang='grc' dir='ltr'><strong>ι.</strong></span> 
     </span>
     <span class='ocr_line' id='line_1_85' title="bbox 2343 2807 3200 2882; baseline 0.004 -10"><span class='ocrx_word' id='word_1_449' title='bbox 2343 2808 2454 2873; x_wconf 89' lang='lat' dir='ltr'><strong>Die</strong></span> <span class='ocrx_word' id='word_1_450' title='bbox 2501 2810 2584 2873; x_wconf 73' lang='lat'><strong>27</strong></span> <span class='ocrx_word' id='word_1_451' title='bbox 2633 2807 2957 2876; x_wconf 84' lang='lat' dir='ltr'><strong>Februarii</strong></span> <span class='ocrx_word' id='word_1_452' title='bbox 3011 2812 3200 2882; x_wconf 69' lang='lat'><strong>1847.</strong></span> 
     </span>
    </p>
   </div>
   <div class='ocr_carea' id='block_1_8' title="bbox 2211 2944 3796 3037">
    <p class='ocr_par' dir='ltr' id='par_1_20' title="bbox 2211 2944 3796 3037">
     <span class='ocr_line' id='line_1_86' title="bbox 2211 2944 3796 3037; baseline -0.003 -18"><span class='ocrx_word' id='word_1_453' title='bbox 2211 2950 2470 3019; x_wconf 80' lang='lat'>2942.</span> <span class='ocrx_word' id='word_1_454' title='bbox 2766 2950 3239 3018; x_wconf 79' lang='lat' dir='ltr'><strong>LIMBURGEN.</strong></span> <span class='ocrx_word' id='word_1_455' title='bbox 3568 2944 3796 3037; x_wconf 76' lang='lat'>(5082)</span> 
     </span>
    </p>
   </div>
   <div class='ocr_carea' id='block_1_9' title="bbox 2206 3073 3801 3955">
    <p class='ocr_par' dir='ltr' id='par_1_21' title="bbox 2206 3073 3801 3955">
     <span class='ocr_line' id='line_1_87' title="bbox 2339 3073 3799 3163; baseline -0.003 -22"><span class='ocrx_word' id='word_1_456' title='bbox 2339 3077 2543 3154; x_wconf 88' lang='lat' dir='ltr'><strong>Quum</strong></span> <span class='ocrx_word' id='word_1_457' title='bbox 2571 3074 2892 3163; x_wconf 87' lang='lat' dir='ltr'><strong>praesenti</strong></span> <span class='ocrx_word' id='word_1_458' title='bbox 2916 3094 3078 3142; x_wconf 88' lang='lat' dir='ltr'><strong>anno</strong></span> <span class='ocrx_word' id='word_1_459' title='bbox 3109 3078 3274 3142; x_wconf 73' lang='lat'><strong>1847</strong></span> <span class='ocrx_word' id='word_1_460' title='bbox 3301 3079 3563 3142; x_wconf 87' lang='lat' dir='ltr'><strong>Festum</strong></span> <span class='ocrx_word' id='word_1_461' title='bbox 3589 3073 3799 3142; x_wconf 79' lang='lat' dir='ltr'><strong>Sancti</strong></span> 
     </span>
     <span class='ocr_line' id='line_1_88' title="bbox 2209 3162 3801 3250; baseline -0.001 -22"><span class='ocrx_word' id='word_1_462' title='bbox 2209 3162 2394 3229; x_wconf 80' lang='lat' dir='ltr'><strong>Marci</strong></span> <span class='ocrx_word' id='word_1_463' title='bbox 2445 3175 2735 3229; x_wconf 88' lang='lat' dir='ltr'><strong>occurrat</strong></span> <span class='ocrx_word' id='word_1_464' title='bbox 2781 3163 3105 3230; x_wconf 91' lang='lat' dir='ltr'><strong>Dominica</strong></span> <span class='ocrx_word' id='word_1_465' title='bbox 3137 3167 3211 3229; x_wconf 86' lang='lat'><strong>111</strong></span> <span class='ocrx_word' id='word_1_466' title='bbox 3245 3175 3387 3250; x_wconf 90' lang='lat' dir='ltr'><strong>post</strong></span> <span class='ocrx_word' id='word_1_467' title='bbox 3418 3162 3649 3229; x_wconf 85' lang='lat' dir='ltr'><strong>Pascha</strong></span> <span class='ocrx_word' id='word_1_468' title='bbox 3678 3164 3801 3228; x_wconf 85' lang='lat' dir='ltr'><strong>Re·</strong></span> 
     </span>
     <span class='ocr_line' id='line_1_89' title="bbox 2206 3251 3800 3338; baseline -0.002 -20"><span class='ocrx_word' id='word_1_469' title='bbox 2206 3251 2651 3335; x_wconf 89' lang='lat' dir='ltr'><strong>surrectionis,</strong></span> <span class='ocrx_word' id='word_1_470' title='bbox 2703 3252 2768 3318; x_wconf 87' lang='lat' dir='ltr'><strong>in</strong></span> <span class='ocrx_word' id='word_1_471' title='bbox 2828 3271 2949 3338; x_wconf 88' lang='lat' dir='ltr'><strong>qna</strong></span> <span class='ocrx_word' id='word_1_472' title='bbox 3012 3251 3237 3336; x_wconf 88' lang='lat' dir='ltr'><strong>reponi</strong></span> <span class='ocrx_word' id='word_1_473' title='bbox 3299 3252 3495 3319; x_wconf 90' lang='lat' dir='ltr'><strong>debet</strong></span> <span class='ocrx_word' id='word_1_474' title='bbox 3540 3254 3800 3318; x_wconf 83' lang='lat' dir='ltr'><strong>Festum</strong></span> 
     </span>
     <span class='ocr_line' id='line_1_90' title="bbox 2209 3337 3798 3427; baseline -0.001 -23"><span class='ocrx_word' id='word_1_475' title='bbox 2209 3340 2286 3406; x_wconf 92' lang='lat' dir='ltr'><strong>ad</strong></span> <span class='ocrx_word' id='word_1_476' title='bbox 2321 3339 2636 3427; x_wconf 84' lang='lat' dir='ltr'><strong>populum</strong></span> <span class='ocrx_word' id='word_1_477' title='bbox 2677 3358 2825 3407; x_wconf 88' lang='lat' dir='ltr'><strong>cum</strong></span> <span class='ocrx_word' id='word_1_478' title='bbox 2873 3339 3048 3406; x_wconf 70' lang='lat' dir='ltr'><strong>Missa</strong></span> <span class='ocrx_word' id='word_1_479' title='bbox 3096 3340 3306 3407; x_wconf 88' lang='lat' dir='ltr'><strong>Sancti</strong></span> <span class='ocrx_word' id='word_1_480' title='bbox 3351 3337 3609 3424; x_wconf 82' lang='lat' dir='ltr'><strong>Georgii</strong></span> <span class='ocrx_word' id='word_1_481' title='bbox 3640 3340 3798 3404; x_wconf 69' lang='lat' dir='ltr'><strong>Mar·</strong></span> 
     </span>
     <span class='ocr_line' id='line_1_91' title="bbox 2213 3426 3797 3516; baseline -0.001 -23"><span class='ocrx_word' id='word_1_482' title='bbox 2213 3429 2367 3516; x_wconf 83' lang='lat' dir='ltr'><strong>tyris</strong></span> <span class='ocrx_word' id='word_1_483' title='bbox 2399 3429 2643 3495; x_wconf 88' lang='lat' dir='ltr'><strong>Patroni</strong></span> <span class='ocrx_word' id='word_1_484' title='bbox 2687 3428 2973 3514; x_wconf 88' lang='lat' dir='ltr'><strong>integrae</strong></span> <span class='ocrx_word' id='word_1_485' title='bbox 3004 3429 3425 3513; x_wconf 89' lang='lat' dir='ltr'><strong>Limburgen.</strong></span> <span class='ocrx_word' id='word_1_486' title='bbox 3452 3426 3797 3508; x_wconf 89' lang='lat' dir='ltr'><strong>Dioecesis,</strong></span> 
     </span>
     <span class='ocr_line' id='line_1_92' title="bbox 2208 3515 3797 3586; baseline -0.002 -3"><span class='ocrx_word' id='word_1_487' title='bbox 2208 3516 2556 3583; x_wconf 89' lang='lat' dir='ltr'><strong>hodiernus</strong></span> <span class='ocrx_word' id='word_1_488' title='bbox 2603 3517 3000 3585; x_wconf 86' lang='lat' dir='ltr'><strong>cathedralis</strong></span> <span class='ocrx_word' id='word_1_489' title='bbox 3047 3515 3218 3583; x_wconf 90' lang='lat' dir='ltr'><strong>illius</strong></span> <span class='ocrx_word' id='word_1_490' title='bbox 3265 3515 3549 3586; x_wconf 77' lang='lat' dir='ltr'><strong>vicarius</strong></span> <span class='ocrx_word' id='word_1_491' title='bbox 3589 3525 3656 3580; x_wconf 92' lang='lat' dir='ltr'><strong>et</strong></span> <span class='ocrx_word' id='word_1_492' title='bbox 3685 3515 3797 3581; x_wconf 89' lang='lat' dir='ltr'><strong>Ca·</strong></span> 
     </span>
     <span class='ocr_line' id='line_1_93' title="bbox 2209 3603 3797 3689; baseline -0.003 -19"><span class='ocrx_word' id='word_1_493' title='bbox 2209 3603 2475 3672; x_wconf 90' lang='lat' dir='ltr'><strong>lendarii</strong></span> <span class='ocrx_word' id='word_1_494' title='bbox 2521 3604 2812 3672; x_wconf 89' lang='lat' dir='ltr'><strong>Director</strong></span> <span class='ocrx_word' id='word_1_495' title='bbox 2859 3607 3079 3671; x_wconf 89' lang='lat' dir='ltr'><strong>Sacrae</strong></span> <span class='ocrx_word' id='word_1_496' title='bbox 3127 3605 3387 3671; x_wconf 90' lang='lat' dir='ltr'><strong>Ritnum</strong></span> <span class='ocrx_word' id='word_1_497' title='bbox 3435 3606 3797 3689; x_wconf 89' lang='lat' dir='ltr'><strong>congrega·</strong></span> 
     </span>
     <span class='ocr_line' id='line_1_94' title="bbox 2210 3690 3796 3781; baseline 0 -23"><span class='ocrx_word' id='word_1_498' title='bbox 2210 3692 2363 3759; x_wconf 89' lang='lat' dir='ltr'><strong>tioni</strong></span> <span class='ocrx_word' id='word_1_499' title='bbox 2409 3695 2739 3779; x_wconf 88' lang='lat' dir='ltr'><strong>sequentia</strong></span> <span class='ocrx_word' id='word_1_500' title='bbox 2789 3693 2981 3762; x_wconf 90' lang='lat' dir='ltr'><strong>dubia</strong></span> <span class='ocrx_word' id='word_1_501' title='bbox 3038 3692 3396 3781; x_wconf 89' lang='lat' dir='ltr'><strong>proposuit,</strong></span> <span class='ocrx_word' id='word_1_502' title='bbox 3448 3693 3520 3757; x_wconf 86' lang='lat' dir='ltr'><strong>ut</strong></span> <span class='ocrx_word' id='word_1_503' title='bbox 3569 3695 3632 3756; x_wconf 88' lang='lat' dir='ltr'><strong>in</strong></span> <span class='ocrx_word' id='word_1_504' title='bbox 3682 3690 3796 3758; x_wconf 89' lang='lat' dir='ltr'><strong>hu·</strong></span> 
     </span>
     <span class='ocr_line' id='line_1_95' title="bbox 2211 3780 3797 3869; baseline -0.002 -23"><span class='ocrx_word' id='word_1_505' title='bbox 2211 3781 2481 3849; x_wconf 90' lang='lat' dir='ltr'><strong>iusmodi</strong></span> <span class='ocrx_word' id='word_1_506' title='bbox 2529 3783 2926 3849; x_wconf 87' lang='lat' dir='ltr'><strong>occurrentia</strong></span> <span class='ocrx_word' id='word_1_507' title='bbox 2973 3793 3144 3847; x_wconf 88' lang='lat' dir='ltr'><strong>certa</strong></span> <span class='ocrx_word' id='word_1_508' title='bbox 3187 3780 3653 3869; x_wconf 86' lang='lat' dir='ltr'><strong>praescribatur</strong></span> <span class='ocrx_word' id='word_1_509' title='bbox 3696 3797 3797 3844; x_wconf 91' lang='lat' dir='ltr'><strong>re·</strong></span> 
     </span>
     <span class='ocr_line' id='line_1_96' title="bbox 2209 3867 3800 3955; baseline -0.002 -20"><span class='ocrx_word' id='word_1_510' title='bbox 2209 3868 2358 3955; x_wconf 89' lang='lat' dir='ltr'><strong>gula</strong></span> <span class='ocrx_word' id='word_1_511' title='bbox 2390 3888 2507 3955; x_wconf 87' lang='lat' dir='ltr'><strong>pro</strong></span> <span class='ocrx_word' id='word_1_512' title='bbox 2539 3870 2971 3937; x_wconf 83' lang='lat' dir='ltr'><strong>celebratione</strong></span> <span class='ocrx_word' id='word_1_513' title='bbox 3017 3867 3407 3938; x_wconf 76' lang='lat' dir='ltr'><strong>sacrosancti</strong></span> <span class='ocrx_word' id='word_1_514' title='bbox 3443 3867 3662 3934; x_wconf 80' lang='lat' dir='ltr'><strong>Missae</strong></span> <span class='ocrx_word' id='word_1_515' title='bbox 3694 3869 3800 3933; x_wconf 87' lang='lat' dir='ltr'><strong>Sa-</strong></span> 
     </span>
    </p>
   </div>
   <div class='ocr_carea' id='block_1_10' title="bbox 2207 3956 3922 4031">
    <p class='ocr_par' dir='ltr' id='par_1_22' title="bbox 2207 3956 3922 4031">
     <span class='ocr_line' id='line_1_97' title="bbox 2207 3956 3922 4031; baseline -0.002 -7"><span class='ocrx_word' id='word_1_516' title='bbox 2207 3956 2455 4027; x_wconf 87' lang='lat' dir='ltr'><strong>crificii.</strong></span> <span class='ocrx_word' id='word_1_517' title='bbox 2483 3959 2683 4026; x_wconf 90' lang='lat' dir='ltr'><strong>Dubia</strong></span> <span class='ocrx_word' id='word_1_518' title='bbox 2705 3970 2923 4025; x_wconf 82' lang='lat' dir='ltr'><strong>autem</strong></span> <span class='ocrx_word' id='word_1_519' title='bbox 2946 3970 3094 4025; x_wconf 87' lang='lat' dir='ltr'><strong>sunt</strong></span> <span class='ocrx_word' id='word_1_520' title='bbox 3119 3970 3189 4025; x_wconf 91' lang='lat' dir='ltr'><strong>ut</strong></span> <span class='ocrx_word' id='word_1_521' title='bbox 3223 3956 3416 4031; x_wconf 70' lang='lat' dir='ltr'><strong>inlraz</strong></span> <span class='ocrx_word' id='word_1_522' title='bbox 3445 3956 3794 4024; x_wconf 82' lang='lat' dir='ltr'><strong>nimirum:</strong></span> <span class='ocrx_word' id='word_1_523' title='bbox 3913 3979 3922 3982; x_wconf 42' lang='lat'>*</span> 
     </span>
    </p>
   </div>
   <div class='ocr_carea' id='block_1_11' title="bbox 2207 4045 3797 5458">
    <p class='ocr_par' dir='ltr' id='par_1_23' title="bbox 2209 4045 3797 4469">
     <span class='ocr_line' id='line_1_98' title="bbox 2346 4045 3795 4134; baseline -0.001 -22"><span class='ocrx_word' id='word_1_524' title='bbox 2346 4050 2403 4113; x_wconf 92' lang='grc'><strong>1.</strong></span> <span class='ocrx_word' id='word_1_525' title='bbox 2430 4048 2748 4125; x_wconf 87' lang='lat' dir='ltr'><strong>Quaenam</strong></span> <span class='ocrx_word' id='word_1_526' title='bbox 2780 4047 2981 4130; x_wconf 70' lang='lat' dir='ltr'><strong>Missa,</strong></span> <span class='ocrx_word' id='word_1_527' title='bbox 3010 4066 3165 4114; x_wconf 89' lang='lat' dir='ltr'><strong>num</strong></span> <span class='ocrx_word' id='word_1_528' title='bbox 3199 4047 3281 4114; x_wconf 88' lang='lat' dir='ltr'><strong>de</strong></span> <span class='ocrx_word' id='word_1_529' title='bbox 3314 4045 3795 4134; x_wconf 86' lang='lat' dir='ltr'><strong>Rogationibus,</strong></span> 
     </span>
     <span class='ocr_line' id='line_1_99' title="bbox 2209 4136 3797 4222; baseline -0.003 -20"><span class='ocrx_word' id='word_1_530' title='bbox 2209 4155 2362 4202; x_wconf 90' lang='lat' dir='ltr'><strong>num</strong></span> <span class='ocrx_word' id='word_1_531' title='bbox 2394 4137 2478 4203; x_wconf 93' lang='lat' dir='ltr'><strong>de</strong></span> <span class='ocrx_word' id='word_1_532' title='bbox 2512 4138 2740 4202; x_wconf 90' lang='lat' dir='ltr'><strong>Sancto</strong></span> <span class='ocrx_word' id='word_1_533' title='bbox 2765 4136 3067 4222; x_wconf 88' lang='lat' dir='ltr'><strong>Georgio,</strong></span> <span class='ocrx_word' id='word_1_534' title='bbox 3105 4156 3178 4204; x_wconf 91' lang='lat' dir='ltr'><strong>an</strong></span> <span class='ocrx_word' id='word_1_535' title='bbox 3215 4136 3297 4203; x_wconf 90' lang='lat' dir='ltr'><strong>de</strong></span> <span class='ocrx_word' id='word_1_536' title='bbox 3329 4137 3557 4203; x_wconf 89' lang='lat' dir='ltr'><strong>Sancto</strong></span> <span class='ocrx_word' id='word_1_537' title='bbox 3592 4137 3797 4200; x_wconf 64' lang='lat' dir='ltr'><strong>Marco</strong></span> 
     </span>
     <span class='ocr_line' id='line_1_100' title="bbox 2210 4220 3796 4292; baseline -0.003 -1"><span class='ocrx_word' id='word_1_538' title='bbox 2210 4225 2322 4291; x_wconf 91' lang='lat' dir='ltr'><strong>hac</strong></span> <span class='ocrx_word' id='word_1_539' title='bbox 2355 4224 2674 4291; x_wconf 88' lang='lat' dir='ltr'><strong>Dominica</strong></span> <span class='ocrx_word' id='word_1_540' title='bbox 2721 4223 3104 4292; x_wconf 88' lang='lat' dir='ltr'><strong>celebranda</strong></span> <span class='ocrx_word' id='word_1_541' title='bbox 3147 4225 3228 4290; x_wconf 89' lang='lat' dir='ltr'><strong>sit</strong></span> <span class='ocrx_word' id='word_1_542' title='bbox 3275 4224 3339 4290; x_wconf 92' lang='lat' dir='ltr'><strong>in</strong></span> <span class='ocrx_word' id='word_1_543' title='bbox 3389 4222 3461 4288; x_wconf 88' lang='lat' dir='ltr'><strong>iis</strong></span> <span class='ocrx_word' id='word_1_544' title='bbox 3497 4220 3796 4289; x_wconf 83' lang='lat' dir='ltr'><strong>Ecclesiis</strong></span> 
     </span>
     <span class='ocr_line' id='line_1_101' title="bbox 2209 4313 3796 4398; baseline -0.002 -20"><span class='ocrx_word' id='word_1_545' title='bbox 2209 4313 2273 4379; x_wconf 91' lang='lat' dir='ltr'><strong>in</strong></span> <span class='ocrx_word' id='word_1_546' title='bbox 2318 4314 2550 4398; x_wconf 88' lang='lat' dir='ltr'><strong>quibus</strong></span> <span class='ocrx_word' id='word_1_547' title='bbox 2597 4331 2723 4382; x_wconf 91' lang='lat' dir='ltr'><strong>uno</strong></span> <span class='ocrx_word' id='word_1_548' title='bbox 2774 4313 2874 4378; x_wconf 83' lang='lat' dir='ltr'><strong>vel</strong></span> <span class='ocrx_word' id='word_1_549' title='bbox 2926 4314 3054 4380; x_wconf 91' lang='lat' dir='ltr'><strong>duo</strong></span> <span class='ocrx_word' id='word_1_550' title='bbox 3103 4322 3350 4379; x_wconf 88' lang='lat' dir='ltr'><strong>tantum</strong></span> <span class='ocrx_word' id='word_1_551' title='bbox 3396 4321 3547 4377; x_wconf 90' lang='lat' dir='ltr'><strong>sunt</strong></span> <span class='ocrx_word' id='word_1_552' title='bbox 3580 4313 3796 4376; x_wconf 88' lang='lat' dir='ltr'><strong>Sacer-</strong></span> 
     </span>
     <span class='ocr_line' id='line_1_102' title="bbox 2209 4398 2893 4469; baseline -0.004 0"><span class='ocrx_word' id='word_1_553' title='bbox 2209 4401 2394 4469; x_wconf 85' lang='lat' dir='ltr'><strong>dotes</strong></span> <span class='ocrx_word' id='word_1_554' title='bbox 2439 4403 2840 4469; x_wconf 89' lang='lat' dir='ltr'><strong>celebrantes</strong></span> <span class='ocrx_word' id='word_1_555' title='bbox 2860 4398 2893 4466; x_wconf 67' lang='grc' dir='ltr'><strong>’ἓ</strong></span> 
     </span>
    </p>

    <p class='ocr_par' dir='ltr' id='par_1_24' title="bbox 2210 4489 3795 4645">
     <span class='ocr_line' id='line_1_103' title="bbox 2341 4489 3795 4574; baseline -0.001 -19"><span class='ocrx_word' id='word_1_556' title='bbox 2341 4494 2404 4555; x_wconf 73' lang='lat'><strong>2.</strong></span> <span class='ocrx_word' id='word_1_557' title='bbox 2442 4492 2760 4569; x_wconf 88' lang='lat' dir='ltr'><strong>Quaenam</strong></span> <span class='ocrx_word' id='word_1_558' title='bbox 2810 4493 2871 4556; x_wconf 90' lang='lat' dir='ltr'><strong>in</strong></span> <span class='ocrx_word' id='word_1_559' title='bbox 2921 4491 2996 4557; x_wconf 88' lang='lat' dir='ltr'><strong>iis</strong></span> <span class='ocrx_word' id='word_1_560' title='bbox 3027 4489 3354 4571; x_wconf 86' lang='lat' dir='ltr'><strong>Ecclesiis,</strong></span> <span class='ocrx_word' id='word_1_561' title='bbox 3391 4503 3662 4574; x_wconf 88' lang='lat' dir='ltr'><strong>quarum</strong></span> <span class='ocrx_word' id='word_1_562' title='bbox 3690 4491 3795 4553; x_wconf 88' lang='lat' dir='ltr'><strong>Pa·</strong></span> 
     </span>
     <span class='ocr_line' id='line_1_104' title="bbox 2210 4574 3341 4645; baseline -0.002 -1"><span class='ocrx_word' id='word_1_563' title='bbox 2210 4590 2430 4644; x_wconf 91' lang='lat' dir='ltr'><strong>tronus</strong></span> <span class='ocrx_word' id='word_1_564' title='bbox 2477 4582 2738 4645; x_wconf 88' lang='lat' dir='ltr'><strong>Sanctus</strong></span> <span class='ocrx_word' id='word_1_565' title='bbox 2784 4582 3026 4645; x_wconf 77' lang='lat' dir='ltr'><strong>Marcus</strong></span> <span class='ocrx_word' id='word_1_566' title='bbox 3075 4574 3341 4645; x_wconf 71' lang='lat' dir='ltr'><strong>existit?</strong></span> 
     </span>
    </p>

    <p class='ocr_par' dir='ltr' id='par_1_25' title="bbox 2209 4665 3791 4823">
     <span class='ocr_line' id='line_1_105' title="bbox 2341 4665 3791 4753; baseline -0.003 -19"><span class='ocrx_word' id='word_1_567' title='bbox 2341 4671 2405 4734; x_wconf 81' lang='lat'><strong>3.</strong></span> <span class='ocrx_word' id='word_1_568' title='bbox 2442 4668 2769 4745; x_wconf 91' lang='lat' dir='ltr'><strong>Quomodo</strong></span> <span class='ocrx_word' id='word_1_569' title='bbox 2802 4666 2866 4732; x_wconf 93' lang='lat' dir='ltr'><strong>in</strong></span> <span class='ocrx_word' id='word_1_570' title='bbox 2896 4678 3176 4753; x_wconf 88' lang='lat' dir='ltr'><strong>utroque</strong></span> <span class='ocrx_word' id='word_1_571' title='bbox 3202 4685 3348 4733; x_wconf 87' lang='lat' dir='ltr'><strong>casu</strong></span> <span class='ocrx_word' id='word_1_572' title='bbox 3377 4665 3557 4732; x_wconf 82' lang='lat' dir='ltr'><strong>Missa</strong></span> <span class='ocrx_word' id='word_1_573' title='bbox 3585 4665 3791 4751; x_wconf 89' lang='lat' dir='ltr'><strong>quoad</strong></span> 
     </span>
     <span class='ocr_line' id='line_1_106' title="bbox 2209 4750 3450 4823; baseline 0 -1"><span class='ocrx_word' id='word_1_574' title='bbox 2209 4756 2882 4822; x_wconf 85' lang='lat' dir='ltr'><strong>commemorationem</strong></span> <span class='ocrx_word' id='word_1_575' title='bbox 2928 4755 3274 4823; x_wconf 89' lang='lat' dir='ltr'><strong>ordinanda</strong></span> <span class='ocrx_word' id='word_1_576' title='bbox 3323 4750 3450 4822; x_wconf 72' lang='lat' dir='ltr'><strong>sit?</strong></span> 
     </span>
    </p>

    <p class='ocr_par' dir='ltr' id='par_1_26' title="bbox 2207 4841 3791 5176">
     <span class='ocr_line' id='line_1_107' title="bbox 2337 4841 3791 4931; baseline -0.001 -23"><span class='ocrx_word' id='word_1_577' title='bbox 2337 4847 2417 4908; x_wconf 84' lang='lat' dir='ltr'><strong>Et</strong></span> <span class='ocrx_word' id='word_1_578' title='bbox 2466 4847 2646 4910; x_wconf 88' lang='lat' dir='ltr'><strong>Sacra</strong></span> <span class='ocrx_word' id='word_1_579' title='bbox 2693 4844 2958 4911; x_wconf 88' lang='lat' dir='ltr'><strong>Rituum</strong></span> <span class='ocrx_word' id='word_1_580' title='bbox 2987 4844 3440 4931; x_wconf 90' lang='lat' dir='ltr'><strong>Congregatio,</strong></span> <span class='ocrx_word' id='word_1_581' title='bbox 3475 4844 3553 4910; x_wconf 90' lang='lat' dir='ltr'><strong>ad</strong></span> <span class='ocrx_word' id='word_1_582' title='bbox 3598 4841 3791 4921; x_wconf 85' lang='lat' dir='ltr'><strong>Quiri-</strong></span> 
     </span>
     <span class='ocr_line' id='line_1_108' title="bbox 2207 4917 3791 5018; baseline -0.003 -19"><span class='ocrx_word' id='word_1_583' title='bbox 2207 4932 2349 4999; x_wconf 92' lang='lat' dir='ltr'><strong>nale</strong></span> <span class='ocrx_word' id='word_1_584' title='bbox 2397 4917 2757 5018; x_wconf 66' lang='lat' dir='ltr'><strong>shbsignata</strong></span> <span class='ocrx_word' id='word_1_585' title='bbox 2804 4932 2908 4999; x_wconf 82' lang='lat' dir='ltr'><strong>die</strong></span> <span class='ocrx_word' id='word_1_586' title='bbox 2957 4932 3304 4999; x_wconf 89' lang='lat' dir='ltr'><strong>coadunata</strong></span> <span class='ocrx_word' id='word_1_587' title='bbox 3360 4932 3423 4998; x_wconf 91' lang='lat' dir='ltr'><strong>in</strong></span> <span class='ocrx_word' id='word_1_588' title='bbox 3466 4929 3791 4998; x_wconf 77' lang='lat' dir='ltr'><strong>ordinario</strong></span> 
     </span>
     <span class='ocr_line' id='line_1_109' title="bbox 2207 5019 3791 5105; baseline -0.003 -17"><span class='ocrx_word' id='word_1_589' title='bbox 2207 5025 2432 5105; x_wconf 92' lang='lat' dir='ltr'><strong>coetu,</strong></span> <span class='ocrx_word' id='word_1_590' title='bbox 2484 5020 2808 5087; x_wconf 78' lang='lat' dir='ltr'><strong>referente</strong></span> <span class='ocrx_word' id='word_1_591' title='bbox 2872 5020 3252 5105; x_wconf 89' lang='lat' dir='ltr'><strong>Secretari0,</strong></span> <span class='ocrx_word' id='word_1_592' title='bbox 3307 5019 3791 5087; x_wconf 88' lang='lat' dir='ltr'><strong>rescribendum</strong></span> 
     </span>
     <span class='ocr_line' id='line_1_110' title="bbox 2210 5110 2504 5176; baseline 0.01 -3"><span class='ocrx_word' id='word_1_593' title='bbox 2210 5110 2504 5176; x_wconf 85' lang='lat' dir='ltr'><strong>censuit:</strong></span> 
     </span>
    </p>

    <p class='ocr_par' dir='ltr' id='par_1_27' title="bbox 2208 5196 3790 5458">
     <span class='ocr_line' id='line_1_111' title="bbox 2339 5196 3790 5282; baseline -0.001 -19"><span class='ocrx_word' id='word_1_594' title='bbox 2339 5199 2435 5263; x_wconf 82' lang='lat' dir='ltr'><strong>Ad</strong></span> <span class='ocrx_word' id='word_1_595' title='bbox 2476 5203 2536 5263; x_wconf 93' lang='grc'><strong>1.</strong></span> <span class='ocrx_word' id='word_1_596' title='bbox 2586 5220 2624 5263; x_wconf 82' lang='lat'><strong>‹</strong></span> <span class='ocrx_word' id='word_1_597' title='bbox 2659 5202 2842 5264; x_wconf 81' lang='lat' dir='ltr'><strong>quta</strong></span> <span class='ocrx_word' id='word_1_598' title='bbox 2866 5199 3014 5266; x_wconf 90' lang='lat' dir='ltr'><strong>alias</strong></span> <span class='ocrx_word' id='word_1_599' title='bbox 3045 5200 3334 5282; x_wconf 89' lang='lat' dir='ltr'><strong>decreta,</strong></span> <span class='ocrx_word' id='word_1_600' title='bbox 3369 5196 3545 5264; x_wconf 79' lang='lat' dir='ltr'><strong>Missa</strong></span> <span class='ocrx_word' id='word_1_601' title='bbox 3579 5198 3661 5264; x_wconf 88' lang='lat' dir='ltr'><strong>de</strong></span> <span class='ocrx_word' id='word_1_602' title='bbox 3692 5199 3790 5262; x_wconf 88' lang='lat' dir='ltr'><strong>Pa·</strong></span> 
     </span>
     <span class='ocr_line' id='line_1_112' title="bbox 2213 5286 3789 5355; baseline 0.001 -8"><span class='ocrx_word' id='word_1_603' title='bbox 2213 5294 2393 5350; x_wconf 90' lang='lat' dir='ltr'><strong>trono</strong></span> <span class='ocrx_word' id='word_1_604' title='bbox 2459 5305 2575 5352; x_wconf 92' lang='lat' dir='ltr'><strong>seu</strong></span> <span class='ocrx_word' id='word_1_605' title='bbox 2643 5286 2903 5354; x_wconf 84' lang='lat' dir='ltr'><strong>Titulari</strong></span> <span class='ocrx_word' id='word_1_606' title='bbox 2975 5308 3120 5355; x_wconf 89' lang='lat' dir='ltr'><strong>cum</strong></span> <span class='ocrx_word' id='word_1_607' title='bbox 3189 5286 3789 5354; x_wconf 86' lang='lat' dir='ltr'><strong>commemoratione</strong></span> 
     </span>
     <span class='ocr_line' id='line_1_113' title="bbox 2208 5371 2717 5458; baseline 0.008 -22"><span class='ocrx_word' id='word_1_608' title='bbox 2208 5371 2630 5458; x_wconf 89' lang='lat' dir='ltr'><strong>Rogationum</strong></span> <span class='ocrx_word' id='word_1_609' title='bbox 2658 5394 2717 5440; x_wconf 66' lang='lat' dir='ltr'><strong>a.</strong></span> 
     </span>
    </p>
   </div>
   <div class='ocr_carea' id='block_1_12' title="bbox 3968 1672 3971 2791">
    <p class='ocr_par' dir='ltr' id='par_1_28' title="bbox 3968 1672 3971 2791">
     <span class='ocr_line' id='line_1_114' title="bbox 3968 1672 3971 2791; baseline 0 0"><span class='ocrx_word' id='word_1_610' title='bbox 3968 1672 3971 2791; x_wconf 95' lang='lat' dir='ltr'><strong> </strong></span> 
     </span>
    </p>
   </div>
  </div>
 </body>
</html>
