4042 5950
1938 220 2409 301 —252—

547 378 857 446 hodierna
897 375 1000 445 die
1044 375 1306 462 habitis,
1363 374 1858 445 Eminentissimi
1902 381 2115 445 Patres

544 467 747 536 Sacris
788 464 1045 533 tuendis
1089 464 1334 533 Ritibus
1377 463 1718 553 praepositi
1765 464 2115 533 rescriben-

544 556 699 624 dum
746 565 1164 621 censuerunt:
1215 574 1253 619 ‹
1288 556 1636 620 Serventur
1688 558 1953 621 Decreta
1999 553 2119 620 hu-

545 643 641 711 ius
684 644 908 708 Sacrae
965 640 1483 728 congregationis
1533 642 1617 708 de
1672 641 2119 729 praecedentia

543 729 837 818 Episcopi
884 730 1212 815 Titularis;
1264 740 1328 796 et
1372 729 1681 797 scribatur
1734 728 2113 796 Eminentis-

542 819 701 885 simo
757 818 1067 888 cardinali
1115 818 1610 906 Archiepiscopo
1667 817 2118 884 Mediolanensi

543 902 618 975 ad
666 917 947 973 mentem
979 927 1047 972 ».
1093 906 1205 974 Die
1255 909 1334 973 17
1380 905 1649 992 Augusti
1703 908 1890 973 1883.

787 1051 946 1114 Esne
992 1058 1058 1114 et
1102 1050 1259 1115 nme
1303 1046 1572 1114 Domine
1616 1044 1868 1113 Obssne.

668 1170 1005 1258 Praecipua
1059 1190 1162 1238 res
1217 1171 1579 1261 gravissima
1637 1168 1714 1237 ad
1784 1168 1944 1235 hanc
2007 1173 2114 1237 Sa-

542 1279 712 1330 cram
754 1259 1014 1327 Rituum
1058 1261 1632 1349 congregationem
1662 1276 1871 1344 nuper
1904 1256 2112 1340 allata,

542 1346 828 1441 apprime
871 1360 1018 1414 nota
1065 1349 1458 1419 Eminentiae
1503 1352 1791 1428 Vestrae,
1848 1345 1957 1411 has
2009 1346 2113 1413 lit-

543 1448 708 1504 teras
767 1436 1087 1522 dirigendi
1148 1438 1413 1523 praebet
1471 1434 1883 1503 occasionem.
1944 1433 2115 1501 Titu-

540 1524 688 1593 laris
733 1524 1082 1624 Episcopus
1122 1524 1485 1591 Franciscus
1531 1523 1716 1590 Maria
1747 1522 1970 1610 Zoppi,
2005 1523 2115 1589 ob·

539 1624 720 1682 tento
766 1615 1144 1679 canonicatu
1196 1611 1375 1678 istius
1431 1610 1754 1679 Ecclesiae
1800 1614 2117 1697 Metropo-

542 1703 797 1785 litanae,
847 1718 1044 1785 quum
1090 1700 1467 1788 iampridem
1513 1704 1563 1766 E
1615 1699 1870 1785 iscopali
1903 1696 2116 1785 Digni-

543 1798 670 1856 tate
704 1798 870 1855 esset
902 1796 1184 1873 ornatus,
1223 1788 1527 1855 nonnulla
1606 1786 1749 1854 ubia
1781 1786 2115 1875 proposuit

542 1874 911 1960 enodanda,
943 1874 1172 1961 quibus
1220 1895 1594 1963 responsum
1632 1873 1755 1941 fuit
1800 1876 1972 1942 iuxta
2004 1877 2120 1940 De-

541 1972 713 2031 creta
741 1964 888 2031 alias
932 1985 965 2029 a
1009 1964 1233 2051 priscis
1271 1963 1665 2051 temporibus
1698 1964 1944 2031 emissa.
1980 1964 2114 2040 Quo

541 2069 736 2138 super
781 2051 945 2119 facto
992 2052 1195 2119 omnis
1238 2062 1337 2119 est
1382 2051 1769 2121 removenda
1814 2049 2114 2138 suspicio,
2148 2090 2153 2095 ,

543 2160 612 2207 ac
643 2159 758 2228 pro
805 2151 981 2206 certo
1027 2140 1388 2208 habendum
1434 2140 1680 2207 sincere
1730 2150 1796 2206 et
1840 2141 2117 2207 innocue

542 2227 824 2295 eundem
854 2246 924 2294 se
952 2228 1251 2315 gessisse.
1284 2232 1413 2295 Mos
1444 2229 1614 2295 enim
1653 2227 1916 2295 invaluit
1946 2228 2116 2314 apud

543 2319 755 2384 Sacras
785 2318 1349 2404 congregationes,
1376 2335 1574 2402 quum
1605 2319 1691 2383 Su
1739 2315 1938 2403 plices
1971 2333 2117 2402 por-

542 2403 841 2490 riguntur
884 2403 1135 2489 Libelli,
1182 2423 1457 2491 quorum
1603 2413 1702 2470 stu
1733 2413 1829 2469 ata
1877 2416 1940 2469 et
1987 2421 2114 2469 ma-

539 2493 738 2559 teries
781 2493 937 2560 nihil
990 2492 1137 2559 novi
1196 2492 1509 2560 discutien
1556 2509 1668 2559 um
1727 2490 2001 2558 offerunt
2046 2511 2117 2558 ac

543 2579 895 2648 decisiones
931 2590 1242 2647 anteactas
1287 2578 1660 2668 respiciunt,
1697 2579 1821 2645 illis
1852 2579 2112 2646 rescribi

540 2667 660 2735 sub
689 2667 911 2734 datum
942 2666 1066 2736 diei
1093 2668 1613 2756 congregationis
1645 2668 2112 2756 praecedentis,

541 2754 692 2822 licet
736 2766 880 2843 post
924 2755 1165 2841 aliquot
1201 2754 1339 2822 dies
1384 2766 1574 2842 atque
1607 2756 1795 2823 etiam
1828 2774 2117 2823 mensem

417 2900 430 2908 .
540 2860 771 2929 preces
815 2853 1112 2931 receptae
1159 2843 1421 2912 suerint.
1471 2844 1753 2931 ldipsum
1790 2842 2005 2911 evenit
2049 2844 2117 2911 in

541 2932 860 3020 praesenti
922 2950 1093 3000 casu.
1153 2936 1234 3001 Et
1281 2931 1568 3019 quidem,
1612 2933 1662 2999 si
1721 2931 2114 3001 Eminentiae

539 3024 806 3088 Vestrae
853 3021 1111 3089 libuerit
1155 3020 1286 3111 ipsa
1318 3040 1616 3109 responsa
1651 3041 1796 3089 cum
1827 3020 2114 3088 adductis

539 3107 826 3176 Decretis
869 3108 1185 3195 conferre,
1233 3109 1444 3177 statim
1490 3131 1592 3177 res
1637 3108 1839 3176 omnis
1871 3108 2115 3195 liquido

539 3195 808 3285 patebit,
835 3198 912 3266 ad
937 3198 1401 3285 ingenuitatem
1423 3199 1938 3286 probitatemque
1969 3197 2119 3286 Epi·

539 3286 715 3373 scopi
747 3286 1042 3354 canonici
1075 3287 1597 3373 dignoscendam.

671 3378 965 3442 Attamen
988 3393 1188 3460 quum
1219 3375 1296 3442 ad
1332 3375 1615 3442 eundem
1645 3381 1946 3462 responsa
1976 3393 2118 3462 per-

539 3460 863 3529 venissent
910 3473 1054 3550 post
1093 3464 1387 3550 adeptam
1417 3463 1830 3531 canonicatus
1873 3481 2118 3550 posses-

540 3550 808 3634 sionem,
857 3550 1076 3616 maiori
1123 3570 1378 3639 pressus
1432 3552 1749 3640 angustia,
1798 3550 1955 3618 dum
2014 3568 2117 3616 re·

543 3636 770 3723 fragari
803 3637 987 3704 timet
1016 3641 1240 3705 Sacrae
1269 3640 1789 3726 congregationis
1833 3638 2118 3705 Decretis

543 3726 645 3791 vel
692 3722 972 3791 abnuere
1002 3726 1275 3814 capituli
1304 3728 1552 3811 studiis,
1588 3728 1823 3795 iterum
1867 3730 2117 3794 Sacram

540 3813 1115 3899 Congregationem
1160 3814 1353 3882 adivit
1397 3816 1768 3902 postulans:
1826 3817 1991 3881 Num
2038 3814 2114 3882 ad

539 3901 859 3968 vitandam
915 3902 1265 3987 quamlibet
1317 3902 1812 3970 controversiam
1869 3902 1985 3968 sibi
2043 3902 2117 3968 li-

541 4000 744 4074 ceret,
791 3989 1165 4077 posthabitis
1209 3991 1520 4075 Decretis,
1553 3992 1852 4078 prosequi
1886 3990 2118 4058 eodem

541 4079 732 4146 modo
777 4097 905 4165 quo
949 4078 1360 4147 canonicatus
1408 4076 1870 4168 possessionem
1910 4078 2118 4146 fuerat

543 4167 835 4254 adeptus.
883 4165 1378 4233 Eminentissimi
1424 4172 1634 4233 Patres
1680 4168 1743 4234 in
1794 4166 2117 4235 ordinaria

539 4258 873 4323 Sacrorum
921 4256 1175 4324 Rituum
1223 4255 1730 4344 congregatione
1770 4254 1978 4323 habita
2008 4254 2113 4322 die

546 4346 623 4411 17
648 4344 915 4430 Augusti
940 4344 1257 4412 currentis
1289 4344 1431 4411 anni
1463 4347 1628 4412 1833
1661 4344 1738 4411 ad
1767 4343 2115 4428 Quirinale,

541 4431 732 4500 dubia
780 4432 1001 4499 eadem
1050 4432 1112 4499 in
1160 4433 1556 4500 Eminentiae
1613 4434 1874 4500 Vestrae
1935 4430 2118 4498 obse-

541 4519 763 4608 quium
822 4540 1040 4587 rursus
1100 4522 1478 4608 exponenda
1537 4531 1877 4604 curarunt,
1926 4531 2118 4605 atque

541 4608 1003 4677 intellexerunt
1049 4628 1346 4698 responsa
1378 4609 1678 4698 decerpta
1714 4628 1854 4676 esse
1886 4628 1968 4675 ex
1998 4612 2118 4675 De-

542 4697 732 4764 cretis
779 4696 1148 4764 iamdudum
1198 4697 1386 4765 editis
1429 4698 1505 4764 ab
1554 4717 1775 4764 eorum
1817 4701 2120 4765 Anteces-

539 4784 787 4853 soribus
832 4786 896 4853 in
942 4787 1124 4852 Sacra
1158 4786 1663 4872 congregatione
1709 4806 1778 4852 ac
1827 4790 2118 4854 Summo-

542 4892 686 4940 rnm
722 4871 1097 4940 Pontificum
1129 4875 1502 4942 auctoritate
1534 4874 1943 4960 confirmatis,
1980 4873 2119 4961 qui-

539 4960 658 5028 bus
702 4961 1004 5028 adhaeret
1049 4972 1338 5029 constans
1386 4962 1666 5030 omnium
1710 4962 1893 5030 Urbis
1928 4965 2118 5030 etiam

542 5048 1050 5116 Patriarchalium
1105 5050 1532 5117 Ecclesiarum
1592 5052 1804 5140 praxis
1860 5061 1925 5118 et
1972 5071 2117 5119 con·

541 5134 843 5203 suetudo.
865 5140 914 5203 Α
941 5147 1234 5205 veterum
1258 5137 1469 5225 itaque
1488 5142 1906 5206 Decretorum
1926 5160 2119 5206 sensu

540 5222 805 5293 minime
843 5223 1202 5310 declinare,
1254 5225 1452 5293 immo
1501 5226 1858 5314 Episcopali
1907 5228 2117 5293 chara-

541 5312 700 5384 cteri
730 5331 800 5381 ac
829 5312 1121 5401 dignitati
1165 5313 1502 5381 consulere
1547 5313 2119 5400 (quemadmodum

2218 376 2560 463 antiquitus
2604 386 2911 446 statutum
2955 376 3099 463 fuit)
3146 375 3648 445 Eminentisdmi
3692 379 3806 442 Pa-

2223 476 2351 531 tres
2378 466 2707 534 unanimes
2752 475 3184 552 censuemnt;
3232 474 3298 531 et
3342 464 3657 552 idipsum,
3692 483 3808 531 ex-

2221 553 2393 641 pleta
2439 573 2557 640 per
2604 559 2675 622 R.
2710 558 2781 621 P.
2813 558 2889 620 D.
2924 553 3353 622 Secretarium
3390 552 3804 619 Sanctissimo

2218 641 2552 727 relatione,
2582 643 2975 710 Eminentiae
2998 646 3260 709 Vestrae
3285 660 3400 729 per
3430 650 3808 728 praesentes

2221 728 2499 797 officiose
2543 730 2870 798 nunciare.
2922 729 3226 799 Sanctitas
3271 733 3393 798 Sua
3439 729 3658 797 eidem
3692 731 3807 794 Se-

2220 818 2515 903 cretario,
2564 818 2880 886 audientia
2922 819 3042 885 sub
3092 816 3483 905 infrascripta
3528 816 3639 885 die
3688 816 3805 885 im·

2218 906 2477 993 pertita,
2526 905 2819 973 omnibus
2878 905 2972 973 rei
3032 903 3514 973 circumstantiis
3578 923 3807 992 perce·

2219 992 2370 1081 ptis,
2420 992 2887 1063 commendavit
2939 994 3332 1083 plurimum,
3379 1002 3453 1059 ut
3497 992 3806 1060 Eminen-

2220 1081 2344 1147 tiae
2389 1084 2658 1149 Vestrae
2702 1101 2825 1170 per
2865 1081 3133 1149 Litteras
3177 1084 3399 1150 Sacrae
3443 1083 3808 1168 congrega·

2223 1168 2407 1236 tionis
2453 1188 2633 1237 mens
2677 1172 3094 1258 panderetur,
3142 1170 3245 1236 cui
3299 1170 3599 1237 Summus
3640 1172 3803 1235 Pon-

2222 1257 2380 1324 tifex
2423 1258 2734 1326 accedens
2779 1259 2974 1327 robur
3018 1257 3336 1345 adiungit;
3370 1257 3542 1324 ‘haec
3584 1266 3805 1323 autem

2220 1365 2401 1412 mens
2444 1345 2846 1434 potissimum
2894 1356 2990 1413 est
3033 1356 3105 1412 ut
3150 1345 3520 1412 auctoritate
3569 1354 3636 1410 et
3669 1343 3803 1409 elo·

2222 1434 2395 1520 quio,
2422 1453 2549 1520 quo
2580 1434 2783 1522 pollet
2813 1434 3170 1501 Eminentia
3195 1437 3439 1518 Vestra,
3462 1431 3647 1499 istius
3676 1435 3802 1500 He·

2222 1523 2637 1607 tropolitanae
2683 1522 3029 1591 canonicos
3074 1522 3408 1608 religione,
3442 1520 3689 1608 pietate
3734 1540 3805 1587 ac

2223 1609 2422 1675 titulis
2454 1609 2745 1679 omnibus
2775 1610 3085 1696 illustres,
3118 1610 3414 1677 hortetur
3446 1619 3509 1675 et
3542 1608 3803 1683 suadeat

2220 1698 2296 1765 ad
2330 1696 2770 1786 benigniorem
2801 1699 3079 1766 animum
3112 1716 3264 1785 erga
3292 1696 3622 1783 collegam
3654 1697 3803 1784 Epi-

2220 1804 2484 1874 scopum
2531 1787 2729 1874 Zoppi
2787 1786 3220 1871 induendum,
3284 1795 3348 1852 et
3406 1785 3482 1852 ad
3531 1788 3801 1853 Decreta

2219 1877 2442 1942 Sacrae
2491 1873 3013 1961 congregationis
3070 1872 3479 1958 exequenda;
3529 1891 3725 1957 quam
3768 1894 3803 1938 a

2220 1961 2440 2051 priscis
2511 1961 2901 2049 temporibus
2955 1962 3031 2028 ab
3091 1959 3379 2028 eiusdem
3435 1962 3801 2049 Metropoli·

2220 2060 2400 2118 tanae
2447 2050 2738 2136 Capitulo
2783 2069 2975 2137 saepe
3020 2051 3102 2118 de
3148 2047 3461 2116 sententia
3514 2058 3801 2137 rogatam

2219 2139 2414 2206 fuisse
2461 2148 2702 2205 constat
2749 2157 2831 2204 ex
2876 2137 3167 2224 pluribus
3219 2137 3546 2224 postulatis
3593 2146 3661 2203 et
3706 2136 3803 2203 Li·

2223 2225 2468 2314 turgiae
2513 2225 2719 2293 dubiis
2774 2225 3107 2312 exhibitis,
3157 2227 3494 2314 ipsumque
3542 2225 3801 2311 capitu-

2220 2319 2357 2383 lum
2403 2314 2821 2382 libentissime
2867 2314 3187 2401 recepisse
3243 2332 3544 2401 responsa
3591 2326 3660 2378 et
3705 2331 3803 2379 so·-

2221 2404 2529 2487 lutiones,
2593 2414 2783 2489 atque
2845 2400 3209 2471 huiusmodi
3261 2401 3582 2483 Decretis,
3647 2411 3804 2467 tam-

2220 2512 2411 2578 quam
2453 2492 2634 2559 Sedis
2664 2490 3061 2577 Apostolicae
3096 2489 3390 2574 oraculis,
3423 2490 3803 2576 obsequium

2220 2579 2631 2669 praestitisse.
2694 2578 2873 2657 Quod
2934 2588 2997 2645 et
3053 2578 3502 2666 praestandum
3550 2595 3691 2644 esse
3736 2575 3805 2642 in

2219 2667 2536 2756 praesenti
2569 2688 2741 2752 casu,
2770 2668 2833 2734 in
2862 2686 2990 2753 quo
3012 2667 3221 2754 agitur
3245 2667 3328 2734 de
3399 2665 3809 2733 raecedentia

2222 2755 2545 2846 Episcopi,
2579 2755 2645 2823 in
2675 2756 2940 2824 dubium
2970 2774 3097 2822 non
3130 2772 3357 2823 revoca
3406 2754 3489 2833 it;
3522 2754 3808 2822 maxime

2220 2864 2417 2931 quum
2485 2843 2933 2932 praecedentia
3001 2844 3238 2911 isthaec
3299 2841 3561 2930 proprio
3623 2844 3808 2910 istius

2220 2934 2741 3022 metropolitanae
2783 2931 2956 3001 Ritui
3010 2930 3167 3001 nihil
3225 2932 3549 3015 detrahat,
3599 2948 3807 3017 quum

2220 3023 2422 3090 honor
2471 3021 2797 3122 Episcopis
2843 3022 3243 3090 exhibendus
3288 3018 3654 3088 universam
3685 3023 3802 3086 Ec-

2221 3111 2477 3178 clesiam
2548 3109 2867 3199 respiciat.
2946 3108 3265 3177 Permulta
3340 3117 3486 3176 sunt
3564 3107 3806 3175 iamdiu

2222 3199 2344 3266 lata
2389 3197 2474 3265 de
2519 3197 2982 3285 Episcoporum
3028 3196 3477 3286 praecedentia
3506 3200 3801 3283 Decreta,

2218 3298 2408 3374 atque
2454 3286 2640 3353 huius
2688 3297 3046 3353 constanter
3080 3295 3365 3353 servatae
3414 3286 3805 3374 praeceden-

2219 3376 2345 3443 tiae
2391 3375 2453 3442 in
2499 3373 2805 3462 capitulis
2846 3374 3033 3441 Urbis
3080 3386 3146 3441 et
3189 3383 3411 3440 vetera
3457 3383 3522 3439 et
3579 3391 3804 3440 recen-

2221 3464 2377 3531 tiora
2423 3472 2641 3529 extant
2685 3463 3015 3550 exempla3
3064 3463 3224 3530 adeo
3272 3473 3344 3530 ut
3376 3463 3425 3527 si
3459 3462 3805 3550 contigerit

2223 3550 2579 3641 Episcopali
2646 3549 2961 3639 Dignitate
3029 3550 3317 3639 insigniri
3386 3550 3807 3617 Sacerdotem

2219 3641 2498 3724 aliquem
2538 3658 2619 3705 ex
2651 3649 2839 3705 coetu
2885 3639 2950 3705 in
2995 3638 3366 3706 stationibus
3397 3637 3807 3705 inferioribus

2220 3727 2411 3796 Chori
2458 3728 2858 3811 sedentium,
2906 3727 3087 3795 verbi
3144 3727 3341 3816 gratia
3386 3726 3556 3794 inter
3602 3731 3807 3793 Bene-

2220 3815 2512 3902 ficiarios,
2559 3815 2771 3883 statim
2817 3815 3113 3903 superius
3158 3815 3480 3901 ascendat,
3517 3827 3582 3882 et
3620 3833 3805 3902 prae·

2223 3903 2424 3972 latitio
2469 3902 2686 3971 habitu
2740 3904 3001 3972 indutus
3059 3907 3461 3990 crucemque
3516 3914 3805 3991 pectora-

2222 3995 2352 4061 lem
2387 4002 2664 4080 gestans,
2696 4001 2841 4058 ante
2872 3991 3216 4060 canonicos
3249 3993 3459 4058 locum
3493 3992 3803 4079 obtineat,

2220 4102 2290 4148 ac
2338 4080 2403 4148 in
2447 4078 2936 4147 solemnioribus
2978 4080 3436 4163 functionibuS,
3470 4079 3537 4148 in
3569 4081 3804 4168 quibus

2221 4167 2611 4256 Capitulares
2656 4169 2846 4235 sacris
2893 4179 3165 4236 utuntur
3208 4168 3624 4253 indumentis,
3658 4169 3807 4270 plu-

2221 4257 2368 4325 viali
2400 4277 2469 4323 ac
2506 4256 2688 4322 mitra
2723 4268 2977 4325 ornatus
3006 4256 3274 4324 assistat.
3320 4261 3452 4323 Hoc
3482 4257 3549 4323 in
3579 4256 3807 4343 primis

2222 4345 2456 4414 servari
2490 4346 2555 4411 in
2577 4344 2852 4411 Basilicis
2876 4344 3395 4412 patriarchalibus
3426 4344 3612 4413 Urbis
3635 4363 3805 4413 com-

2224 4446 2479 4523 pertum
2526 4444 2647 4517 est,
2682 4453 2715 4498 a
2745 4432 2974 4519 quibus
3020 4434 3213 4501 totius
3258 4433 3436 4502 Orbis
3465 4432 3803 4501 christiani

2222 4521 2546 4590 Ecclesiae
2594 4521 2891 4610 exempla
2936 4522 3280 4589 desumere
3325 4523 3389 4588 in
3434 4521 3648 4608 pretio
3696 4524 3807 4590 ha·

2222 4610 2403 4678 bent.
2453 4613 2519 4676 ln
2568 4609 2715 4698 ipsis
2761 4611 2931 4677 enim
2977 4610 3497 4678 Patriarchalibus
3527 4610 3804 4677 Basilicis

2222 4698 2688 4786 augustissimas
2721 4697 3075 4766 functiones
3120 4717 3245 4784 per
3284 4718 3519 4766 annum
3553 4698 3801 4786 peragit

2224 4791 2522 4855 Summus
2567 4786 2884 4871 Pontifex,
2920 4785 3025 4873 qui
3060 4785 3208 4853 ideo
3238 4787 3313 4853 ab
3347 4787 3605 4854 excelso
3634 4789 3801 4875 Apo-

2221 4875 2447 4943 stolico
2484 4874 2680 4960 Solio,
2718 4874 2923 4942 omnia
2971 4892 3133 4959 quae
3179 4874 3255 4941 ad
3305 4875 3551 4942 cultum
3595 4876 3800 4943 Ritus-

2223 4983 2349 5050 que
2395 4967 2615 5032 Sacros
2677 4964 3003 5052 pertinent
3050 4963 3130 5028 ob
3185 4963 3403 5031 oculos
3462 4963 3688 5048 habet,
3738 4975 3798 5029 et

2225 5051 2701 5120 Ecclesiasticae
2746 5048 3150 5120 Hierarchiae
3187 5053 3423 5139 gradus
3467 5072 3690 5119 omnes
3739 5052 3799 5118 in

2220 5159 2336 5204 suo
2382 5150 2734 5226 conspectu
2770 5138 3050 5243 propriis
3077 5140 3410 5208 decoratos
3456 5140 3799 5227 insignibus

2223 5227 2701 5294 circumstantes
2746 5228 3043 5299 intuitur.
3091 5229 3491 5318 Quapropter
3543 5239 3792 5316 exoptat

2223 5314 2522 5382 Sanctitas
2569 5317 2692 5383 Sua
2738 5327 2864 5383 tam
2912 5316 3299 5385 laudabilem
3359 5335 3607 5384 morem
3668 5337 3793 5384 ser·
