4042 5950
1573 227 2047 307 ...325-

177 390 376 468 partes
417 380 617 450 officii
662 382 792 451 diei
825 405 889 449 ι.
942 387 1153 471 Atque
1184 384 1300 453 „ita
1359 386 1751 473 rescripsere

176 488 238 534 ac
280 469 665 538 servandum
713 472 1118 539 mandarunt.
1424 488 1429 493 ·

294 557 405 624 Die
458 561 538 625 14
584 559 744 626 lunii
797 563 989 628 ¹845.

173 696 412 766 288⁷.
701 703 1217 770 rmaEN'rmA.
1517 703 1745 791 (coos)

287 819 494 896 Quum
540 824 617 888 R.
666 826 734 889 P.
786 824 1163 912 Rodulpbus
1210 826 1391 894 Bacci
1436 826 1747 894 sacerdos

166 908 682 994 Congregationis
741 912 1117 979 scholarum
1174 914 1422 982 Piarum
1487 913 1744 981 Floren-

168 995 281 1095 tiae
310 997 554 1083 degens
586 1000 839 1066 Sacram
869 1000 1130 1069 Rituum
1164 1003 1742 1090 congregationem

167 1102 343 1149 enixe
404 1086 644 1173 rogarit
701 1087 1200 1157 declarationem
1263 1091 1741 1176 insequentium

164 1169 537 1253 dubiorum;
587 1174 937 1243 nimirum:

292 1263 348 1327 1.
383 1265 455 1328 ln
488 1262 960 1331 Archidioecesi
995 1265 1359 1336 Florentina
1390 1284 1591 1354 quum
1621 1284 1742 1353 pro

161 1347 339 1414 clero
368 1350 654 1417 seculari
687 1361 935 1420 tantum
980 1355 1333 1423 habeantur
1376 1353 1741 1442 privilegia-

163 1446 256 1501 tae
287 1446 570 1522 octavae,
599 1448 739 1505 tum
766 1441 1148 1509 sanctissimi
1181 1443 1475 1530 Corporis
1506 1442 1741 1509 Christi

163 1535 289 1590 tum
343 1527 810 1612 Assumptionis
865 1533 1093 1597 Beatae
1150 1531 1375 1599 Mariae
1434 1529 1734 1616 Virginis,

159 1612 516 1697 quaeritur:
566 1617 663 1681 An
709 1616 940 1683 Clerici
970 1620 1319 1706 Regulares
1365 1619 1737 1687 scholarum

156 1699 396 1766 Piarum
443 1701 805 1769 Florentiae
867 1716 1187 1777 morantes
1247 1717 1315 1771 et
1359 1704 1735 1775 calendario

156 1788 529 1855 Dioecesano
576 1801 834 1858 utentes
881 1804 1221 1861 teneantur
1255 1794 1323 1861 in
1371 1792 1736 1861 memoratis

159 1876 381 1941 octavis
426 1878 508 1944 ad
553 1878 923 1947 huiusmodi
967 1879 1437 1971 privilegium?

278 1967 345 2031 2.
393 1964 621 2033 clerus
667 1968 983 2035 secularis
1043 1982 1108 2039 et
1169 1970 1501 2058 Regularis
1547 1968 1732 2036 Dioe-

157 2070 371 2119 cesano
419 2053 786 2122 Florentino
833 2057 1205 2125 calendario
1250 2070 1434 2125 utens
1495 2056 1733 2144 gaudet

158 2139 484 2228 privilegio
556 2145 859 2212 recitandi
928 2145 1217 2214 Officium
1285 2144 1732 2231 conceptionis

155 2231 369 2294 Beatae
417 2229 645 2296 Mariae
692 2232 967 2321 Virginis
1014 2234 1077 2301 in
1124 2233 1418 2301 omnibus
1450 2231 1731 2301 sabbatis

156 2335 264 2405 per
306 2335 567 2402 annum,
618 2321 809 2388 etiam
854 2321 919 2389 in
964 2322 1475 2410 Quadragesima.
1532 2322 1731 2399 Quae·

154 2405 339 2472 ritur:
390 2410 488 2473 An
537 2407 767 2476 Clerici
814 2412 1165 2496 Regulares
1193 2411 1569 2479 scholarum
1599 2409 1729 2475 Pia-

154 2511 287 2559 rum
318 2494 380 2560 in
411 2494 699 2563 Dioecesi
746 2498 1105 2565 Florentina
1152 2498 1491 2586 degentes,
1526 2508 1593 2562 et
1625 2497 1729 2564 ba·

155 2581 366 2648 bentes
410 2582 827 2672 privilegium
874 2586 1179 2655 recitandi
1228 2585 1519 2654 Officium
1578 2588 1728 2653 san-

154 2668 400 2736 ctissimi
461 2673 747 2740 Nominis
808 2675 1031 2741 Mariae
1090 2674 1288 2742 semel
1351 2675 1414 2740 in
1478 2672 1727 2740 Hebdo-

154 2757 346 2842 mada,
382 2760 646 2827 exclusa
674 2761 1182 2850 Quadragesima,
1227 2762 1472 2851 possint
1514 2762 1728 2846 potius

155 2845 410 2942 recitare
446 2847 741 2916 Officium
773 2852 1155 2919 sanctissimi
1188 2850 1471 2918 Nominis
1502 2850 1726 2915 Mariae

154 2950 239 3089 Τὰ
266 2933 369 3002 die
435 2932 692 3091 {abbati
755 2939 946 3006 etiam
1004 2942 1071 3007 iu
1126 2937 1610 3025 Quadragesima
1660 2946 1726 3004 et

241 3033 436 3090 ventu

270 3114 331 3177 3.
382 3112 651 3181 Clericis
696 3116 1118 3202 Regularibus
1163 3116 1538 3185 scholarum
1598 3113 1726 3179 Pia·

154 3216 282 3265 rum
325 3213 529 3268 cessat
575 3214 792 3270 octava
837 3205 1183 3271 Nativitatis
1229 3208 1454 3272 Beatae
1501 3202 1729 3268 Mariae

153 3285 410 3374 Virginis
453 3301 601 3377 post
647 3294 887 3359 Nonam
932 3291 1180 3361 sabbati
1228 3292 1519 3359 eiusdem
1565 3300 1726 3357 octa·

151 3395 256 3442 vae
310 3377 390 3445 ob
456 3377 933 3447 solemnitatem
996 3379 1380 3449 sanctissimi
1440 3377 1725 3458 Nominis

151 3462 423 3532 eiusdem
471 3471 704 3535 Beatae
749 3468 1050 3555 Virginis,
1085 3488 1248 3556 quae
1295 3468 1574 3535 occurrit
1604 3469 1723 3532 Do-

153 3553 362 3620 minica
409 3555 571 3623 infra
620 3557 912 3623 eamdem
957 3568 1240 3624 octavam
1285 3556 1404 3623 sub
1443 3555 1573 3624 ritu
1604 3555 1723 3621 du-

150 3639 316 3727 plicis
356 3644 605 3729 primae
650 3644 863 3712 classis
909 3665 1057 3714 cum
1105 3655 1348 3728 octava,
1381 3644 1585 3713 veluti
1617 3647 1722 3710 Pa-

151 3736 352 3798 tronae
398 3731 784 3821 praecipuae
830 3734 1025 3801 totius
1069 3732 1319 3801 Ordinis
1352 3732 1723 3801 scholarum

147 3816 403 3887 Piarum.
454 3820 838 3898 Quaeritur:
889 3823 1026 3906 Au,
1077 3840 1204 3888 non
1260 3820 1546 3887 obstante
1607 3818 1721 3886 bac

148 3907 506 3993 cessatione,
557 3908 787 3977 debeat
834 3909 1082 3976 recitari
1142 3908 1433 3976 Officium
1489 3906 1722 3975 Nativi-

149 3993 277 4060 tatis
320 3996 626 4083 Deiparae
674 3998 737 4063 in
783 3998 889 4065 die
934 4009 1174 4080 octava,
1209 4006 1315 4064 aut
1347 3997 1455 4063 illa
1486 3997 1593 4064 die
1622 4015 1722 4062 re-

147 4081 286 4167 poni
330 4085 589 4172 aliquod
648 4084 934 4152 Officium
992 4086 1387 4169 translatum,
1431 4086 1533 4151 vel
1583 4083 1722 4151 fieri

143 4169 340 4253 potius
369 4173 457 4240 de
490 4173 594 4241 die
636 4173 796 4241 infra
842 4184 1126 4241 octavam
1171 4173 1552 4241 sanctissimi
1600 4175 1722 4240 No-

148 4256 319 4325 minis
363 4262 591 4329 uariae
612 4260 646 4329 ⁸?
794 4341 807 4352 .

268 4351 327 4414 4.
376 4351 609 4419 Clerici
655 4352 1003 4439 Regulares
1049 4350 1426 4418 Scholarum
1471 4351 1719 4417 Piarum

148 4432 490 4505 Florentiae
537 4439 848 4526 degentes
895 4439 1171 4505 assolent
1202 4438 1383 4506 Feria
1416 4442 1495 4506 VI
1525 4438 1591 4505 in
1622 4441 1723 4504 Pa-

146 4539 390 4591 rasceve
436 4526 516 4593 ad
564 4528 787 4616 populi
848 4525 1331 4594 venerationem
1394 4545 1722 4615 exponere

145 4612 488 4697 Reliquiam
557 4615 997 4684 sanctissimae
1065 4615 1285 4681 Crucis
1346 4614 1719 4682 immediate

145 4709 279 4782 post
320 4702 752 4772 adorationem
798 4703 1016 4771 Crucis
1048 4702 1268 4789 ipsius,
1305 4714 1368 4770 et
1399 4715 1549 4769 ante
1579 4702 1719 4768 Mis·

146 4804 268 4854 sam
334 4791 1048 4860 praesanctificatorum.
1111 4790 1487 4867 Quaeritur:
1550 4793 1718 4858 Num

147 4872 221 4938 sit
264 4877 592 4947 retinenda
634 4881 1075 4967 consuetudo:
1126 4878 1230 4944 vel
1279 4878 1527 4964 potius,
1577 4887 1722 4967 post

149 4964 429 5032 eamdem
491 4968 734 5036 Missam
780 4978 847 5035 et
893 4966 1505 5036 consummationem
1573 4969 1720 5034 San-

150 5050 393 5120 ctissimi
440 5057 851 5142 sacramenti,
882 5055 1245 5145 supradicta
1288 5054 1577 5142 Reliquia
1610 5073 1719 5119 ex-

150 5143 425 5223 ponenda
468 5143 606 5213 sit?

267 5231 345 5295 Et
376 5234 556 5299 Sacra
589 5235 718 5321 ipsa
752 5232 1200 5322 congregatio,
1236 5232 1312 5300 ad
1343 5232 1717 5300 Vaticanum

149 5314 483 5406 subsignata
529 5321 639 5389 die
681 5321 1028 5390 coadunata
1076 5323 1139 5389 in
1197 5319 1537 5391 Ordinariis
1595 5321 1713 5387 co-

1851 384 2070 469 mitiis,
2106 386 2432 454 referente
2476 389 2858 473 secretario,
2894 387 3163 475 singulis
3208 408 3441 479 propo-

1851 473 1988 539 sitis
2032 472 2241 541 dubiis
2290 485 2535 542 maturo
2582 476 2874 544 examine
2922 476 3237 544 demere
3292 497 3440 565 per-

1852 560 2087 648 pensis,
2139 563 2662 652 respondendum
2712 565 3008 631 censuit:

1980 648 2075 714 Ad
2134 653 2192 715 1.
2243 670 2281 715 ‹
2324 652 2671 737 Negative;
2729 652 2894 720 sicut
2956 652 3283 741 provisum
3342 663 3440 721 est

1849 755 1965 824 pro
2014 737 2436 824 Regularibus
2467 760 2531 806 ».

1980 825 2078 892 Ad
2126 831 2190 893 2.
2242 847 2279 890 ι
2313 830 2381 892 ln
2429 826 2707 895 sabbatis
2757 838 2998 895 tantum
3042 847 3165 915 per
3195 846 3435 897 annum

1848 930 2076 999 posse:
2128 914 2403 980 exclusis
2449 934 2706 1005 semper
2748 915 3259 1003 Quadragesima,
3309 915 3435 983 Ad-

1847 1009 2048 1066 ventu
2098 1012 2162 1067 et
2208 1000 2488 1069 sabbatis
2534 1014 2806 1090 quatuor
2852 1008 3244 1092 Temporum
3278 1025 3345 1071 ».

1976 1087 2071 1154 Ad
2123 1093 2190 1157 3.
2239 1111 2276 1154 ‹
2308 1088 2400 1157 Ob
2458 1091 2874 1159 cessationem
2943 1102 3236 1175 octavae,
3299 1110 3435 1159 ces-

1842 1174 2114 1243 sandum
2162 1178 2350 1244 etiam
2395 1198 2429 1244 a
2472 1178 2579 1245 die
2627 1190 2867 1265 octava,
2901 1179 3299 1247 admittendo
3331 1179 3432 1249 Of-

1847 1261 2065 1330 flcium
2114 1265 2486 1332 translatum
2518 1288 2581 1334 ».
3371 1342 3378 1343 γ

1976 1351 2072 1418 Ad
2124 1356 2185 1420 4.
2237 1374 2276 1419 ‹
2311 1357 2529 1433 Posse;
2580 1354 2929 1423 dummodo
2983 1354 3273 1441 Reliquia
3335 1355 3430 1422 in-

1843 1439 2016 1506 clusa
2080 1439 2162 1507 sit
2229 1441 2450 1508 Crucis
2499 1442 2656 1522 ,talis
2723 1460 3096 1527 mensurae,
3146 1453 3219 1510 ut
3278 1443 3428 1530 poni

1841 1538 2031 1613 queat
2076 1528 2245 1595 inter
2290 1529 2676 1597 candelabra
2720 1533 2883 1597 Arae
2930 1529 3182 1597 maioris
3213 1552 3281 1598 ».

1841 1702 1882 1769 d
1968 1614 2183 1715 'Atque
2216 1616 2299 1682 ita
2335 1617 2662 1703 rescripsit
2703 1620 3222 1704 servandumque
3253 1636 3427 1686 man-

1886 1712 2037 1768 avit.
3429 1742 3444 1755 .

1970 1791 2084 1859 Die
2136 1796 2216 1860 14
2261 1793 2421 1860 lunii
2475 1795 2671 1861 ¹845.

1840 1969 2098 2039 2888.
2404 1972 2877 2038 LIMBURGEN.
3195 1968 3423 2058 (50¹0)

1965 2148 2273 2216 sacerdos
2319 2147 2579 2216 Carolus
2623 2147 2810 2215 Klein
2868 2150 3091 2215 Sacrae
3153 2146 3424 2214 Theolo-

1834 2235 1973 2391 giae
1998 2241 2233 2303 Doctor
2262 2256 2332 2303 ac
2362 2234 2897 2304 Reverendissimi
2933 2235 3227 2323 Episcopi
3258 2236 3423 2302 Lim-

1878 2342 2110 2412 urgen.
2185 2323 2744 2392 Caeremoniarum
2813 2322 3150 2410 Magister,
3221 2341 3421 2409 quum

1833 2412 2372 2481 animadverteret
2429 2412 2493 2478 in
2555 2411 3010 2479 caeremoniali
3075 2410 3423 2498 Episcopo-

1833 2520 1976 2568 rum
2021 2521 2075 2566 s.
2112 2519 2199 2567 m.
2236 2499 2565 2568 Benedicti
2600 2502 2738 2568 XIV
2783 2499 2958 2567 iussu
3005 2499 3178 2567 edito
3207 2498 3322 2566 tib.
3350 2503 3419 2583 2,

1831 2608 1972 2675 cap.
2032 2593 2137 2673 11,
2187 2595 2225 2669 5
2279 2592 2382 2656 10.
2433 2586 2821 2675 praescribi:
2869 2608 2908 2653 ι
2942 2587 3018 2653 Si
3061 2588 3281 2653 Sermo
3310 2586 3422 2653 Ita·

1829 2678 2067 2743 bendas
2113 2680 2241 2744 erit
2289 2680 2361 2743 ia
2409 2674 2666 2742 laudem
2723 2677 3071 2761 Defuncti,
3116 2694 3237 2761 pro
3296 2694 3420 2759 quo

1831 2767 2032 2833 Missa
2063 2764 2379 2831 celebrata
2402 2768 2556 2846 erit,
2580 2768 2753 2830 'tunc
2784 2783 2858 2831 ea
2887 2765 3110 2851 linita,
3135 2773 3287 2830 ante
3318 2762 3422 2828 ab·

1826 2854 2210 2920 solationem
2242 2853 2502 2918 accedat
2533 2852 3111 2919 sermocinaturm
3143 2850 3420 2918 vestibus

1831 2944 2043 3026 aiyris
2091 2941 2369 3008 indutas
2411 2944 2552 3007 sine
2581 2948 2779 3020 cotta,
2816 2948 2874 3005 et
2903 2941 3092 3026 facta
3123 2942 3420 3007 oratione

1829 3039 1982 3096 ante
2027 3030 2304 3097 :inedium
2349 3030 2627 3111 Altaria,
2678 3028 2869 3095 nulla
2906 3029 3119 3113 petita
3175 3028 3418 3093 benedi·

1828 3121 2038 3185 ctione
2079 3117 2157 3184 ab
2202 3119 2509 3202 Episcopo
2528 3163 2550 3198 ‚
2601 3116 2704 3182 sed
2747 3120 2933 3201 sacta
2978 3118 3039 3182 ei
3083 3116 3418 3201 profunda

1830 3207 2192 3273 reverentia
2237 3205 2332 3270 vel
2388 3205 2864 3292 penufieaeionffi
2909 3222 3030 3289 pro
3091 3202 3418 3287 qualitate
3499 3289 3503 3294 ,

1820 3313 2129 3379 personae
2145 3341 2164 3374 ‚
2218 3294 2519 3360 ascendat
2577 3293 2921 3378 Palpitum
2960 3308 3182 3376 panno
3230 3294 3417 3376 niyro

1829 3390 2215 3465 coopertum,
2266 3381 2378 3447 abi
2421 3383 2605 3467 facta
2654 3385 2894 3448 iterum
2953 3381 3259 3464 Episcopo
3316 3397 3414 3444 re·

1826 3472 2142 3548 verentia,
2193 3472 2463 3554 siquam
2506 3488 2571 3534 se
2599 3473 2781 3553 siano
2825 3471 3056 3535 Crucis
3086 3469 3258 3553 facit
3286 3483 3415 3531 ser-

1828 3576 2069 3624 monem
2101 3578 2164 3642 »5
2203 3568 2273 3623 ut
2303 3557 2380 3623 ab
2409 3557 2525 3624 bac
2572 3555 3062 3624 caeremonialia
3108 3552 3415 3641 praescri-

1828 3646 2048 3735 ptione
2109 3663 2549 3731 quaecumque
2606 3643 2900 3731 ambigua
2968 3640 3414 3731 interpretatio

1825 3743 2217 3818 amoveatur,
2252 3735 2503 3800 Sacram
2537 3732 2796 3800 Rituum
2839 3730 3413 3820 congregationem

1829 3821 2017 3888 enixe
2069 3821 2336 3906 rogavit,
2385 3830 2457 3888 ut
2504 3820 2830 3888 declarare
2877 3819 3292 3906 dignaretur:

1965 3913 2026 3975 1.
2076 3911 2173 3974 An
2216 3909 2600 3996 praenotatis
2643 3908 2857 3975 verbis
2895 3905 3409 3990 caeremonialia,

1828 3998 2104 4066 vestibus
2149 4000 2387 4083 nimis,
2440 3995 2630 4062 etiam
2677 3995 2847 4062 stola
2909 3994 3413 4079 comprehenda-

1830 4099 1959 4167 tur,
2010 4086 2093 4152 ita
2139 4095 2213 4151 ut
2256 4083 2809 4153 sermocinaturus
2854 4082 2917 4150 in
2963 4081 3223 4149 laudem
3283 4085 3410 4148 De-

1825 4172 2028 4241 functi
2076 4174 2284 4258 (extra
2331 4170 2592 4259 Urbem)
2642 4171 2811 4238 stola
2856 4188 3052 4257 super
3097 4179 3281 4236 veste
3320 4179 3409 4235 ta·

1826 4261 1941 4415 llari
1971 4261 2227 4414 vel?alia
2256 4259 2544 4349 dignitati
2579 4278 2729 4327 suae
2777 4255 3195 4346 competenti,
3230 4256 3408 4325 indui

1873 4350 2059 4416 obeat
3342 4393 3350 4402 ·

1956 4440 2019 4503 2.
2072 4439 2169 4503 An
2225 4436 2472 4503 laudata
2533 4433 2863 4523 dispositio
2920 4432 3409 4501 caeremonialia

1825 4525 1889 4592 in
1911 4524 2214 4592 Ecclesiis
2243 4522 2726 4593 cathedralibus
2756 4532 3042 4601 tantum3
3076 4519 3182 4586 vel
3217 4521 3407 4587 etiam

1820 4614 1886 4681 in
1933 4610 2434 4767 aliisvomnibus,
2484 4612 2800 4700 Episcopo
2844 4609 3132 4692 absente,
3171 4605 3406 4674 servari

1824 4702 2057 4770 debeat

1957 4794 2034 4855 Et
2065 4789 2131 4855 S.
2155 4793 2233 4857 R.
2268 4790 2370 4871 C.,
2405 4786 2479 4853 ad
2515 4787 2885 4856 Vaticanum
2913 4784 3267 4873 subscripta
3297 4781 3405 4850 die
3496 4822 3507 4832 ·

1821 4876 2169 4945 coadunata
2217 4877 2281 4942 in
2325 4875 2664 4943 ordinariis
2695 4874 3008 4956 comitiis,
3041 4872 3118 4939 ad
3153 4870 3406 4938 relatio-

1821 4982 1971 5031 nem
2012 4962 2375 5047 secretarii,
2409 4962 2895 5030 rescribendum
2942 4960 3227 5030 censuit:

1949 5052 2050 5120 Ad
2103 5056 2161 5118 1.
2212 5073 2251 5118 ‹
2283 5050 2594 5137 Negative
2631 5070 2693 5116 ».

1950 5142 2049 5208 Ad
2096 5144 2161 5207 2.
2212 5161 2251 5206 ‹
2285 5144 2354 5207 ln
2423 5137 2715 5206 omnibus
2783 5138 3083 5205 Ecclesiis
3150 5155 3403 5205 servan·

1820 5232 1966 5300 dam
1998 5250 2064 5297 ».

1950 5317 2063 5386 Die
2115 5320 2194 5385 14
2238 5314 2399 5385 lunii
2451 5316 2641 5383 ¹845.
