4042 5950
1522 323 1628 343 -
1685 280 1841 362 353
1895 244 2030 343 -’

130 438 383 509 2953.
711 439 1127 507 EUGUBINA.

1481 438 1709 526 (slot)

253 623 321 686 ln
350 618 598 706 Oppido
628 619 738 685 vul
789 639 826 684 o
859 621 1097 687 Fratta
1145 620 1307 686 intra
1339 619 1498 688 fines
1532 621 1713 688 Dioe-

135 704 283 772 cesis
326 705 705 794 Eugubinae
783 725 901 773 uae
945 719 1193 774 erectae
1225 719 1374 775 sunt
1405 708 1715 776 Sodalita·

134 804 244 877 tes,
275 795 475 861 altera
505 815 539 860 a
569 795 732 860 bona
762 796 967 862 Horta
1000 805 1386 883 nuncupata,
1420 798 1616 864 altera
1647 797 1712 864 in

132 881 256 968 ipsa
291 881 636 982 parochiali
683 883 962 950 Ecclesia
1011 883 1296 951 instituta
1340 886 1717 952 Sanctorum

134 968 399 1057 crispini
447 980 513 1036 et
566 969 939 1058 crispiniani
993 983 1384 1061 martyrum3
1436 983 1501 1039 et
1545 982 1715 1040 utra·

135 1077 254 1144 que
297 1075 526 1125 mense
555 1058 903 1125 Novembri
941 1059 1269 1127 octiduum
1314 1058 1399 1126 in*
1427 1062 1718 1128 levamen

136 1147 509 1229 animarum,
552 1165 715 1232 quae
750 1147 1174 1234 piacularibus
1205 1148 1495 1215 addictae
1540 1148 1719 1218 ilam-

136 1234 247 1301 mis
291 1236 357 1301 in
402 1234 773 1321 Purgatorio
821 1246 1209 1321 cremantur,
1258 1235 1595 1304 instituere
1627 1259 1720 1304 as-

138 1324 315 1390 solet.
355 1325 602 1391 Verum
634 1341 717 1390 ne
747 1323 815 1390 in
844 1343 969 1391 una
1002 1325 1358 1410 eademque
1389 1324 1722 1393 functione

140 1410 496 1501 peragenda
542 1411 999 1495 convenirent,
1062 1411 1406 1499 antiquitus
1464 1424 1597 1480 erat
1655 1414 1723 1481 in

141 1518 312 1566 more
372 1498 656 1585 positum
680 1550 698 1585 ,
747 1509 821 1567 ut
874 1499 1178 1567 Sodalitas
1236 1501 1433 1568 bonae
1492 1504 1721 1569 Mortis

142 1586 470 1688 proprium
516 1599 941 1655 memoratum
988 1588 1317 1656 octiduum
1364 1589 1724 1657 institueret

145 1696 173 1741 a
216 1675 318 1743 dte
366 1674 573 1762 prima
628 1677 706 1744 ad
753 1675 928 1742 diem
975 1687 1257 1743 octavam
1302 1678 1721 1756 Novembris3

145 1774 206 1828 et
246 1763 353 1831 die
382 1779 553 1829 nona
583 1764 810 1831 Mensis
844 1763 1042 1850 ipsius
1073 1763 1389 1853 inciperet
1421 1764 1581 1832 illud
1614 1768 1726 1834 So-

147 1851 411 1919 dalitatis
475 1853 850 1919 Sanctorum
913 1855 1259 1940 Hartyrum
1324 1852 1596 1941 Crispini
1661 1862 1730 1920 et

148 1937 543 2026 crispiniani,
570 1949 796 2028 utpote
820 1940 1196 2007 recentioris
1222 1939 1584 2008 erectionis.
1617 1945 1731 2008 Ast

149 2045 337 2113 quum
382 2024 743 2094 novissimis
789 2027 1188 2113 temporibus
1234 2029 1546 2095 sodalitas
1582 2032 1731 2097 San-

150 2129 389 2182 ctorum
436 2114 708 2202 Crispini
741 2126 806 2182 et
843 2115 982 2182 Cris
1032 2115 1222 2182 iniani
1270 2116 1585 2204 inceperit
1630 2116 1732 2182 iis-

150 2203 290 2270 dem
319 2202 578 2287 diebus,
625 2203 806 2289 queis
837 2224 871 2270 a
903 2136 1248 2272 sodalitate
1274 2204 1471 2271 bonae
1500 2206 1733 2272 Mortis

151 2290 477 2358 octiduum
532 2290 831 2376 ducitur,
893 2291 1183 2379 proprias
1243 2312 1358 2381 pro
1419 2291 1736 2361 defunctis

149 2398 367 2468 preces
417 2378 751 2447 instituere
774 2428 791 2463 ,
851 2379 1000 2446 licet
1044 2399 1295 2446 summo
1342 2397 1569 2460 mane;
1615 2385 1737 2448 Re-

150 2467 648 2535 verendissimus
690 2468 1044 2554 Episcopus
1091 2466 1302 2535 renuit
1354 2468 1737 2536 immutatio·

154 2574 294 2622 nem
340 2555 705 2625 huiusmodi
771 2555 1148 2623 confirmare
1193 2576 1265 2624 ac
1318 2558 1735 2645 permitter03

154 2645 551 2730 proindeque
652 2643 1014 2730 raescripsit
1059 2653 1132 2710 ut
1177 2644 1351 2711 iuxta
1396 2645 1738 2732 pristinum

158 2751 395 2800 morem
444 2663 752 2800 Sodafltas
797 2734 1173 2799 Sanctorum
1205 2731 1478 2821 Crispini
1509 2743 1575 2799 et
1611 2731 1744 2800 Cri-

159 2821 415 2908 apiniani
477 2820 585 2889 die
644 2824 685 2889 9
739 2819 1114 2886 Novembris
1211 2822 1428 2909 roprio
1485 2821 1742 2888 octiduo

163 2908 404 2977 initium
450 2909 659 2993 daret,
702 2928 773 2975 ac
821 2927 940 2997 per
976 2911 1167 2976 Paroc
1216 2926 1326 2978 um
1373 2908 1747 2978 enunciatae

165 2996 475 3065 Ecclesiae
521 2997 883 3065 functiones
931 3007 1427 3083 exercerentur,
1477 3000 1580 3065 vel
1626 2997 1745 3064 sal·

168 3095 291 3151 tem
349 3105 472 3174 per
517 3085 672 3152 alios
718 3084 1093 3153 Sacerdotes
1151 3087 1228 3152 ab
1286 3085 1424 3172 ipso
1467 3087 1745 3152 Parocho

168 3172 291 3239 deli
337 3175 563 3243 endos.
619 3177 975 3259 Utrumque
1022 3183 1440 3261 praeceptum
1480 3194 1512 3239 a
1542 3178 1746 3241 Reve-

170 3279 276 3327 ren
324 3262 538 3328 issimo
604 3259 943 3347 Eugubino
1010 3261 1327 3350 Episcopo
1395 3261 1750 3329 iniunctum

168 3366 236 3413 ae
397 3351 559 3419 adeo
607 3348 894 3415 tulerunt
940 3350 1232 3416 Director
1267 3361 1335 3415 et
1364 3349 1614 3416 Priores
1645 3352 1751 3417 So-

171 3365 430 3504 dafirtgtis
477 3440 857 3506 Sanctorum
901 3437 1175 3523 Crispini
1222 3449 1287 3505 et
1330 3436 1748 3524 crispiniani,

172 3534 240 3590 ut
281 3528 509 3594 Sacrae
555 3525 743 3593 huius
772 3524 1033 3593 Rituum
1066 3526 1588 3626 congregationis
1616 3543 1755 3590 sen-

174 3614 424 3680 tentiam
471 3614 713 3702 pariter
754 3622 818 3680 et
855 3613 1295 3680 auctoritatem
1327 3611 1751 3700 implorarint.

176 3703 405 3770 Eorum
451 3721 607 3769 vero
643 3719 872 3788 preces
916 3719 1036 3788 pro
1071 3711 1433 3788 opportuna
1462 3700 1757 3767 informa-

179 3787 342 3857 tione
400 3809 548 3858 cum
595 3799 744 3856 voto
794 3787 1188 3856 transmissae
1234 3789 1499 3856 fuerunt
1545 3788 1758 3856 eidem

178 3877 728 3947 Reverendissimo
782 3876 1144 3965 Episcopo;
1193 3876 1304 3961 qui
1351 3875 1594 3943 iteratis
1634 3876 1762 3943 Lit-

182 3965 325 4032 teris
366 3967 652 4054 ingeuue
696 3964 932 4033 fatetur
974 3984 1044 4031 se
1084 3963 1444 4032 iustissimis
1474 3964 1558 4032 de
1591 3983 1763 4032 caus·

182 4052 258 4119 sis
282 4054 629 4122 inhibuisse
652 4054 1095 4120 simultaneam
1127 4053 1337 4139 quoad
1369 4054 1506 4120 dies
1537 4052 1767 4118 utrius-

186 4158 307 4225 que
350 4141 593 4211 octidui
642 4140 1177 4226 celebrationem,
1228 4161 1299 4208 ac
1352 4139 1609 4207 insimul
1659 4158 1765 4205 ex-

188 4231 391 4314 posuit
432 4230 606 4318 quod
639 4226 759 4296 etsi
792 4229 1115 4296 interdum
1153 4247 1378 4317 reapse
1410 4227 1770 4295 functiones

192 4316 541 4385 sodalitatis
604 4317 1011 4405 expleverint
1065 4316 1358 4400 Aeditui,
1420 4316 1485 4383 id
1556 4326 1770 4382 tamen

196 4401 420 4473 iactum
469 4416 568 4474 est
614 4424 697 4472 ex
741 4403 1001 4472 Parochi
1045 4405 1387 4472 annuentia
1433 4423 1502 4470 ac
1546 4401 1771 4483 venia3

198 4491 307 4558 sed
362 4512 561 4580 quum
618 4493 681 4559 in
733 4492 1074 4580 parochiali
1145 4490 1433 4559 Ecclesia
1492 4489 1777 4557 instituta

199 4578 272 4644 sit
326 4581 637 4650 sodalitas
694 4583 1070 4649 Sanctorum
1116 4578 1390 4667 Crispini
1433 4588 1500 4645 et
1545 4577 1777 4665 crispi-

198 4664 392 4752 niani,
441 4686 723 4757 aequum
767 4668 1028 4736 videtur
1071 4678 1143 4735 ut
1187 4667 1501 4734 Parochus
1546 4683 1667 4752 per
1711 4684 1782 4732 se

202 4754 297 4821 vel
343 4775 462 4844 per
507 4758 795 4826 delectos
839 4777 873 4823 a
910 4775 978 4825 se
1026 4754 1402 4824 Sacerdotes
1447 4753 1641 4820 etiam
1671 4756 1782 4821 So-

202 4839 462 4911 dalitatis
505 4847 865 4916 functiones
916 4844 1199 4944 expleat.
1670 4867 1677 4876 ·

328 4933 538 5020 Super
584 4933 814 5020 quibus
858 4931 1150 5000 omnibus
1197 4950 1313 5021 per
1357 4929 1786 5019 subscriptum

206 5017 627 5088 secretarium
674 5021 849 5089 fideli
901 5020 1186 5089 instituta
1229 5018 1541 5086 relatione
1589 5020 1653 5086 in
1681 5022 1790 5086 Or·

211 5105 462 5175 dinariis
505 5108 787 5176 comitiis
843 5110 922 5178 ad
968 5107 1287 5186 Quirinale
1334 5106 1638 5175 hodierna
1688 5105 1796 5172 die

218 5193 437 5263 habitis
466 5247 484 5281 ,
555 5196 1055 5266 Eminentissimi
1126 5206 1193 5263 et
1259 5193 1797 5263 Reverendissimi

220 5284 427 5351 Patres
470 5287 672 5354 Sacris
720 5285 975 5354 tuendis
1018 5283 1266 5353 Ritibus
1309 5281 1679 5370 praepositi,
1735 5300 1799 5347 o-

231 5372 478 5440 mnibus
521 5385 773 5441 maturo
831 5372 1263 5461 diligentique
1310 5369 1601 5437 examine
1659 5388 1805 5458 per-

426 5507 1536 5558 »monauthanttcaaaa-VQR.

1810 441 2048 528 pensis,
2101 443 2583 512 rescribendum
2620 459 3047 516 censuerunt:
3096 470 3134 514 α
3169 450 3395 517 Serve·

1814 539 1918 629 tur
1947 533 2288 629 Decretum
2322 533 2622 619 Episcopi
2669 546 2733 602 et
2778 536 3175 623 praecedens
3206 537 3398 604 Soda-

1814 616 2004 684 litatrs
2081 622 2479 689 consuetudo
2508 669 2526 705 ,
2605 625 2812 709 quoad
2899 624 3397 692 celebrationem

1816 705 2091 785 octidui3
2141 708 2348 794 quoad
2394 728 2548 776 vero
2594 711 2986 796 iunctioneS,
3035 712 3207 779 iuxta
3253 711 3403 779 alias

1813 792 2076 860 decreta
2123 795 2240 863 hae
2289 810 2673 885 peragantur
2709 800 2812 867 vel
2846 819 2879 864 a
2910 801 2992 868 Ca
3043 800 3249 866 eliano
3293 800 3401 867 vel

1816 878 1894 945 ab
1937 880 2077 949 aliis
2121 884 2566 953 Sacerdotibus
2610 907 2643 952 a
2681 886 2994 954 confratri
3043 907 3118 954 us
3162 887 3402 954 Sodali-

1819 969 1960 1033 tatis
2006 971 2227 1037 electis
2271 996 2332 1037 ».
2396 974 2609 1060 Atque
2665 976 2753 1040 ita
2812 974 3279 1062 rescripserunt
3334 994 3404 1041 ac

1817 1059 2204 1126 servandum
2249 1060 2508 1128 omnino
2553 1063 2956 1130 mandarunt.

1950 1147 2064 1214 Die
2117 1152 2192 1214 11
2243 1148 2635 1234 Septembris
2685 1154 2876 1218 1847.

1825 1323 2087 1392 2954.
2368 1328 2878 1393 PAMPILONEN.

3182 1330 3407 1417 (5106)

1955 1504 2161 1580 Quum
2185 1504 2778 1572 Reverendissimus
2806 1507 3241 1593 Pampilonen.
3272 1507 3414 1594 Epi-

1824 1608 2057 1676 scopus
2076 1589 2140 1656 in
2155 1592 2657 1679 praesentiarum
2677 1593 2866 1661 etiam
2881 1595 3281 1683 Apostolicus
3294 1596 3416 1664 Ad-

1826 1678 2215 1745 ministrator
2258 1678 2765 1747 Archidioecesis
2807 1682 3145 1770 Burgensis
3169 1732 3187 1768 ,
3244 1702 3415 1750 com-

1828 1765 2070 1851 pererit
2131 1766 2298 1832 inter
2356 1768 2714 1835 Directores
2772 1789 3089 1837 sacrarum
3145 1769 3418 1838 functio·

1830 1871 1985 1920 uum
2043 1852 2109 1919 in
2151 1854 2440 1943 Hispania
2493 1854 2772 1923 diversas
2815 1859 3036 1945 vigere
3089 1859 3419 1945 opiniones

1829 1941 1994 2007 circa
2018 1941 2558 2009 continuationem
2591 1955 2979 2028 octavarum,
3006 1965 3172 2033 quae
3192 1946 3418 2014 alicubi

1833 2030 2049 2095 locum
2095 2027 2372 2114 habent,
2422 2030 2576 2097 dum
2620 2033 2995 2118 supervenit
3041 2033 3423 2103 solemnitas

1833 2116 2220 2184 Sanctissimi
2267 2118 2565 2204 Corporis
2610 2119 2874 2199 Christi;
2907 2120 3044 2188 aliis
3091 2123 3264 2189 enim
3303 2140 3422 2208 pro

1835 2203 2079 2271 viribus
2121 2203 2578 2272 sustinentibus
2623 2210 2998 2277 cessandum
3045 2211 3303 2278 omnino
3346 2209 3422 2276 ab

1835 2292 1974 2359 aliis
2020 2292 2257 2359 octavis
2284 2294 2782 2380 superveniente
2812 2300 2997 2364 Festo
3027 2315 3175 2364 cum
3207 2306 3425 2365 octava
3467 2299 3471 2303 ⁴

1837 2380 2222 2448 Sanctissimi
2252 2382 2550 2467 Corporis
2575 2382 2834 2469 Christi,
2861 2384 3290 2453 contradicant
3320 2383 3426 2453 alii

1840 2469 1948 2554 qui
2013 2478 2400 2556 protuentur
2465 2470 2845 2538 sententiam
2912 2473 3075 2539 intra
3133 2473 3427 2544 eamdem

1842 2566 2129 2623 octavam
2176 2556 2562 2623 Sanctissimi
2609 2558 2904 2647 Corporis
2934 2560 3165 2628 Christi
3212 2561 3427 2630 locum

1813 2643 2081 2714 ,habere
2106 2642 2351 2711 debere
2383 2643 2698 2712 inchoatas
2729 2646 2878 2713 alias
2908 2658 3190 2729 octavas;
3223 2659 3429 2750 pasto·

1845 2733 1990 2799 ralis
2033 2731 2130 2798 sui
2161 2732 2446 2799 muneris
2491 2752 2628 2800 esse
2658 2732 2844 2801 duxit
2888 2738 3138 2803 Sacram
3170 2741 3434 2804 Rituum

1844 2819 2418 2907 congregationem
2463 2836 2690 2907 rogare
2747 2832 2819 2888 ut
2870 2841 3067 2913 super
3111 2824 3435 2913 proposita

1845 2906 2274 2978 controversia
2349 2907 2743 2976 definitivam
2809 2912 3192 2980 sententiam
3257 2929 3435 2980 suam

1844 2996 2209 3086 producere
2255 2995 2650 3084 dignaretur,
2689 2996 2767 3063 ad
2798 3010 3158 3088 exoptatam
3191 3000 3435 3068 unifor-

1849 3085 2136 3153 mitatem
2180 3083 2682 3169 assequendam3
2748 3104 2826 3152 eo
2870 3090 2975 3153 vel
3035 3086 3232 3175 magis
3291 3088 3438 3173 quia

1849 3183 2123 3257 utraque
2181 3189 2322 3257 pars
2379 3189 2556 3237 suam
2610 3174 2998 3240 communiat
3055 3175 3437 3242 sententiam

1847 3258 2131 3327 Decretis
2175 3257 2321 3325 alias
2350 3259 2511 3326 datis
2541 3280 2575 3325 a
2605 3263 2789 3329 Sacra
2820 3261 2951 3348 ipsa
2983 3262 3243 3329 Rituum
3274 3265 3437 3330 Con-

1853 3345 2249 3432 gregatione,
2298 3366 2425 3414 non
2455 3348 2859 3416 attendentes
2887 3353 3154 3418 Decreta
3186 3349 3315 3436 ipsa
3346 3349 3440 3416 iu-

1851 3433 2142 3501 stissimis
2185 3435 2272 3502 de
2317 3434 2516 3501 causis
2546 3436 2685 3504 data
2718 3435 2936 3523 fuisse,
2984 3447 3177 3524 prout
3220 3456 3440 3505 neces·

1854 3523 2001 3591 sitas
2047 3523 2152 3589 vel
2198 3522 2608 3609 particulares
2636 3523 3142 3592 circumstantiae
3177 3526 3442 3613 exigere

1855 3610 2269 3678 videbantur.

1989 3698 2465 3786 Religiosissimi
2538 3701 2871 3768 memorati
2951 3702 3448 3804 Pampilonensis

1860 3787 2177 3857 Antistitis
2227 3786 2403 3875 pium
2445 3788 2729 3856 studium
2778 3807 3247 3876 quammaxime
3277 3808 3445 3859 com·

1863 3876 2243 3944 mendantes
2285 3875 2780 3944 Eminentissimi
2813 3887 2880 3944 et
2913 3877 3450 3947 Reverendissimi

1865 3970 2079 4032 Patres
2106 3961 2309 4032 Sacris
2335 3962 2582 4032 Ritibus
2613 3964 2866 4032 tuendis
2894 3967 3240 4053 praepositi
3306 3974 3454 4053 post

1869 4053 2148 4122 auditam
2200 4049 2278 4115 ab
2332 4050 2731 4139 infrascripto
2785 4054 3136 4120 secretario
3188 4015 3452 4122 fidelem

1870 4140 2249 4207 relationem
2299 4156 2523 4205 eorum
2570 4139 2855 4206 omnium
2898 4159 3059 4227 quae
3103 4141 3180 4208 ab
3225 4142 3454 4209 eodem

1874 4228 2189 4315 Episcopo
2231 4225 2752 4310 enunciabantur,
2786 4245 2857 4293 ac
2885 4237 3032 4315 post
3061 4227 3340 4316 diligens
3368 4229 3455 4297 de

1876 4334 2059 4382 more
2121 4331 2390 4388 examen
2455 4314 2850 4400 singularum
2919 4316 3231 4384 rationum
3293 4333 3455 4402 quae

1878 4406 2131 4471 Sacram
2175 4401 2746 4489 congregationem
2792 4401 2941 4469 alias
3003 4402 3333 4470 adduxere
3378 4403 3454 4470 ad

1882 4490 2158 4559 edendas
2215 4488 2495 4558 diversas
2552 4488 2618 4556 in
2676 4509 2824 4556 casu
2881 4509 2983 4556 res
3068 4492 3349 4576 usiones,
3396 4491 3461 4556 in

1880 4577 2221 4647 Ordinariis
2267 4575 2549 4645 comitiis
2592 4579 2667 4646 ad
2724 4576 2972 4656 Quirina
3004 4597 3042 4648 e
3103 4576 3462 4666 subsignata

1887 4665 1996 4734 die
2042 4664 2401 4748 coadunati,
2446 4664 2933 4732 rescribendum
2978 4677 3405 4734 censuerunt:

2020 4775 2059 4819 ι
2094 4754 2447 4820 Serventur
2506 4752 2816 4820 Rubricae
2876 4762 2942 4820 et
2992 4758 3258 4823 Decreta
3320 4753 3466 4820 alias

1889 4842 2059 4911 edita
2085 4888 2102 4923 ‚
2161 4859 2275 4908 seu
2333 4840 2798 4928 abrumpendas
2860 4859 3000 4908 esse
3065 4849 3311 4908 octavas
3367 4860 3467 4907 so-

1892 4931 2033 4997 lum
2090 4927 2341 5013 quando
2408 4931 2663 4993 Festum
2732 4928 3116 4998 Sanctissimi
3172 4926 3470 5029 Corporis

1896 5015 2128 5119 Christi
2173 5012 2508 5104 privilegio
2555 5015 2794 5100 gaudet
2837 5015 2913 5081 ad
2963 5017 3159 5083 instar
3198 5016 3470 5104 Epipha-

1895 5124 2040 5173 mae
2070 5127 2136 5170 ι.

2032 5194 2241 5278 Atque
2272 5190 2353 5257 ita
2386 5190 2773 5278 rescripsere
2796 5210 2866 5257 ac
2894 5191 3277 5260 servandum
3308 5210 3477 5260 man·

1903 5282 2158 5349 darunt.

2039 5368 2152 5436 Die
2203 5370 2276 5434 ss
2325 5366 2718 5454 Septembris
2762 5369 2952 5435 1847.
