<?xml version="1.0" encoding="UTF-8"?>
<!DOCTYPE html PUBLIC "-//W3C//DTD XHTML 1.0 Transitional//EN"
    "http://www.w3.org/TR/xhtml1/DTD/xhtml1-transitional.dtd">
<html xmlns="http://www.w3.org/1999/xhtml" xml:lang="en" lang="en">
 <head>
  <title>
</title>
<meta http-equiv="Content-Type" content="text/html;charset=utf-8" />
  <meta name='ocr-system' content='tesseract 3.04.00' />
  <meta name='ocr-capabilities' content='ocr_page ocr_carea ocr_par ocr_line ocrx_word'/>
</head>
<body>
  <div class='ocr_page' id='page_1' title='image "./decretaauthenti00ritugoog_0133.png"; bbox 0 0 4042 5950; ppageno 0'>
   <div class='ocr_carea' id='block_1_1' title="bbox 1555 316 2021 393">
    <p class='ocr_par' dir='ltr' id='par_1_1' title="bbox 1555 316 2021 393">
     <span class='ocr_line' id='line_1_1' title="bbox 1555 316 2021 393; baseline 0.004 -2"><span class='ocrx_word' id='word_1_1' title='bbox 1555 316 2021 393; x_wconf 83' lang='lat'>—101—</span> 
     </span>
    </p>
   </div>
   <div class='ocr_carea' id='block_1_2' title="bbox 141 460 1736 3097">
    <p class='ocr_par' dir='ltr' id='par_1_2' title="bbox 145 460 1733 1506">
     <span class='ocr_line' id='line_1_2' title="bbox 151 460 1731 556; baseline 0.005 -31"><span class='ocrx_word' id='word_1_2' title='bbox 151 460 213 527; x_wconf 94' lang='lat' dir='ltr'><strong>in</strong></span> <span class='ocrx_word' id='word_1_3' title='bbox 282 463 512 530; x_wconf 81' lang='lat' dir='ltr'><strong>eadem</strong></span> <span class='ocrx_word' id='word_1_4' title='bbox 587 465 906 532; x_wconf 88' lang='lat' dir='ltr'><strong>Dominica</strong></span> <span class='ocrx_word' id='word_1_5' title='bbox 975 467 1284 534; x_wconf 75' lang='lat' dir='ltr'>recitetur</span> <span class='ocrx_word' id='word_1_6' title='bbox 1360 470 1731 556; x_wconf 86' lang='lat' dir='ltr'><strong>quotannis;</strong></span> 
     </span>
     <span class='ocr_line' id='line_1_3' title="bbox 151 551 1732 645; baseline 0.007 -33"><span class='ocrx_word' id='word_1_7' title='bbox 151 563 362 616; x_wconf 84' lang='lat' dir='ltr'><strong>utrum</strong></span> <span class='ocrx_word' id='word_1_8' title='bbox 435 567 816 619; x_wconf 87' lang='lat' dir='ltr'><strong>occurrente</strong></span> <span class='ocrx_word' id='word_1_9' title='bbox 892 553 1227 641; x_wconf 81' lang='lat' dir='ltr'><strong>aliquando</strong></span> <span class='ocrx_word' id='word_1_10' title='bbox 1296 559 1463 645; x_wconf 85' lang='lat' dir='ltr'><strong>apud</strong></span> <span class='ocrx_word' id='word_1_11' title='bbox 1525 551 1732 643; x_wconf 81' lang='lat' dir='ltr'><strong>Regu-</strong></span> 
     </span>
     <span class='ocr_line' id='line_1_4' title="bbox 151 639 1733 720; baseline 0.004 -20"><span class='ocrx_word' id='word_1_12' title='bbox 151 639 347 720; x_wconf 83' lang='lat' dir='ltr'><strong>lares,</strong></span> <span class='ocrx_word' id='word_1_13' title='bbox 417 641 478 706; x_wconf 93' lang='lat' dir='ltr'><strong>in</strong></span> <span class='ocrx_word' id='word_1_14' title='bbox 541 641 643 704; x_wconf 88' lang='lat' dir='ltr'><strong>illa</strong></span> <span class='ocrx_word' id='word_1_15' title='bbox 699 643 1020 708; x_wconf 88' lang='lat' dir='ltr'><strong>Dominica</strong></span> <span class='ocrx_word' id='word_1_16' title='bbox 1081 644 1204 708; x_wconf 84' lang='lat' dir='ltr'><strong>alio</strong></span> <span class='ocrx_word' id='word_1_17' title='bbox 1256 649 1436 710; x_wconf 83' lang='lat' dir='ltr'><strong>Festo</strong></span> <span class='ocrx_word' id='word_1_18' title='bbox 1494 645 1733 710; x_wconf 86' lang='lat' dir='ltr'><strong>altioris</strong></span> 
     </span>
     <span class='ocr_line' id='line_1_5' title="bbox 149 726 1732 816; baseline 0.008 -29"><span class='ocrx_word' id='word_1_19' title='bbox 149 726 302 790; x_wconf 91' lang='lat' dir='ltr'><strong>ritus</strong></span> <span class='ocrx_word' id='word_1_20' title='bbox 350 732 451 793; x_wconf 85' lang='lat' dir='ltr'><strong>vel</strong></span> <span class='ocrx_word' id='word_1_21' title='bbox 503 727 851 813; x_wconf 63' lang='lat' dir='ltr'><strong>dignitatis»,</strong></span> <span class='ocrx_word' id='word_1_22' title='bbox 903 731 1129 797; x_wconf 83' lang='lat' dir='ltr'><strong>debeat</strong></span> <span class='ocrx_word' id='word_1_23' title='bbox 1177 732 1576 816; x_wconf 87' lang='lat' dir='ltr'><strong>praedictum</strong></span> <span class='ocrx_word' id='word_1_24' title='bbox 1633 734 1732 799; x_wconf 80' lang='lat' dir='ltr'><strong>of-</strong></span> 
     </span>
     <span class='ocr_line' id='line_1_6' title="bbox 148 812 1733 888; baseline 0.007 -11"><span class='ocrx_word' id='word_1_25' title='bbox 148 812 354 879; x_wconf 79' lang='lat' dir='ltr'><strong>ticium</strong></span> <span class='ocrx_word' id='word_1_26' title='bbox 414 815 832 881; x_wconf 87' lang='lat' dir='ltr'><strong>Dedicationis</strong></span> <span class='ocrx_word' id='word_1_27' title='bbox 879 820 1206 884; x_wconf 77' lang='lat' dir='ltr'>Ecclesiae</span> <span class='ocrx_word' id='word_1_28' title='bbox 1236 819 1626 888; x_wconf 86' lang='lat' dir='ltr'><strong>cathedralis</strong></span> <span class='ocrx_word' id='word_1_29' title='bbox 1659 822 1733 888; x_wconf 86' lang='lat' dir='ltr'><strong>ab</strong></span> 
     </span>
     <span class='ocr_line' id='line_1_7' title="bbox 148 901 1730 989; baseline 0.007 -27"><span class='ocrx_word' id='word_1_30' title='bbox 148 901 290 986; x_wconf 82' lang='lat' dir='ltr'><strong>ipsis</strong></span> <span class='ocrx_word' id='word_1_31' title='bbox 309 903 733 989; x_wconf 79' lang='lat' dir='ltr'><strong>Regularibus</strong></span> <span class='ocrx_word' id='word_1_32' title='bbox 760 905 1082 971; x_wconf 74' lang='lat' dir='ltr'><strong>transferri</strong></span> <span class='ocrx_word' id='word_1_33' title='bbox 1111 907 1172 976; x_wconf 87' lang='lat' dir='ltr'><strong>in</strong></span> <span class='ocrx_word' id='word_1_34' title='bbox 1198 908 1378 972; x_wconf 83' lang='lat' dir='ltr'><strong>aliam</strong></span> <span class='ocrx_word' id='word_1_35' title='bbox 1405 908 1577 974; x_wconf 90' lang='lat' dir='ltr'><strong>diem</strong></span> <span class='ocrx_word' id='word_1_36' title='bbox 1605 928 1730 973; x_wconf 89' lang='lat' dir='ltr'><strong>non</strong></span> 
     </span>
     <span class='ocr_line' id='line_1_8' title="bbox 148 990 1728 1074; baseline 0.006 -24"><span class='ocrx_word' id='word_1_37' title='bbox 148 990 553 1074; x_wconf 85' lang='lat' dir='ltr'><strong>impeditam,</strong></span> <span class='ocrx_word' id='word_1_38' title='bbox 604 992 792 1057; x_wconf 86' lang='lat' dir='ltr'><strong>etiam</strong></span> <span class='ocrx_word' id='word_1_39' title='bbox 841 993 1006 1058; x_wconf 85' lang='lat' dir='ltr'><strong>ultra</strong></span> <span class='ocrx_word' id='word_1_40' title='bbox 1051 995 1210 1060; x_wconf 81' lang='lat' dir='ltr'><strong>duas</strong></span> <span class='ocrx_word' id='word_1_41' title='bbox 1258 994 1728 1072; x_wconf 77' lang='lat' dir='ltr'><strong>hebdomadas:</strong></span> 
     </span>
     <span class='ocr_line' id='line_1_9' title="bbox 146 1076 1732 1165; baseline 0.006 -27"><span class='ocrx_word' id='word_1_42' title='bbox 146 1095 215 1140; x_wconf 71' lang='lat' dir='ltr'><strong>an</strong></span> <span class='ocrx_word' id='word_1_43' title='bbox 262 1076 531 1144; x_wconf 74' lang='lat' dir='ltr'><strong>omitti?</strong></span> <span class='ocrx_word' id='word_1_44' title='bbox 577 1078 872 1165; x_wconf 86' lang='lat' dir='ltr'><strong>iusuper:</strong></span> <span class='ocrx_word' id='word_1_45' title='bbox 926 1084 1149 1147; x_wconf 83' lang='lat' dir='ltr'><strong>Utrum</strong></span> <span class='ocrx_word' id='word_1_46' title='bbox 1212 1083 1444 1148; x_wconf 86' lang='lat' dir='ltr'><strong>cedere</strong></span> <span class='ocrx_word' id='word_1_47' title='bbox 1502 1083 1732 1149; x_wconf 86' lang='lat' dir='ltr'><strong>debeat</strong></span> 
     </span>
     <span class='ocr_line' id='line_1_10' title="bbox 149 1167 1729 1249; baseline 0.006 -23"><span class='ocrx_word' id='word_1_48' title='bbox 149 1169 541 1249; x_wconf 86' lang='lat' dir='ltr'><strong>praedictum</strong></span> <span class='ocrx_word' id='word_1_49' title='bbox 588 1167 872 1233; x_wconf 84' lang='lat' dir='ltr'><strong>Officium</strong></span> <span class='ocrx_word' id='word_1_50' title='bbox 925 1168 1344 1236; x_wconf 84' lang='lat' dir='ltr'><strong>Dedicationis</strong></span> <span class='ocrx_word' id='word_1_51' title='bbox 1409 1170 1729 1236; x_wconf 74' lang='lat' dir='ltr'>Ecclesiae</span> 
     </span>
     <span class='ocr_line' id='line_1_11' title="bbox 145 1254 1728 1324; baseline 0.005 -8"><span class='ocrx_word' id='word_1_52' title='bbox 145 1255 536 1321; x_wconf 76' lang='lat' dir='ltr'><strong>Catbedralis</strong></span> <span class='ocrx_word' id='word_1_53' title='bbox 596 1254 809 1321; x_wconf 88' lang='lat' dir='ltr'><strong>Officio</strong></span> <span class='ocrx_word' id='word_1_54' title='bbox 872 1257 1236 1323; x_wconf 79' lang='lat' dir='ltr'><strong>solemniori</strong></span> <span class='ocrx_word' id='word_1_55' title='bbox 1285 1258 1550 1324; x_wconf 87' lang='lat' dir='ltr'><strong>alicuius</strong></span> <span class='ocrx_word' id='word_1_56' title='bbox 1609 1263 1728 1324; x_wconf 85' lang='lat' dir='ltr'><strong>Re·</strong></span> 
     </span>
     <span class='ocr_line' id='line_1_12' title="bbox 150 1341 1726 1425; baseline 0.005 -22"><span class='ocrx_word' id='word_1_57' title='bbox 150 1341 392 1425; x_wconf 74' lang='lat' dir='ltr'><strong>ligionis</strong></span> <span class='ocrx_word' id='word_1_58' title='bbox 440 1345 799 1416; x_wconf 79' lang='lat' dir='ltr'><strong>occurrenti</strong></span> <span class='ocrx_word' id='word_1_59' title='bbox 851 1346 1074 1409; x_wconf 88' lang='lat' dir='ltr'><strong>eadem</strong></span> <span class='ocrx_word' id='word_1_60' title='bbox 1108 1345 1214 1412; x_wconf 86' lang='lat' dir='ltr'><strong>die</strong></span> <span class='ocrx_word' id='word_1_61' title='bbox 1246 1346 1564 1412; x_wconf 86' lang='lat' dir='ltr'><strong>Dominica</strong></span> <span class='ocrx_word' id='word_1_62' title='bbox 1605 1345 1726 1411; x_wconf 86' lang='lat' dir='ltr'><strong>sub</strong></span> 
     </span>
     <span class='ocr_line' id='line_1_13' title="bbox 146 1428 1414 1506; baseline 0.003 -12"><span class='ocrx_word' id='word_1_63' title='bbox 146 1430 373 1495; x_wconf 86' lang='lat' dir='ltr'><strong>eodem</strong></span> <span class='ocrx_word' id='word_1_64' title='bbox 422 1428 604 1496; x_wconf 76' lang='lat' dir='ltr'><strong>ritu?</strong></span> <span class='ocrx_word' id='word_1_65' title='bbox 1155 1477 1160 1483; x_wconf 87' lang='lat'>-</span> <span class='ocrx_word' id='word_1_66' title='bbox 1405 1499 1414 1506; x_wconf 73' lang='grc'><em>,</em></span> 
     </span>
    </p>

    <p class='ocr_par' dir='ltr' id='par_1_3' title="bbox 145 1518 1736 2133">
     <span class='ocr_line' id='line_1_14' title="bbox 267 1518 1724 1605; baseline 0.001 -21"><span class='ocrx_word' id='word_1_67' title='bbox 267 1523 335 1585; x_wconf 80' lang='grc'><strong>3.</strong></span> <span class='ocrx_word' id='word_1_68' title='bbox 388 1522 549 1584; x_wconf 85' lang='lat' dir='ltr'><strong>Dum</strong></span> <span class='ocrx_word' id='word_1_69' title='bbox 602 1518 670 1583; x_wconf 85' lang='lat' dir='ltr'><strong>lit</strong></span> <span class='ocrx_word' id='word_1_70' title='bbox 717 1520 1030 1605; x_wconf 77' lang='lat' dir='ltr'><strong>expositio</strong></span> <span class='ocrx_word' id='word_1_71' title='bbox 1076 1522 1376 1587; x_wconf 84' lang='lat' dir='ltr'><strong>solemnis</strong></span> <span class='ocrx_word' id='word_1_72' title='bbox 1408 1522 1583 1588; x_wconf 81' lang='grc' dir='ltr'><strong>88ῶί</strong></span> <span class='ocrx_word' id='word_1_73' title='bbox 1618 1524 1724 1588; x_wconf 92' lang='lat' dir='ltr'><strong>Sa·</strong></span> 
     </span>
     <span class='ocr_line' id='line_1_15' title="bbox 147 1605 1736 1695; baseline 0.001 -23"><span class='ocrx_word' id='word_1_74' title='bbox 147 1605 443 1672; x_wconf 75' lang='lat' dir='ltr'><strong>eminenti</strong></span> <span class='ocrx_word' id='word_1_75' title='bbox 471 1605 534 1671; x_wconf 90' lang='lat' dir='ltr'><strong>in</strong></span> <span class='ocrx_word' id='word_1_76' title='bbox 555 1606 891 1672; x_wconf 81' lang='lat' dir='ltr'><strong>Dominicis</strong></span> <span class='ocrx_word' id='word_1_77' title='bbox 916 1607 1357 1695; x_wconf 77' lang='lat' dir='ltr'><strong>privilegiatis,</strong></span> <span class='ocrx_word' id='word_1_78' title='bbox 1379 1611 1736 1695; x_wconf 80' lang='lat' dir='ltr'><strong>qualisnam·</strong></span> 
     </span>
     <span class='ocr_line' id='line_1_16' title="bbox 145 1694 1723 1764; baseline 0.003 -8"><span class='ocrx_word' id='word_1_79' title='bbox 145 1694 424 1760; x_wconf 81' lang='lat' dir='ltr'><strong>adhiberi</strong></span> <span class='ocrx_word' id='word_1_80' title='bbox 474 1695 707 1759; x_wconf 82' lang='lat' dir='ltr'><strong>debeat</strong></span> <span class='ocrx_word' id='word_1_81' title='bbox 755 1696 931 1760; x_wconf 91' lang='lat' dir='ltr'><strong>color</strong></span> <span class='ocrx_word' id='word_1_82' title='bbox 977 1695 1040 1761; x_wconf 93' lang='lat' dir='ltr'><strong>in</strong></span> <span class='ocrx_word' id='word_1_83' title='bbox 1091 1697 1286 1761; x_wconf 82' lang='lat' dir='ltr'><strong>Missis</strong></span> <span class='ocrx_word' id='word_1_84' title='bbox 1326 1698 1723 1764; x_wconf 77' lang='lat' dir='ltr'><strong>celebrandis</strong></span> 
     </span>
     <span class='ocr_line' id='line_1_17' title="bbox 147 1780 1717 1851; baseline 0.002 -6"><span class='ocrx_word' id='word_1_85' title='bbox 147 1783 218 1846; x_wconf 86' lang='lat' dir='ltr'><strong>de</strong></span> <span class='ocrx_word' id='word_1_86' title='bbox 253 1780 573 1848; x_wconf 83' lang='lat' dir='ltr'><strong>Dominica</strong></span> <span class='ocrx_word' id='word_1_87' title='bbox 620 1784 692 1846; x_wconf 86' lang='lat' dir='ltr'><strong>ad</strong></span> <span class='ocrx_word' id='word_1_88' title='bbox 747 1783 961 1848; x_wconf 78' lang='lat' dir='ltr'><strong>Altare</strong></span> <span class='ocrx_word' id='word_1_89' title='bbox 995 1785 1190 1850; x_wconf 87' lang='lat' dir='ltr'><strong>maius</strong></span> <span class='ocrx_word' id='word_1_90' title='bbox 1225 1784 1329 1850; x_wconf 86' lang='lat' dir='ltr'><strong>ubi</strong></span> <span class='ocrx_word' id='word_1_91' title='bbox 1363 1797 1575 1851; x_wconf 86' lang='lat' dir='ltr'><strong>manet</strong></span> <span class='ocrx_word' id='word_1_92' title='bbox 1609 1803 1717 1849; x_wconf 90' lang='lat' dir='ltr'><strong>ex·</strong></span> 
     </span>
     <span class='ocr_line' id='line_1_18' title="bbox 149 1870 1718 1956; baseline 0.003 -24"><span class='ocrx_word' id='word_1_93' title='bbox 149 1870 414 1952; x_wconf 85' lang='lat' dir='ltr'><strong>positum</strong></span> <span class='ocrx_word' id='word_1_94' title='bbox 481 1872 740 1934; x_wconf 72' lang='lat' dir='ltr'><strong>SSi‘iium</strong></span> <span class='ocrx_word' id='word_1_95' title='bbox 803 1873 1326 1948; x_wconf 80' lang='lat' dir='ltr'><strong>Sacramentum3</strong></span> <span class='ocrx_word' id='word_1_96' title='bbox 1389 1893 1464 1938; x_wconf 87' lang='lat' dir='ltr'><strong>an</strong></span> <span class='ocrx_word' id='word_1_97' title='bbox 1512 1870 1718 1956; x_wconf 79' lang='lat' dir='ltr'><strong>albuS,</strong></span> 
     </span>
     <span class='ocr_line' id='line_1_19' title="bbox 148 1957 1722 2045; baseline 0.001 -25"><span class='ocrx_word' id='word_1_98' title='bbox 148 1969 513 2043; x_wconf 83' lang='lat' dir='ltr'><strong>competens</strong></span> <span class='ocrx_word' id='word_1_99' title='bbox 559 1957 946 2026; x_wconf 77' lang='lat' dir='ltr'><strong>solemnitati</strong></span> <span class='ocrx_word' id='word_1_100' title='bbox 1001 1960 1243 2025; x_wconf 87' lang='lat' dir='ltr'><strong>ratione</strong></span> <span class='ocrx_word' id='word_1_101' title='bbox 1309 1960 1722 2045; x_wconf 83' lang='lat' dir='ltr'><strong>expositionis</strong></span> 
     </span>
     <span class='ocr_line' id='line_1_20' title="bbox 147 2045 1456 2133; baseline 0.005 -23"><span class='ocrx_word' id='word_1_102' title='bbox 147 2045 308 2111; x_wconf 81' lang='grc' dir='ltr'><strong>88ῶί</strong></span> <span class='ocrx_word' id='word_1_103' title='bbox 353 2046 767 2127; x_wconf 82' lang='lat' dir='ltr'><strong>Sacramenti,</strong></span> <span class='ocrx_word' id='word_1_104' title='bbox 821 2047 921 2111; x_wconf 86' lang='lat' dir='ltr'><strong>vel</strong></span> <span class='ocrx_word' id='word_1_105' title='bbox 973 2045 1334 2113; x_wconf 73' lang='lat' dir='ltr'><strong>violaceus?</strong></span> <span class='ocrx_word' id='word_1_106' title='bbox 1367 2052 1456 2133; x_wconf 68' lang='lat'><strong>(1)</strong></span> 
     </span>
    </p>

    <p class='ocr_par' dir='ltr' id='par_1_4' title="bbox 146 2135 1718 2745">
     <span class='ocr_line' id='line_1_21' title="bbox 267 2135 1718 2220; baseline 0.001 -22"><span class='ocrx_word' id='word_1_107' title='bbox 267 2137 328 2198; x_wconf 69' lang='lat'><strong>4.</strong></span> <span class='ocrx_word' id='word_1_108' title='bbox 367 2136 623 2215; x_wconf 82' lang='lat' dir='ltr'><strong>Utrum,</strong></span> <span class='ocrx_word' id='word_1_109' title='bbox 652 2148 1027 2199; x_wconf 89' lang='lat' dir='ltr'><strong>occurrente</strong></span> <span class='ocrx_word' id='word_1_110' title='bbox 1060 2135 1401 2220; x_wconf 86' lang='lat' dir='ltr'><strong>aliquando</strong></span> <span class='ocrx_word' id='word_1_111' title='bbox 1423 2140 1608 2202; x_wconf 76' lang='lat' dir='ltr'><strong>Festo</strong></span> <span class='ocrx_word' id='word_1_112' title='bbox 1633 2136 1718 2199; x_wconf 90' lang='lat' dir='ltr'><strong>al·</strong></span> 
     </span>
     <span class='ocr_line' id='line_1_22' title="bbox 150 2219 1713 2310; baseline 0.003 -28"><span class='ocrx_word' id='word_1_113' title='bbox 150 2223 311 2285; x_wconf 76' lang='lat' dir='ltr'><strong>tioris</strong></span> <span class='ocrx_word' id='word_1_114' title='bbox 339 2223 501 2286; x_wconf 70' lang='lat' dir='ltr'><strong>ritus</strong></span> <span class='ocrx_word' id='word_1_115' title='bbox 537 2224 598 2286; x_wconf 89' lang='lat' dir='ltr'><strong>in</strong></span> <span class='ocrx_word' id='word_1_116' title='bbox 633 2221 947 2288; x_wconf 87' lang='lat' dir='ltr'><strong>Dominica</strong></span> <span class='ocrx_word' id='word_1_117' title='bbox 982 2223 1258 2290; x_wconf 89' lang='lat' dir='ltr'><strong>secunda</strong></span> <span class='ocrx_word' id='word_1_118' title='bbox 1297 2219 1432 2310; x_wconf 76' lang='lat' dir='ltr'><strong>post</strong></span> <span class='ocrx_word' id='word_1_119' title='bbox 1462 2223 1713 2304; x_wconf 82' lang='lat' dir='ltr'>Pascha,</span> 
     </span>
     <span class='ocr_line' id='line_1_23' title="bbox 149 2308 1712 2394; baseline 0.001 -21"><span class='ocrx_word' id='word_1_120' title='bbox 149 2308 202 2373; x_wconf 91' lang='lat' dir='ltr'><strong>in</strong></span> <span class='ocrx_word' id='word_1_121' title='bbox 244 2329 388 2394; x_wconf 90' lang='lat' dir='ltr'><strong>qua,</strong></span> <span class='ocrx_word' id='word_1_122' title='bbox 426 2328 507 2374; x_wconf 78' lang='lat' dir='ltr'><strong>ex</strong></span> <span class='ocrx_word' id='word_1_123' title='bbox 557 2309 802 2374; x_wconf 88' lang='lat' dir='ltr'><strong>indulto</strong></span> <span class='ocrx_word' id='word_1_124' title='bbox 836 2312 903 2375; x_wconf 88' lang='lat' dir='ltr'><strong>S.</strong></span> <span class='ocrx_word' id='word_1_125' title='bbox 930 2315 1002 2376; x_wconf 86' lang='lat' dir='ltr'><strong>R.</strong></span> <span class='ocrx_word' id='word_1_126' title='bbox 1033 2314 1135 2392; x_wconf 90' lang='lat' dir='ltr'><strong>c.,</strong></span> <span class='ocrx_word' id='word_1_127' title='bbox 1175 2313 1474 2380; x_wconf 85' lang='lat' dir='ltr'><strong>recitatur</strong></span> <span class='ocrx_word' id='word_1_128' title='bbox 1507 2313 1569 2375; x_wconf 92' lang='lat' dir='ltr'><strong>in</strong></span> <span class='ocrx_word' id='word_1_129' title='bbox 1601 2313 1712 2374; x_wconf 88' lang='lat' dir='ltr'><strong>Po-</strong></span> 
     </span>
     <span class='ocr_line' id='line_1_24' title="bbox 148 2391 1712 2466; baseline 0.001 -7"><span class='ocrx_word' id='word_1_130' title='bbox 148 2397 296 2461; x_wconf 88' lang='lat' dir='ltr'><strong>lonia</strong></span> <span class='ocrx_word' id='word_1_131' title='bbox 333 2395 621 2463; x_wconf 86' lang='lat' dir='ltr'><strong>Officium</strong></span> <span class='ocrx_word' id='word_1_132' title='bbox 669 2391 925 2463; x_wconf 79' lang='lat' dir='ltr'><strong>affixum</strong></span> <span class='ocrx_word' id='word_1_133' title='bbox 958 2398 1110 2466; x_wconf 74' lang='lat' dir='ltr'><strong>huic</strong></span> <span class='ocrx_word' id='word_1_134' title='bbox 1125 2399 1506 2464; x_wconf 88' lang='lat' dir='ltr'><strong>Dominicae</strong></span> <span class='ocrx_word' id='word_1_135' title='bbox 1538 2396 1712 2462; x_wconf 88' lang='grc' dir='ltr'><strong>88ῶί</strong></span> 
     </span>
     <span class='ocr_line' id='line_1_25' title="bbox 146 2483 1714 2570; baseline 0.001 -22"><span class='ocrx_word' id='word_1_136' title='bbox 146 2484 492 2569; x_wconf 79' lang='lat' dir='ltr'><strong>Sepulchri,</strong></span> <span class='ocrx_word' id='word_1_137' title='bbox 524 2483 756 2550; x_wconf 85' lang='lat' dir='ltr'><strong>debeat</strong></span> <span class='ocrx_word' id='word_1_138' title='bbox 790 2486 1185 2570; x_wconf 87' lang='lat' dir='ltr'><strong>praedictum</strong></span> <span class='ocrx_word' id='word_1_139' title='bbox 1220 2486 1507 2552; x_wconf 85' lang='lat' dir='ltr'><strong>Officium</strong></span> <span class='ocrx_word' id='word_1_140' title='bbox 1541 2485 1714 2551; x_wconf 89' lang='grc' dir='ltr'><strong>88ῶί</strong></span> 
     </span>
     <span class='ocr_line' id='line_1_26' title="bbox 146 2571 1715 2664; baseline 0 -28"><span class='ocrx_word' id='word_1_141' title='bbox 146 2571 465 2664; x_wconf 70' lang='lat' dir='ltr'><strong>Sepulchri</strong></span> <span class='ocrx_word' id='word_1_142' title='bbox 517 2573 836 2638; x_wconf 79' lang='lat' dir='ltr'><strong>transferri</strong></span> <span class='ocrx_word' id='word_1_143' title='bbox 887 2575 949 2639; x_wconf 91' lang='lat' dir='ltr'><strong>in</strong></span> <span class='ocrx_word' id='word_1_144' title='bbox 993 2574 1177 2639; x_wconf 88' lang='lat' dir='ltr'><strong>aliam</strong></span> <span class='ocrx_word' id='word_1_145' title='bbox 1225 2575 1396 2639; x_wconf 87' lang='lat' dir='ltr'><strong>diem</strong></span> <span class='ocrx_word' id='word_1_146' title='bbox 1441 2593 1565 2639; x_wconf 93' lang='lat' dir='ltr'><strong>non</strong></span> <span class='ocrx_word' id='word_1_147' title='bbox 1598 2574 1715 2637; x_wconf 81' lang='lat' dir='ltr'><strong>iin-</strong></span> 
     </span>
     <span class='ocr_line' id='line_1_27' title="bbox 149 2659 884 2745; baseline 0.001 -21"><span class='ocrx_word' id='word_1_148' title='bbox 149 2660 445 2745; x_wconf 75' lang='lat' dir='ltr'><strong>peditam:</strong></span> <span class='ocrx_word' id='word_1_149' title='bbox 497 2678 574 2725; x_wconf 88' lang='lat' dir='ltr'><strong>an</strong></span> <span class='ocrx_word' id='word_1_150' title='bbox 621 2659 884 2725; x_wconf 77' lang='lat' dir='ltr'><strong>omitti?</strong></span> 
     </span>
    </p>

    <p class='ocr_par' dir='ltr' id='par_1_5' title="bbox 141 2749 1710 3097">
     <span class='ocr_line' id='line_1_28' title="bbox 259 2749 1710 2834; baseline 0.001 -22"><span class='ocrx_word' id='word_1_151' title='bbox 259 2753 317 2812; x_wconf 74' lang='grc' dir='ltr'><strong>ὅ.</strong></span> <span class='ocrx_word' id='word_1_152' title='bbox 367 2752 435 2812; x_wconf 93' lang='lat' dir='ltr'><strong>ln</strong></span> <span class='ocrx_word' id='word_1_153' title='bbox 484 2751 704 2834; x_wconf 77' lang='lat' dir='ltr'><strong>Regno</strong></span> <span class='ocrx_word' id='word_1_154' title='bbox 752 2750 1047 2816; x_wconf 83' lang='lat' dir='ltr'><strong>Poloniae</strong></span> <span class='ocrx_word' id='word_1_155' title='bbox 1095 2770 1240 2816; x_wconf 91' lang='lat' dir='ltr'><strong>cum</strong></span> <span class='ocrx_word' id='word_1_156' title='bbox 1295 2749 1565 2814; x_wconf 85' lang='lat' dir='ltr'><strong>maxima</strong></span> <span class='ocrx_word' id='word_1_157' title='bbox 1612 2769 1710 2813; x_wconf 89' lang='lat' dir='ltr'><strong>so-</strong></span> 
     </span>
     <span class='ocr_line' id='line_1_29' title="bbox 144 2835 1710 2925; baseline 0 -27"><span class='ocrx_word' id='word_1_158' title='bbox 144 2835 451 2900; x_wconf 79' lang='lat' dir='ltr'><strong>lemnitate</strong></span> <span class='ocrx_word' id='word_1_159' title='bbox 515 2847 581 2899; x_wconf 92' lang='lat' dir='ltr'><strong>et</strong></span> <span class='ocrx_word' id='word_1_160' title='bbox 642 2855 953 2904; x_wconf 84' lang='lat' dir='ltr'><strong>concursu</strong></span> <span class='ocrx_word' id='word_1_161' title='bbox 1022 2839 1238 2925; x_wconf 86' lang='lat' dir='ltr'><strong>populi</strong></span> <span class='ocrx_word' id='word_1_162' title='bbox 1302 2847 1588 2903; x_wconf 89' lang='lat' dir='ltr'><strong>cantatur</strong></span> <span class='ocrx_word' id='word_1_163' title='bbox 1632 2835 1710 2899; x_wconf 89' lang='lat' dir='ltr'><strong>ab</strong></span> 
     </span>
     <span class='ocr_line' id='line_1_30' title="bbox 143 2921 1705 3011; baseline 0.001 -25"><span class='ocrx_word' id='word_1_164' title='bbox 143 2921 610 2989; x_wconf 82' lang='lat' dir='ltr'><strong>immemorabili</strong></span> <span class='ocrx_word' id='word_1_165' title='bbox 661 2936 966 3011; x_wconf 88' lang='lat' dir='ltr'><strong>tempore·</strong></span> <span class='ocrx_word' id='word_1_166' title='bbox 1001 2926 1063 2992; x_wconf 92' lang='lat' dir='ltr'><strong>in</strong></span> <span class='ocrx_word' id='word_1_167' title='bbox 1110 2927 1406 2991; x_wconf 76' lang='lat' dir='ltr'><strong>Adventu</strong></span> <span class='ocrx_word' id='word_1_168' title='bbox 1459 2923 1705 2990; x_wconf 87' lang='lat' dir='ltr'><strong>Domini</strong></span> 
     </span>
     <span class='ocr_line' id='line_1_31' title="bbox 141 3010 1709 3097; baseline 0.002 -24"><span class='ocrx_word' id='word_1_169' title='bbox 141 3013 387 3097; x_wconf 69' lang='lat' dir='ltr'><strong>singulis</strong></span> <span class='ocrx_word' id='word_1_170' title='bbox 456 3010 687 3077; x_wconf 89' lang='lat' dir='ltr'><strong>diebus</strong></span> <span class='ocrx_word' id='word_1_171' title='bbox 754 3013 970 3079; x_wconf 71' lang='lat' dir='ltr'><strong>Missa:</strong></span> <span class='ocrx_word' id='word_1_172' title='bbox 1022 3017 1290 3091; x_wconf 65' lang='lat' dir='ltr'><strong>Rei-ate,</strong></span> <span class='ocrx_word' id='word_1_173' title='bbox 1343 3012 1553 3081; x_wconf 86' lang='lat' dir='ltr'><strong>votiva</strong></span> <span class='ocrx_word' id='word_1_174' title='bbox 1626 3012 1709 3076; x_wconf 90' lang='lat' dir='ltr'><strong>de</strong></span> 
     </span>
    </p>
   </div>
   <div class='ocr_carea' id='block_1_3' title="bbox 41 3092 1712 3273">
    <p class='ocr_par' dir='ltr' id='par_1_6' title="bbox 41 3092 1712 3273">
     <span class='ocr_line' id='line_1_32' title="bbox 41 3092 1706 3184; baseline 0.001 -23"><span class='ocrx_word' id='word_1_175' title='bbox 41 3092 44 3161; x_wconf 74' lang='lat'><strong>1</strong></span> <span class='ocrx_word' id='word_1_176' title='bbox 141 3103 201 3163; x_wconf 84' lang='grc' dir='ltr'><strong>Β.</strong></span> <span class='ocrx_word' id='word_1_177' title='bbox 229 3104 301 3165; x_wconf 79' lang='lat' dir='ltr'><strong>M.</strong></span> <span class='ocrx_word' id='word_1_178' title='bbox 333 3102 440 3184; x_wconf 74' lang='lat' dir='ltr'><strong>V.;</strong></span> <span class='ocrx_word' id='word_1_179' title='bbox 481 3096 811 3184; x_wconf 59' lang='lat' dir='ltr'><strong>quaeritur</strong></span> <span class='ocrx_word' id='word_1_180' title='bbox 842 3114 1053 3166; x_wconf 89' lang='lat' dir='ltr'><strong>autem</strong></span> <span class='ocrx_word' id='word_1_181' title='bbox 1080 3124 1095 3165; x_wconf 96' lang='lat'><strong>:</strong></span> <span class='ocrx_word' id='word_1_182' title='bbox 1144 3105 1310 3167; x_wconf 89' lang='lat' dir='ltr'><strong>Num</strong></span> <span class='ocrx_word' id='word_1_183' title='bbox 1343 3099 1508 3165; x_wconf 80' lang='lat' dir='ltr'><strong>haec</strong></span> <span class='ocrx_word' id='word_1_184' title='bbox 1531 3099 1706 3164; x_wconf 77' lang='lat' dir='ltr'><strong>Missa</strong></span> 
     </span>
     <span class='ocr_line' id='line_1_33' title="bbox 41 3187 1712 3273; baseline 0.002 -24"><span class='ocrx_word' id='word_1_185' title='bbox 41 3208 44 3273; x_wconf 56' lang='grc' dir='ltr'><em>ε</em></span> <span class='ocrx_word' id='word_1_186' title='bbox 141 3192 436 3254; x_wconf 82' lang='lat' dir='ltr'><strong>censenda</strong></span> <span class='ocrx_word' id='word_1_187' title='bbox 481 3191 563 3251; x_wconf 89' lang='lat' dir='ltr'><strong>sit</strong></span> <span class='ocrx_word' id='word_1_188' title='bbox 607 3187 907 3254; x_wconf 87' lang='lat' dir='ltr'><strong>solemnis</strong></span> <span class='ocrx_word' id='word_1_189' title='bbox 946 3190 1190 3254; x_wconf 88' lang='lat' dir='ltr'><strong>ratione</strong></span> <span class='ocrx_word' id='word_1_190' title='bbox 1225 3206 1568 3254; x_wconf 83' lang='lat' dir='ltr'><strong>concursus</strong></span> <span class='ocrx_word' id='word_1_191' title='bbox 1599 3205 1712 3271; x_wconf 90' lang='lat' dir='ltr'><strong>po·</strong></span> 
     </span>
    </p>
   </div>
   <div class='ocr_carea' id='block_1_4' title="bbox 143 3276 1711 3801">
    <p class='ocr_par' dir='ltr' id='par_1_7' title="bbox 143 3276 1711 3539">
     <span class='ocr_line' id='line_1_34' title="bbox 145 3276 1711 3363; baseline 0 -24"><span class='ocrx_word' id='word_1_192' title='bbox 145 3276 287 3361; x_wconf 88' lang='lat' dir='ltr'><strong>puli,</strong></span> <span class='ocrx_word' id='word_1_193' title='bbox 351 3287 416 3341; x_wconf 91' lang='lat' dir='ltr'><strong>et</strong></span> <span class='ocrx_word' id='word_1_194' title='bbox 478 3294 597 3363; x_wconf 91' lang='lat' dir='ltr'><strong>pro</strong></span> <span class='ocrx_word' id='word_1_195' title='bbox 659 3295 729 3340; x_wconf 89' lang='lat' dir='ltr'><strong>re</strong></span> <span class='ocrx_word' id='word_1_196' title='bbox 794 3280 966 3361; x_wconf 76' lang='lat' dir='ltr'><strong>gravi</strong></span> <span class='ocrx_word' id='word_1_197' title='bbox 1031 3277 1311 3341; x_wconf 88' lang='lat' dir='ltr'><strong>instituta</strong></span> <span class='ocrx_word' id='word_1_198' title='bbox 1375 3297 1403 3337; x_wconf 90' lang='lat' dir='ltr'><strong>a</strong></span> <span class='ocrx_word' id='word_1_199' title='bbox 1455 3276 1711 3361; x_wconf 80' lang='lat' dir='ltr'><strong>Synodo</strong></span> 
     </span>
     <span class='ocr_line' id='line_1_35' title="bbox 143 3363 1708 3449; baseline 0 -22"><span class='ocrx_word' id='word_1_200' title='bbox 143 3363 490 3429; x_wconf 80' lang='lat' dir='ltr'><strong>Provinciali</strong></span> <span class='ocrx_word' id='word_1_201' title='bbox 564 3365 764 3449; x_wconf 78' lang='lat' dir='ltr'><strong>Regni</strong></span> <span class='ocrx_word' id='word_1_202' title='bbox 837 3365 1362 3435; x_wconf 72' lang='lat' dir='ltr'><strong>poloniae-1628</strong></span> <span class='ocrx_word' id='word_1_203' title='bbox 1422 3386 1453 3428; x_wconf 88' lang='lat' dir='ltr'><strong>a</strong></span> <span class='ocrx_word' id='word_1_204' title='bbox 1516 3367 1708 3429; x_wconf 78' lang='lat' dir='ltr'><strong>Ssmo</strong></span> 
     </span>
     <span class='ocr_line' id='line_1_36' title="bbox 145 3450 1703 3539; baseline 0 -24"><span class='ocrx_word' id='word_1_205' title='bbox 145 3455 203 3515; x_wconf 91' lang='lat' dir='ltr'><strong>D.</strong></span> <span class='ocrx_word' id='word_1_206' title='bbox 252 3453 320 3516; x_wconf 85' lang='lat' dir='ltr'><strong>N.</strong></span> <span class='ocrx_word' id='word_1_207' title='bbox 370 3454 561 3519; x_wconf 85' lang='lat' dir='ltr'><strong>Paulo</strong></span> <span class='ocrx_word' id='word_1_208' title='bbox 611 3454 661 3516; x_wconf 84' lang='lat' dir='ltr'>V</span> <span class='ocrx_word' id='word_1_209' title='bbox 707 3450 1104 3539; x_wconf 79' lang='lat' dir='ltr'><strong>adprobato?</strong></span> <span class='ocrx_word' id='word_1_210' title='bbox 1241 3514 1250 3525; x_wconf 79' lang='grc'>,</span> <span class='ocrx_word' id='word_1_211' title='bbox 1687 3480 1703 3537; x_wconf 76' lang='lat'><strong>‘.</strong></span> 
     </span>
    </p>

    <p class='ocr_par' dir='ltr' id='par_1_8' title="bbox 145 3540 1708 3801">
     <span class='ocr_line' id='line_1_37' title="bbox 256 3540 1708 3627; baseline -0.001 -23"><span class='ocrx_word' id='word_1_212' title='bbox 256 3546 319 3604; x_wconf 74' lang='lat'><strong>6.</strong></span> <span class='ocrx_word' id='word_1_213' title='bbox 353 3542 581 3605; x_wconf 88' lang='lat' dir='ltr'><strong>Utrum</strong></span> <span class='ocrx_word' id='word_1_214' title='bbox 625 3558 705 3609; x_wconf 80' lang='lat' dir='ltr'><strong>ex</strong></span> <span class='ocrx_word' id='word_1_215' title='bbox 758 3543 1148 3627; x_wconf 86' lang='lat' dir='ltr'><strong>praescripto</strong></span> <span class='ocrx_word' id='word_1_216' title='bbox 1200 3540 1605 3606; x_wconf 74' lang='lat' dir='ltr'><strong>fundatorum</strong></span> <span class='ocrx_word' id='word_1_217' title='bbox 1644 3548 1708 3603; x_wconf 89' lang='lat' dir='ltr'><strong>et</strong></span> 
     </span>
     <span class='ocr_line' id='line_1_38' title="bbox 145 3626 1705 3715; baseline 0.001 -26"><span class='ocrx_word' id='word_1_218' title='bbox 145 3626 518 3693; x_wconf 84' lang='lat' dir='ltr'><strong>institutione</strong></span> <span class='ocrx_word' id='word_1_219' title='bbox 568 3630 946 3693; x_wconf 83' lang='lat' dir='ltr'><strong>eorumdem</strong></span> <span class='ocrx_word' id='word_1_220' title='bbox 993 3630 1194 3715; x_wconf 83' lang='lat' dir='ltr'><strong>possit</strong></span> <span class='ocrx_word' id='word_1_221' title='bbox 1241 3628 1366 3693; x_wconf 89' lang='lat' dir='ltr'><strong>dici</strong></span> <span class='ocrx_word' id='word_1_222' title='bbox 1416 3628 1592 3693; x_wconf 79' lang='lat' dir='ltr'><strong>Missa</strong></span> <span class='ocrx_word' id='word_1_223' title='bbox 1625 3629 1705 3693; x_wconf 89' lang='lat' dir='ltr'><strong>de</strong></span> 
     </span>
     <span class='ocr_line' id='line_1_39' title="bbox 146 3714 1708 3801; baseline 0.001 -24"><span class='ocrx_word' id='word_1_224' title='bbox 146 3715 597 3799; x_wconf 69' lang='lat' dir='ltr'><strong>Assumptione,</strong></span> <span class='ocrx_word' id='word_1_225' title='bbox 653 3716 1088 3782; x_wconf 72' lang='lat' dir='ltr'><strong>purificatione</strong></span> <span class='ocrx_word' id='word_1_226' title='bbox 1153 3730 1216 3781; x_wconf 91' lang='lat' dir='ltr'><strong>et</strong></span> <span class='ocrx_word' id='word_1_227' title='bbox 1276 3714 1708 3801; x_wconf 77' lang='lat' dir='ltr'><strong>conceptione</strong></span> 
     </span>
    </p>
   </div>
   <div class='ocr_carea' id='block_1_5' title="bbox 41 3803 1704 3887">
    <p class='ocr_par' dir='ltr' id='par_1_9' title="bbox 41 3803 1704 3887">
     <span class='ocr_line' id='line_1_40' title="bbox 41 3803 1704 3887; baseline 0.001 -22"><span class='ocrx_word' id='word_1_228' title='bbox 41 3814 42 3835; x_wconf 65' lang='lat'>¹</span> <span class='ocrx_word' id='word_1_229' title='bbox 146 3805 203 3866; x_wconf 86' lang='lat' dir='ltr'><strong>B.</strong></span> <span class='ocrx_word' id='word_1_230' title='bbox 239 3805 308 3867; x_wconf 74' lang='lat' dir='ltr'><strong>u.</strong></span> <span class='ocrx_word' id='word_1_231' title='bbox 346 3808 419 3869; x_wconf 82' lang='lat' dir='ltr'><strong>V.</strong></span> <span class='ocrx_word' id='word_1_232' title='bbox 462 3806 524 3868; x_wconf 89' lang='lat' dir='ltr'><strong>in</strong></span> <span class='ocrx_word' id='word_1_233' title='bbox 572 3803 854 3870; x_wconf 75' lang='lat' dir='ltr'><strong>sabbatis</strong></span> <span class='ocrx_word' id='word_1_234' title='bbox 900 3806 1000 3869; x_wconf 86' lang='lat' dir='ltr'><strong>vel</strong></span> <span class='ocrx_word' id='word_1_235' title='bbox 1051 3806 1187 3870; x_wconf 88' lang='lat' dir='ltr'><strong>aliis</strong></span> <span class='ocrx_word' id='word_1_236' title='bbox 1233 3805 1409 3870; x_wconf 73' lang='lat' dir='ltr'><strong>feriis</strong></span> <span class='ocrx_word' id='word_1_237' title='bbox 1447 3822 1567 3887; x_wconf 88' lang='lat' dir='ltr'><strong>per</strong></span> <span class='ocrx_word' id='word_1_238' title='bbox 1598 3821 1704 3867; x_wconf 87' lang='lat' dir='ltr'><strong>an-</strong></span> 
     </span>
    </p>
   </div>
   <div class='ocr_carea' id='block_1_6' title="bbox 145 3887 1707 4594">
    <p class='ocr_par' dir='ltr' id='par_1_10' title="bbox 145 3887 1427 3977">
     <span class='ocr_line' id='line_1_41' title="bbox 145 3887 1427 3977; baseline 0 -24"><span class='ocrx_word' id='word_1_239' title='bbox 145 3910 301 3973; x_wconf 86' lang='lat' dir='ltr'><strong>num,</strong></span> <span class='ocrx_word' id='word_1_240' title='bbox 352 3912 476 3958; x_wconf 90' lang='lat' dir='ltr'><strong>non</strong></span> <span class='ocrx_word' id='word_1_241' title='bbox 524 3893 850 3977; x_wconf 88' lang='lat' dir='ltr'><strong>impeditis</strong></span> <span class='ocrx_word' id='word_1_242' title='bbox 895 3895 1081 3959; x_wconf 84' lang='lat' dir='ltr'><strong>Festo</strong></span> <span class='ocrx_word' id='word_1_243' title='bbox 1128 3887 1427 3977; x_wconf 73' lang='lat' dir='ltr'><strong>duplici?</strong></span> 
     </span>
    </p>

    <p class='ocr_par' dir='ltr' id='par_1_11' title="bbox 146 3979 1707 4594">
     <span class='ocr_line' id='line_1_42' title="bbox 260 3979 1707 4066; baseline 0 -23"><span class='ocrx_word' id='word_1_244' title='bbox 260 3982 321 4044; x_wconf 91' lang='grc'><strong>7.</strong></span> <span class='ocrx_word' id='word_1_245' title='bbox 379 3985 444 4046; x_wconf 89' lang='lat' dir='ltr'><strong>ln</strong></span> <span class='ocrx_word' id='word_1_246' title='bbox 507 3982 806 4045; x_wconf 81' lang='lat' dir='ltr'><strong>Ecclesiis</strong></span> <span class='ocrx_word' id='word_1_247' title='bbox 873 3981 1285 4066; x_wconf 79' lang='lat' dir='ltr'><strong>Regularium</strong></span> <span class='ocrx_word' id='word_1_248' title='bbox 1352 3979 1412 4044; x_wconf 92' lang='lat' dir='ltr'><strong>in</strong></span> <span class='ocrx_word' id='word_1_249' title='bbox 1477 3979 1707 4063; x_wconf 87' lang='lat' dir='ltr'><strong>quibus</strong></span> 
     </span>
     <span class='ocr_line' id='line_1_43' title="bbox 151 4067 1704 4154; baseline 0 -25"><span class='ocrx_word' id='word_1_250' title='bbox 151 4086 254 4132; x_wconf 86' lang='lat' dir='ltr'><strong>non</strong></span> <span class='ocrx_word' id='word_1_251' title='bbox 298 4079 390 4134; x_wconf 80' lang='lat' dir='ltr'><strong>est</strong></span> <span class='ocrx_word' id='word_1_252' title='bbox 437 4070 836 4133; x_wconf 82' lang='lat' dir='ltr'><strong>consuetudo</strong></span> <span class='ocrx_word' id='word_1_253' title='bbox 887 4069 1176 4135; x_wconf 85' lang='lat' dir='ltr'><strong>cantandi</strong></span> <span class='ocrx_word' id='word_1_254' title='bbox 1228 4067 1514 4154; x_wconf 89' lang='lat' dir='ltr'><strong>quotidie</strong></span> <span class='ocrx_word' id='word_1_255' title='bbox 1565 4068 1704 4133; x_wconf 83' lang='lat' dir='ltr'><strong>Mis·</strong></span> 
     </span>
     <span class='ocr_line' id='line_1_44' title="bbox 147 4154 1702 4240; baseline 0.005 -29"><span class='ocrx_word' id='word_1_256' title='bbox 147 4173 252 4218; x_wconf 60' lang='lat' dir='ltr'><strong>:am</strong></span> <span class='ocrx_word' id='word_1_257' title='bbox 296 4160 822 4240; x_wconf 79' lang='lat' dir='ltr'><strong>conventualem,</strong></span> <span class='ocrx_word' id='word_1_258' title='bbox 877 4157 937 4221; x_wconf 90' lang='lat' dir='ltr'><strong>in</strong></span> <span class='ocrx_word' id='word_1_259' title='bbox 977 4156 1164 4221; x_wconf 61' lang='lat' dir='ltr'><strong>Missa</strong></span> <span class='ocrx_word' id='word_1_260' title='bbox 1208 4154 1502 4236; x_wconf 79' lang='lat' dir='ltr'><strong>solemni,</strong></span> <span class='ocrx_word' id='word_1_261' title='bbox 1541 4175 1702 4239; x_wconf 85' lang='lat' dir='ltr'><strong>quae</strong></span> 
     </span>
     <span class='ocr_line' id='line_1_45' title="bbox 146 4243 1702 4329; baseline 0.003 -27"><span class='ocrx_word' id='word_1_262' title='bbox 146 4245 252 4305; x_wconf 75' lang='lat' dir='ltr'><strong>sola</strong></span> <span class='ocrx_word' id='word_1_263' title='bbox 289 4243 532 4309; x_wconf 86' lang='lat' dir='ltr'><strong>canitur</strong></span> <span class='ocrx_word' id='word_1_264' title='bbox 579 4263 694 4329; x_wconf 90' lang='lat' dir='ltr'><strong>pro</strong></span> <span class='ocrx_word' id='word_1_265' title='bbox 740 4263 811 4309; x_wconf 92' lang='lat' dir='ltr'><strong>re</strong></span> <span class='ocrx_word' id='word_1_266' title='bbox 861 4244 1032 4328; x_wconf 80' lang='lat' dir='ltr'><strong>gravi</strong></span> <span class='ocrx_word' id='word_1_267' title='bbox 1087 4244 1186 4308; x_wconf 87' lang='lat' dir='ltr'><strong>vel</strong></span> <span class='ocrx_word' id='word_1_268' title='bbox 1240 4244 1321 4308; x_wconf 93' lang='lat' dir='ltr'><strong>ob</strong></span> <span class='ocrx_word' id='word_1_269' title='bbox 1369 4261 1702 4308; x_wconf 88' lang='lat' dir='ltr'><strong>occursum</strong></span> 
     </span>
     <span class='ocr_line' id='line_1_46' title="bbox 150 4331 1699 4407; baseline 0.002 -16"><span class='ocrx_word' id='word_1_270' title='bbox 150 4332 284 4394; x_wconf 68' lang='lat' dir='ltr'><strong>Festi</strong></span> <span class='ocrx_word' id='word_1_271' title='bbox 316 4333 634 4397; x_wconf 76' lang='lat' dir='ltr'><strong>solemnis</strong></span> <span class='ocrx_word' id='word_1_272' title='bbox 680 4331 745 4397; x_wconf 91' lang='lat' dir='ltr'><strong>in</strong></span> <span class='ocrx_word' id='word_1_273' title='bbox 793 4334 973 4398; x_wconf 87' lang='lat' dir='ltr'><strong>aliam</strong></span> <span class='ocrx_word' id='word_1_274' title='bbox 1022 4333 1192 4398; x_wconf 87' lang='lat' dir='ltr'><strong>diem</strong></span> <span class='ocrx_word' id='word_1_275' title='bbox 1245 4331 1699 4407; x_wconf 76' lang='lat' dir='ltr'><strong>transferendi;</strong></span> 
     </span>
     <span class='ocr_line' id='line_1_47' title="bbox 146 4418 1702 4498; baseline 0.001 -18"><span class='ocrx_word' id='word_1_276' title='bbox 146 4418 491 4498; x_wconf 81' lang='lat' dir='ltr'><strong>quaeritur:</strong></span> <span class='ocrx_word' id='word_1_277' title='bbox 545 4423 638 4485; x_wconf 77' lang='lat' dir='ltr'><strong>An</strong></span> <span class='ocrx_word' id='word_1_278' title='bbox 686 4419 915 4486; x_wconf 88' lang='lat' dir='ltr'><strong>debeat</strong></span> <span class='ocrx_word' id='word_1_279' title='bbox 976 4421 1120 4486; x_wconf 86' lang='lat' dir='ltr'><strong>addi</strong></span> <span class='ocrx_word' id='word_1_280' title='bbox 1179 4421 1468 4484; x_wconf 88' lang='lat' dir='ltr'><strong>collecta·</strong></span> <span class='ocrx_word' id='word_1_281' title='bbox 1505 4418 1702 4483; x_wconf 84' lang='lat' dir='ltr'><strong>Officii</strong></span> 
     </span>
     <span class='ocr_line' id='line_1_48' title="bbox 147 4508 1698 4594; baseline 0.002 -29"><span class='ocrx_word' id='word_1_282' title='bbox 147 4509 462 4590; x_wconf 81' lang='lat' dir='ltr'><strong>currentis,</strong></span> <span class='ocrx_word' id='word_1_283' title='bbox 513 4526 750 4594; x_wconf 90' lang='lat' dir='ltr'><strong>nempe</strong></span> <span class='ocrx_word' id='word_1_284' title='bbox 796 4508 991 4590; x_wconf 84' lang='lat' dir='ltr'><strong>Festi,</strong></span> <span class='ocrx_word' id='word_1_285' title='bbox 1028 4509 1386 4573; x_wconf 90' lang='lat' dir='ltr'><strong>Dominicae</strong></span> <span class='ocrx_word' id='word_1_286' title='bbox 1433 4510 1548 4573; x_wconf 82' lang='lat' dir='ltr'><strong>vel·</strong></span> <span class='ocrx_word' id='word_1_287' title='bbox 1585 4509 1698 4571; x_wconf 87' lang='lat' dir='ltr'><strong>Fe-</strong></span> 
     </span>
    </p>
   </div>
   <div class='ocr_carea' id='block_1_7' title="bbox 113 4590 604 4661">
    <p class='ocr_par' dir='ltr' id='par_1_12' title="bbox 113 4590 604 4661">
     <span class='ocr_line' id='line_1_49' title="bbox 113 4590 604 4661; baseline 0.02 -10"><span class='ocrx_word' id='word_1_288' title='bbox 113 4590 120 4595; x_wconf 84' lang='grc'><strong>’</strong></span> <span class='ocrx_word' id='word_1_289' title='bbox 148 4592 250 4657; x_wconf 82' lang='lat' dir='ltr'><strong>riae</strong></span> <span class='ocrx_word' id='word_1_290' title='bbox 297 4596 547 4661; x_wconf 83' lang='lat' dir='ltr'><strong>maioris</strong></span> <span class='ocrx_word' id='word_1_291' title='bbox 570 4593 604 4660; x_wconf 78' lang='lat'><strong>⁴?</strong></span> 
     </span>
    </p>
   </div>
   <div class='ocr_carea' id='block_1_8' title="bbox 142 4682 1703 5295">
    <p class='ocr_par' dir='ltr' id='par_1_13' title="bbox 142 4682 1703 5295">
     <span class='ocr_line' id='line_1_50' title="bbox 251 4682 1701 4761; baseline 0.001 -15"><span class='ocrx_word' id='word_1_292' title='bbox 251 4686 314 4747; x_wconf 84' lang='grc'><strong>8.</strong></span> <span class='ocrx_word' id='word_1_293' title='bbox 365 4686 684 4761; x_wconf 84' lang='lat' dir='ltr'><strong>Quaenam</strong></span> <span class='ocrx_word' id='word_1_294' title='bbox 745 4683 1017 4761; x_wconf 84' lang='lat' dir='ltr'><strong>dicenda</strong></span> <span class='ocrx_word' id='word_1_295' title='bbox 1085 4684 1166 4747; x_wconf 89' lang='lat' dir='ltr'><strong>sit</strong></span> <span class='ocrx_word' id='word_1_296' title='bbox 1237 4685 1412 4748; x_wconf 76' lang='lat' dir='ltr'><strong>Missa</strong></span> <span class='ocrx_word' id='word_1_297' title='bbox 1471 4683 1537 4748; x_wconf 91' lang='lat' dir='ltr'><strong>in</strong></span> <span class='ocrx_word' id='word_1_298' title='bbox 1600 4682 1701 4749; x_wconf 93' lang='lat' dir='ltr'><strong>die</strong></span> 
     </span>
     <span class='ocr_line' id='line_1_51' title="bbox 146 4768 1703 4859; baseline 0.003 -29"><span class='ocrx_word' id='word_1_299' title='bbox 146 4768 327 4834; x_wconf 86' lang='lat' dir='ltr'><strong>obitus</strong></span> <span class='ocrx_word' id='word_1_300' title='bbox 363 4772 478 4836; x_wconf 83' lang='lat' dir='ltr'><strong>vel.</strong></span> <span class='ocrx_word' id='word_1_301' title='bbox 503 4771 920 4859; x_wconf 85' lang='lat' dir='ltr'><strong>depositionis</strong></span> <span class='ocrx_word' id='word_1_302' title='bbox 967 4772 1229 4837; x_wconf 88' lang='lat' dir='ltr'><strong>alicuius</strong></span> <span class='ocrx_word' id='word_1_303' title='bbox 1276 4773 1563 4837; x_wconf 75' lang='lat' dir='ltr'><strong>defuncti</strong></span> <span class='ocrx_word' id='word_1_304' title='bbox 1599 4775 1703 4835; x_wconf 86' lang='lat' dir='ltr'><strong>Sa-</strong></span> 
     </span>
     <span class='ocr_line' id='line_1_52' title="bbox 145 4858 1703 4946; baseline 0.002 -29"><span class='ocrx_word' id='word_1_305' title='bbox 145 4861 442 4935; x_wconf 84' lang='lat' dir='ltr'><strong>cerdotis;</strong></span> <span class='ocrx_word' id='word_1_306' title='bbox 503 4859 744 4944; x_wconf 88' lang='lat' dir='ltr'><strong>prima,</strong></span> <span class='ocrx_word' id='word_1_307' title='bbox 807 4879 968 4942; x_wconf 89' lang='lat' dir='ltr'><strong>quae</strong></span> <span class='ocrx_word' id='word_1_308' title='bbox 1035 4871 1129 4923; x_wconf 87' lang='lat' dir='ltr'><strong>est</strong></span> <span class='ocrx_word' id='word_1_309' title='bbox 1192 4879 1307 4946; x_wconf 89' lang='lat' dir='ltr'><strong>pro</strong></span> <span class='ocrx_word' id='word_1_310' title='bbox 1379 4858 1703 4944; x_wconf 84' lang='lat' dir='ltr'><strong>Episcopis</strong></span> 
     </span>
     <span class='ocr_line' id='line_1_53' title="bbox 142 4944 1697 5029; baseline 0.005 -26"><span class='ocrx_word' id='word_1_311' title='bbox 142 4944 441 5029; x_wconf 75' lang='lat' dir='ltr'><strong>assignata,</strong></span> <span class='ocrx_word' id='word_1_312' title='bbox 495 4958 564 5012; x_wconf 91' lang='lat' dir='ltr'><strong>ut</strong></span> <span class='ocrx_word' id='word_1_313' title='bbox 611 4946 673 5011; x_wconf 93' lang='lat' dir='ltr'><strong>in</strong></span> <span class='ocrx_word' id='word_1_314' title='bbox 733 4950 1352 5012; x_wconf 81' lang='lat' dir='ltr'><strong>commemoratione</strong></span> <span class='ocrx_word' id='word_1_315' title='bbox 1417 4946 1697 5011; x_wconf 91' lang='lat' dir='ltr'><strong>omnium</strong></span> 
     </span>
     <span class='ocr_line' id='line_1_54' title="bbox 147 5032 1695 5114; baseline 0.004 -22"><span class='ocrx_word' id='word_1_316' title='bbox 147 5032 426 5099; x_wconf 81' lang='lat' dir='ltr'><strong>Fidelium</strong></span> <span class='ocrx_word' id='word_1_317' title='bbox 478 5034 932 5100; x_wconf 79' lang='lat' dir='ltr'><strong>defunctorum</strong></span> <span class='ocrx_word' id='word_1_318' title='bbox 968 5054 1111 5101; x_wconf 85' lang='lat' dir='ltr'><strong>cum</strong></span> <span class='ocrx_word' id='word_1_319' title='bbox 1143 5036 1473 5101; x_wconf 80' lang='lat' dir='ltr'><strong>Oratione:</strong></span> <span class='ocrx_word' id='word_1_320' title='bbox 1508 5037 1695 5114; x_wconf 74' lang='lat' dir='ltr'><strong>Deus,</strong></span> 
     </span>
     <span class='ocr_line' id='line_1_55' title="bbox 147 5116 1700 5205; baseline 0.004 -25"><span class='ocrx_word' id='word_1_321' title='bbox 147 5124 242 5197; x_wconf 81' lang='lat' dir='ltr'><strong>qui</strong></span> <span class='ocrx_word' id='word_1_322' title='bbox 301 5125 470 5186; x_wconf 78' lang='lat' dir='ltr'><strong>inter</strong></span> <span class='ocrx_word' id='word_1_323' title='bbox 531 5122 919 5205; x_wconf 79' lang='lat' dir='ltr'><strong>Apostolicos</strong></span> <span class='ocrx_word' id='word_1_324' title='bbox 981 5116 1362 5187; x_wconf 61' lang='lat' dir='ltr'><strong>Sacerdotes*</strong></span> <span class='ocrx_word' id='word_1_325' title='bbox 1402 5133 1524 5186; x_wconf 85' lang='lat' dir='ltr'><strong>etc.</strong></span> <span class='ocrx_word' id='word_1_326' title='bbox 1544 5146 1570 5202; x_wconf 86' lang='lat'><strong>,-</strong></span> <span class='ocrx_word' id='word_1_327' title='bbox 1625 5141 1700 5186; x_wconf 90' lang='lat' dir='ltr'><strong>an</strong></span> 
     </span>
     <span class='ocr_line' id='line_1_56' title="bbox 149 5204 1701 5295; baseline 0.004 -29"><span class='ocrx_word' id='word_1_328' title='bbox 149 5204 258 5289; x_wconf 79' lang='lat' dir='ltr'><strong>illa,</strong></span> <span class='ocrx_word' id='word_1_329' title='bbox 287 5229 442 5293; x_wconf 84' lang='lat' dir='ltr'><strong>quae</strong></span> <span class='ocrx_word' id='word_1_330' title='bbox 478 5221 574 5272; x_wconf 70' lang='lat' dir='ltr'><strong>est</strong></span> <span class='ocrx_word' id='word_1_331' title='bbox 608 5214 893 5277; x_wconf 86' lang='lat' dir='ltr'><strong>secundo</strong></span> <span class='ocrx_word' id='word_1_332' title='bbox 942 5212 1082 5275; x_wconf 83' lang='lat' dir='ltr'><strong>loco</strong></span> <span class='ocrx_word' id='word_1_333' title='bbox 1135 5208 1356 5295; x_wconf 85' lang='lat' dir='ltr'><strong>posita,</strong></span> <span class='ocrx_word' id='word_1_334' title='bbox 1408 5229 1569 5294; x_wconf 82' lang='lat' dir='ltr'><strong>quae</strong></span> <span class='ocrx_word' id='word_1_335' title='bbox 1608 5222 1701 5273; x_wconf 83' lang='lat' dir='ltr'><strong>est</strong></span> 
     </span>
    </p>
   </div>
   <div class='ocr_carea' id='block_1_9' title="bbox 268 5402 1365 5489">
    <p class='ocr_par' dir='ltr' id='par_1_14' title="bbox 268 5402 1365 5489">
     <span class='ocr_line' id='line_1_57' title="bbox 268 5402 1365 5489; baseline 0.005 -33"><span class='ocrx_word' id='word_1_336' title='bbox 268 5402 338 5471; x_wconf 74' lang='lat' dir='ltr'><strong>ii)</strong></span> <span class='ocrx_word' id='word_1_337' title='bbox 373 5405 430 5459; x_wconf 71' lang='grc' dir='ltr'><strong>Β.</strong></span> <span class='ocrx_word' id='word_1_338' title='bbox 471 5405 609 5463; x_wconf 66' lang='lat' dir='ltr'><strong>nui).</strong></span> <span class='ocrx_word' id='word_1_339' title='bbox 650 5408 710 5469; x_wconf 69' lang='lat' dir='ltr'><strong>t.</strong></span> <span class='ocrx_word' id='word_1_340' title='bbox 751 5409 801 5471; x_wconf 81' lang='lat' dir='ltr'><strong>s,</strong></span> <span class='ocrx_word' id='word_1_341' title='bbox 843 5405 923 5471; x_wconf 79' lang='lat' dir='ltr'><strong>io,</strong></span> <span class='ocrx_word' id='word_1_342' title='bbox 965 5404 1046 5489; x_wconf 65' lang='grc' dir='ltr'><strong>μ,</strong></span> <span class='ocrx_word' id='word_1_343' title='bbox 1091 5405 1154 5460; x_wconf 74' lang='lat'><strong>12</strong></span> <span class='ocrx_word' id='word_1_344' title='bbox 1192 5413 1240 5459; x_wconf 61' lang='lat' dir='ltr'><strong>ei</strong></span> <span class='ocrx_word' id='word_1_345' title='bbox 1285 5403 1365 5461; x_wconf 62' lang='grc' dir='ltr'><strong>ιδ.</strong></span> 
     </span>
    </p>
   </div>
   <div class='ocr_carea' id='block_1_10' title="bbox 1808 469 3417 4573">
    <p class='ocr_par' dir='ltr' id='par_1_15' title="bbox 1836 469 3417 890">
     <span class='ocr_line' id='line_1_58' title="bbox 1841 469 3415 558; baseline 0.003 -24"><span class='ocrx_word' id='word_1_346' title='bbox 1841 472 1902 537; x_wconf 89' lang='lat' dir='ltr'><strong>in</strong></span> <span class='ocrx_word' id='word_1_347' title='bbox 1952 472 2059 538; x_wconf 89' lang='lat' dir='ltr'><strong>die</strong></span> <span class='ocrx_word' id='word_1_348' title='bbox 2107 471 2313 537; x_wconf 89' lang='lat' dir='ltr'><strong>obitus</strong></span> <span class='ocrx_word' id='word_1_349' title='bbox 2359 492 2474 538; x_wconf 90' lang='lat' dir='ltr'><strong>seu</strong></span> <span class='ocrx_word' id='word_1_350' title='bbox 2523 472 2938 558; x_wconf 83' lang='lat' dir='ltr'><strong>depositionis</strong></span> <span class='ocrx_word' id='word_1_351' title='bbox 2986 469 3063 539; x_wconf 69' lang='lat' dir='ltr'><strong>in&#39;</strong></span> <span class='ocrx_word' id='word_1_352' title='bbox 3097 474 3415 540; x_wconf 90' lang='lat' dir='ltr'><strong>communi</strong></span> 
     </span>
     <span class='ocr_line' id='line_1_59' title="bbox 1838 559 3416 645; baseline 0.001 -22"><span class='ocrx_word' id='word_1_353' title='bbox 1838 578 1981 624; x_wconf 90' lang='lat' dir='ltr'><strong>cum</strong></span> <span class='ocrx_word' id='word_1_354' title='bbox 2044 559 2383 625; x_wconf 86' lang='lat' dir='ltr'><strong>Oratione:</strong></span> <span class='ocrx_word' id='word_1_355' title='bbox 2453 563 2620 625; x_wconf 75' lang='lat' dir='ltr'><strong>Deus</strong></span> <span class='ocrx_word' id='word_1_356' title='bbox 2675 565 2791 644; x_wconf 69' lang='lat' dir='ltr'><strong>qui</strong></span> <span class='ocrx_word' id='word_1_357' title='bbox 2847 565 3021 628; x_wconf 76' lang='lat' dir='ltr'><strong>inter</strong></span> <span class='ocrx_word' id='word_1_358' title='bbox 3068 562 3416 645; x_wconf 75' lang='lat' dir='ltr'><strong>Apstolicos</strong></span> 
     </span>
     <span class='ocr_line' id='line_1_60' title="bbox 1838 648 3415 734; baseline 0.003 -24"><span class='ocrx_word' id='word_1_359' title='bbox 1838 648 2239 726; x_wconf 77' lang='lat' dir='ltr'><strong>Sacerdotes,·</strong></span> <span class='ocrx_word' id='word_1_360' title='bbox 2287 658 2348 712; x_wconf 91' lang='lat' dir='ltr'><strong>et</strong></span> <span class='ocrx_word' id='word_1_361' title='bbox 2398 648 2660 734; x_wconf 85' lang='lat' dir='ltr'><strong>insuper</strong></span> <span class='ocrx_word' id='word_1_362' title='bbox 2697 667 3003 733; x_wconf 86' lang='lat' dir='ltr'><strong>quaenam</strong></span> <span class='ocrx_word' id='word_1_363' title='bbox 3039 648 3306 715; x_wconf 89' lang='lat' dir='ltr'><strong>dicenda</strong></span> <span class='ocrx_word' id='word_1_364' title='bbox 3339 648 3415 714; x_wconf 88' lang='lat' dir='ltr'><strong>sit</strong></span> 
     </span>
     <span class='ocr_line' id='line_1_61' title="bbox 1839 734 3417 823; baseline 0.001 -25"><span class='ocrx_word' id='word_1_365' title='bbox 1839 734 2008 799; x_wconf 82' lang='lat' dir='ltr'><strong>Missa</strong></span> <span class='ocrx_word' id='word_1_366' title='bbox 2058 734 2123 799; x_wconf 91' lang='lat' dir='ltr'><strong>in</strong></span> <span class='ocrx_word' id='word_1_367' title='bbox 2169 734 2457 820; x_wconf 84' lang='lat' dir='ltr'><strong>exequiis</strong></span> <span class='ocrx_word' id='word_1_368' title='bbox 2504 735 2892 802; x_wconf 89' lang='lat' dir='ltr'><strong>solemnibus</strong></span> <span class='ocrx_word' id='word_1_369' title='bbox 2941 747 3081 822; x_wconf 87' lang='lat' dir='ltr'><strong>post</strong></span> <span class='ocrx_word' id='word_1_370' title='bbox 3127 736 3417 823; x_wconf 88' lang='lat' dir='ltr'><strong>sepultu-</strong></span> 
     </span>
     <span class='ocr_line' id='line_1_62' title="bbox 1836 820 2389 890; baseline 0.004 -5"><span class='ocrx_word' id='word_1_371' title='bbox 1836 840 1966 886; x_wconf 89' lang='lat' dir='ltr'><strong>ram</strong></span> <span class='ocrx_word' id='word_1_372' title='bbox 2015 820 2389 890; x_wconf 76' lang='lat' dir='ltr'><strong>cadaveris?</strong></span> 
     </span>
    </p>

    <p class='ocr_par' dir='ltr' id='par_1_16' title="bbox 1824 909 3414 1169">
     <span class='ocr_line' id='line_1_63' title="bbox 1968 909 3414 997; baseline 0 -23"><span class='ocrx_word' id='word_1_373' title='bbox 1968 914 2045 975; x_wconf 86' lang='lat' dir='ltr'><strong>Et</strong></span> <span class='ocrx_word' id='word_1_374' title='bbox 2106 913 2168 975; x_wconf 92' lang='lat' dir='ltr'><strong>S.</strong></span> <span class='ocrx_word' id='word_1_375' title='bbox 2220 913 2295 975; x_wconf 84' lang='lat' dir='ltr'><strong>R.</strong></span> <span class='ocrx_word' id='word_1_376' title='bbox 2344 912 2451 992; x_wconf 85' lang='lat' dir='ltr'><strong>C.,</strong></span> <span class='ocrx_word' id='word_1_377' title='bbox 2502 909 2716 978; x_wconf 89' lang='lat' dir='ltr'><strong>audito</strong></span> <span class='ocrx_word' id='word_1_378' title='bbox 2782 910 2956 997; x_wconf 90' lang='lat' dir='ltr'><strong>prius</strong></span> <span class='ocrx_word' id='word_1_379' title='bbox 3016 921 3164 976; x_wconf 88' lang='lat' dir='ltr'><strong>voto</strong></span> <span class='ocrx_word' id='word_1_380' title='bbox 3227 910 3414 977; x_wconf 90' lang='lat' dir='ltr'><strong>unius</strong></span> 
     </span>
     <span class='ocr_line' id='line_1_64' title="bbox 1824 997 3412 1086; baseline 0.001 -25"><span class='ocrx_word' id='word_1_381' title='bbox 1824 1005 1911 1061; x_wconf 82' lang='lat' dir='ltr'><strong>&#39;ex</strong></span> <span class='ocrx_word' id='word_1_382' title='bbox 1944 998 2455 1082; x_wconf 80' lang='lat' dir='ltr'><strong>Apostolicarum.</strong></span> <span class='ocrx_word' id='word_1_383' title='bbox 2474 997 3035 1072; x_wconf 83' lang='lat' dir='ltr'><strong>caeremoniarum</strong></span> <span class='ocrx_word' id='word_1_384' title='bbox 3083 999 3412 1086; x_wconf 75' lang='lat' dir='ltr'><strong>MagistriS,</strong></span> 
     </span>
     <span class='ocr_line' id='line_1_65' title="bbox 1832 1085 3391 1169; baseline 0.005 -23"><span class='ocrx_word' id='word_1_385' title='bbox 1832 1085 2356 1169; x_wconf 84' lang='lat' dir='ltr'><strong>respondendum</strong></span> <span class='ocrx_word' id='word_1_386' title='bbox 2408 1087 2706 1151; x_wconf 85' lang='lat' dir='ltr'><strong>censuit:</strong></span> <span class='ocrx_word' id='word_1_387' title='bbox 3383 1099 3391 1108; x_wconf 85' lang='lat'><em>&#39;</em></span> 
     </span>
    </p>

    <p class='ocr_par' dir='ltr' id='par_1_17' title="bbox 1825 1173 3411 1589">
     <span class='ocr_line' id='line_1_66' title="bbox 1963 1173 3410 1260; baseline 0.002 -24"><span class='ocrx_word' id='word_1_388' title='bbox 1963 1173 2055 1239; x_wconf 77' lang='lat' dir='ltr'><strong>Ad</strong></span> <span class='ocrx_word' id='word_1_389' title='bbox 2109 1177 2167 1238; x_wconf 82' lang='lat' dir='ltr'><strong>t.</strong></span> <span class='ocrx_word' id='word_1_390' title='bbox 2217 1194 2254 1235; x_wconf 65' lang='grc' dir='ltr'><strong><em>ι</em></strong></span> <span class='ocrx_word' id='word_1_391' title='bbox 2287 1173 2635 1258; x_wconf 80' lang='lat' dir='ltr'><strong>Regulares</strong></span> <span class='ocrx_word' id='word_1_392' title='bbox 2681 1174 2994 1260; x_wconf 77' lang='lat' dir='ltr'><strong>degentes</strong></span> <span class='ocrx_word' id='word_1_393' title='bbox 3041 1176 3106 1240; x_wconf 87' lang='lat' dir='ltr'><strong>in</strong></span> <span class='ocrx_word' id='word_1_394' title='bbox 3143 1175 3410 1242; x_wconf 88' lang='lat' dir='ltr'><strong>civitate</strong></span> 
     </span>
     <span class='ocr_line' id='line_1_67' title="bbox 1829 1261 3411 1332; baseline 0.003 -10"><span class='ocrx_word' id='word_1_395' title='bbox 1829 1269 2133 1325; x_wconf 90' lang='lat' dir='ltr'><strong>tenentur</strong></span> <span class='ocrx_word' id='word_1_396' title='bbox 2201 1261 2276 1326; x_wconf 90' lang='lat' dir='ltr'><strong>ad</strong></span> <span class='ocrx_word' id='word_1_397' title='bbox 2345 1261 2630 1332; x_wconf 84' lang='lat' dir='ltr'><strong>Officium</strong></span> <span class='ocrx_word' id='word_1_398' title='bbox 2672 1261 3121 1328; x_wconf 55' lang='lat' dir='ltr'><strong>medicationis</strong></span> <span class='ocrx_word' id='word_1_399' title='bbox 3182 1262 3411 1328; x_wconf 86' lang='lat' dir='ltr'><strong>cathe-</strong></span> 
     </span>
     <span class='ocr_line' id='line_1_68' title="bbox 1828 1346 3409 1433; baseline 0.003 -23"><span class='ocrx_word' id='word_1_400' title='bbox 1828 1346 2059 1424; x_wconf 86' lang='lat' dir='ltr'><strong>dralis;</strong></span> <span class='ocrx_word' id='word_1_401' title='bbox 2112 1349 2423 1433; x_wconf 78' lang='lat' dir='ltr'><strong>degentes</strong></span> <span class='ocrx_word' id='word_1_402' title='bbox 2469 1368 2622 1413; x_wconf 90' lang='lat' dir='ltr'><strong>vero</strong></span> <span class='ocrx_word' id='word_1_403' title='bbox 2672 1365 2846 1415; x_wconf 80' lang='lat' dir='ltr'><strong>extra</strong></span> <span class='ocrx_word' id='word_1_404' title='bbox 2905 1351 3235 1416; x_wconf 74' lang='lat' dir='ltr'><strong>Civitatem</strong></span> <span class='ocrx_word' id='word_1_405' title='bbox 3282 1368 3409 1415; x_wconf 89' lang='lat' dir='ltr'><strong>non</strong></span> 
     </span>
     <span class='ocr_line' id='line_1_69' title="bbox 1832 1435 3408 1520; baseline 0.002 -22"><span class='ocrx_word' id='word_1_406' title='bbox 1832 1444 2158 1513; x_wconf 86' lang='lat' dir='ltr'><strong>tenentur,</strong></span> <span class='ocrx_word' id='word_1_407' title='bbox 2208 1454 2420 1520; x_wconf 87' lang='lat' dir='ltr'><strong>neque</strong></span> <span class='ocrx_word' id='word_1_408' title='bbox 2477 1436 2553 1502; x_wconf 91' lang='lat' dir='ltr'><strong>ad</strong></span> <span class='ocrx_word' id='word_1_409' title='bbox 2602 1437 3039 1504; x_wconf 87' lang='lat' dir='ltr'><strong>recitationem</strong></span> <span class='ocrx_word' id='word_1_410' title='bbox 3092 1437 3290 1504; x_wconf 88' lang='lat' dir='ltr'><strong>Officii</strong></span> <span class='ocrx_word' id='word_1_411' title='bbox 3346 1435 3408 1501; x_wconf 92' lang='lat' dir='ltr'><strong>in</strong></span> 
     </span>
     <span class='ocr_line' id='line_1_70' title="bbox 1825 1521 2303 1589; baseline 0.002 -2"><span class='ocrx_word' id='word_1_412' title='bbox 1825 1521 1946 1587; x_wconf 87' lang='lat' dir='ltr'><strong>die·</strong></span> <span class='ocrx_word' id='word_1_413' title='bbox 1980 1522 2141 1587; x_wconf 74' lang='lat' dir='ltr'><strong>festo</strong></span> <span class='ocrx_word' id='word_1_414' title='bbox 2174 1544 2237 1589; x_wconf 79' lang='lat'><strong>».</strong></span> <span class='ocrx_word' id='word_1_415' title='bbox 2297 1527 2303 1532; x_wconf 80' lang='grc'><strong><em>’</em></strong></span> 
     </span>
    </p>

    <p class='ocr_par' dir='ltr' id='par_1_18' title="bbox 1824 1603 3412 2027">
     <span class='ocr_line' id='line_1_71' title="bbox 1931 1603 3410 1698; baseline 0.003 -25"><span class='ocrx_word' id='word_1_416' title='bbox 1931 1609 2053 1676; x_wconf 77' lang='lat' dir='ltr'><strong>&#39;Ad</strong></span> <span class='ocrx_word' id='word_1_417' title='bbox 2101 1616 2163 1676; x_wconf 77' lang='lat'><strong>2.</strong></span> <span class='ocrx_word' id='word_1_418' title='bbox 2217 1633 2254 1672; x_wconf 79' lang='lat'><strong>‹</strong></span> <span class='ocrx_word' id='word_1_419' title='bbox 2287 1612 2499 1688; x_wconf 86' lang='lat' dir='ltr'><strong>Quoad</strong></span> <span class='ocrx_word' id='word_1_420' title='bbox 2564 1611 2834 1698; x_wconf 89' lang='lat' dir='ltr'><strong>primam</strong></span> <span class='ocrx_word' id='word_1_421' title='bbox 2881 1603 3168 1686; x_wconf 84' lang='lat' dir='ltr'><strong>eiusdem</strong></span> <span class='ocrx_word' id='word_1_422' title='bbox 3232 1612 3410 1678; x_wconf 87' lang='lat' dir='ltr'><strong>dubii</strong></span> 
     </span>
     <span class='ocr_line' id='line_1_72' title="bbox 1824 1698 3412 1787; baseline 0.003 -27"><span class='ocrx_word' id='word_1_423' title='bbox 1824 1712 2096 1782; x_wconf 88' lang='lat' dir='ltr'><strong>partem,</strong></span> <span class='ocrx_word' id='word_1_424' title='bbox 2131 1698 2416 1764; x_wconf 88' lang='lat' dir='ltr'><strong>Officium</strong></span> <span class='ocrx_word' id='word_1_425' title='bbox 2454 1718 2591 1764; x_wconf 89' lang='lat' dir='ltr'><strong>esse</strong></span> <span class='ocrx_word' id='word_1_426' title='bbox 2628 1698 3138 1767; x_wconf 79' lang='lat' dir='ltr'><strong>transferendum</strong></span> <span class='ocrx_word' id='word_1_427' title='bbox 3172 1702 3248 1766; x_wconf 87' lang='lat' dir='ltr'><strong>ad</strong></span> <span class='ocrx_word' id='word_1_428' title='bbox 3280 1702 3412 1787; x_wconf 89' lang='lat' dir='ltr'><strong>pri-</strong></span> 
     </span>
     <span class='ocr_line' id='line_1_73' title="bbox 1824 1786 3408 1872; baseline 0.003 -23"><span class='ocrx_word' id='word_1_429' title='bbox 1824 1802 1987 1852; x_wconf 81' lang='lat' dir='ltr'><strong>mani</strong></span> <span class='ocrx_word' id='word_1_430' title='bbox 2054 1787 2223 1851; x_wconf 91' lang='lat' dir='ltr'><strong>diem</strong></span> <span class='ocrx_word' id='word_1_431' title='bbox 2272 1805 2399 1851; x_wconf 91' lang='lat' dir='ltr'><strong>non</strong></span> <span class='ocrx_word' id='word_1_432' title='bbox 2452 1786 2862 1872; x_wconf 80' lang='lat' dir='ltr'><strong>impeditam3</strong></span> <span class='ocrx_word' id='word_1_433' title='bbox 2906 1789 3129 1864; x_wconf 85' lang='lat' dir='ltr'><strong>&#39;Quoad</strong></span> <span class='ocrx_word' id='word_1_434' title='bbox 3183 1808 3408 1854; x_wconf 89' lang='lat' dir='ltr'><strong>secun·</strong></span> 
     </span>
     <span class='ocr_line' id='line_1_74' title="bbox 1825 1873 3410 1961; baseline 0.001 -22"><span class='ocrx_word' id='word_1_435' title='bbox 1825 1874 1993 1956; x_wconf 90' lang='lat' dir='ltr'><strong>dam,</strong></span> <span class='ocrx_word' id='word_1_436' title='bbox 2045 1883 2341 1937; x_wconf 83' lang='lat' dir='ltr'><strong>servetur</strong></span> <span class='ocrx_word' id='word_1_437' title='bbox 2385 1873 2653 1939; x_wconf 83' lang='lat' dir='ltr'><strong>Rubrica</strong></span> <span class='ocrx_word' id='word_1_438' title='bbox 2702 1878 2756 1940; x_wconf 85' lang='lat' dir='ltr'>X</span> <span class='ocrx_word' id='word_1_439' title='bbox 2803 1875 3103 1940; x_wconf 86' lang='lat' dir='ltr'><strong>Breviarii</strong></span> <span class='ocrx_word' id='word_1_440' title='bbox 3136 1876 3410 1961; x_wconf 34' lang='lat' dir='ltr'><strong>,Romani</strong></span> 
     </span>
     <span class='ocr_line' id='line_1_75' title="bbox 1824 1961 2881 2027; baseline 0.001 -1"><span class='ocrx_word' id='word_1_441' title='bbox 1824 1961 1903 2026; x_wconf 88' lang='lat' dir='ltr'><strong>de</strong></span> <span class='ocrx_word' id='word_1_442' title='bbox 1951 1961 2406 2027; x_wconf 74' lang='lat' dir='ltr'><strong>concurrentia</strong></span> <span class='ocrx_word' id='word_1_443' title='bbox 2455 1966 2788 2027; x_wconf 84' lang='lat' dir='ltr'><strong>Festorum</strong></span> <span class='ocrx_word' id='word_1_444' title='bbox 2815 1983 2881 2027; x_wconf 78' lang='lat'><strong>».</strong></span> 
     </span>
    </p>

    <p class='ocr_par' dir='ltr' id='par_1_19' title="bbox 1821 2048 3410 2380">
     <span class='ocr_line' id='line_1_76' title="bbox 1953 2048 3410 2137; baseline 0.001 -23"><span class='ocrx_word' id='word_1_445' title='bbox 1953 2049 2048 2114; x_wconf 80' lang='lat' dir='ltr'><strong>Ad</strong></span> <span class='ocrx_word' id='word_1_446' title='bbox 2099 2053 2162 2115; x_wconf 84' lang='grc'><strong>3.</strong></span> <span class='ocrx_word' id='word_1_447' title='bbox 2219 2070 2256 2111; x_wconf 83' lang='lat'>‹</span> <span class='ocrx_word' id='word_1_448' title='bbox 2290 2052 2356 2113; x_wconf 85' lang='lat' dir='ltr'><strong>ln</strong></span> <span class='ocrx_word' id='word_1_449' title='bbox 2404 2048 2600 2124; x_wconf 79' lang='lat' dir='ltr'><strong>Altari</strong></span> <span class='ocrx_word' id='word_1_450' title='bbox 2665 2048 2769 2115; x_wconf 90' lang='lat' dir='ltr'><strong>ubi</strong></span> <span class='ocrx_word' id='word_1_451' title='bbox 2836 2062 2932 2115; x_wconf 89' lang='lat' dir='ltr'><strong>est</strong></span> <span class='ocrx_word' id='word_1_452' title='bbox 2994 2049 3253 2137; x_wconf 87' lang='lat' dir='ltr'><strong>publice</strong></span> <span class='ocrx_word' id='word_1_453' title='bbox 3301 2069 3410 2116; x_wconf 86' lang='lat' dir='ltr'><strong>ex-</strong></span> 
     </span>
     <span class='ocr_line' id='line_1_77' title="bbox 1821 2136 3409 2221; baseline 0.003 -21"><span class='ocrx_word' id='word_1_454' title='bbox 1821 2136 2099 2221; x_wconf 86' lang='lat' dir='ltr'><strong>positum</strong></span> <span class='ocrx_word' id='word_1_455' title='bbox 2150 2138 2409 2202; x_wconf 80' lang='lat' dir='ltr'><strong>SSmum</strong></span> <span class='ocrx_word' id='word_1_456' title='bbox 2457 2140 2964 2220; x_wconf 85' lang='lat' dir='ltr'><strong>Sacramentum,</strong></span> <span class='ocrx_word' id='word_1_457' title='bbox 3012 2139 3062 2202; x_wconf 90' lang='lat' dir='ltr'><strong>si</strong></span> <span class='ocrx_word' id='word_1_458' title='bbox 3120 2139 3409 2205; x_wconf 90' lang='lat' dir='ltr'><strong>celebre-</strong></span> 
     </span>
     <span class='ocr_line' id='line_1_78' title="bbox 1823 2219 3407 2319; baseline 0.004 -33"><span class='ocrx_word' id='word_1_459' title='bbox 1823 2237 1929 2287; x_wconf 85' lang='lat' dir='ltr'><strong>tur</strong></span> <span class='ocrx_word' id='word_1_460' title='bbox 1973 2223 2150 2288; x_wconf 79' lang='lat' dir='ltr'><strong>Missa</strong></span> <span class='ocrx_word' id='word_1_461' title='bbox 2198 2222 2352 2319; x_wconf 70' lang='lat' dir='ltr'><strong>diei,</strong></span> <span class='ocrx_word' id='word_1_462' title='bbox 2403 2219 2712 2289; x_wconf 85' lang='lat' dir='ltr'><strong>celebrari</strong></span> <span class='ocrx_word' id='word_1_463' title='bbox 2768 2223 2963 2291; x_wconf 88' lang='lat' dir='ltr'><strong>debet</strong></span> <span class='ocrx_word' id='word_1_464' title='bbox 3024 2245 3172 2293; x_wconf 92' lang='lat' dir='ltr'><strong>cum</strong></span> <span class='ocrx_word' id='word_1_465' title='bbox 3237 2246 3407 2314; x_wconf 83' lang='lat' dir='ltr'><strong>para-</strong></span> 
     </span>
     <span class='ocr_line' id='line_1_79' title="bbox 1821 2310 3403 2380; baseline 0.003 -5"><span class='ocrx_word' id='word_1_466' title='bbox 1821 2311 2279 2376; x_wconf 72' lang='lat' dir='ltr'><strong>mentisFesto</strong></span> <span class='ocrx_word' id='word_1_467' title='bbox 2335 2331 2450 2376; x_wconf 89' lang='lat' dir='ltr'><strong>seu</strong></span> <span class='ocrx_word' id='word_1_468' title='bbox 2506 2310 2720 2377; x_wconf 87' lang='lat' dir='ltr'><strong>Officio</strong></span> <span class='ocrx_word' id='word_1_469' title='bbox 2776 2311 3303 2380; x_wconf 82' lang='lat' dir='ltr'><strong>convenientibus</strong></span> <span class='ocrx_word' id='word_1_470' title='bbox 3337 2337 3403 2380; x_wconf 63' lang='grc' dir='ltr'><strong>ι.</strong></span> 
     </span>
    </p>

    <p class='ocr_par' dir='ltr' id='par_1_20' title="bbox 1818 2393 3408 2727">
     <span class='ocr_line' id='line_1_80' title="bbox 1879 2393 3408 2485; baseline 0.001 -22"><span class='ocrx_word' id='word_1_471' title='bbox 1879 2393 1884 2398; x_wconf 84' lang='grc'><strong>’</strong></span> <span class='ocrx_word' id='word_1_472' title='bbox 1949 2398 2045 2463; x_wconf 82' lang='lat' dir='ltr'><strong>Ad</strong></span> <span class='ocrx_word' id='word_1_473' title='bbox 2082 2402 2144 2464; x_wconf 74' lang='lat'><strong>4.</strong></span> <span class='ocrx_word' id='word_1_474' title='bbox 2176 2420 2213 2461; x_wconf 65' lang='grc' dir='ltr'><strong><em>ι</em></strong></span> <span class='ocrx_word' id='word_1_475' title='bbox 2236 2397 2613 2465; x_wconf 84' lang='lat' dir='ltr'><strong>Officium-S.</strong></span> <span class='ocrx_word' id='word_1_476' title='bbox 2646 2400 3009 2485; x_wconf 86' lang='lat' dir='ltr'><strong>Sepulchri,</strong></span> <span class='ocrx_word' id='word_1_477' title='bbox 3036 2401 3085 2465; x_wconf 89' lang='lat' dir='ltr'><strong>si</strong></span> <span class='ocrx_word' id='word_1_478' title='bbox 3119 2412 3408 2467; x_wconf 90' lang='lat' dir='ltr'><strong>occurrat</strong></span> 
     </span>
     <span class='ocr_line' id='line_1_81' title="bbox 1819 2487 3405 2569; baseline 0.001 -17"><span class='ocrx_word' id='word_1_479' title='bbox 1819 2505 1963 2552; x_wconf 88' lang='lat' dir='ltr'><strong>cum</strong></span> <span class='ocrx_word' id='word_1_480' title='bbox 2012 2489 2198 2551; x_wconf 83' lang='lat' dir='ltr'><strong>Festo</strong></span> <span class='ocrx_word' id='word_1_481' title='bbox 2244 2487 2485 2552; x_wconf 85' lang='lat' dir='ltr'><strong>altioris</strong></span> <span class='ocrx_word' id='word_1_482' title='bbox 2532 2488 2711 2569; x_wconf 84' lang='lat' dir='ltr'><strong>ritus,</strong></span> <span class='ocrx_word' id='word_1_483' title='bbox 2757 2507 2880 2553; x_wconf 90' lang='lat' dir='ltr'><strong>non</strong></span> <span class='ocrx_word' id='word_1_484' title='bbox 2932 2491 3053 2553; x_wconf 89' lang='lat' dir='ltr'><strong>erit</strong></span> <span class='ocrx_word' id='word_1_485' title='bbox 3100 2490 3175 2555; x_wconf 88' lang='lat' dir='ltr'><strong>ad</strong></span> <span class='ocrx_word' id='word_1_486' title='bbox 3221 2488 3405 2554; x_wconf 82' lang='lat' dir='ltr'><strong>aliam</strong></span> 
     </span>
     <span class='ocr_line' id='line_1_82' title="bbox 1818 2573 3407 2663; baseline 0 -23"><span class='ocrx_word' id='word_1_487' title='bbox 1818 2573 2205 2646; x_wconf 87' lang='lat' dir='ltr'><strong>Dominicam</strong></span> <span class='ocrx_word' id='word_1_488' title='bbox 2230 2573 2767 2658; x_wconf 77' lang='lat' dir='ltr'><strong>transferendum,</strong></span> <span class='ocrx_word' id='word_1_489' title='bbox 2794 2576 2907 2641; x_wconf 85' lang='lat' dir='ltr'><strong>sed</strong></span> <span class='ocrx_word' id='word_1_490' title='bbox 2933 2596 3190 2663; x_wconf 88' lang='lat' dir='ltr'><strong>prorsus</strong></span> <span class='ocrx_word' id='word_1_491' title='bbox 3222 2578 3407 2641; x_wconf 88' lang='lat' dir='ltr'><strong>omit·</strong></span> 
     </span>
     <span class='ocr_line' id='line_1_83' title="bbox 1824 2664 2192 2727; baseline -0.005 -1"><span class='ocrx_word' id='word_1_492' title='bbox 1824 2664 2092 2727; x_wconf 85' lang='lat' dir='ltr'><strong>tendum</strong></span> <span class='ocrx_word' id='word_1_493' title='bbox 2130 2685 2192 2725; x_wconf 78' lang='lat'><strong>».</strong></span> 
     </span>
    </p>

    <p class='ocr_par' dir='ltr' id='par_1_21' title="bbox 1813 2750 3406 3187">
     <span class='ocr_line' id='line_1_84' title="bbox 1948 2750 3405 2830; baseline 0.003 -17"><span class='ocrx_word' id='word_1_494' title='bbox 1948 2750 2041 2814; x_wconf 80' lang='lat' dir='ltr'><strong>Ad</strong></span> <span class='ocrx_word' id='word_1_495' title='bbox 2072 2754 2156 2818; x_wconf 56' lang='grc' dir='ltr'><strong>«ὅ.</strong></span> <span class='ocrx_word' id='word_1_496' title='bbox 2208 2752 2495 2816; x_wconf 71' lang='lat' dir='ltr'><strong>«Missae</strong></span> <span class='ocrx_word' id='word_1_497' title='bbox 2549 2753 2806 2830; x_wconf 79' lang='lat' dir='ltr'><strong>Rorato,</strong></span> <span class='ocrx_word' id='word_1_498' title='bbox 2861 2751 2978 2817; x_wconf 86' lang='lat' dir='ltr'><strong>etsi</strong></span> <span class='ocrx_word' id='word_1_499' title='bbox 3028 2752 3405 2818; x_wconf 85' lang='lat' dir='ltr'><strong>solemniter</strong></span> 
     </span>
     <span class='ocr_line' id='line_1_85' title="bbox 1814 2837 3405 2923; baseline 0.003 -20"><span class='ocrx_word' id='word_1_500' title='bbox 1814 2837 2196 2912; x_wconf 84' lang='lat' dir='ltr'><strong>decantetur</strong></span> <span class='ocrx_word' id='word_1_501' title='bbox 2243 2838 2305 2902; x_wconf 92' lang='lat' dir='ltr'><strong>in</strong></span> <span class='ocrx_word' id='word_1_502' title='bbox 2354 2839 2676 2923; x_wconf 76' lang='lat' dir='ltr'><strong>Adventu,</strong></span> <span class='ocrx_word' id='word_1_503' title='bbox 2726 2858 2852 2904; x_wconf 93' lang='lat' dir='ltr'><strong>non</strong></span> <span class='ocrx_word' id='word_1_504' title='bbox 2904 2850 2998 2904; x_wconf 87' lang='lat' dir='ltr'><strong>est</strong></span> <span class='ocrx_word' id='word_1_505' title='bbox 3047 2852 3258 2906; x_wconf 85' lang='lat' dir='ltr'><strong>tamen</strong></span> <span class='ocrx_word' id='word_1_506' title='bbox 3307 2861 3405 2906; x_wconf 92' lang='lat' dir='ltr'><strong>re-</strong></span> 
     </span>
     <span class='ocr_line' id='line_1_86' title="bbox 1817 2925 3406 3016; baseline 0.002 -26"><span class='ocrx_word' id='word_1_507' title='bbox 1817 2925 2133 2991; x_wconf 87' lang='lat' dir='ltr'><strong>censenda</strong></span> <span class='ocrx_word' id='word_1_508' title='bbox 2182 2925 2347 2990; x_wconf 90' lang='lat' dir='ltr'><strong>inter</strong></span> <span class='ocrx_word' id='word_1_509' title='bbox 2397 2927 2601 2991; x_wconf 78' lang='lat' dir='ltr'><strong>Missas</strong></span> <span class='ocrx_word' id='word_1_510' title='bbox 2648 2927 2887 2991; x_wconf 86' lang='lat' dir='ltr'><strong>votivas</strong></span> <span class='ocrx_word' id='word_1_511' title='bbox 2948 2944 3065 3013; x_wconf 89' lang='lat' dir='ltr'><strong>pro</strong></span> <span class='ocrx_word' id='word_1_512' title='bbox 3113 2948 3182 2995; x_wconf 88' lang='lat' dir='ltr'><strong>re</strong></span> <span class='ocrx_word' id='word_1_513' title='bbox 3230 2927 3406 3016; x_wconf 77' lang='lat' dir='ltr'><strong>gravi</strong></span> 
     </span>
     <span class='ocr_line' id='line_1_87' title="bbox 1813 3013 3404 3099; baseline 0.004 -24"><span class='ocrx_word' id='word_1_514' title='bbox 1813 3015 1917 3078; x_wconf 88' lang='lat' dir='ltr'><strong>vel</strong></span> <span class='ocrx_word' id='word_1_515' title='bbox 1957 3032 2071 3099; x_wconf 90' lang='lat' dir='ltr'><strong>pro</strong></span> <span class='ocrx_word' id='word_1_516' title='bbox 2106 3013 2355 3099; x_wconf 83' lang='lat' dir='ltr'><strong>publica</strong></span> <span class='ocrx_word' id='word_1_517' title='bbox 2391 3029 2611 3089; x_wconf 85' lang='lat' dir='ltr'><strong>causa;</strong></span> <span class='ocrx_word' id='word_1_518' title='bbox 2658 3016 2769 3081; x_wconf 87' lang='lat' dir='ltr'><strong>sed</strong></span> <span class='ocrx_word' id='word_1_519' title='bbox 2824 3014 3041 3081; x_wconf 84' lang='lat' dir='ltr'><strong>baberi</strong></span> <span class='ocrx_word' id='word_1_520' title='bbox 3077 3018 3404 3082; x_wconf 80' lang='lat' dir='ltr'><strong>dumtaxat</strong></span> 
     </span>
     <span class='ocr_line' id='line_1_88' title="bbox 1815 3099 3159 3187; baseline 0.004 -23"><span class='ocrx_word' id='word_1_521' title='bbox 1815 3099 2080 3186; x_wconf 87' lang='lat' dir='ltr'><strong>poterit&#39;,</strong></span> <span class='ocrx_word' id='word_1_522' title='bbox 2134 3112 2202 3166; x_wconf 90' lang='lat' dir='ltr'><strong>ut</strong></span> <span class='ocrx_word' id='word_1_523' title='bbox 2250 3120 2423 3166; x_wconf 89' lang='lat' dir='ltr'><strong>mera</strong></span> <span class='ocrx_word' id='word_1_524' title='bbox 2472 3103 2691 3187; x_wconf 90' lang='lat' dir='ltr'><strong>populi</strong></span> <span class='ocrx_word' id='word_1_525' title='bbox 2744 3102 3004 3167; x_wconf 77' lang='lat' dir='ltr'><strong>devotio</strong></span> <span class='ocrx_word' id='word_1_526' title='bbox 3040 3126 3104 3169; x_wconf 63' lang='grc' dir='ltr'><strong>ν.</strong></span> <span class='ocrx_word' id='word_1_527' title='bbox 3154 3108 3159 3113; x_wconf 84' lang='grc'><em>’</em></span> 
     </span>
    </p>

    <p class='ocr_par' dir='ltr' id='par_1_22' title="bbox 1813 3182 3405 3627">
     <span class='ocr_line' id='line_1_89' title="bbox 1921 3182 3401 3258; baseline 0.002 -7"><span class='ocrx_word' id='word_1_528' title='bbox 1921 3188 2043 3253; x_wconf 82' lang='lat' dir='ltr'><strong>-Ad</strong></span> <span class='ocrx_word' id='word_1_529' title='bbox 2096 3194 2162 3255; x_wconf 89' lang='grc'><strong>6.</strong></span> <span class='ocrx_word' id='word_1_530' title='bbox 2218 3206 2256 3251; x_wconf 62' lang='grc' dir='ltr'><strong><em>α</em></strong></span> <span class='ocrx_word' id='word_1_531' title='bbox 2292 3191 2427 3255; x_wconf 90' lang='lat' dir='ltr'><strong>Non</strong></span> <span class='ocrx_word' id='word_1_532' title='bbox 2493 3199 2641 3253; x_wconf 86' lang='lat' dir='ltr'><strong>sunt</strong></span> <span class='ocrx_word' id='word_1_533' title='bbox 2698 3182 3027 3256; x_wconf 81' lang='lat' dir='ltr'><strong>violandae</strong></span> <span class='ocrx_word' id='word_1_534' title='bbox 3091 3190 3401 3258; x_wconf 80' lang='lat' dir='ltr'><strong>Rubricae</strong></span> 
     </span>
     <span class='ocr_line' id='line_1_90' title="bbox 1816 3275 3405 3365; baseline 0.003 -27"><span class='ocrx_word' id='word_1_535' title='bbox 1816 3275 2261 3362; x_wconf 88' lang='lat' dir='ltr'><strong>imperitorum</strong></span> <span class='ocrx_word' id='word_1_536' title='bbox 2297 3279 2600 3352; x_wconf 84' lang='lat' dir='ltr'><strong>laicorum</strong></span> <span class='ocrx_word' id='word_1_537' title='bbox 2640 3292 2861 3353; x_wconf 86' lang='lat' dir='ltr'><strong>causa;</strong></span> <span class='ocrx_word' id='word_1_538' title='bbox 2899 3288 2963 3342; x_wconf 87' lang='lat' dir='ltr'><strong>et</strong></span> <span class='ocrx_word' id='word_1_539' title='bbox 2994 3277 3143 3359; x_wconf 74' lang='lat' dir='ltr'><strong>ideo</strong></span> <span class='ocrx_word' id='word_1_540' title='bbox 3178 3290 3405 3365; x_wconf 90' lang='lat' dir='ltr'><strong>peten-</strong></span> 
     </span>
     <span class='ocr_line' id='line_1_91' title="bbox 1813 3363 3396 3452; baseline 0.002 -26"><span class='ocrx_word' id='word_1_541' title='bbox 1813 3363 1981 3428; x_wconf 87' lang='lat' dir='ltr'><strong>tibus</strong></span> <span class='ocrx_word' id='word_1_542' title='bbox 2031 3364 2271 3432; x_wconf 83' lang='lat' dir='ltr'><strong>Missam</strong></span> <span class='ocrx_word' id='word_1_543' title='bbox 2322 3366 2600 3428; x_wconf 87' lang='lat' dir='ltr'><strong>votivam</strong></span> <span class='ocrx_word' id='word_1_544' title='bbox 2654 3365 2737 3430; x_wconf 90' lang='lat' dir='ltr'><strong>de</strong></span> <span class='ocrx_word' id='word_1_545' title='bbox 2788 3365 3235 3452; x_wconf 80' lang='lat' dir='ltr'><strong>Assumptione</strong></span> <span class='ocrx_word' id='word_1_546' title='bbox 3268 3376 3396 3430; x_wconf 85' lang='lat' dir='ltr'><strong>etc.</strong></span> 
     </span>
     <span class='ocr_line' id='line_1_92' title="bbox 1814 3452 3401 3533; baseline 0 -18"><span class='ocrx_word' id='word_1_547' title='bbox 1814 3452 1924 3515; x_wconf 87' lang='lat' dir='ltr'><strong>fiet</strong></span> <span class='ocrx_word' id='word_1_548' title='bbox 1970 3452 2143 3533; x_wconf 87' lang='lat' dir='ltr'><strong>satis,</strong></span> <span class='ocrx_word' id='word_1_549' title='bbox 2181 3452 2563 3517; x_wconf 85' lang='lat' dir='ltr'><strong>celebrando</strong></span> <span class='ocrx_word' id='word_1_550' title='bbox 2596 3471 2785 3518; x_wconf 83' lang='lat' dir='ltr'><strong>unam</strong></span> <span class='ocrx_word' id='word_1_551' title='bbox 2819 3469 2901 3518; x_wconf 76' lang='lat' dir='ltr'><strong>ex</strong></span> <span class='ocrx_word' id='word_1_552' title='bbox 2934 3453 3131 3517; x_wconf 78' lang='lat' dir='ltr'><strong>Missis</strong></span> <span class='ocrx_word' id='word_1_553' title='bbox 3171 3454 3401 3520; x_wconf 84' lang='lat' dir='ltr'><strong>votivis</strong></span> 
     </span>
     <span class='ocr_line' id='line_1_93' title="bbox 1813 3540 3292 3627; baseline 0.001 -23"><span class='ocrx_word' id='word_1_554' title='bbox 1813 3544 1880 3604; x_wconf 91' lang='lat' dir='ltr'><strong>B.</strong></span> <span class='ocrx_word' id='word_1_555' title='bbox 1923 3543 2022 3604; x_wconf 75' lang='lat' dir='ltr'><strong>M..</strong></span> <span class='ocrx_word' id='word_1_556' title='bbox 2048 3542 2120 3604; x_wconf 86' lang='lat' dir='ltr'><strong>V.</strong></span> <span class='ocrx_word' id='word_1_557' title='bbox 2162 3541 2333 3605; x_wconf 80' lang='lat' dir='ltr'><strong>iuxta</strong></span> <span class='ocrx_word' id='word_1_558' title='bbox 2380 3541 2689 3627; x_wconf 87' lang='lat' dir='ltr'><strong>temporis</strong></span> <span class='ocrx_word' id='word_1_559' title='bbox 2734 3540 3201 3606; x_wconf 73' lang='lat' dir='ltr'><strong>occur-rentiam</strong></span> <span class='ocrx_word' id='word_1_560' title='bbox 3228 3563 3292 3606; x_wconf 79' lang='lat'><strong>».</strong></span> 
     </span>
    </p>

    <p class='ocr_par' dir='ltr' id='par_1_23' title="bbox 1808 3628 3399 4061">
     <span class='ocr_line' id='line_1_94' title="bbox 1945 3628 3398 3710; baseline 0.001 -19"><span class='ocrx_word' id='word_1_561' title='bbox 1945 3629 2037 3693; x_wconf 79' lang='lat' dir='ltr'><strong>Ad</strong></span> <span class='ocrx_word' id='word_1_562' title='bbox 2091 3632 2153 3691; x_wconf 89' lang='grc'><strong>7.</strong></span> <span class='ocrx_word' id='word_1_563' title='bbox 2207 3651 2244 3692; x_wconf 81' lang='lat'>‹</span> <span class='ocrx_word' id='word_1_564' title='bbox 2281 3628 2594 3693; x_wconf 69' lang='lat' dir='ltr'><strong>ln-Hissis</strong></span> <span class='ocrx_word' id='word_1_565' title='bbox 2664 3628 2893 3695; x_wconf 86' lang='lat' dir='ltr'><strong>votivis</strong></span> <span class='ocrx_word' id='word_1_566' title='bbox 2961 3628 3398 3710; x_wconf 89' lang='lat' dir='ltr'><strong>solemnibus,</strong></span> 
     </span>
     <span class='ocr_line' id='line_1_95' title="bbox 1809 3715 3399 3801; baseline 0.001 -20"><span class='ocrx_word' id='word_1_567' title='bbox 1809 3734 1977 3800; x_wconf 87' lang='lat' dir='ltr'><strong>quae</strong></span> <span class='ocrx_word' id='word_1_568' title='bbox 2020 3716 2433 3781; x_wconf 87' lang='lat' dir='ltr'><strong>celebrentur</strong></span> <span class='ocrx_word' id='word_1_569' title='bbox 2464 3734 2579 3800; x_wconf 90' lang='lat' dir='ltr'><strong>pro</strong></span> <span class='ocrx_word' id='word_1_570' title='bbox 2618 3734 2684 3780; x_wconf 90' lang='lat' dir='ltr'><strong>re</strong></span> <span class='ocrx_word' id='word_1_571' title='bbox 2718 3717 2893 3801; x_wconf 83' lang='lat' dir='ltr'><strong>gravi</strong></span> <span class='ocrx_word' id='word_1_572' title='bbox 2926 3716 3026 3780; x_wconf 91' lang='lat' dir='ltr'><strong>vel</strong></span> <span class='ocrx_word' id='word_1_573' title='bbox 3067 3715 3146 3780; x_wconf 91' lang='lat' dir='ltr'><strong>ob</strong></span> <span class='ocrx_word' id='word_1_574' title='bbox 3179 3737 3399 3783; x_wconf 89' lang='lat' dir='ltr'><strong>occur-</strong></span> 
     </span>
     <span class='ocr_line' id='line_1_96' title="bbox 1808 3804 3398 3875; baseline 0.003 -9"><span class='ocrx_word' id='word_1_575' title='bbox 1808 3823 1946 3875; x_wconf 88' lang='lat' dir='ltr'><strong>sum</strong></span> <span class='ocrx_word' id='word_1_576' title='bbox 2003 3804 2164 3869; x_wconf 79' lang='lat' dir='ltr'><strong>Festi</strong></span> <span class='ocrx_word' id='word_1_577' title='bbox 2212 3807 2514 3868; x_wconf 83' lang='lat' dir='ltr'><strong>solemnis</strong></span> <span class='ocrx_word' id='word_1_578' title='bbox 2565 3805 2625 3870; x_wconf 90' lang='lat' dir='ltr'><strong>in</strong></span> <span class='ocrx_word' id='word_1_579' title='bbox 2673 3806 2855 3869; x_wconf 89' lang='lat' dir='ltr'><strong>aliam</strong></span> <span class='ocrx_word' id='word_1_580' title='bbox 2914 3804 3083 3870; x_wconf 90' lang='lat' dir='ltr'><strong>diem</strong></span> <span class='ocrx_word' id='word_1_581' title='bbox 3139 3808 3398 3871; x_wconf 79' lang='lat' dir='ltr'><strong>transfe-</strong></span> 
     </span>
     <span class='ocr_line' id='line_1_97' title="bbox 1809 3892 3393 3977; baseline 0 -22"><span class='ocrx_word' id='word_1_582' title='bbox 1809 3893 2034 3974; x_wconf 89' lang='lat' dir='ltr'><strong>rendi,</strong></span> <span class='ocrx_word' id='word_1_583' title='bbox 2100 3892 2218 3957; x_wconf 90' lang='lat' dir='ltr'><strong>etsi</strong></span> <span class='ocrx_word' id='word_1_584' title='bbox 2278 3894 2458 3956; x_wconf 87' lang='lat' dir='ltr'><strong>unica</strong></span> <span class='ocrx_word' id='word_1_585' title='bbox 2506 3904 2761 3958; x_wconf 74' lang='lat' dir='ltr'><strong>tantum</strong></span> <span class='ocrx_word' id='word_1_586' title='bbox 2835 3903 3119 3957; x_wconf 87' lang='lat' dir='ltr'><strong>cantatur</strong></span> <span class='ocrx_word' id='word_1_587' title='bbox 3176 3892 3393 3977; x_wconf 75' lang='lat' dir='ltr'><strong>Missa,</strong></span> 
     </span>
     <span class='ocr_line' id='line_1_98' title="bbox 1813 3979 3097 4061; baseline 0 -16"><span class='ocrx_word' id='word_1_588' title='bbox 1813 3982 1991 4046; x_wconf 88' lang='lat' dir='ltr'><strong>unica</strong></span> <span class='ocrx_word' id='word_1_589' title='bbox 2041 3988 2285 4044; x_wconf 87' lang='lat' dir='ltr'><strong>tantum</strong></span> <span class='ocrx_word' id='word_1_590' title='bbox 2329 3979 2537 4046; x_wconf 85' lang='lat' dir='ltr'><strong>Oratio</strong></span> <span class='ocrx_word' id='word_1_591' title='bbox 2585 3980 2855 4047; x_wconf 90' lang='lat' dir='ltr'><strong>dicenda</strong></span> <span class='ocrx_word' id='word_1_592' title='bbox 2904 3992 3097 4061; x_wconf 80' lang='lat' dir='ltr'><strong>est».</strong></span> 
     </span>
    </p>

    <p class='ocr_par' dir='ltr' id='par_1_24' title="bbox 1808 4067 3395 4486">
     <span class='ocr_line' id='line_1_99' title="bbox 1940 4067 3395 4156; baseline -0.001 -22"><span class='ocrx_word' id='word_1_593' title='bbox 1940 4069 2035 4134; x_wconf 73' lang='lat' dir='ltr'><strong>Ad</strong></span> <span class='ocrx_word' id='word_1_594' title='bbox 2086 4071 2149 4132; x_wconf 88' lang='lat'><strong>8.</strong></span> <span class='ocrx_word' id='word_1_595' title='bbox 2197 4090 2234 4131; x_wconf 65' lang='grc' dir='ltr'><strong><em>ι</em></strong></span> <span class='ocrx_word' id='word_1_596' title='bbox 2270 4070 2399 4134; x_wconf 81' lang='lat' dir='ltr'><strong>Una</strong></span> <span class='ocrx_word' id='word_1_597' title='bbox 2430 4068 2533 4132; x_wconf 82' lang='lat' dir='ltr'><strong>vel</strong></span> <span class='ocrx_word' id='word_1_598' title='bbox 2558 4067 2763 4131; x_wconf 81' lang='lat' dir='ltr'><strong>altera</strong></span> <span class='ocrx_word' id='word_1_599' title='bbox 2796 4070 2967 4133; x_wconf 82' lang='lat' dir='ltr'><strong>Missa</strong></span> <span class='ocrx_word' id='word_1_600' title='bbox 3001 4067 3123 4133; x_wconf 89' lang='lat' dir='ltr'><strong>dici</strong></span> <span class='ocrx_word' id='word_1_601' title='bbox 3161 4069 3395 4156; x_wconf 88' lang='lat' dir='ltr'><strong>poterit</strong></span> 
     </span>
     <span class='ocr_line' id='line_1_100' title="bbox 1813 4155 3393 4241; baseline -0.001 -19"><span class='ocrx_word' id='word_1_602' title='bbox 1813 4158 1874 4222; x_wconf 90' lang='lat' dir='ltr'><strong>in</strong></span> <span class='ocrx_word' id='word_1_603' title='bbox 1921 4157 2253 4241; x_wconf 88' lang='lat' dir='ltr'><strong>sepultura</strong></span> <span class='ocrx_word' id='word_1_604' title='bbox 2313 4155 2794 4221; x_wconf 86' lang='lat' dir='ltr'><strong>cadaveris-vel</strong></span> <span class='ocrx_word' id='word_1_605' title='bbox 2857 4158 2919 4225; x_wconf 90' lang='lat' dir='ltr'><strong>in</strong></span> <span class='ocrx_word' id='word_1_606' title='bbox 2968 4156 3393 4222; x_wconf 79' lang='lat' dir='ltr'><strong>anniversario</strong></span> 
     </span>
     <span class='ocr_line' id='line_1_101' title="bbox 1808 4243 3392 4330; baseline -0.001 -21"><span class='ocrx_word' id='word_1_607' title='bbox 1808 4263 1924 4330; x_wconf 92' lang='lat' dir='ltr'><strong>pro</strong></span> <span class='ocrx_word' id='word_1_608' title='bbox 1973 4243 2314 4310; x_wconf 81' lang='lat' dir='ltr'><strong>Sacerdote</strong></span> <span class='ocrx_word' id='word_1_609' title='bbox 2363 4244 3102 4325; x_wconf 68' lang='lat' dir='ltr'><strong>defuncto,‚dummodo</strong></span> <span class='ocrx_word' id='word_1_610' title='bbox 3147 4262 3266 4329; x_wconf 82' lang='lat' dir='ltr'><strong>pro</strong></span> <span class='ocrx_word' id='word_1_611' title='bbox 3316 4265 3392 4308; x_wconf 86' lang='lat' dir='ltr'><strong>eo</strong></span> 
     </span>
     <span class='ocr_line' id='line_1_102' title="bbox 1808 4332 3394 4415; baseline -0.002 -16"><span class='ocrx_word' id='word_1_612' title='bbox 1808 4333 2064 4399; x_wconf 81' lang='lat' dir='ltr'><strong>Oratio:</strong></span> <span class='ocrx_word' id='word_1_613' title='bbox 2116 4333 2304 4410; x_wconf 69' lang='lat' dir='ltr'><strong>Deus,</strong></span> <span class='ocrx_word' id='word_1_614' title='bbox 2356 4334 2473 4413; x_wconf 79' lang='lat' dir='ltr'><strong>qui</strong></span> <span class='ocrx_word' id='word_1_615' title='bbox 2522 4335 2694 4415; x_wconf 74' lang='lat' dir='ltr'><strong>iuter</strong></span> <span class='ocrx_word' id='word_1_616' title='bbox 2739 4332 3120 4414; x_wconf 70' lang='lat' dir='ltr'><strong>Apo-:colicos</strong></span> <span class='ocrx_word' id='word_1_617' title='bbox 3168 4333 3394 4397; x_wconf 77' lang='lat' dir='ltr'><strong>Sacer-</strong></span> 
     </span>
     <span class='ocr_line' id='line_1_103' title="bbox 1808 4419 2972 4486; baseline -0.003 0"><span class='ocrx_word' id='word_1_618' title='bbox 1808 4422 1977 4486; x_wconf 77' lang='lat' dir='ltr'><strong>dotes</strong></span> <span class='ocrx_word' id='word_1_619' title='bbox 2025 4431 2143 4484; x_wconf 81' lang='lat' dir='ltr'><strong>etc.</strong></span> <span class='ocrx_word' id='word_1_620' title='bbox 2198 4421 2454 4483; x_wconf 91' lang='lat' dir='ltr'><strong>omnino</strong></span> <span class='ocrx_word' id='word_1_621' title='bbox 2503 4419 2875 4485; x_wconf 87' lang='lat' dir='ltr'><strong>adhibeatur</strong></span> <span class='ocrx_word' id='word_1_622' title='bbox 2911 4443 2972 4482; x_wconf 65' lang='grc' dir='ltr'><strong>ν.</strong></span> 
     </span>
    </p>

    <p class='ocr_par' dir='ltr' id='par_1_25' title="bbox 1944 4506 3384 4573">
     <span class='ocr_line' id='line_1_104' title="bbox 1944 4506 3384 4573; baseline 0.001 -1"><span class='ocrx_word' id='word_1_623' title='bbox 1944 4511 2020 4572; x_wconf 81' lang='lat' dir='ltr'><strong>Et</strong></span> <span class='ocrx_word' id='word_1_624' title='bbox 2070 4511 2151 4571; x_wconf 86' lang='lat' dir='ltr'><strong>ita</strong></span> <span class='ocrx_word' id='word_1_625' title='bbox 2199 4506 2563 4573; x_wconf 88' lang='lat' dir='ltr'><strong>declaravit.</strong></span> <span class='ocrx_word' id='word_1_626' title='bbox 2618 4507 2730 4571; x_wconf 90' lang='lat' dir='ltr'><strong>Die</strong></span> <span class='ocrx_word' id='word_1_627' title='bbox 2778 4508 2861 4573; x_wconf 74' lang='lat'><strong>29</strong></span> <span class='ocrx_word' id='word_1_628' title='bbox 2893 4506 3153 4571; x_wconf 82' lang='lat' dir='ltr'><strong>ianuarii</strong></span> <span class='ocrx_word' id='word_1_629' title='bbox 3193 4511 3384 4573; x_wconf 72' lang='lat'><strong>1752.</strong></span> 
     </span>
    </p>
   </div>
   <div class='ocr_carea' id='block_1_11' title="bbox 1816 4618 3389 4733">
    <p class='ocr_par' dir='ltr' id='par_1_26' title="bbox 1816 4618 3389 4733">
     <span class='ocr_line' id='line_1_105' title="bbox 1816 4618 3389 4733; baseline -0.003 -15"><span class='ocrx_word' id='word_1_630' title='bbox 1816 4649 2062 4718; x_wconf 76' lang='lat'><strong>2418.</strong></span> <span class='ocrx_word' id='word_1_631' title='bbox 2370 4618 2839 4714; x_wconf 68' lang='lat' dir='ltr'><strong>URfflNATEN.</strong></span> <span class='ocrx_word' id='word_1_632' title='bbox 3163 4647 3389 4733; x_wconf 72' lang='lat'>(4224)</span> 
     </span>
    </p>
   </div>
   <div class='ocr_carea' id='block_1_12' title="bbox 1805 4768 3391 5294">
    <p class='ocr_par' dir='ltr' id='par_1_27' title="bbox 1805 4768 3391 5294">
     <span class='ocr_line' id='line_1_106' title="bbox 1943 4768 3387 4838; baseline -0.002 0"><span class='ocrx_word' id='word_1_633' title='bbox 1943 4773 2036 4838; x_wconf 86' lang='lat' dir='ltr'><strong>Ad</strong></span> <span class='ocrx_word' id='word_1_634' title='bbox 2086 4772 2512 4837; x_wconf 88' lang='lat' dir='ltr'><strong>removendos</strong></span> <span class='ocrx_word' id='word_1_635' title='bbox 2543 4769 2882 4837; x_wconf 86' lang='lat' dir='ltr'><strong>nonnullos</strong></span> <span class='ocrx_word' id='word_1_636' title='bbox 2913 4768 3143 4835; x_wconf 86' lang='lat' dir='ltr'><strong>abusus</strong></span> <span class='ocrx_word' id='word_1_637' title='bbox 3177 4769 3237 4833; x_wconf 92' lang='lat' dir='ltr'><strong>in</strong></span> <span class='ocrx_word' id='word_1_638' title='bbox 3277 4777 3387 4835; x_wconf 79' lang='lat' dir='ltr'><strong>Ec-</strong></span> 
     </span>
     <span class='ocr_line' id='line_1_107' title="bbox 1809 4858 3386 4944; baseline -0.001 -20"><span class='ocrx_word' id='word_1_639' title='bbox 1809 4861 1993 4925; x_wconf 88' lang='lat' dir='ltr'><strong>clesia</strong></span> <span class='ocrx_word' id='word_1_640' title='bbox 2047 4859 2522 4944; x_wconf 69' lang='lat' dir='ltr'><strong>metropolitana</strong></span> <span class='ocrx_word' id='word_1_641' title='bbox 2577 4858 2941 4923; x_wconf 87' lang='lat' dir='ltr'><strong>Urbinaten.</strong></span> <span class='ocrx_word' id='word_1_642' title='bbox 2993 4859 3156 4922; x_wconf 86' lang='lat' dir='ltr'><strong>circa</strong></span> <span class='ocrx_word' id='word_1_643' title='bbox 3206 4877 3386 4923; x_wconf 87' lang='lat' dir='ltr'><strong>usum</strong></span> 
     </span>
     <span class='ocr_line' id='line_1_108' title="bbox 1809 4944 3391 5031; baseline -0.001 -19"><span class='ocrx_word' id='word_1_644' title='bbox 1809 4945 2263 5013; x_wconf 74' lang='lat' dir='ltr'><strong>pontificalium</strong></span> <span class='ocrx_word' id='word_1_645' title='bbox 2314 4944 2657 5011; x_wconf 82' lang='lat' dir='ltr'><strong>aliarumve</strong></span> <span class='ocrx_word' id='word_1_646' title='bbox 2706 4945 3287 5031; x_wconf 82' lang='lat' dir='ltr'><strong>praerogativarum</strong></span> <span class='ocrx_word' id='word_1_647' title='bbox 3326 4966 3391 5011; x_wconf 92' lang='lat' dir='ltr'><strong>e-</strong></span> 
     </span>
     <span class='ocr_line' id='line_1_109' title="bbox 1809 5033 3387 5118; baseline 0 -21"><span class='ocrx_word' id='word_1_648' title='bbox 1809 5036 2177 5114; x_wconf 83' lang='lat' dir='ltr'><strong>xercitium,</strong></span> <span class='ocrx_word' id='word_1_649' title='bbox 2212 5052 2365 5118; x_wconf 78' lang='lat' dir='ltr'><strong>quas</strong></span> <span class='ocrx_word' id='word_1_650' title='bbox 2411 5033 2756 5117; x_wconf 80' lang='lat' dir='ltr'><strong>Dignitates</strong></span> <span class='ocrx_word' id='word_1_651' title='bbox 2805 5043 2868 5096; x_wconf 90' lang='lat' dir='ltr'><strong>et</strong></span> <span class='ocrx_word' id='word_1_652' title='bbox 2899 5033 3191 5098; x_wconf 87' lang='lat' dir='ltr'><strong>canonici</strong></span> <span class='ocrx_word' id='word_1_653' title='bbox 3224 5034 3387 5099; x_wconf 83' lang='lat' dir='ltr'><strong>ultra</strong></span> 
     </span>
     <span class='ocr_line' id='line_1_110' title="bbox 1805 5121 3388 5187; baseline -0.001 0"><span class='ocrx_word' id='word_1_654' title='bbox 1805 5121 2109 5187; x_wconf 82' lang='lat' dir='ltr'><strong>Pontificii</strong></span> <span class='ocrx_word' id='word_1_655' title='bbox 2158 5121 2383 5186; x_wconf 81' lang='lat' dir='ltr'><strong>Brevis</strong></span> <span class='ocrx_word' id='word_1_656' title='bbox 2419 5140 2469 5184; x_wconf 88' lang='lat' dir='ltr'><strong>s.</strong></span> <span class='ocrx_word' id='word_1_657' title='bbox 2512 5140 2597 5186; x_wconf 91' lang='lat' dir='ltr'><strong>m.</strong></span> <span class='ocrx_word' id='word_1_658' title='bbox 2638 5122 2959 5186; x_wconf 85' lang='lat' dir='ltr'><strong>Benedicti</strong></span> <span class='ocrx_word' id='word_1_659' title='bbox 2995 5124 3129 5187; x_wconf 82' lang='lat' dir='ltr'><strong>Xlll</strong></span> <span class='ocrx_word' id='word_1_660' title='bbox 3165 5121 3388 5186; x_wconf 88' lang='lat' dir='ltr'><strong>limita-</strong></span> 
     </span>
     <span class='ocr_line' id='line_1_111' title="bbox 1807 5209 3389 5294; baseline -0.001 -21"><span class='ocrx_word' id='word_1_661' title='bbox 1807 5210 2043 5275; x_wconf 89' lang='lat' dir='ltr'><strong>tionem</strong></span> <span class='ocrx_word' id='word_1_662' title='bbox 2090 5209 2205 5273; x_wconf 89' lang='lat' dir='ltr'><strong>sibi</strong></span> <span class='ocrx_word' id='word_1_663' title='bbox 2255 5209 2538 5274; x_wconf 85' lang='lat' dir='ltr'><strong>indebite</strong></span> <span class='ocrx_word' id='word_1_664' title='bbox 2574 5210 2987 5294; x_wconf 80' lang='lat' dir='ltr'><strong>arrogabant;</strong></span> <span class='ocrx_word' id='word_1_665' title='bbox 3039 5209 3389 5275; x_wconf 87' lang='lat' dir='ltr'><strong>hodiernus</strong></span> 
     </span>
    </p>
   </div>
  </div>
 </body>
</html>
