4042 5950
2076 225 2492 302 ..88-

655 385 965 452 bricarum
1039 384 1324 450 Officium
1398 384 1850 450 defunctorum
1922 393 1986 448 et
2056 381 2230 447 Missa

656 471 1102 539 Conventualis
1161 473 1245 538 de
1305 471 1615 557 Requiem
1680 489 1808 535 non
1875 470 1998 535 sint
2058 469 2228 535 cele-

659 561 912 640 branda,
960 559 1244 626 Officium
1294 571 1357 624 et
1405 562 1581 626 Missa
1637 558 1998 625 huiusmodi
2045 556 2227 630 difle-

656 649 852 713 renda
895 647 1021 713 sint
1066 648 1142 713 ad
1189 647 1370 712 aliam
1417 646 1589 713 diem
1636 667 1762 712 non
1811 643 2231 732 impeditam?

731 787 736 795 .
785 739 863 801 Et
911 739 975 801 S.
1010 738 1083 800 Β.
1124 737 1227 817 C.,
1276 734 1494 800 audito
1538 733 1713 819 prius
1746 744 1893 798 voto
1929 731 2113 797 unius
2146 750 2225 796 ex

655 823 957 908 magistris
1023 822 1623 904 caeremoniarum,
1688 821 1936 886 censuit
2007 817 2225 885 rescri-

655 909 973 976 bendum:
1044 930 1081 972 «
1114 910 1541 992 Affirmative,
1591 910 1764 974 iuxta
1821 906 2123 973 Rubi-icas
2158 929 2220 970 s.

655 1001 732 1061 Et
779 998 861 1062 ita
905 997 1270 1063 declaravit.
1322 998 1432 1062 Die
1480 1001 1562 1062 27
1613 995 1809 1062 Martii
1863 998 2052 1061 1745.

653 1172 896 1239 2381.
1295 1172 1573 1239 Asrnu.
1996 1169 2218 1252 (ates)

784 1354 848 1413 ln
906 1368 1083 1413 causa
1139 1349 1361 1412 Asten.
1426 1355 1716 1412 vertente
1774 1346 1940 1411 inter
1991 1348 2221 1410 Rfi'ium

653 1436 1038 1522 Episcopum
1082 1437 1296 1500 Asten.
1351 1446 1414 1500 et
1461 1433 1872 1500 Beneficiatos
1903 1432 2221 1498 Ecclesiae

651 1523 1038 1590 Catbedralis
1082 1542 1277 1607 super
1321 1520 1640 1605 obsequiis
1689 1540 1803 1607 per
1861 1520 2064 1585 dictos
2112 1523 2223 1583 Be·

652 1609 975 1676 neficiatos
1021 1610 1408 1694 praestandis
1466 1608 1638 1673 dicto
1704 1611 1862 1673 Rmo
1909 1612 1957 1672 E
2008 1608 2223 1693 iscopo

650 1697 1026 1763 Pontificatia
1091 1696 1418 1761 exercenti
1462 1705 1569 1761 aut
1623 1695 1964 1760 Pontificali
2012 1714 2085 1759 us
2130 1713 2223 1757 as-

647 1784 931 1865 sistenti,
981 1783 1306 1868 proposito
1367 1785 1430 1850 in
1476 1787 1544 1849 S.
1591 1787 1666 1849 Β.
1701 1784 1771 1848 C.
1822 1783 1940 1848 sub
1987 1781 2091 1848 die
2139 1783 2219 1844 27

649 1871 845 1944 Martii
884 1875 1074 1954 1745,
1104 1869 1426 1937 referente
1463 1876 1617 1936 Emo
1649 1883 1715 1935 et
1744 1873 1904 1936 Βῶο
1930 1873 2000 1935 D.
2030 1868 2216 1936 Card.

648 1959 931 2042 'l'anario,
983 1957 1384 2043 infrascripto
1431 1958 1666 2025 dubio:
2162 1995 2173 2012 ·

777 2047 872 2110 An
919 2045 1277 2112 Beneficiati
1339 2046 1658 2111 Ecclesiae
1704 2044 2098 2112 cathedralis
2140 2047 2221 2108 A·

644 2145 808 2199 sten.
861 2131 1244 2218 pluvialibus
1285 2132 1553 2218 aliisque
1597 2133 1786 2197 sacris
1841 2131 2222 2219 paramentis

647 2218 876 2304 induti,
911 2219 1377 2287 Pontificalibus
1415 2220 1842 2287 functionibus
1873 2217 2222 2284 inservien-

648 2319 765 2389 tes,
819 2307 1256 2391 genuflectere
1319 2318 1655 2374 teneantur
1708 2308 1901 2373 Altari
1960 2319 2025 2370 et
2075 2305 2221 2391 Epi-

644 2414 836 2492 scopo
864 2395 1244 2461 Pontificalia
1277 2393 1603 2460 exercenti
1626 2406 1733 2460 aut
1757 2391 2220 2459 Pontificalibus

643 2481 985 2564 assistenti,
1030 2482 1281 2567 quoties
1329 2491 1658 2547 transeunt
1704 2492 1848 2546 ante
1893 2480 2108 2545 Altare
2156 2489 2261 2542 et⁴

645 2567 1052 2654 Episcopum,
1101 2570 1234 2633 sive
1281 2571 1358 2643 ad
1405 2569 1576 2635 idem
1622 2569 1936 2634 accedunt
1980 2569 2085 2633 vel
2121 2584 2219 2631 re-

645 2652 935 2721 cedunt?
979 2660 1043 2721 S.
1080 2659 1154 2721 R.
1190 2659 1293 2739 C.‚
1344 2655 1626 2755 partibus
1669 2654 1918 2743 scriptis
1967 2667 2033 2721 et
2066 2672 2221 2719 voce

643 2741 1122 2810 informantibus
1167 2743 1419 2825 auditis,
1455 2742 1814 2829 rescripsit:
1865 2764 1902 2806 (
1936 2741 2217 2809 Affirma-

645 2829 811 2913 tive;
865 2830 1034 2894 iuxta
1079 2830 1345 2896 formam
1396 2830 1842 2918 praescriptam
1893 2834 1954 2896 in
1993 2834 2217 2896 Caere·

645 2916 899 2982 moniali
950 2918 1406 3007 Episcoporum
1441 2941 1503 2983 »-

770 3008 1184 3095 Reproposita
1214 3007 1450 3074 deinde
1483 3027 1660 3074 causa
1692 3008 1766 3073 ab
1798 3009 2030 3074 eodem
2063 3010 2217 3073 Emo

643 3096 947 3179 Ponente,
997 3096 1072 3162 ad
1124 3096 1476 3162 instantiam
1525 3096 1846 3161 dictorum
1878 3093 2218 3162 Beneficia-

643 3194 853 3247 torum
900 3183 1202 3250 adversus
1234 3182 1575 3271 praelatam
1616 3184 2075 3250 resolutionem
2110 3202 2219 3271 pe-

645 3270 917 3336 tentium
961 3291 1185 3337 novam
1233 3271 1662 3350 audientiam;

769 3363 837 3424 S.
888 3358 1110 3424 eadem
1160 3362 1232 3424 R.
1270 3362 1340 3424 C.
1392 3358 1876 3426 rescribendum
1925 3360 2212 3426 censuit:

640 3467 677 3509 α
711 3447 873 3512 Nihil
923 3448 1003 3511 de
1051 3466 1208 3511 nova
1255 3447 1573 3512 audientia
1607 3472 1668 3512 ».
1739 3451 1816 3512 Et
1861 3449 1944 3513 ita
1990 3449 2212 3513 decre·

641 3532 752 3598 vit.
809 3533 916 3599 Die
970 3538 1046 3599 15
1093 3534 1228 3599 Maii
1277 3537 1470 3601 1745.

640 3709 891 3777 2382.
1283 3710 1557 3775 ASTEN.
1689 3662 1696 3663 i
1981 3712 2209 3799 (4169)

767 3883 1204 3950 Renuentibus
1273 3883 1664 3950 Beneficiatis
1735 3888 2052 3953 Ecclesiae
2098 3893 2211 3955 Ca-

638 3970 942 4036 'tbedralis
1007 3973 1223 4036 Asten.
1296 3976 1344 4037 E
1398 3971 1611 4059 iscopo
1679 3973 2081 4058 pontificalia,
2150 3988 2213 4040 et

636 4058 995 4142 respective
1064 4058 1356 4144 Dignitati
1408 4079 1478 4124 us
1527 4070 1589 4123 et
1634 4061 1959 4127 Canonicis
2005 4063 2211 4128 eccle-

633 4144 904 4211 siasticas
963 4145 1319 4214 functiones
1380 4148 1825 4214 exercentibus
1893 4149 2206 4233 assistere,

635 4232 974 4320 habitoque
1023 4254 1139 4322 per
1186 4236 1448 4301 eosdem
1497 4253 1757 4301 recursu
1803 4236 1877 4303 ad
1935 4236 2094 4302 hanc
2140 4242 2203 4304 S.

633 4324 708 4411 Ra.
749 4325 853 4405 C.‚
903 4324 1097 4388 Emus
1142 4337 1207 4390 et
1240 4327 1433 4389 Rmus
1464 4327 1644 4389 Dom.
1678 4325 1862 4390 Card.
1909 4326 2209 4392 -Tanarius

632 4411 877 4475 Ponens
921 4410 1315 4498 infrascripta
1361 4410 1555 4478 dubia
1601 4410 1770 4477 inter
1809 4425 2017 4499 partes
2063 4432 2210 4479 con-

634 4498 885 4564 cordata
931 4498 1306 4566 declaranda
1351 4499 1712 4597 proposuit,
1760 4518 2030 4587 nempe:

769 4590 828 4651 1.
879 4590 973 4653 An
1018 4586 1380 4654 Beneficiati
1427 4586 1747 4652 Ecclesiae
1816 4588 2209 4654 cathedralis

507 4670 512 4677 ’
633 4676 851 4739 Asten.
902 4675 965 4740 in
1023 4674 1453 4742 functionibus
1521 4672 1983 4742 Pontifi'calibus
2043 4676 2208 4742 sole·

633 4760 1004 4846 mnioribus,
1053 4764 1303 4849 quando
1349 4762 1592 4828 scilicet
1639 4764 1986 4849 Episcopus
2041 4766 2234 4833 cele-.

633 4849 768 4915 brat
815 4849 1054 4916 Missam
1110 4851 1552 4931 =Pontificalem
1611 4854 1710 4917 vel
1769 4853 1843 4918 ad
1895 4855 2203 4939 vesperas

630 4934 916 5001 Officium
949 4938 1092 5003 facit
1122 4950 1229 5004 aut
1262 4938 1606 5005 intervenit
1638 4940 2027 5008 solemnibus
2061 4945 2203 5007 Pro-

633 5024 1046 5106 cessionibus,
1093 5035 1160 5090 et
1205 5026 1526 5111 signanter
1572 5027 1697 5093 illis
1746 5031 1918 5096 SSflii
1966 5033 2201 5117 Corpo-

632 5109 717 5174 ris
784 5109 1012 5175 Christi
1061 5125 1126 5177 et
1175 5114 1630 5198 Assumptionis
1688 5119 1756 5181 B.
1809 5122 1888 5182 M.
1943 5120 2060 5201 V.‚
2111 5131 2201 5183 te-

632 5208 900 5264 neantur
946 5198 1236 5264 assistere
1281 5203 1594 5267 Canonico
1621 5205 1870 5269 Cantori
1920 5218 1984 5271 et
2020 5224 2201 5271 exer·

633 5301 777 5351 cere
825 5303 1053 5353 munus
1100 5285 1577 5357 choristamm?

2463 384 2530 445 2.
2579 381 2673 444 An
2722 377 2840 464 ipsi
2885 374 3247 442 Beneficiati
3294 374 3359 439 in
3403 373 3535 440 aliis
3570 374 3903 441 functioni-

2331 470 2447 533 bus
2477 466 2941 532 Pontificalibus
2973 463 3181 528 minus
3204 462 3631 543 solemnibus,
3660 465 3903 547 quando
3992 491 3993 496 ¹

2330 574 2565 642 nempe
2612 557 2959 640 Episcopus
3005 551 3235 616 assistit
3280 549 3475 615 Missis
3506 562 3579 616 et
3614 550 3905 636 Vesper-is

2329 642 2717 709 solemnibus
2762 662 2794 704 a
2840 639 3155 724 nignitate
3203 637 3305 703 vel
3353 638 3680 704 Canonico
3752 640 3905 703 cele-

2330 727 2519 795 bratis
2545 780 2562 814 ,
2611 730 2900 796 assistere
2947 737 3285 794 teneantur
3333 725 3545 792 eidem
3598 725 3907 792 Canonico

2329 818 2610 901 Cantori,
2638 828 2701 883 et
2735 834 3043 882 exercere
3066 814 3465 900 praedictum
3498 832 3748 879 munus
3764 812 3911 878 Cho-

2328 905 2649 987 ristarum,
2698 903 2948 970 Diaconi
2995 922 3062 968 ac
3111 897 3486 968 Subiaconi?

2460 997 2524 1060 3.
2574 997 2669 1059 An
2700 992 2895 1058 iidem
2926 989 3288 1056 Beneficiati
3317 989 3613 1055 assistere
3664 1001 3912 1053 tenean-

2330 1092 2433 1146 tur
2476 1080 2650 1146 dicto
2678 1079 2988 1146 canonico
3021 1078 3271 1144 Cantori
3319 1089 3387 1143 et
3431 1076 3715 1164 explere
3748 1075 3911 1140 idem

2327 1186 2559 1234 munus
2602 1166 3057 1249 Cboristarum‚
3107 1164 3358 1232 Diaconi
3397 1184 3469 1229 ac
3498 1162 3910 1243 subdiaconi,

2330 1266 2454 1320 tam
2501 1255 2566 1321 in
2611 1254 2796 1321 dictis
2826 1252 3329 1320 Processionibus
3375 1270 3564 1338 quam
3602 1252 3674 1316 in
3723 1248 3915 1314 Missis

2326 1343 2742 1425 solemnibuS,
2791 1341 3105 1428 Episcopo
3174 1342 3459 1422 absente,
3507 1360 3541 1403 a
3588 1336 3913 1403 Canonico

2325 1431 2429 1496 vel
2477 1430 2788 1518 nignitate
2838 1428 3213 1508 celebratis;
3260 1447 3383 1493 nec
3428 1445 3553 1492 non
3606 1425 3811 1490 etiam
3858 1424 3911 1488 in

2327 1518 2616 1584 omnibus
2642 1529 2705 1583 et
2727 1517 2991 1604 singulis
3016 1515 3211 1581 Missis
3234 1513 3797 1584 conventualibus
3819 1530 3915 1576 ce-

2327 1607 2609 1690 terisque
2654 1606 2789 1671 aliis
2834 1624 2996 1690 quae
3043 1624 3075 1666 a
3118 1603 3471 1685 canonicis,
3506 1602 3709 1668 etiam
3741 1609 3913 1664 extra

2326 1695 2672 1760 Ecclesiam
2738 1691 3223 1775 Catbedralem,
3292 1689 3679 1756 solemniter
3751 1690 3913 1752 cele-

2329 1779 2642 1848 brantur?

2459 1873 2536 1933 Et
2598 1872 2661 1936 S.
2707 1873 2780 1934 Β.
2822 1872 2925 1952 C.‚
2974 1878 3244 1952 utraque
3312 1867 3493 1953 parte
3537 1863 3806 1951 scriptis
3851 1873 3910 1925 et

2326 1976 2482 2022 voce
2529 1956 2903 2022 informante
2934 1956 3143 2021 audita
3176 1953 3449 2038 visisque
3482 1952 3737 2019 iuribus
3768 1949 3907 2016 hinc

2323 2043 2475 2109 inde
2525 2044 2816 2110 deductis
2847 2090 2864 2124 ,
2912 2044 2989 2108 ad
3035 2042 3409 2108 relationem
3454 2038 3726 2126 praelati
3780 2037 3910 2102 Emi

2322 2131 2640 2214 Ponentis,
2695 2130 3173 2196 rescribendum
3217 2127 3501 2194 censuit:
3542 2149 3582 2192 ι
3618 2127 3905 2193 Affirma-

2328 2218 2451 2284 tive
2501 2220 2565 2284 in
2602 2218 2894 2285 omnibus
2920 2239 2981 2284 ν.
3018 2221 3099 2283 Ει
3129 2216 3213 2282 ita
3244 2216 3534 2282 decrevit
3565 2236 3639 2281 ac
3669 2211 3905 2278 servari

2324 2306 2667 2373 mandavit.
2719 2307 2828 2371 Die
2883 2309 2960 2370 15
3006 2305 3140 2369 Maii
3195 2306 3386 2370 1745.

2325 2463 2582 2551 2383.
2942 2480 3275 2547 LUCANA.
3676 2474 3902 2562 (4170)

2451 2660 2542 2724 Ma
2594 2658 2746 2722 ister
2805 2654 3351 2722 caeremoniarum
3424 2656 3751 2721 Ecclesiae
3797 2656 3905 2718 Ca·

2323 2673 2629 2814 medialis
2673 2748 2957 2810 Lucanae
3005 2742 3365 2809 humillime
3413 2742 3577 2828 apud
3615 2746 3685 2809 S.
3722 2746 3799 2807 Β.
3832 2742 3896 2804 C.

2323 2833 2700 2920 supplicavit
2732 2853 2845 2919 pro
2878 2830 3303 2898 declaratione
3333 2831 3662 2915 sequentis
3694 2826 3901 2907 dubii,

2324 2940 2474 2987 nem
2527 2941 2602 2986 e:

2452 2942 2546 3075 Apu
2592 3010 2670 3074 sit
2720 3008 3068 3074 laudandus
3100 3007 3413 3072 Parochus
3457 3007 3565 3092 qui
3614 3006 3801 3072 Feria
3832 3006 3901 3068 Vl

2325 3098 2386 3165 in
2425 3101 2787 3179 Parasceve‚
2814 3097 2967 3164 dum
3000 3095 3208 3161 defert
3240 3096 3503 3160 SSmum
3531 3097 3901 3159 Sacramen-

2325 3198 2459 3251 tum
2504 3186 2580 3252 ad
2628 3186 2886 3261 domum
2933 3183 3026 3251 sui
3078 3180 3431 3271 parochiani
3473 3180 3734 3265 infirmi,
3784 3199 3899 3281 pro

2322 3274 2730 3340 ministrando
2779 3274 2835 3337 ei
2887 3271 3218 3354 viaticum,
3268 3289 3387 3358 per
3431 3271 3558 3336 vias
3613 3270 3900 3357 publicas

2320 3362 2543 3428 recitat
2588 3371 2923 3428 consuetos
2968 3360 3261 3441 Psalmos,
3309 3358 3423 3424 sed
3474 3359 3536 3424 in
3582 3358 3711 3426 fine
3763 3357 3895 3422 illo-

2321 3466 2464 3515 rum
2509 3450 2740 3514 omittit
2792 3447 2873 3528 y.
2927 3448 3148 3513 Gloria
3195 3449 3413 3526 Patri,
3460 3457 3524 3512 et
3571 3447 3895 3532 ingressus

2320 3536 2666 3603 Ecclesiam
2725 3535 2931 3601 statim
2992 3536 3245 3625 reponit
3289 3553 3528 3600 sacram
3586 3532 3891 3621 Pyxidem

2320 3636 2383 3689 et
2429 3624 2688 3691 dimittit
2734 3625 3046 3712 populum
3106 3622 3340 3707 absque
3398 3614 3895 3689 benedictione?

2450 3715 2526 3776 Et
2574 3716 2739 3780 S.R.
2776 3715 2875 3796 C.,
2911 3710 3124 3778 audito
3172 3712 3345 3795 prius
3395 3720 3542 3775 voto
3589 3706 3783 3775 unius
3814 3723 3887 3770 ex

2316 3801 2817 3886 Apostolicarum
2853 3798 3405 3866 caeremoniarum
3430 3796 3767 3883 Magistris,
3800 3813 3889 3860 re·

2318 3886 2723 3953 scribendum
2760 3887 3038 3954 censuit:
3083 3906 3120 3948 ι
3156 3888 3293 3953 Non
3326 3899 3421 3951 est
3451 3884 3889 3972 reprobandus

2314 3975 2649 4059 parochus,
2698 3973 2807 4060 qui
2855 3974 3069 4042 defert
3128 3976 3390 4041 SSflium
3439 3972 3751 4040 Viaticum
3803 3972 3889 4036 in-

2316 4062 2499 4129 firmo
2546 4064 2721 4128 Feria
2753 4066 2832 4130 vt
2878 4065 2939 4128 in
2988 4066 3344 4146 Parasceve,
3379 4060 3728 4129 dummodo
3764 4060 3888 4146 pri·

2313 4161 2455 4215 vate
2505 4161 2569 4214 et
2632 4152 2979 4233 submissa,
3028 4149 3313 4236 quinimo
3374 4147 3882 4226 submississima,

2314 4257 2473 4304 voce
2520 4239 2747 4304 recitet
2777 4239 3049 4304 Psalmos
3094 4248 3428 4303 consuetos
3461 4256 3579 4324 per
3608 4237 3740 4303 vias
3773 4255 3888 4323 pu-

2313 4327 2528 4409 blicas,
2582 4328 2821 4392 etiamsi
2872 4327 3036 4393 dicat
3084 4331 3151 4397 ir.
3206 4326 3428 4392 Gloria
3475 4329 3671 4392 Patri
3714 4336 3884 4401 etc„-

2313 4415 2456 4500 quia
2527 4414 2589 4479 in
2641 4416 2741 4479 tali
2791 4415 3250 4482 circumstantia
3312 4416 3475 4479 actio
3546 4414 3680 4479 talis
3724 4411 3881 4478 nibil

2314 4501 2501 4568 babet
2565 4501 2818 4568 rationis
2878 4522 3021 4569 cum
3086 4502 3513 4574 functionibus
3567 4500 3883 4567 Ecclesiae

2311 4591 2498 4656 buius
2543 4589 2714 4655 diei:
2750 4601 2814 4654 et
2847 4592 3380 4658 considerandum
3416 4600 3537 4672 est,
3569 4588 3741 4676 quod
3775 4589 3882 4655 de-

2312 4677 2465 4744 ferri
2511 4676 2704 4745 debet
2751 4697 2894 4742 cum
2944 4680 3112 4745 Stola
3171 4678 3291 4743 albi
3341 4678 3593 4760 coloris,
3655 4678 3714 4740 in
3761 4694 3880 4760 qua

2312 4766 2488 4831 Feria
2525 4764 2880 4851 supradicta
2912 4767 3088 4832 color
3118 4778 3628 4851 paramentorum
3661 4774 3760 4827 est
3789 4764 3877 4828 ni-

2310 4871 2425 4940 ger
2470 4874 2585 4942 pro
2632 4853 2949 4920 Ecclesiae
2997 4853 3456 4920 functionibus:
3511 4852 3782 4937 ideoque
3829 4849 3877 4914 si

2310 4941 2520 5008 defert
2552 4941 2842 5028 privatim
2871 4962 2986 5028 pro
3017 4943 3219 5029 aliqua
3253 4940 3650 5022 necessitate,
3678 4956 3878 5026 popu·

2311 5031 2440 5095 lum
2488 5032 2723 5115 absque
2774 5031 3222 5098 benedictione
3268 5029 3541 5097 dimittat
3588 5026 3763 5094 Faria
3802 5030 3874 5092 vt

2308 5118 2370 5183 in
2420 5122 2781 5202 Parasceve,
2832 5120 2974 5204 quia
3011 5122 3070 5185 in
3102 5119 3354 5205 publica
3412 5115 3691 5181 Ecclesia
3752 5131 3875 5178 non

2305 5205 2502 5270 debet
2548 5204 2900 5271 recondi».
2960 5212 3032 5273 Et
3080 5208 3156 5270 ita
3206 5201 3572 5273 declaravit.
3639 5200 3751 5267 Die
3801 5204 3874 5267 15

2306 5292 2438 5358 Maii
2494 5295 2688 5360 1745.
