4042 5950
2000 252 2476 332 ...456-

729 412 811 476 Et
869 411 1052 476 Sacra
1119 408 1381 476 Rituum
1438 409 1893 498 congregatio,
1951 428 2187 498 propo·

599 496 734 563 sitis
781 495 1012 581 dubiis,
1063 496 1234 563 iuxta
1282 497 1430 564 alias
1496 498 1781 582 decreta,
1832 497 2186 565 rescriben-

598 586 758 651 dum
802 585 1095 651 censuit:
1148 605 1186 648 ‹
1217 586 1524 673 Negative
1556 607 1623 651 ι.
1672 587 1881 673 Atque
1941 585 2025 652 ita
2087 605 2185 652 re·

600 672 853 762 scripsit
898 683 967 739 et
1009 673 1248 739 servari
1295 673 1639 741 mandavit.

734 759 847 827 Die
894 764 973 828 31
1022 759 1291 847 Augusti
1346 764 1540 829 1867.

604 901 854 971 3162.
1022 903 1778 970 SANCT1H1PPOLYT1.
1919 881 2187 989 ‘(sase)

734 1028 931 1090 Rmus
963 1027 1041 1090 D.
1067 1025 1294 1112 Ioseph
1319 1025 1571 1093 Fessler
1604 1025 1952 1112 Episcopus
1984 1027 2189 1094 Sancti

604 1111 933 1199 Hippolyti
979 1114 1202 1180 Sacrae
1247 1112 1509 1180 Rituum
1556 1113 2048 1202 congregationi
2094 1135 2191 1180 se-

602 1199 865 1353 quentia
912 1198 1105 1267 dubia
1152 1199 1444 1268 exhibuit
1498 1221 1617 1290 pro
1676 1212 2035 1290 opportuna
2091 1222 2190 1268 so-

633 1288 852 1354 utione
883 1310 900 1353 ι

740 1379 783 1442 l.
837 1376 1188 1464 Episcopus
1237 1375 1660 1444 visitationem
1726 1399 1880 1446 suae
1933 1378 2195 1445 Dioece-

603 1482 749 1529 seos
809 1464 1144 1530 instituens
1205 1466 1449 1565 reperit
1507 1467 1681 1551 quod
1742 1468 1804 1534 in
1863 1467 2193 1554 plerisque

615 1551 911 1618 Ecclesiis
956 1551 1423 1638 parochialibus
1455 1554 1666 1620 Altare
1699 1556 2049 1643 principale
2079 1574 2194 1621 seu

608 1638 807 1705 maius
853 1659 981 1707 non
1027 1638 1108 1705 sit
1152 1642 1367 1707 Altare
1417 1640 1640 1727 fixum,
1675 1644 1788 1711 sed
1840 1654 2085 1711 tantum
2119 1643 2194 1710 li·

609 1743 850 1812 gneum
883 1746 1029 1794 cum
1062 1730 1182 1793 Ara
1216 1727 1464 1815 lapidea
1492 1749 1606 1796 seu
1652 1732 1960 1817 portatili.
1994 1734 2194 1811 Quae-

608 1812 775 1879 ritur
817 1834 898 1881 an
942 1814 1111 1882 istud
1160 1816 1417 1882 tolerari
1466 1818 1716 1907 possit?

744 1905 817 1968 ΙΙ.
868 1903 1102 1969 Altaria
1149 1916 1365 1970 autem
1429 1906 1748 1992 portatilia
1807 1910 2196 1995 plerumque

610 1989 754 2056 talia
798 2001 975 2075 sunt,
1010 2002 1082 2057 ut
1129 2010 1211 2058 ex
1257 1992 1501 2060 duabus
1546 1995 1830 2080 partibus
1877 2007 2194 2082 constent,

610 2096 882 2164 quarum
927 2097 1071 2165 pars
1124 2080 1418 2169 superior
1484 2092 1582 2149 est
1639 2084 1792 2173 lapis
1818 2133 1835 2168 ,
1899 2105 2043 2172 pars
2105 2085 2199 2151 in-

612 2165 811 2233 ferior
856 2177 953 2234 est
1002 2167 1248 2254 lignum
1280 2217 1297 2252 ,
1348 2178 1413 2235 et
1459 2170 1628 2237 inter
1674 2171 1952 2260 lapidem
2012 2183 2078 2238 et
2125 2174 2198 2239 li·

612 2271 811 2340 gnum
857 2254 923 2322 in
968 2256 1243 2342 quodam
1307 2277 1585 2326 concavo
1642 2259 1910 2346 spatiolo
1956 2261 2197 2349 positae

612 2352 762 2408 sunt
806 2342 1139 2428 Reliquiae
1186 2348 1585 2429 Sanctorum,
1620 2366 1783 2433 quae
1811 2348 2087 2435 proinde
2119 2368 2199 2414 ex

613 2448 736 2496 una
781 2443 962 2519 parte
1013 2432 1317 2520 lapidem,
1354 2452 1434 2501 ex
1481 2435 1677 2502 altera
1721 2447 1902 2523 parte
1950 2437 2196 2524 lignum

613 2527 927 2606 tangunt;
976 2520 1136 2585 adeo
1182 2532 1255 2587 ut
1313 2522 1682 2609 sepulcrum
1753 2543 1869 2611 pro
1938 2524 2199 2591 dimidia

613 2624 722 2670 sua
790 2619 974 2693 parte
1039 2626 1119 2675 ex
1179 2608 1428 2696 lapide,
1494 2629 1607 2698 pro
1677 2610 1873 2680 altera
1939 2611 2198 2679 dimidia

616 2704 797 2778 parte
830 2712 912 2760 ex
948 2693 1120 2783 ligno
1169 2696 1503 2763 formetur.
1553 2699 1888 2777 Quaeritur
1934 2719 2010 2767 an
2044 2701 2199 2767 haec

616 2779 850 2846 Altaria
911 2782 1228 2870 portatilia
1289 2785 1354 2850 in
1414 2804 1533 2851 usu
1580 2786 1846 2853 retineri
1907 2785 2203 2875 possint?

749 2872 849 2936 ΙΙΙ.
904 2869 1124 2957 Aliqua
1169 2871 1402 2938 Altaria
1467 2875 1818 2962 portatilia,
1869 2876 2022 2944 licet
2079 2895 2200 2944 nec

614 2957 985 3044 sepulcrum
1031 2958 1225 3027 fuerit
1271 2958 1571 3029 violatum
1618 2982 1738 3032 nec
1768 2966 2046 3032 enormis
2079 2965 2201 3033 ira·

616 3055 792 3111 ctura
823 3046 1007 3132 adsit,
1043 3049 1222 3116 tenui
1249 3047 1516 3117 scissura
1549 3050 1854 3138 laborant,
1888 3073 2052 3139 quae
2080 3073 2207 3141 per

617 3131 905 3201 medium
950 3133 1276 3223 integrum
1324 3138 1604 3226 lapidem
1651 3139 1962 3207 decurrit.
2012 3143 2202 3221 Quae-

615 3220 782 3288 ritur
839 3242 917 3290 an
1057 3244 1090 3291 r
1149 3224 1463 3293 eiusmodi
1523 3238 1783 3295 tenuem
1841 3231 2199 3317 scissuram,

615 3309 694 3410 ad
718 3309 937 3463 {nstar
1031 3312 1099 3399 li,
1134 3313 1349 3382 Altare
1389 3327 1757 3383 execratum
1804 3320 2205 3386 censendum

615 3407 698 3463 sit

750 3491 852 3555 IV.
890 3492 1100 3576 Super
1132 3490 1366 3558 Altaria
1411 3491 1534 3559 fixa
1583 3511 1728 3560 cum
1761 3494 1971 3561 tabula
2001 3512 2085 3561 ex
2117 3496 2202 3562 la-

617 3572 800 3662 pide,
833 3575 943 3644 ubi
975 3595 1095 3644 nec
1124 3579 1210 3645 de
1241 3579 1561 3645 Ecclesiae
1595 3580 1790 3668 ipsius
1819 3601 1938 3648 nec
1969 3583 2056 3649 de
2097 3584 2204 3650 Al-

622 3660 767 3727 taris
791 3665 1262 3732 consecratione
1288 3668 1417 3733 ulla
1442 3677 1614 3734 extat
1640 3669 1973 3753 memoria,
1991 3673 2204 3738 necin

620 3748 870 3836 scriptis
900 3751 1140 3837 aliquid
1176 3754 1527 3841 invenitur,
1574 3755 1652 3822 ab
1696 3758 1952 3845 antiquo
1994 3769 2205 3827 tamen

621 3846 916 3926 tempore
948 3840 1124 3906 Missa
1155 3840 1474 3908 celebrata
1512 3863 1774 3934 semper
1816 3845 1959 3913 fuit.
2008 3848 2205 3926 Quae·

624 3925 786 3994 ritur
827 3946 905 3994 an
951 3929 1192 4016 possint
1235 3929 1454 3997 haberi
1502 3952 1619 4019 pro
1665 3935 2044 4001 consecratis
2066 3934 2099 4001 ⁴?
2141 3947 2207 4003 et

621 4013 687 4080 in
734 4033 877 4082 casu
921 4018 1258 4104 negativo,
1306 4018 1461 4104 quid
1514 4021 1834 4107 agendum
1897 4023 1981 4090 de
2044 4025 2206 4092 eius-

623 4101 797 4170 modi
841 4104 1252 4173 Altaribusi.

756 4194 830 4260 V.
881 4196 1042 4259 item
1087 4196 1502 4281 reperiuntur
1546 4197 1777 4263 Altaria
1838 4197 1960 4265 fixa
1982 4247 2000 4283 ,
2049 4219 2206 4286 quo-

624 4297 770 4345 rum
834 4281 1129 4366 sepulcra
1197 4301 1318 4369 per
1383 4286 1687 4352 Parochos
1763 4286 1917 4352 olim
1988 4301 2207 4375 aperta

624 4364 834 4452 fuere,
864 4379 929 4434 et
959 4381 1104 4457 post
1151 4381 1434 4460 repertas
1479 4376 1695 4441 Sacras
1739 4376 2057 4462 Reliquias
2088 4377 2207 4444 ite-

621 4473 769 4524 rum
799 4456 1032 4523 clausa.
1081 4459 1413 4536 Quaeritur
1442 4481 1521 4529 an
1567 4462 1930 4533 huiusmodi
1976 4465 2206 4532 Altaria

623 4562 743 4627 pro
790 4545 1102 4613 execratis
1151 4549 1434 4617 habenda
1481 4548 1654 4618 sint?
1700 4553 1794 4640 (1)

756 4637 861 4702 vt.
911 4636 1007 4700 An
1074 4634 1360 4723 permitti
1423 4639 1618 4725 possit
1676 4639 2041 4724 ciborium,
2091 4662 2206 4709 seu

622 4741 797 4788 sacra
841 4721 1025 4807 Pyxis
1071 4742 1152 4790 ex
1200 4743 1399 4879 cugro
1446 4726 1752 4794 deaurato
1772 4726 1806 4796 'i
1847 4727 2005 4796 item
2037 4733 2205 4797 Uon-

621 4809 882 4877 strantia
928 4819 996 4877 et
1036 4813 1281 4879 Lunula

754 4902 886 4966 vn.
932 4900 1277 4987 Reperitur
1320 4901 1489 4990 apud
1535 4904 1858 4972 Antonelli
1904 4905 1977 4970 dc
2023 4910 2206 4992 Reqi-

624 4990 795 5053 minc
839 4987 1161 5055 Ecclesiae
1206 4991 1599 5078 Epi-scopulis
1643 4991 1756 5059 lib.
1808 4996 1869 5076 1,
1919 4997 2072 5084 Cap.
2129 4998 2206 5062 17

623 5073 781 5139 baec
825 5076 1135 5144 assertio:
1185 5078 1247 5144 Si
1294 5080 1601 5146 Sacerdos
1647 5078 1806 5146 bona
1852 5080 1982 5148 fide
2040 5085 2208 5151 cele·

625 5161 905 5232 braverit
947 5182 1095 5233 cum
1139 5166 1538 5234 vestimentis
1592 5171 1882 5236 nondum
1942 5171 2206 5240 benedi·

765 5360 849 5434 (ι)
881 5362 945 5422 a.
979 5360 1122 5421 nub.
1155 5360 1249 5422 vt.

2290 408 2433 493 ctis,
2497 418 2798 497 poterunt
2851 408 2954 475 alii
3012 410 3390 477 Sacerdotes
3452 424 3603 473 cum
3647 405 3874 473 iisdem

2292 497 2416 563 rite
2463 496 2836 583 celebrare;
2888 496 3033 584 quia
3078 515 3197 584 per
3255 495 3529 584 primam
3597 491 3878 561 celebra·

2290 585 2532 652 tionem
2565 583 2726 652 bona
2756 585 2888 653 fide
2935 585 3181 668 factam,
3215 592 3580 651 consecrata
3626 602 3743 650 seu
3774 583 3878 649 be·

2290 673 2544 740 nedicta
2591 684 3053 741 remanserunt.
3116 671 3452 751 Quaeritur
3507 690 3590 738 an
3650 670 3775 737 hoc
3819 688 3877 735 ιιι

2290 760 2472 849 praxi
2516 761 2699 847 sequi
2747 772 2884 829 tuto
2933 757 3171 829 liceat?
3836 845 3849 858 θ

2424 853 2581 918 Vlll.
2632 849 2750 916 Ubi
2780 851 2991 938 agitur
3020 850 3103 917 de
3133 847 3595 916 Benedictione
3625 846 3880 914 Abbatts

2294 936 2666 1004 auctoritate
2712 937 3067 1022 ordinarii,
3115 936 3479 1004 Pontificale
3524 940 3879 1003 Romanum

2295 1024 2395 1092 his
2437 1025 2653 1093 verbis
2699 1034 2946 1093 tantum
3005 1024 3244 1092 utitur:
3294 1027 3410 1091 Die
3454 1033 3716 1090 statuto
3766 1041 3881 1107 pro

2293 1118 2436 1180 eiua
2502 1114 2938 1181 Benedictionc
3006 1114 3408 1180 ordinantur
3461 1115 3689 1179 omnia
3732 1121 3878 1192 etc„

2296 1202 2453 1287 quin
2533 1200 2670 1290 ipse
2743 1201 2883 1268 dies
2953 1201 3304 1268 accuratius
3376 1198 3874 1267 determinetur.

2296 1289 2633 1367 Quaeritur
2676 1309 2754 1356 an
2801 1289 2937 1357 dies
2969 1308 3085 1378 pro
3117 1289 3225 1355 tali
3272 1287 3733 1356 Benedictione
3764 1287 3880 1352 Ab·

2297 1378 2455 1443 batis
2499 1378 2875 1445 auctoritate
2919 1377 3229 1447 ordinarii
3275 1375 3366 1444 sic
3409 1376 3645 1443 debeat
3701 1373 3883 1441 intel·

2301 1464 2438 1551 ligi,
2466 1465 3008 1552 quemadmodum
3040 1464 3317 1533 babetur
3339 1462 3404 1531 in
3425 1463 3885 1532 Benedictione

2298 1552 2554 1620 Abbatis
2599 1555 2974 1622 auctoritate
3019 1553 3407 1641 Apostolica,
3443 1552 3553 1619 ubi
3598 1552 3741 1620 dies
3778 1551 3887 1618 de·

2298 1640 2409 1708 bet
2456 1661 2593 1707 esse
2639 1641 2957 1709 Dominica
2988 1645 3092 1710 vel
3126 1640 3373 1708 Festiva
3403 1642 3577 1708 iuxta
3623 1660 3709 1706 ex
3756 1658 3887 1704 res·

2299 1748 2433 1797 sam
2480 1729 2945 1798 ordinationem
2990 1728 3372 1798 Pontificalis
3417 1729 3683 1795 Romani

2433 1819 2616 1885 Sacra
2669 1836 2824 1884 vero
2870 1820 3132 1886 Rituum
3184 1816 3634 1903 congregatio,
3676 1813 3887 1882 audita

2300 1904 2480 1992 prius
2523 1907 2835 1972 sententia
2883 1908 2949 1974 in
2990 1907 3243 1994 scriptis
3288 1907 3548 1971 alterius
3592 1923 3675 1971 ex
3722 1907 3887 2001 Apo-

2300 1991 2667 2059 stolicarum
2714 1994 3273 2063 caeremoniarum
3319 1994 3656 2083 Magistris,
3691 2009 3891 2058 omni-

2302 2079 2420 2147 bus
2461 2091 2712 2147 mature
2758 2093 3184 2170 accurateque
3229 2080 3565 2171 perpensis
3594 2130 3614 2164 ,
3666 2079 3890 2146 rescri-

2304 2168 2589 2237 bendum
2637 2170 2933 2239 censuitz

2434 2257 2531 2324 Ad
2578 2260 2624 2323 1.
2675 2279 2713 2322 ‹
2746 2259 3104 2327 Dummodo
3150 2259 3313 2326 adsit
3358 2256 3425 2325 in
3468 2257 3755 2324 Ecclesia
3796 2274 3893 2321 so-

2305 2344 2634 2412 lummodo
2682 2346 3018 2414 benedicta
3061 2348 3291 2414 saltem
3331 2363 3533 2412 unum
3563 2345 3785 2411 Altare
3816 2343 3893 2410 ad

2304 2431 2570 2500 modum
2619 2432 2755 2518 fixi,
2789 2437 2963 2521 quod
2995 2447 3206 2521 potest
3237 2453 3378 2500 esse
3409 2453 3489 2499 ex
3521 2451 3711 2500 muro
3742 2452 3895 2499 con·

2308 2520 2547 2587 fectum
2593 2541 2743 2588 cum
2789 2543 2891 2589 ara
2939 2523 3211 2609 lapidea,
3246 2541 3409 2610 quae
3441 2520 3761 2610 portatilis
3793 2539 3897 2586 vo-

2305 2617 2513 2688 catur3
2564 2609 2809 2696 reliqua
2854 2611 3113 2696 Altaria,
3163 2609 3381 2679 maiori
3426 2628 3555 2677 non
3599 2610 3894 2694 excluso,

2307 2707 2574 2785 possunt
2618 2698 2882 2783 quidem
2929 2719 3067 2766 esse
3114 2719 3195 2766 ex
3230 2701 3407 2786 ligno
3439 2715 3585 2765 cum
3614 2717 3715 2763 ara
3754 2716 3901 2785 por·

2308 2783 2493 2869 tatili,
2544 2785 2740 2871 idque
2785 2787 3005 2856 baberi
3048 2799 3262 2877 potest
3293 2786 3483 2854 etiam
3511 2785 3577 2852 in
3605 2785 3899 2852 Ecclesia

2306 2872 2675 2960 parochiali.
2725 2877 2790 2943 Si
2836 2896 2991 2943 vero
3037 2878 3290 2944 nullum
3339 2875 3550 2942 Altare
3582 2893 3661 2941 ex
3703 2891 3899 2939 muro

2306 2961 2532 3028 saltem
2601 2963 2965 3032 confe'ctum
3032 2985 3106 3032 re
3193 2965 3392 3047 ritur,
3453 2961 3755 3030 convenit
3829 2971 3905 3028 ut

2307 3067 2508 3116 unum
2552 3053 2777 3118 saltem
2825 3053 2946 3121 boc
2976 3074 3081 3121 mo
3134 3075 3171 3121 o
3205 3053 3513 3140 erigatur,
3548 3053 3904 3138 ipsumque

2308 3137 2498 3203 etiam
2543 3140 2844 3207 convenit
2888 3140 2971 3209 sit
3015 3143 3231 3210 Altare
3279 3141 3630 3230 principale
3659 3160 3727 3203 ι.

2439 3227 2536 3294 Ad
2582 3232 2658 3295 11.
2707 3250 2748 3292 ‹
2778 3230 3014 3297 Altaria
3072 3228 3433 3333 portatilia,
3491 3228 3583 3294 uti
3649 3227 3903 3294 descri-

2308 3314 2549 3383 buntur
2580 3315 2646 3383 in
2675 3316 2898 3404 dubio,
2933 3318 3181 3387 admitti
3215 3328 3581 3403 nequeunt3
3622 3315 3742 3382 sed
3778 3318 3905 3382 Re·

2311 3402 2542 3489 liquiae
2588 3407 3038 3474 recondendae
3082 3418 3230 3474 sunt
3276 3407 3339 3472 in
3384 3405 3681 3492 sepulcro
3731 3404 3907 3471 intra

2311 3490 2592 3578 lapidem
2636 3492 2888 3580 effosso,
2939 3506 3003 3560 et
3048 3494 3439 3563 claudendae
3484 3511 3632 3560 cum
3694 3510 3905 3579 parvo

2310 3581 2620 3667 operculo
2666 3598 2748 3647 ex
2797 3582 3013 3668 lapide
3056 3582 3249 3650 etiam
3296 3581 3587 3648 confecto
3620 3602 3683 3645 ».

2443 3668 2539 3735 Ad
2587 3671 2685 3735 ΙΙΙ.
2737 3691 2775 3734 ‹
2807 3670 3199 3738 Affirmative
3232 3693 3299 3737 ».
3515 3694 3524 3703 ·

2441 3757 2538 3824 Ad
2582 3759 2687 3823 IV.
2739 3779 2777 3822 ‹
2809 3758 3243 3843 Affirmative,
3293 3759 3371 3826 ad
3430 3757 3697 3845 primam
3755 3775 3906 3844 par-

2312 3852 2488 3931 tem,
2539 3844 2616 3911 ad
2663 3848 3005 3914 secundam
3029 3896 3049 3932 ,
3098 3847 3426 3937 provisum
3474 3848 3538 3912 in
3592 3846 3801 3932 prima
3832 3866 3901 3910 ι.

2441 3933 2539 4000 Ad
2583 3935 2663 4000 V.
2712 3956 2750 3999 ‹
2781 3935 3173 4005 Affirmative
3205 3959 3269 4003 ιν.

2441 4022 2539 4089 Ad
2587 4025 2689 4090 Vl.
2740 4043 2779 4089 α
2810 4024 3202 4092 Affirmative
3233 4047 3305 4090 ».-

2440 4110 2537 4176 Ad
2585 4112 2714 4177 vu.
2772 4133 2809 4176 ‹
2838 4114 3144 4202 Negative
3175 4135 3241 4178 ι.

2439 4199 2535 4265 Ad
2584 4202 2741 4267 Vlll.
2790 4223 2827 4266 c
2863 4201 3361 4269 Convenientius
3418 4201 3560 4268 fieri
3620 4200 3731 4268 die
3782 4203 3903 4266 Do·

2311 4284 2540 4352 minica
2585 4292 2691 4354 vel
2740 4290 2985 4356 Festiva
3019 4311 3084 4357 ».

2444 4377 2650 4462 Atque
2699 4376 2781 4444 ita
2826 4378 3153 4465 rescripsit
3200 4387 3264 4443 et
3309 4377 3681 4445 declaravit.

2442 4463 2555 4530 Die
2602 4468 2682 4532 31
2732 4467 3000 4553 Augusti
3052 4470 3246 4534 1867.

2312 4604 2565 4673 3163.
2944 4609 3264 4675 ιΑΝιιΕΝ.
3671 4606 3903 4693 <sas-7)

2445 4734 2513 4796 ln
2558 4731 3034 4816 metropolitana
3097 4729 3374 4797 Ecclesia
3434 4729 3724 4798 Ianuensi
3789 4733 3907 4796 Fe·

2310 4817 2402 4883 ria
2435 4819 2582 4886 Vin
2613 4821 2825 4885 Coena
2869 4818 3147 4903 Domini,
3194 4821 3353 4885 Rmo
3398 4818 3905 4905 Arcbiepiscopo

2308 4905 2756 4991 Pontificante,
2806 4927 2924 4996 pro
2968 4910 3144 4977 SSmi
3201 4908 3582 4975 sacramenti
3644 4910 3905 4973 Proces-

2311 4993 2491 5061 sione
2549 4998 2626 5062 ab
2694 4995 3182 5063 immemorabili
3246 5015 3317 5061 ea
3377 4993 3625 5061 obtinet
3682 4993 3905 5061 obser·

2310 5082 2542 5169 vantia,
2576 5103 2701 5170 qua
2733 5085 2949 5153 eidem
2993 5083 3491 5171 Arcbiepiscopo
3535 5083 3904 5150 assistentes

2312 5171 2620 5239 Diaconus
2666 5183 2734 5241 et
2778 5175 3236 5259 subdiaconus,
3270 5173 3379 5258 qui
3414 5174 3477 5237 in
3508 5171 3684 5237 Hissa
3717 5173 3903 5239 mini-
