4042 5950
1988 285 2460 367 -228-

591 453 838 536 stravit3
866 455 1021 523 dum
1049 451 1221 520 illius
1252 448 1457 518 oculis
1487 448 1736 517 divinae
1762 446 1923 513 lucis
1956 447 2180 513 lumen

591 546 802 613 subito
834 542 1090 626 affulsit,
1127 549 1191 606 et
1222 538 1459 608 doloris
1490 536 1676 604 simul
1721 545 1913 622 atque
1945 534 2178 601 amoris

590 634 863 700 vulnere
911 649 1208 719 percussa
1254 645 1480 716 parum
1528 625 1728 691 abfuit
1772 624 1928 710 quin
1971 622 2179 711 prola-

590 721 856 787 beretur
887 719 953 785 in
982 727 1244 784 terram.
1282 719 1450 781 Hanc
1481 714 1752 781 subitam
1798 711 2181 798 perlectam-

589 828 718 896 que
763 806 1296 888 conversionem,
1345 821 1534 889 quam
1592 799 2009 889 gratissimam
2057 797 2177 863 sibi

587 897 728 964 fore
777 894 1043 962 coelesti
1096 894 1467 961 charismate
1520 889 1804 957 christus
1862 885 2173 976 significa-

588 984 705 1069 vit,
741 984 1005 1070 cupiens
1049 984 1272 1049 Clerus
1314 977 1654 1060 Ianuensis,
1689 976 1768 1042 ad
1810 984 2175 1042 ceterorum

589 1075 990 1159 exemplum,
1018 1083 1144 1136 tam
1177 1069 1242 1135 in
1265 1067 1531 1135 Civitate
1564 1082 1754 1151 quam
1788 1064 1851 1129 in
1883 1062 2174 1129 Dioecesi

586 1159 898 1247 peculiari
947 1164 1130 1226 Festo
1164 1157 1482 1238 recolere,
1516 1152 1684 1240 apud
1719 1156 1782 1219 S.
1810 1154 1885 1218 R.
1916 1154 1992 1218 c.
2022 1170 2174 1237 sup-

589 1249 745 1335 plex
776 1249 896 1315 fuit
924 1256 997 1314 ut
1026 1245 1312 1315 Officium
1344 1242 1627 1311 secundo
1659 1240 1949 1308 eiusdem
1974 1242 2044 1306 S.
2068 1243 2174 1306 ca-

590 1336 871 1403 tharinae
896 1334 1238 1421 indulgere
1261 1332 1659 1419 dignaretur,
1684 1329 1857 1414 quod
1885 1327 2173 1416 proiecto

586 1443 824 1491 novum
873 1423 938 1489 in
985 1425 1167 1489 Sacra
1212 1419 1489 1505 Liturgia
1535 1435 1663 1483 non
1710 1417 1906 1485 foret.

719 1517 799 1579 Et
854 1511 996 1577 Emi
1063 1513 1277 1575 Patres
1346 1507 1549 1575 Sacris
1607 1504 1850 1572 Ritihus
1918 1504 2172 1571 tuendis

585 1600 967 1688 praepositi,
1028 1598 1107 1665 ad
1161 1595 1530 1664 Vaticanum
1598 1595 1718 1661 sub
1779 1592 2170 1677 infrascripta

589 1687 695 1755 die
740 1689 807 1755 in
850 1684 1192 1756 ordinariis
1249 1683 1535 1751 comitiis
1592 1681 1999 1769 congregati,
2061 1700 2172 1747 ex-

532 1837 547 1852 ,
588 1775 817 1860 quisita
861 1775 1038 1863 prius
1082 1773 1396 1840 sententia
1443 1769 1632 1837 unius
1680 1783 1744 1836 et
1788 1769 2052 1837 alterius
2089 1788 2167 1834 ex

587 1867 718 1930 BR.
748 1867 860 1929 PP.
897 1858 1380 1930 consultoribus
1411 1858 1774 1944 Theologis,
1824 1857 2170 1943 auditoque

585 1956 666 2019 R.
701 1955 768 2017 P.
804 1956 876 2018 D.
914 1949 1178 2035 Virgilio
1225 1947 1561 2015 Pescetelli
1607 1950 1671 2015 S.
1708 1946 1882 2014 Fidei
1915 1950 2170 2012 Promo-

587 2050 765 2127 tore;
817 2036 1112 2106 omnibus
1159 2038 1378 2119 etiam,
1414 2055 1576 2122 quae
1623 2035 1686 2101 in
1717 2034 2106 2102 contrarium
2137 2053 2170 2098 a

585 2132 998 2195 procuratore
1037 2135 1102 2192 et
1137 2125 1458 2193 Advocato
1505 2125 1775 2191 disserte
1820 2121 2171 2189 admodum

585 2217 770 2282 allata
821 2227 1012 2301 sunt,
1063 2214 1397 2301 expensis,
1448 2210 1735 2279 cribratis
1789 2221 2168 2295 matureque

588 2304 984 2387 examinatis,
1023 2303 1101 2369 ad
1135 2300 1510 2369 relationem
1541 2299 1679 2365 Emi
1714 2309 1780 2365 et
1811 2297 1949 2365 Rmi
1981 2303 2167 2364 Dom.

586 2391 933 2460 Cardinalis
979 2389 1315 2476 Augustini
1364 2388 1649 2456 Rivarola
1695 2385 2018 2469 Ponentis,
2067 2405 2170 2451 re-

585 2478 997 2547 scribendum
1028 2486 1456 2545 censuerunt:
1496 2474 1900 2561 ‹Negative3
1940 2483 2008 2539 et
2039 2492 2169 2538 am-

585 2567 755 2654 plius
783 2590 849 2634 ».
898 2571 1109 2652 Atque
1138 2566 1223 2632 ita
1253 2564 1750 2650 rescripserunt.
1786 2563 1899 2629 Die
1938 2566 2016 2628 16
2049 2566 2167 2628 De·

587 2653 867 2722 cembris
920 2658 1115 2721 1828.

594 2795 859 2865 2668.
1191 2795 1562 2861 ANnmEN.
1936 2791 2164 2879 (4647)

718 2918 1086 3007 Capitulum
1117 2915 1511 2986 Cathedralis
1543 2916 1824 2985 civitatis
1852 2916 2161 2985 Andrien.

587 3027 710 3075 una
755 3027 900 3074 cum
946 3008 1133 3074 Clero
1183 3016 1247 3073 et
1291 3007 1534 3094 populo
1590 3004 1946 3093 exponebat
1991 3007 2164 3091 quod

586 3100 665 3165 ab
710 3095 1200 3163 immemorabili
1248 3096 1424 3162 Feria
1458 3098 1535 3163 Vl
1566 3094 1632 3162 in
1659 3098 2026 3176 parasceve,
2053 3113 2164 3160 ex-

586 3186 761 3277 pleta
827 3186 1006 3253 Missa
1072 3182 1795 3267 Praesanctificatorum,
1852 3184 2163 3267 quaedam

585 3294 755 3341 sacra
801 3273 1110 3341 Particula
1163 3271 1513 3340 includitur
1559 3272 1624 3338 in
1668 3275 1948 3359 apposita
2009 3290 2163 3338 urna

586 3365 900 3430 decenter
943 3371 1185 3445 ornata,
1235 3379 1399 3446 quae
1445 3381 1477 3424 a
1527 3370 1799 3445 quatuor
1858 3359 2166 3428 Sacerdo-

586 3451 757 3517 tibus
825 3448 1097 3536 pedihus
1161 3448 1549 3515 discalceatis
1607 3448 2164 3536 processionaliter

585 3556 708 3624 per
764 3537 1097 3603 Civitatem
1166 3535 1373 3602 fertur
1429 3555 1575 3602 cum
1644 3553 1871 3622 magno
1940 3534 2161 3624 populi

586 3642 899 3690 concursu
947 3635 1013 3689 et
1058 3623 1428 3691 devotione.
1490 3629 1650 3692 cum
1696 3643 1850 3689 vero
1905 3623 2163 3709 Episco-

586 3732 705 3800 pus
749 3709 1058 3777 Andrien.
1106 3711 1265 3778 hanc
1312 3711 1784 3778 processionem
1815 3709 2162 3798 prohibue-

586 3799 695 3881 rit,
723 3796 1108 3885 capitulum,
1140 3798 1363 3864 Clerus
1395 3809 1461 3865 et
1491 3799 1770 3886 populus
1800 3800 1877 3866 ad
1903 3802 1968 3867 S.
1989 3802 2064 3865 Β.
2084 3801 2154 3865 C.

585 3904 918 3954 recursum
961 3885 1347 3970 habuerunt,
1382 3896 1478 3969 ut,
1512 3896 1718 3953 stante
1757 3888 2161 3953 immemora-

587 3973 697 4041 bili
738 3974 1203 4041 consuetudine
1236 3986 1303 4040 et
1334 3974 1522 4041 etiam
1563 3993 1744 4041 more
1775 3974 1840 4041 in
1877 3973 2162 4041 Dioecesi

585 4067 854 4131 Tranen.
892 4074 956 4130 et
992 4062 1281 4128 Barolen.
1320 4072 1386 4127 et
1416 4061 1560 4128 alibi
1605 4063 1891 4149 vigente,
1924 4064 2174 4149 lavoraq

584 4151 714 4220 bile
745 4155 1088 4218 Decretum
1121 4144 1397 4237 benigne
1441 4152 1797 4218 concedere
1829 4150 2158 4238 dignetur.

717 4241 855 4305 Emi
882 4251 946 4307 et
976 4238 1117 4305 Rmi
1148 4242 1359 4305 Patres
1392 4239 1591 4305 Sacris
1623 4239 1869 4306 Ritibus
1899 4239 2159 4306 tuendis

583 4328 949 4418 praepositi,
979 4327 1045 4395 in
1074 4328 1585 4414 congregatione
1608 4326 1917 4395 ordinaria
1946 4328 2025 4394 ad
2049 4329 2162 4395 Va-

584 4417 861 4484 ticanum
906 4418 1026 4485 sub
1072 4416 1461 4503 infrascripta
1499 4416 1605 4483 die
1651 4415 2021 4499 coadunata,
2056 4436 2156 4482 re·

583 4505 991 4573 scribendum
1060 4514 1482 4571 censuerunt:
1555 4527 1592 4568 ι
1635 4504 1957 4570 Scribatur
2007 4505 2159 4591 Epi-

582 4612 802 4680 scopo,
839 4593 1149 4661 laudando
1194 4597 1532 4660 Decretum
1564 4593 1640 4659 ab
1672 4593 1808 4680 ipso
1848 4592 2043 4658 latum
2074 4592 2157 4659 de

582 4680 996 4749 Processionis
1049 4681 1433 4766 abolitione;
1485 4681 1785 4766 idemque
1828 4678 1891 4745 in
1944 4696 2157 4767 poste-

581 4789 728 4837 rum
796 4771 1053 4838 omnino
1121 4779 1506 4836 servetur».
1582 4769 1692 4835 Die
1754 4773 1834 4835 16
1893 4773 2153 4836 Decem·

584 4855 713 4924 bris
762 4862 953 4928 1828.

582 5000 848 5069 2669.
1148 5001 1583 5069 mancam.
1621 4964 1627 4971 ’
1925 4996 2149 5088 (4648)

710 5124 991 5192 Andreas
1038 5126 1408 5192 Fernandez
1462 5128 1747 5191 Decanus
1792 5123 2154 5211 Metropoli-

580 5221 760 5277 tanae
791 5211 1109 5279 Ecclesiae
1140 5212 1386 5299 rogavit
1416 5231 1450 5275 a
1481 5214 1545 5277 S.
1569 5216 1641 5278 R.
1668 5216 1741 5278 c.
1775 5220 2153 5298 sequentem

580 5298 826 5387 praxim
872 5298 1239 5366 diiudicarit

714 5393 774 5455 1.
824 5386 918 5454 Ab
965 5385 1475 5467 immemorabili,
1524 5384 1698 5449 Feria
1748 5389 1821 5451 vt
1870 5388 1930 5452 in
1980 5393 2149 5452 Para-

2276 462 2466 510 sceve
2491 443 2799 510 Sacerdos
2818 439 3261 528 cappellanus,
3284 437 3454 504 Stola
3477 436 3603 504 albi
3630 436 3850 504 coloris

2279 543 2491 614 utens,
2550 531 2754 618 aperit
2813 525 3450 618 capsulam„aocipit
3498 528 3609 592 SS.
3646 529 3851 592 Sacra-

2276 631 2568 687 mentum
2603 628 2669 685 et
2699 616 2862 684 illud
2911 614 3102 683 tradit
3148 615 3443 698 Diacono,
3482 614 3594 699 qui
3642 626 3851 702 postea

2276 710 2386 776 dat
2429 707 2507 774 ad
2555 703 3237 773 manus=celebrantis.
3302 702 3599 787 Magister
3644 711 3851 768 autem

2274 795 2826 863 caeremoniarum
2869 794 2988 860 hoc
3023 810 3211 875 anno,
3245 792 3514 878 quadam
3547 794 3613 857 P.
3644 788 3853 855 Nerati

2273 884 2589 951 sententia
2635 884 2861 967 fretus,
2895 878 3111 946 statuit
3157 880 3567 947 Sacerdotem
3609 879 3676 945 in
3715 899 3852 945 cau

2274 972 2518 1040 dehere
2562 972 2655 1039 uti
2703 972 2873 1039 Stola
2919 968 3148 1035 coloris
3194 967 3383 1055 nigri.

2405 1064 2470 1126 2.
2521 1061 2854 1127 Dubitatur
2897 1076 2976 1123 an
3022 1058 3329 1124 Sacerdos
3367 1057 3473 1123 vel
3521 1056 3847 1138 Diaconos,

2275 1147 2381 1235 qui
2407 1151 2517 1216 SS.
2535 1151 3006 1215 Sacramentum
3033 1145 3298 1233 exponit
3321 1145 3426 1210 vel
3455 1144 3735 1230 reponit,
3751 1144 3854 1209 de-

2274 1237 2419 1304 beat
2457 1255 2662 1303 necne
2692 1237 2787 1303 uti
2817 1236 2965 1303 velo
3011 1234 3348 1300 humerali.
3398 1238 3466 1300 ln
3500 1233 3851 1299 Mexicanae

2273 1325 2554 1393 civitatis
2605 1326 2906 1392 Ecclesiis
2958 1321 3394 1389 diversimode
3445 1322 3690 1407 agitur:
3741 1319 3849 1385 sed

2273 1413 2337 1479 in
2368 1413 2848 1502 metropolitana
2877 1429 3141 1498 semper
3170 1407 3434 1496 exponit
3463 1410 3569 1475 vel
3603 1407 3853 1496 reponit

2274 1504 2386 1570 SS.
2415 1504 2888 1569 Sacramentum
2929 1499 3236 1567 Sacerdos
3265 1498 3711 1586 cappellanus,
3747 1493 3854 1581 qni

2273 1591 2338 1655 in
2368 1590 2560 1677 plano
2605 1587 2986 1676 presbyterii
3031 1586 3223 1654 tradit
3267 1584 3572 1673 Diacon03
3625 1595 3690 1650 et
3723 1584 3852 1666 hic,

2271 1678 2508 1764 absque
2566 1679 2712 1743 velo
2757 1675 3112 1758 humerali,
3159 1693 3354 1761 super
3410 1675 3626 1740 Altare
3671 1689 3856 1737 reve-

2271 1777 2494 1832 renter
2538 1767 2836 1832 collocat.

2405 1856 2473 1920 S.
2517 1858 2590 1922 R.
2642 1859 2743 1934 C.,
2799 1851 3197 1940 infrascripto
3264 1849 3618 1921 secretario
3685 1848 3856 1915 refe-

2272 1954 2487 2027 rente,
2536 1944 2916 2031 responditz

2402 2030 2499 2097 Ad
2552 2036 2610 2097 1.
2661 2051 2698 2095 ι
2733 2030 3009 2097 Excluso
3055 2027 3461 2119 cappellano,
3519 2025 3693 2093 catix
3745 2048 3858 2094 ex-

2272 2118 2553 2273 ξᾳὴᾶιιιι·
2599 2131 2665 2186 et
2709 2119 3071 2205 deponatur
3114 2141 3146 2184 a
3194 2118 3491 2202 Diacono,
3523 2116 3697 2183 iuxta
3729 2121 3856 2184 Ru·

2317 2227 2474 2273 ricas
2508 2227 2573 2272 ».

2400 2295 2497 2362 Ad
2545 2300 2610 2363 2.
2661 2316 2698 2360 ι
2734 2295 2799 2364 8ἰ
2844 2295 3346 2363 Tabernaculum
3393 2294 3584 2360 estin
3620 2295 3862 2361 eodem

2269 2383 2494 2468 Altari,
2537 2383 2687 2451 velo
2733 2386 3046 2452 humerali
3094 2404 3220 2452 non
3267 2395 3366 2450 est
3412 2402 3609 2470 opus;
3657 2383 3712 2447 si
3762 2383 3862 2450 di·

2269 2491 2456 2538 verso
2488 2473 2553 2539 in
2584 2472 2761 2539 altari
2793 2485 3042 2539 extaret
3072 2472 3598 2556 Tabernaculum,
3632 2471 3866 2538 velum

2270 2561 2600 2627 humerale
2649 2571 2744 2627 est
2786 2559 3224 2628 adhibendum
3254 2583 3322 2625 ιν.

2398 2650 2511 2716 Die
2561 2653 2641 2715 16
2689 2649 3056 2716 Decembris
3106 2654 3296 2718 1828.

2271 2789 2531 2858 26⁷0.
2913 2793 3203 2860 sanan.
3623 2791 3860 2878 (4649)

2395 2913 2660 2981 Honoris
2693 2913 2982 3000 insignia,
3025 2926 3089 2982 et
3138 2935 3208 2981 ea
3254 2914 3649 3003 potissimum
3682 2934 3863 3000 quae

2265 3002 2343 3068 ad
2375 3002 2667 3069 Divinum
2714 3005 3001 3087 cultum,
3036 3007 3259 3070 Sacrae
3304 3004 3397 3070 rei
3442 3005 3755 3070 decorem
3789 3015 3860 3068 et

2266 3091 2686 3158 Sacer-dotum
2734 3093 3107 3179 dignitatem
3169 3093 3666 3178 promovendam
3721 3111 3860 3157 am·

2267 3178 2796 3267 plificandamque
2829 3181 3102 3247 maxime
3135 3180 3573 3263 conserebant,
3597 3201 3629 3245 a
3657 3183 3858 3249 Sum·

2267 3269 2387 3336 mis
2431 3268 2841 3336 Pontificibus
2890 3270 3060 3356 larga
3104 3289 3296 3337 manu
3347 3268 3666 3337 nonnullis
3733 3273 3858 3335 Ec-

2264 3356 2474 3424 clesiis
2520 3357 2845 3441 attributa,
2893 3368 3162 3446 propter
3210 3360 3581 3425 innumeros
3623 3359 3738 3443 qui
3773 3359 3858 3424 ir-

2267 3456 2599 3531 repserant
2646 3447 2899 3530 abusus,
2946 3466 3001 3512 s.
3053 3464 3139 3511 m.
3189 3447 3333 3513 Pius
3382 3449 3485 3512 vu
3533 3446 3860 3512 Constitu·

2266 3536 2437 3600 tione
2484 3552 2647 3619 quae
2677 3533 2942 3622 incipit:
2984 3537 3170 3599 Decet
3215 3536 3531 3599 Romanos
3576 3538 3859 3621 Pontifi-

2262 3643 2359 3688 ces
2394 3641 2466 3687 ea
2513 3624 2720 3689 omnia
2769 3622 2834 3689 in
2879 3624 3251 3689 universum
3299 3621 3489 3688 certis
3540 3621 3858 3689 limitibus

2266 3713 2348 3777 ita
2379 3709 2690 3790 cohibuit,
2740 3721 2811 3777 ut
2857 3710 3124 3798 singulis
3170 3709 3633 3778 canonicorum
3662 3713 3856 3800 Capi-

2263 3798 2442 3883 tulis,
2491 3817 2655 3884 quae
2703 3799 3113 3886 amplioribus
3159 3798 3518 3886 privilegiis
3552 3818 3619 3865 se
3661 3810 3855 3866 aucta

2261 3886 2456 3953 fuisse
2503 3886 2987 3972 arbitrarentur,
3035 3886 3382 3975 peculiaria
3409 3912 3416 3917 ·
3441 3907 3555 3953 sua
3600 3887 3740 3953 iura
3787 3887 3854 3954 in

2263 3979 2446 4043 Sacra
2492 3974 2751 4042 Rituum
2791 3975 3297 4063 congregatione
3328 3974 3700 4043 deducendi
3734 3995 3854 4063 po-

2260 4072 2556 4129 testatem
2600 4064 2932 4149 adiecerit,
2976 4076 3050 4131 ut
3093 4066 3264 4149 quod
3309 4085 3344 4129 a
3388 4064 3852 4130 canonicarum

2263 4151 2669 4220 Sanctionum
2717 4153 3109 4240 praescripto
3150 4150 3471 4223 declinare
3506 4154 3715 4219 visum
3751 4172 3852 4217 es·

2258 4251 2381 4324 set,
2431 4250 2793 4327 opportune
2840 4242 3328 4309 decerneretur.
3378 4244 3744 4328 Eapropter
3781 4251 3854 4305 et

2260 4330 2543 4395 Berensis
2611 4329 3090 4417 metropolitana
3161 4328 3464 4412 Ecclesia,
3513 4348 3673 4416 quae
3722 4328 3850 4396 sihi

2260 4417 2512 4483 fuerant
2557 4416 2821 4484 diversis
2883 4416 3279 4507 temporibus
3330 4416 3407 4483 ab
3454 4418 3572 4485 hac
3616 4420 3848 4484 Sancta

2261 4505 2620 4591 Apostolica
2688 4504 2856 4573 Sede
2923 4506 3207 4590 indulta,
3271 4504 3445 4572 illico
3513 4507 3844 4592 deposuit.

2259 4596 2467 4672 Quum
2490 4606 2704 4660 autem
2729 4613 2927 4681 penes
2956 4595 3269 4695 populum
3299 4594 3567 4661 mutatio
3603 4595 3846 4661 isthaec

2259 4680 2738 4749 admirationem
2792 4682 3386 4769 dissensionemque
3441 4682 3842 4766 conciliaret,

2259 4770 2605 4838 hodiernus
2630 4774 2824 4838 Rmus
2844 4771 3400 4859 Archiepiscopus,
3429 4772 3587 4838 dum
3619 4771 3697 4838 ab
3727 4774 3852 4837 Ec-

2258 4859 2448 4926 clesia
2494 4859 2861 4925 cathacensi
2906 4858 2983 4925 ad
3030 4864 3370 4926 Barensem
3409 4859 3847 4945 Metropolita-

2258 4965 2403 5014 nam
2450 4958 2618 5012 esset
2663 4956 2951 5031 evectus,
2994 4966 3028 5012 a
3069 4968 3120 5014 s.
3158 4967 3245 5015 m.
3280 4950 3493 5014 Leone
3539 4951 3649 5015 ΧΠ
3694 4965 3842 5013 ore·

2258 5044 2444 5101 tenus
2493 5034 2876 5121 impetravit,
2917 5045 2988 5100 ut
3018 5054 3168 5100 suae
3216 5035 3608 5103 cathedralis
3640 5038 3842 5101 Cano—

2257 5122 2382 5188 nici
2431 5122 2495 5190 in
2537 5143 2658 5190 usu
2716 5124 3004 5190 omnium
3060 5123 3590 5209 privilegiorum,
3648 5122 3841 5189 sicuti

2257 5221 2403 5277 ante
2435 5221 2846 5277 memoratam
2872 5210 3426 5295 constitutionem,
3456 5212 3657 5280 libere
3685 5229 3840 5298 per—

2256 5310 2648 5365 severarent.
2689 5299 2788 5364 llli
2820 5299 3033 5385 itaque
3064 5299 3370 5367 canonici.
3392 5300 3565 5368 licite
3596 5298 3834 5388 plenis-

2253 5386 2544 5473 simeque
2577 5386 2715 5453 iure
2747 5386 3210 5456 Pontificalibus
3253 5389 3608 5477 privilegiis
3638 5382 3836 5455 hodie
