4042 5950
2019 242 2492 328 ..366-

611 398 792 561 parvi
822 408 1047 474 Beatae
1077 407 1305 475 Mariae
1338 405 1613 496 Virginis
1660 416 1726 474 et
1769 404 1982 474 media
2012 417 2202 474 nocte

664 492 902 562 fficium
947 491 1242 563 Feriale?

746 586 811 648 2.
860 587 957 650 An
1004 583 1066 652 in
1113 583 1335 674 Vigilia
1381 583 1756 670 Nativitatis,
1804 582 2201 674 Epiphaniae

615 680 680 736 et
724 670 1148 756 Ascensionis,
1196 670 1428 759 quibus
1475 671 1781 757 ieiunant,
1831 672 2059 758 utpote
2090 673 2201 739 ad-

611 759 868 826 strictae
904 772 1218 847 perpetuo
1248 760 1513 845 ieiunio,
1550 760 1613 827 in
1643 761 1776 829 sola
1808 759 2198 827 comestione

610 865 799 934 qnam
846 847 1084 915 iaciunt
1114 860 1261 917 ante
1291 846 1657 933 meridiem,
1697 850 2057 917 debeantne
2104 846 2200 915 di·

610 954 760 1002 cere
794 935 1154 1004 Versiculos
1201 948 1268 1004 et
1313 938 1588 1004 Psalmos
1632 936 1927 1026 proprios
1974 934 2200 1003 harum

612 1024 1138 1105 Solemnitatum;
1222 1035 1288 1092 et
1347 1045 1425 1092 an
1468 1021 1806 1114 adigantur
1866 1041 2199 1091 resumere

657 1130 837 1179 reces
884 1111 1225 1195 ordinarias
1269 1112 1331 1181 in
1376 1113 1507 1180 sola
1539 1114 1958 1192 comestione,
2007 1129 2199 1199 qnam

639 1199 850 1267 sciunt
896 1200 960 1268 in
1020 1201 1125 1269 die
1186 1214 1405 1270 octava
1448 1201 1873 1303 Epiphaniae,
1931 1201 1996 1268 in
2050 1201 2198 1268 Sab-

613 1287 759 1355 bato
806 1288 874 1444 in?
916 1288 1091 1356 Albis
1137 1290 1298 1359 etin
1327 1290 1555 1377 vigilia
1597 1291 2036 1359 Sanctissimae
2068 1288 2200 1355 Tri-

613 1376 827 1444 nitatis

743 1469 806 1533 3.
857 1469 954 1533 An
995 1469 1250 1554 quando
1297 1466 1690 1535 ministratur
1718 1471 2199 1536 Sacramentum

607 1557 948 1622 Extremae
993 1555 1343 1639 Unctionis,
1404 1556 1642 1643 possint
1687 1556 1908 1625 dicere
1955 1567 2199 1623 tantum

610 1641 890 1728 primum
933 1663 1015 1711 ex
1044 1654 1290 1732 septem
1326 1643 1582 1711 Psalmis
1612 1643 2198 1729 Poenitentialibus,

611 1730 769 1798 dum
815 1732 1121 1800 Sacerdos
1166 1733 1508 1800 Unctiones
1554 1730 1844 1820 peragit?

744 1822 809 1887 4.
861 1822 956 1887 An
986 1820 1239 1907 quando
1271 1821 1538 1889 cadaver
1566 1820 1831 1889 alicuius
1855 1821 2197 1890 defunctae

613 1906 898 1976 delatum
945 1920 1037 1975 est
1084 1909 1162 1977 ad
1207 1908 1511 1994 chorum,
1547 1919 1613 1976 et
1641 1909 1930 1978 Officium
1960 1911 2197 1977 Defun-

613 2007 862 2063 ctorum
904 1997 981 2064 ad
1030 1997 1213 2064 aliam
1260 1997 1478 2064 horam
1523 1997 1839 2084 differtur,
1890 2007 2033 2086 post
2077 2001 2200 2066 Re-

611 2086 1011 2239 sponsorium
1080 2086 1420 2154 Subvenite
1483 2085 1634 2155 addi
1702 2087 1944 2175 possint
2005 2090 2201 2172 Κριτία

611 2191 641 2237 e
667 2177 865 2256 eison,
916 2177 1115 2241 Pater
1144 2178 1373 2243 Noster
1420 2186 1488 2241 et
1525 2174 1734 2244 Oratio
1768 2175 2018 2245 Absolve
2049 2196 2196 2244 cum

612 2259 1023 2348 aspersione?

744 2353 810 2416 Β.
859 2351 956 2417 An
1001 2354 1077 2418 ad
1131 2353 1442 2438 Confiteor
1502 2362 1646 2440 post
1697 2373 1933 2421 nomen
1986 2354 2197 2423 Sancti

609 2439 919 2506 Francisci
965 2437 1206 2526 possint
1250 2438 1488 2506 addere
1536 2458 1772 2508 nomen
1821 2442 2010 2509 etiam
2049 2445 2198 2510 San·

612 2536 750 2592 ctae
788 2528 1000 2594 Clarae
1047 2546 1165 2615 per
1197 2528 1389 2595 verba
1419 2531 1656 2594 Beatae
1684 2531 1892 2598 Matri
1924 2530 2200 2598 Clarae?

742 2619 810 2682 6.
857 2615 953 2682 An
987 2615 1051 2681 in
1080 2613 1335 2682 Litaniis
1366 2618 1763 2703 Sanctorum,
1791 2638 1956 2706 qnae
1988 2619 2053 2686 in
2075 2623 2196 2686 Ro-

608 2702 966 2790 gationibns
1012 2701 1532 2790 praescribuntur
1577 2707 1682 2772 vel
1730 2725 1812 2773 ex
1848 2708 2197 2775 devotione

610 2790 981 2874 recitantur,
1030 2809 1157 2857 non
1204 2802 1415 2858 tamen
1462 2791 1525 2858 in
1570 2792 1837 2861 Sabbato
1869 2798 2099 2863 Sancto
2133 2806 2198 2862 et

610 2877 837 2967 Vigilia
881 2881 1320 2963 Pentecostes,
1385 2878 1626 2948 addere
1673 2883 1919 2970 possint
1964 2884 2201 2952 Sancte

608 2969 808 3035 Pater
838 2968 1208 3051 Francisce‚
1246 2969 1491 3037 Sancta
1524 2971 1735 3039 Mater
1770 2971 1995 3049 Clara,
2032 2974 2197 3040 San-

608 3067 706 3124 cte
752 3058 999 3125 Lazare
1044 3067 1110 3124 et
1155 3076 1391 3125 nomen
1436 3059 1687 3127 Patroni
1737 3059 1901 3128 loci?

741 3147 808 3212 7.
854 3148 952 3210 An
996 3164 1123 3212 non
1154 3144 1441 3214 obstante
1490 3150 1761 3216 Decreto
1794 3149 1925 3216 diei
1962 3155 2039 3219 17
2070 3154 2196 3217 Au·

607 3233 776 3320 gusti
815 3236 1006 3317 1833,
1055 3232 1120 3300 ἰιι
1163 3254 1289 3301 una
1333 3234 1616 3304 Brixien.
1666 3236 1734 3304 in
1780 3239 2197 3326 responsione

606 3321 684 3389 ad
733 3321 998 3389 dubium
1047 3321 1361 3411 primum,
1414 3323 1795 3412 prohibente
1844 3345 1928 3392 ne
1976 3327 2041 3394 in
2087 3346 2198 3392 vo-

611 3410 735 3476 tiva
763 3409 970 3495 aliqua
1002 3410 1329 3483 iunctione
1361 3411 1714 3479 recitentur
1744 3413 2022 3482 Litaniae
2046 3415 2197 3483 Sab-

608 3498 735 3566 bati
783 3497 1017 3581 Sancti,
1065 3499 1309 3584 possint
1338 3499 1621 3566 retinere
1654 3520 1840 3568 usum
1873 3502 2013 3569 illas
2045 3522 2200 3590 quo·

610 3585 764 3652 tidie
796 3585 1102 3653 recitandi
1136 3598 1282 3674 post
1308 3587 1599 3655 Officium
1622 3599 2013 3657 nocturnum
2047 3610 2195 3659 cnm

605 3671 810 3740 tribus
864 3685 1109 3741 tantum
1165 3674 1600 3760 Orationibus,
1655 3679 1824 3744 Deus
1868 3683 1996 3747 ‘eui
2048 3699 2197 3766 pro·

597 3764 851 3847 prium,
903 3764 1069 3827 Dens
1116 3784 1157 3829 a
1200 3783 1326 3848 qno
1369 3775 1604 3832 saneta
1652 3775 1715 3832 et
1760 3763 2193 3853 Omnipotens,

601 3853 980 3936 sempiterne
1025 3853 1215 3934 Deus,
1266 3856 1385 3936 qni
1429 3858 1724 3920 vivorum
1763 3866 1887 3922 etc.
1922 3855 2046 3944 (1).

736 3943 800 4007 8.
854 3942 950 4007 An
991 3938 1058 4006 in
1106 3941 1511 4007 conclusione
1556 3941 1828 4044 Capituli
1861 3946 2196 4033 culparum

606 4027 800 4114 possit
831 4046 915 4096 ex
947 4029 1409 4096 consuetudine
1458 4028 1776 4097 Abbatissa
1808 4032 2197 4100 benedicere

605 4119 873 4204 Sorores
902 4116 1157 4184 dicensz
1206 4119 1311 4184 Sit
1342 4137 1568 4183 nomen
1596 4128 1749 4201 ete„
1787 4129 1849 4186 et
1885 4123 2201 4189 Dominus

605 4222 719 4270 nos
748 4205 1097 4287 bmtedieat,
1127 4216 1188 4272 et
1218 4206 1293 4273 ab
1323 4210 1500 4273 omni
1521 4209 1691 4274 malo
1721 4208 2020 4293 defendat
2044 4220 2195 4293 etc„

609 4303 680 4360 nt
727 4292 793 4361 in
837 4291 967 4360 fine
1001 4293 1279 4374 Primae;
1328 4304 1392 4361 et
1436 4314 1516 4361 an
1563 4295 1757 4383 possit
1805 4296 1889 4363 de
1933 4316 2079 4364 sero
2123 4297 2200 4364 il·

611 4381 699 4447 las
739 4399 899 4467 aqua
943 4382 1330 4451 benedicere
1375 4402 1491 4450 seu
1536 4402 1882 4473 aspergere
1931 4384 2202 4451 recitans

606 4467 847 4537 verba:
920 4471 1287 4538 Benedictio
1355 4473 1471 4537 Dei
1534 4468 2008 4561 omnipotentis
2076 4475 2203 4539 Pa-

610 4562 736 4624 tris
788 4569 937 4712 “⁶9⁸⁷
997 4559 1333 4628 descendat
1387 4579 1578 4645 super
1627 4580 1757 4645 vos,
1820 4571 1883 4628 et
1940 4571 2202 4630 maneat

608 4665 845 4733 semper

738 4740 817 4803 Et
847 4735 988 4803 Emi
1022 4757 1093 4804 ac
1118 4735 1258 4804 luni
1291 4740 1503 4803 Patres
1526 4737 1732 4805 Sacris
1763 4737 2020 4808 tuendis
2044 4737 2200 4807 Riti-

605 4821 724 4890 bus
768 4823 1112 4913 praepositi
1162 4825 1649 4894 rescribendum
1691 4837 2122 4895 censueruntz

739 4912 834 4980 Ad
867 4918 927 4979 1.
960 4933 999 4978 e
1025 4915 1240 4992 Quoad
1274 4915 1548 4981 Psalmos
1571 4916 1943 5000 Gradnales,
1971 4930 2197 5017 posse;

606 4998 723 5067 sed
766 5000 1054 5069 Officium
1147 5022 1370 5071 arvum
1405 5007 1632 5071 Beatae
1664 5003 1891 5070 Mariae
1922 5001 2202 5093 V1rginis

608 5087 965 5157 uniendum
1029 5093 1079 5158 Ο
1148 5091 1247 5158 cio
1293 5091 1519 5159 Feriali
1578 5091 1752 5160 iuxta
1797 5091 2101 5161 Rubricas
2134 5111 2193 5157 ι.

739 5176 835 5244 Ad
885 5182 953 5245 2.
1006 5199 1044 5242 ι
1073 5181 1384 5247 Servetur
1416 5181 1669 5248 invecta
1697 5179 2096 5248 consuetudo
2129 5200 2192 5244 ι.

753 5371 836 5446 (1)
872 5374 935 5433 E.
972 5375 1114 5433 Dub.
1148 5376 1199 5432 8.

2434 406 2529 509 ad
2579 410 2645 477 3.
2693 429 2732 474 e
2767 412 2983 495 Posse,
3031 422 3304 499 urgente
3353 410 3726 500 praesertim
3766 434 3863 481 ne·

2306 508 2599 564 cessitate
2633 519 2697 565 »-

2435 585 2533 652 Ad
2580 589 2645 651 t.
2699 606 2737 649 ι
2766 589 2955 654 Posse
2987 606 3051 654 ν.

2434 673 2528 741 Ad
2578 677 2646 743 ὅ.
2693 696 2731 739 «
2763 673 3156 743 Affirmative
3189 697 3251 743 ν.

2435 761 2532 828 Ad
2578 765 2645 829 8.
2701 784 2739 827 «
2769 764 2909 829 Non
2955 762 3154 831 licere
3186 785 3251 830 ».

2434 849 2531 916 Ad
2580 853 2646 917 7.
2698 873 2736 916 «
2768 846 3260 921 Affirmative'›.
3547 918 3566 935 ‚

2431 937 2530 1005 Ad
2574 941 2641 1008 8.
2692 960 2730 1003 «
2765 938 3189 1029 Affirmative3
3238 960 3356 1009 sen
3399 953 3697 1009 servetur
3742 963 3878 1010 con·

2300 1028 2581 1094 suetudo
2611 1048 2678 1095 ι.

2431 1117 2642 1201 Atque
2688 1116 2772 1183 ita
2818 1116 3230 1217 rescripsere.

2433 1203 2545 1269 Die
2594 1207 2630 1271 7
2678 1206 3074 1293 Septembris
3125 1208 3316 1274 1850.

2304 1343 2565 1415 2984.
2878 1347 3317 1414 rmum-ms.
3657 1349 3878 1436 (sisa)

2431 1467 2565 1533 Etsi
2611 1485 2740 1534 non
2787 1486 2911 1534 una
2959 1468 3099 1536 vice
3149 1479 3393 1537 tantum
3440 1471 3517 1538 ab
3566 1470 3686 1537 hac
3713 1474 3884 1539 Sacra

2299 1554 2561 1624 Rituum
2606 1557 3118 1643 congregatione
3168 1559 3484 1626 sancitum
3528 1557 3651 1625 fuit
3711 1578 3884 1647 paro·

2298 1643 2573 1710 chialem
2596 1645 2839 1710 Missam
2872 1662 2990 1730 pro
3013 1646 3256 1731 populo
3281 1645 3733 1716 celebrandam
3757 1667 3884 1714 esse

2299 1731 2538 1817 absque
2594 1732 2725 1798 nlla
2783 1731 3088 1800 exteriori
3148 1750 3299 1822 pom
3404 1783 3422 1820 ,
3485 1755 3558 1802 ac
3619 1734 3883 1824 proinde

2298 1818 2885 1907 Archipresbyteris
2964 1831 3029 1887 et
3104 1825 3294 1891 Paroc
3343 1821 3394 1890 is
3468 1823 3567 1890 ius
3639 1823 3884 1891 nullum

2298 1919 2672 1996 competere
2720 1908 3064 1994 exigendi,
3114 1921 3184 1977 ut
3231 1910 3536 1979 candelae
3583 1910 3649 1977 in
3697 1910 3883 1978 Altari

2296 2014 2599 2077 accensae
2659 1995 2786 2064 sint
2840 2013 3113 2064 numero
3173 1998 3399 2087 plnres
3452 2017 3645 2085 qnam
3691 2000 3879 2077 dnae;
3987 2006 3988 2021 ff

2298 2084 2609 2172 repetitae
2655 2084 3024 2153 huiusmodi
3070 2085 3382 2155 sanctioni
3428 2106 3664 2176 parere
3711 2106 3882 2153 recu·

2295 2183 2436 2240 sant
2491 2172 2621 2240 duo
2680 2171 2976 2240 canonici
3024 2173 3254 2241 vicarii
3313 2175 3612 2263 perpetui
3666 2174 3882 2243 Cathe-

2295 2260 2489 2329 dralis
2547 2259 2916 2328 Tiburtinae
2972 2282 3007 2328 a
3065 2265 3295 2331 Sancto
3348 2263 3694 2332 Laurentio
3739 2265 3883 2329 uar-

2300 2361 2441 2436 tyre
2469 2359 2900 2434 nuncupatae,
2950 2349 3060 2436 qui
3107 2351 3172 2416 in
3216 2352 3721 2437 praesentiarum
3750 2360 3884 2417 actu

2300 2440 2362 2506 in
2385 2437 2742 2506 Cathedrali
2780 2437 2885 2505 illa
2917 2438 3174 2505 Basilica
3205 2457 3323 2531 pro
3355 2458 3508 2508 cura
3537 2439 3882 2507 animarum

2295 2525 2661 2614 Capitulum
2712 2535 3229 2614 repraesentant,
3278 2527 3518 2614 quique
3567 2525 3884 2595 mordicus

2297 2615 2567 2702 exigunt
2626 2626 2697 2681 ut
2756 2625 3030 2700 quatuor
3072 2617 3502 2685 accendantur
3547 2616 3880 2698 candelae,

2297 2704 2456 2772 dnm
2518 2701 2634 2790 ipsi
2697 2712 3111 2770 memoratam
3159 2702 3404 2771 Missam
3462 2703 3882 2794 parochialem

2344 2811 2416 2857 ro
2464 2790 2705 2879 populo
2743 2791 3093 2861 celebrant.
3142 2792 3423 2869 Quorum
3457 2791 3795 2860 consilium
3826 2802 3884 2858 et

2325 2890 2532 2946 actum
2571 2879 2794 2946 Sacrae
2823 2879 3084 2948 Rituum
3115 2880 3608 2968 congregationi
3655 2879 3883 2947 humil·

2299 2967 2464 3036 limis
2510 2965 2673 3034 datis
2719 2966 3017 3056 precibus
3063 2981 3466 3056 exponentes
3510 2967 3751 3053 reliqui
3780 2970 3886 3036 Ca·

2296 3055 2507 3123 nonici
2557 3054 2745 3123 enixe
2792 3069 3122 3143 rogarunt,
3173 3069 3244 3125 ut
3288 3058 3619 3126 declarare
3670 3056 3884 3144 digna·

2297 3155 2523 3212 retur:
2584 3146 2749 3211 Num
2814 3146 3072 3212 tolerari
3137 3147 3334 3234 possit
3391 3146 3609 3232 quod,
3674 3155 3883 3212 contra

2296 3236 2717 3299 Decretorum
2764 3235 3256 3324 praescriptum,
3297 3235 3361 3300 in
3401 3253 3517 3301 sno
3563 3232 3884 3322 proposito

2297 3320 2527 3387 Vicarii
2586 3321 2885 3409 perpetui
2957 3334 3375 3410 perseverent
3397 3371 3416 3409 ,
3476 3341 3546 3387 ac
3617 3320 3885 3411 proinde

2297 3419 2600 3562 quatuor?
2616 3428 2906 3478 accensas
2952 3410 3249 3479 candelas
3295 3411 3359 3478 in
3389 3430 3534 3477 casu
3580 3409 3884 3478 adhibere

2300 3498 2554 3564 valeant

2430 3590 2511 3653 Et
2556 3588 2739 3653 Sacra
2783 3586 3042 3654 Rituum
3088 3587 3545 3677 congregatio,
3594 3586 3675 3653 ad
3729 3583 3883 3654 Vati·

2301 3693 2525 3742 canum
2572 3674 2878 3741 hodierna
2924 3674 3033 3743 die
3079 3677 3422 3744 coadunata
3453 3676 3520 3744 in
3545 3673 3883 3743 ordinariis

2297 3761 2620 3845 Comitiis,
2670 3761 2884 3830 andita
2940 3764 3017 3831 ab
3075 3763 3475 3850 infrascripto
3530 3760 3881 3830 Secretario

2296 3849 2474 3918 fideli
2510 3849 2813 3917 relatione
2861 3872 2931 3918 ac
2980 3852 3274 3920 omnibus
3322 3852 3383 3918 in
3430 3850 3598 3917 facto
3627 3868 3883 3917 concur·

2297 3939 2586 4006 rentibus
2631 3948 2877 4006 maturo
2917 3939 3210 4007 examine
3254 3938 3614 4027 perpensis,
3665 3936 3880 4035 rescri-

2304 4028 2589 4097 bendum
2634 4039 3070 4097 censuerunt:

2429 4138 2468 4184 ι
2500 4117 2639 4183 Non
2689 4114 2887 4183 licere
2933 4117 3108 4184 iuxta
3152 4120 3439 4199 Decreta,
3491 4116 3877 4201 abusumque

2302 4205 2561 4272 omnino
2609 4203 3072 4278 eliminandum
3103 4224 3170 4271 ι.

2431 4297 2645 4377 Atque
2713 4290 2797 4357 ita
2862 4292 3192 4380 rescripsit
3264 4291 3633 4378 servarique
3713 4309 3878 4380 prae·

2302 4380 2498 4468 cepit.

2433 4469 2548 4537 Die
2595 4471 2631 4535 7
2681 4467 3079 4557 Septembris
3123 4471 3314 4538 1850.

2307 4648 2569 4718 2985.
2659 4648 3078 4716 sacnmuu
3129 4648 3551 4717 mastonem
3663 4646 3874 4735 (sizo)

2847 4755 2926 4821 m
2972 4753 3337 4822 onnam.

2431 4909 2565 4978 Etsi
2627 4916 2808 4980 Sacra
2871 4908 3296 4998 congregatio
3351 4909 3434 4977 de
3486 4910 3875 4997 Propaganda

2299 5000 2454 5068 Fide
2499 5019 2628 5067 non
2674 4998 3034 5067 intermisse
3082 4996 3406 5082 institerit,
3455 5008 3526 5064 nt
3573 4998 3638 5064 in
3686 5015 3877 5065 remo·

2300 5088 2559 5155 tissimis
2617 5088 2810 5156 etiam
2861 5084 3257 5154 Missionibus
3315 5105 3435 5174 pro
3481 5088 3876 5154 Sacrosancto

2307 5178 2525 5244 nissae
2586 5176 2908 5246 Sacrificio
2964 5172 3391 5242 adhibeantur
3446 5174 3774 5246 candelae.
3804 5191 3874 5239 ex
