4042 5950
1636 232 2087 374 .—m-

247 450 559 539 Episcopo
606 450 671 517 in
717 451 1009 519 omnibus
1041 450 1531 533 Pontificalibus,
1564 452 1819 536 quaein
1880 522 1885 527 ,

246 538 523 605 Ecclesia
555 538 915 606 cathedrali
949 551 1367 626 peraguntur,
1401 558 1588 625 quam
1628 537 1816 605 etiam

244 625 595 693 accedendi
626 627 703 693 ad
737 644 955 693 omnes
986 625 1272 711 publicas
1303 638 1371 692 et
1403 627 1642 693 votivas
1672 631 1817 692 Pro-

244 710 565 781 cessiones
611 712 902 783 eiusdem
930 714 1233 796 civitatis,
1267 712 1421 781 ortis
1455 726 1819 780 controver-

240 800 345 866 siis
395 799 655 887 illisque
700 802 776 869 ad
826 805 893 870 S.
940 805 1019 869 R.
1064 804 1134 868 c.
1186 800 1456 884 delatis,
1509 805 1698 867 Effius
1753 812 1819 868 et

239 892 438 956 Rmus
486 892 561 955 D.
596 890 780 956 card.
813 891 898 957 de
926 887 1146 957 Abdus
1195 888 1583 976 infrascripta
1629 888 1817 955 dubia

238 976 623 1044 declaranda
670 978 1048 1064 proposuitz

378 1067 438 1129 1.
494 1065 589 1129 An
635 1063 1061 1151 Archipresby

240 1151 477 1218 clesiae
522 1151 904 1237 collegiatae
947 1153 1012 1219 S.
1048 1151 1507 1219 Bartholomaei
1538 1149 1816 1219 civitatis

238 1241 436 1306 Sorae
467 1238 861 1307 intervenire
891 1250 956 1305 et
984 1239 1274 1305 assistere
1304 1236 1579 1305 debeant
1616 1235 1816 1304 omni·

236 1324 353 1392 bus
402 1325 837 1394 functionibus
880 1326 1344 1394 Pontificalibus
1389 1325 1465 1392 ab
1507 1326 1815 1413 Episcopo

236 1412 640 1482 celebrandis
686 1414 749 1480 in
798 1413 1074 1481 Ecclesia
1118 1413 1476 1483 cathedrali
1498 1411 1532 1481 ’ἓ

368 1504 436 1567 2.
487 1504 586 1567 An
633 1501 807 1568 idem
850 1502 1382 1588 Archipresbyter
1428 1511 1495 1567 et
1523 1499 1815 1568 Canonici

237 1598 580 1655 teneantur
604 1588 993 1655 intervenire
1015 1588 1523 1657 Processionibus
1545 1587 1818 1676 publicis

235 1686 301 1742 et
348 1674 586 1741 votivis
630 1677 835 1744 dictae
880 1676 1161 1743 civitatis
1204 1674 1515 1744 Soranae‘?
1557 1685 1623 1743 et
1665 1695 1817 1760 qua-

237 1776 427 1830 tenus
474 1760 871 1847 affirmative,

370 1855 435 1917 3.
473 1852 573 1916 An
601 1852 675 1918 ad
712 1852 1004 1919 eamdem
1035 1850 1447 1941 assistentiam
1481 1861 1817 1918 teneantur

235 1939 431 2005 etiam
477 1937 774 2091 cgnonici
821 1938 1138 2006 Ecclesiae
1168 1941 1556 2026 collegiatae
1599 1942 1667 2005 S.
1698 1942 1816 2005 Re·

233 2026 503 2092 stitutae
570 2045 581 2059 ·

370 2117 452 2179 Et
499 2118 565 2181 S.
620 2119 696 2182 R.
752 2117 853 2199 c.‚
925 2124 1048 2180 tam
1117 2134 1273 2180 voce
1341 2133 1530 2200 quam
1566 2112 1816 2200 scriptis

234 2201 526 2287 partibus
588 2201 1070 2271 informantibus
1127 2201 1396 2286 auditis,
1461 2202 1815 2268 rescriben-

237 2289 396 2355 dum
444 2290 740 2356 censuit=

369 2376 464 2446 Ad
524 2380 581 2445 l.
634 2398 671 2441 α
703 2376 1092 2445 Affirmative
1123 2400 1185 2445 ».

374 2463 470 2530 Ad
518 2469 581 2530 2.
636 2486 673 2529 α
705 2464 1094 2533 Affirmative
1128 2486 1189 2531 ν.

367 2552 462 2618 Ad
512 2556 575 2619 3.
626 2574 666 2617 ε
697 2557 814 2618 Pro
847 2572 1016 2620 nunc
1049 2553 1249 2619 teneri
1275 2554 1353 2620 ad
1379 2551 1814 2619 Processiones

242 2650 487 2705 tantum
516 2661 583 2705 ».

372 2731 449 2791 Et
484 2726 564 2792 ita
595 2726 964 2795 declaravit.
1002 2727 1115 2794 Die
1144 2733 1185 2794 ὃ
1219 2727 1580 2795 Decembris
1617 2731 1809 2794 1716.

244 2882 496 2974 2243.
1588 2906 1811 2993 (scos)

1066 1076 1163 1131 ter
1223 1074 1288 1130 et
1347 1064 1640 1131 canonici
1702 1066 1818 1129 Ec·

831 2903 1251 2971 EUGUBlNA.

370 3085 542 3147 inter
600 3079 960 3146 confratres
1026 3078 1572 3148 confraternitatis
1640 3082 1813 3148 SSmi

243 3168 622 3235 sacramenti
658 3179 911 3233 erectae
958 3166 1023 3234 in
1070 3165 1349 3233 Ecclesia
1379 3168 1813 3256 archipresby-

247 3255 416 3320 terali
451 3266 521 3320 et
558 3253 901 3343 parochiali
933 3258 1001 3322 S.
1035 3253 1275 3323 loannis
1320 3255 1629 3343 Baptistae
1660 3261 1810 3324 'l'er-

240 3361 341 3407 rae
399 3346 657 3409 Fractae
719 3342 1035 3409 Dioecesis
1092 3343 1464 3429 Eugubinae
1529 3362 1606 3409 ex
1654 3362 1810 3428 una,

238 3441 426 3520 atque
473 3432 810 3518 Gasparem
860 3430 1330 3498 Manciarellum
1351 3430 1812 3519 archipresby·

245 3528 448 3583 terum
510 3528 577 3582 et
644 3518 990 3584 Parochum
1057 3517 1424 3604 praedictae
1491 3519 1809 3586 Ecclesiae

240 3604 521 3692 partibus
568 3623 650 3669 ex
695 3607 918 3690 altera,
965 3609 1121 3671 ortis
1168 3606 1616 3673 controversiis
1658 3606 1811 3672 illis·

240 3712 361 3778 que
405 3693 486 3757 ab
530 3690 836 3760 Auditore
883 3693 1085 3776 SSmi,
1135 3693 1390 3780 praevia
1444 3694 1808 3761 avocatione

240 3799 458 3846 causae
503 3779 583 3845 ab
628 3785 702 3846 Α.
732 3784 836 3865 c.‚
871 3780 947 3846 ad
998 3783 1160 3849 S.R.
1184 3783 1255 3847 c.
1283 3781 1587 3865 remissis,
1616 3785 1807 3854 Euius

240 3879 302 3934 et
362 3871 561 3934 limus
625 3870 695 3933 1).
755 3868 945 3934 Card.
995 3869 1351 3936 Gualterius
1418 3868 1810 3957 infrascripta

238 3954 425 4023 dubia
471 3955 849 4022 declaranda
895 3955 1265 4044 proposuit:

369 4047 433 4108 1.
482 4046 581 4109 An
626 4041 721 4109 ius
767 4043 1132 4112 celebrandi
1179 4043 1424 4111 Missam
1461 4045 1595 4111 sive
1641 4047 1807 4111 sole-

236 4150 455 4198 mnem
500 4131 636 4197 sive
683 4131 887 4199 minas
930 4134 1287 4198 solemnem
1342 4134 1444 4199 vel
1515 4136 1806 4200 conven-

237 4221 477 4286 tualem
522 4216 788 4306 singulis
834 4219 1043 4285 tertiis
1088 4219 1428 4288 Dominicis
1465 4220 1806 4288 cuiuslibet

238 4306 495 4392 mensis,
519 4325 641 4373 nec
685 4325 814 4374 non
861 4307 1106 4372 Missam
1128 4308 1483 4376 solemnem
1515 4327 1632 4394 pro
1665 4326 1805 4395 gra-

236 4395 464 4462 tiarum
511 4395 762 4462 actione
792 4398 870 4460 lll
899 4394 1221 4486 Dominica
1258 4398 1490 4463 mensis
1535 4399 1807 4464 Novem·

239 4482 389 4565 bris,
436 4501 601 4568 quae
648 4502 730 4548 ex
776 4483 1065 4550 instituto
1113 4501 1341 4550 canere
1370 4483 1609 4551 faciunt
1641 4485 1806 4549 Prio-

232 4589 333 4635 res
380 4580 449 4635 et
493 4569 858 4637 confratres
903 4571 1233 4637 Societatis
1277 4571 1452 4640 Sthi
1510 4572 1810 4660 corporis

231 4657 462 4725 christi
512 4659 577 4724 in
623 4658 904 4724 Ecclesia
927 4662 997 4724 S.
1022 4658 1265 4726 loannis
1311 4659 1623 4747 Baptistae
1654 4664 1806 4727 Ter·

233 4763 341 4811 rae
386 4748 643 4812 Fractae
709 4744 1054 4833 parochiali
1098 4746 1209 4813 ubi
1256 4747 1481 4814 eadem
1528 4748 1805 4815 Societas

232 4844 327 4899 est
374 4845 612 4918 erecta,
659 4852 779 4900 nec
825 4852 952 4900 non
1023 4834 1119 4904 ius
1179 4835 1535 4902 successive
1582 4834 1808 4902 iisdem

231 4920 461 4988 diebus
508 4921 789 4989 ducendi
850 4921 1329 4996 processionem
1376 4933 1440 4990 et
1487 4921 1552 4988 in
1598 4941 1671 4988 ea
1718 4922 1810 4988 fe·

232 5009 413 5075 rendi
463 5011 729 5076 SSmum
762 5011 1268 5093 Sacramentum,
1301 5030 1371 5076 ac
1404 5030 1552 5077 cum
1586 5030 1663 5076 eo
1695 5027 1807 5096 po-

232 5095 457 5183 pulum
526 5096 979 5181 benedicendi,
1051 5097 1366 5183 privative
1432 5108 1684 5186 spectet
1728 5098 1804 5164 ad

233 5185 578 5252 Parochum
654 5183 1346 5272 Archipresbyterum;
1412 5205 1528 5253 seu
1597 5186 1808 5274 potius

231 5274 327 5338 ins
372 5273 585 5339 omnia
633 5271 957 5359 praedicta
1018 5273 1368 5361 peragendi
1432 5284 1679 5360 spectet
1726 5273 1802 5340 ad

233 5361 692 5447 Gappellanum
738 5358 945 5428 dictae
993 5358 1365 5427 Societatis‘?

2060 456 2123 518 2.
2159 454 2253 518 An
2284 450 2383 518 ius
2407 449 2778 519 celebrandi
2813 451 3060 517 Missam
3089 450 3223 517 sive
3269 451 3499 517 lectam

1923 537 2057 604 sive
2105 548 2416 605 cantatam
2464 550 2530 605 et
2577 538 2843 605 canendi
2891 541 3203 625 vesperas
3237 539 3300 608 in
3330 537 3499 605 dicta

1924 627 2207 692 Ecclesia
2250 646 2321 691 ac
2370 626 2650 693 ducendi
2704 625 3179 693 processionem
3238 626 3500 694 alterius

1924 711 2252 780 Societatis
2319 713 2494 781 SSmi
2561 713 2800 779 Rosarii
2859 712 3098 800 pariter
3165 713 3230 781 in
3276 714 3499 781 eadem

1923 799 2204 867 Ecclesia
2264 814 2474 867 erecta
2505 846 2524 884 ,
2587 800 2786 899 prima
2854 801 3176 868 Dominica
3244 800 3497 871 cuiusli-

1923 889 2031 954 bet
2086 888 2342 971 mensis,
2391 889 2702 974 privative
2746 898 2996 974 spectet
3054 889 3130 956 ad
3195 889 3497 956 eumdem

1904 975 2316 1063 ‘Parochum3
2364 977 2498 1040 sive
2547 974 2761 1060 potius
2803 976 2880 1043 ad
2911 979 2995 1043 Ca
3042 972 3413 1062 pellanum?

2052 1068 2121 1131 3.
2167 1067 2288 1145 An,
2336 1062 2758 1130 renuentibus
2791 1064 3002 1151 ⁸Priori
3050 1083 3148 1147 us,
3183 1062 3495 1145 Sacristis,

1919 1149 2303 1219 officialibus
2333 1162 2399 1216 et
2430 1150 2862 1217 confratribus
2909 1151 3046 1217 cani
3078 1151 3285 1219 facere
3316 1166 3500 1236 prae-

1921 1238 2107 1306 dictis
2137 1237 2365 1305 diebus
2396 1238 2628 1320 Missas,
2664 1237 2748 1302 de
2785 1239 3014 1323 quibus
3059 1259 3274 1327 supra,
3305 1250 3497 1323 atque

1922 1327 2167 1393 eisdem
2245 1326 2441 1391 Missis
2508 1338 2575 1392 et
2639 1323 3072 1392 functionibus

1921 1410 2121 1499 possit
2166 1413 2484 1480 Parochus
2527 1432 2636 1479 eos
2681 1411 2968 1498 cogere?
3059 1450 3066 1459 ·

2055 1503 2118 1567 4.
2169 1504 2265 1567 An
2314 1499 2569 1584 itidem,
2620 1498 3040 1568 renuentibus
3093 1500 3282 1567 dictis
3335 1504 3498 1568 con-

1922 1589 2219 1655 fratribus
2261 1587 2743 1657 subministrare
2798 1589 3050 1654 solitam
3110 1608 3318 1655 ceram
3380 1606 3497 1672 pro

1919 1675 2119 1745 Altari
2171 1674 2274 1742 ubi
2323 1676 2541 1742 nissae
2585 1687 2651 1742 et
2699 1676 3091 1759 functiones,
3138 1677 3222 1743 de
3267 1675 3499 1762 quibus

1919 1782 2138 1850 supra,
2186 1762 2561 1850 explentur,
2609 1783 2732 1831 nec
2794 1781 2928 1830 non
2990 1762 3284 1830 assistere
3349 1779 3497 1828 cum

1922 1850 2125 1917 cereis
2171 1850 2449 1918 accensis
2493 1850 2820 1918 occasione
2868 1849 3241 1919 elevationis
3287 1861 3353 1918 et
3385 1850 3496 1916 de·

1920 1937 2172 2005 lationis
2218 1937 2392 2005 ssmi
2453 1937 2842 2005 sacramenti
2863 1987 2881 2022 ,
2932 1939 3132 2026 possit
3184 1938 3496 2006 Parochus

1923 2045 2029 2091 eos
2076 2044 2310 2114 cogere
2358 2025 2435 2092 ad
2484 2024 2933 2110 assistendum,
2980 2038 3045 2092 et
3092 2044 3304 2093 ceram
3348 2022 3494 2091 sub-

1921 2110 2448 2180 ministrandam?

2053 2204 2117 2266 δ.
2152 2203 2248 2267 An
2285 2200 2383 2266 ius
2429 2199 2748 2267 statuendi
2795 2200 3015 2268 horam
3061 2220 3178 2287 pro
3225 2200 3492 2286 explen-

1916 2284 2015 2353 dis
2065 2297 2187 2353 tam
2229 2286 2421 2356 -dictis
2466 2285 2900 2356 functionibus
2945 2307 3134 2391 quam
3193 2283 3331 2355 aliis
3389 2306 3495 2353 oc-

1919 2375 2171 2445 casione
2216 2393 2769 2476 quarumcumque
2825 2376 3265 2445 Festivitatum
3322 2373 3493 2441 ordi-

1916 2462 2233 2529 nariarum
2281 2476 2348 2529 et
2396 2465 3033 2547 extrordmariarum,
3066 2464 3131 2530 in
3178 2462 3345 2530 dicta
3377 2466 3496 2527 Ec·

1917 2549 2110 2615 clesia
2133 2550 2682 2635 celebrandarum,
2717 2564 2965 2640 spectet
2996 2552 3073 2618 ad
3115 2550 3357 2618 dictum
3388 2553 3497 2615 Pa·

1920 2636 2228 2724 rochum,
2273 2638 2412 2705 sive
2461 2638 2670 2726 potius
2713 2642 2793 2707 ad
2837 2640 3042 2708 dictos
3087 2637 3368 2704 Priorem
3432 2644 3501 2701 et

1914 2724 2304 2809 confratres,
2351 2726 2490 2792 sive
2547 2729 2929 2795 eorumdem
2973 2726 3434 2815 Gappellanum
3462 2721 3496 2791 ’ἓ

2049 2815 2114 2877 6.
2162 2817 2261 2880 An
2307 2814 2372 2880 in
2417 2814 2648 2880 diebus
2693 2815 3039 2883 Dominicis
3086 2824 3152 2881 et
3198 2813 3335 2879 aliis
3380 2816 3494 2878 Fe·

1911 2898 2294 2966 stivitatibus
2339 2902 2423 2969 de
2471 2913 2843 3057 praecepto,
2876 2903 3124 2992 possint
3146 2901 3300 2969 dicti
3326 2899 3496 2965 Prio-

1916 3007 2021 3053 res
2076 2999 2143 3055 et
2199 2990 2506 3057 Officiales
2566 2992 2709 3057 cele
2787 2992 2876 3058 ari
2939 2992 3151 3062 facere
3213 2990 3277 3057 in
3332 2988 3498 3056 dicta

1913 3076 2192 3143 Ecclesia
2256 3079 2326 3145 S.
2375 3079 2620 3145 loannis
2695 3080 3010 3167 Baptistae
3076 3097 3196 3165 per
3269 3093 3495 3143 eorum

1917 3163 2376 3252 Cappellanum
2441 3167 2542 3232 vel
2612 3168 2768 3234 alios
2836 3166 3214 3234 Sacerdotes
3281 3167 3490 3231 Missas

1914 3254 2214 3339 privatas,
2263 3267 2413 3321 ante
2458 3253 2701 3322 Missam
2765 3254 3192 3344 parochialem
3259 3257 3487 3321 lectam

1911 3340 2016 3404 vel
2065 3353 2402 3426 cantatam,
2449 3342 2587 3408 sive
2637 3343 2826 3410 huius
2878 3341 3314 3409 celebratione
3372 3343 3487 3407 du·

1912 3438 2120 3512 rante,
2167 3429 2307 3497 sine
2354 3430 2610 3496 licentia
2654 3431 2811 3499 dicti
2855 3428 3157 3497 Parochi?

2048 3518 2110 3582 7.
2161 3523 2256 3584 An
2301 3517 2701 3603 Sacerdotes,
2733 3519 2840 3604 qui
2883 3522 3105 3586 volunt
3135 3517 3218 3583 ob
3262 3534 3490 3583 eorum

1907 3602 2319 3672 devotionem
2403 3606 2735 3672 celebrare
2811 3604 2874 3672 in
2956 3606 3125 3673 dicta
3209 3602 3488 3671 Ecclesia

1907 3692 1979 3757 S.
2006 3692 2247 3760 loannis
2291 3696 2605 3781 Baptistae
2653 3694 2757 3760 vel
2805 3693 3016 3761 divina
3086 3693 3295 3761 Officia
3340 3711 3487 3780 per·

1906 3794 2127 3864 agere,
2164 3781 2407 3867 possint
2455 3782 2574 3850 hoc
2606 3782 2818 3848 facere
2863 3799 3010 3847 cum
3055 3783 3186 3847 sola
3236 3779 3489 3850 lieentia

1909 3864 2198 3933 Hierum
2266 3878 2332 3935 et
2397 3869 2838 3947 confratrum;
2903 3869 3038 3934 sive
3111 3869 3322 3958 potius
3391 3867 3488 3933 ius

1829 4027 1836 4034 ,
1909 3953 2100 4020 dandi
2147 3956 2379 4023 dictam
2428 3957 2747 4024 licentiam
2790 3969 3047 4043 spectet
3104 3957 3179 4023 ad
3245 3958 3486 4024 dictum

1913 4041 2314 4110 Parochum‘?

2042 4133 2105 4198 8.
2158 4134 2255 4198 An
2301 4143 2367 4199 et
2413 4131 2516 4200 cui
2560 4132 2917 4200 debeantur
2960 4132 3271 4218 reliquiae
3319 4150 3489 4197 cera·

1908 4237 2089 4302 rum,
2138 4239 2301 4306 quae
2359 4232 2708 4309 supersunt
2755 4232 2896 4307 post
2954 4223 3209 4308 expleta
3274 4218 3488 4287 Officia

1908 4306 2259 4392 missarum,
2307 4327 2471 4393 quae
2520 4309 2961 4376 benefactores
3005 4307 3334 4376 adventitii
3383 4325 3488 4374 ce-

1910 4394 2162 4462 lebrare
2192 4395 2429 4462 faciunt
2475 4396 2539 4462 in
2594 4397 2762 4463 dicta
2821 4396 3100 4463 Ecclesia
3147 4397 3281 4463 sive
3327 4414 3487 4480 quae

1910 4482 2287 4552 celebranda
2333 4494 2481 4550 sunt
2528 4502 2608 4549 ex
2659 4483 3018 4572 particulari
3068 4479 3492 4570 obligatione?

2039 4574 2104 4638 9.
2155 4578 2251 4638 An
2298 4571 2393 4637 ius
2459 4572 2858 4639 concedendi
2928 4572 3245 4637 licentiam
3305 4570 3490 4636 dictis

1908 4656 2420 4726 benefactoribus
2465 4658 2831 4725 adventitiis
2880 4678 2995 4745 pro
3053 4657 3485 4724 celebratione

1908 4743 2260 4830 missarum,
2283 4747 2648 4814 Officiorum
2671 4747 2808 4812 sive
2837 4745 3299 4830 Festivitatum,
3327 4765 3491 4832 quae

1906 4832 2246 4917 aliquando
2317 4851 2655 4901 occurrere
2706 4845 3030 4922 possunt,
3095 4845 3345 4921 spectet
3412 4834 3490 4900 ad

1908 4920 2155 4986 Priores
2179 4922 2389 4988 dictae
2416 4922 2741 4988 Societatis
2774 4922 2950 4989 SSn‘ti
2984 4923 3282 5010 corporis
3311 4920 3489 4988 chri·

1906 5008 2023 5086 sti;
2076 5009 2179 5074 vel
2230 5009 2441 5095 potius
2487 5011 2564 5076 ad
2615 5011 2918 5076 eumdem
2963 5005 3362 5078 Parochum?

2045 5098 2150 5162 10.
2200 5099 2297 5162 An
2345 5098 2707 5165 confratres
2755 5097 3067 5184 praedicti
3115 5097 3354 5187 pomint
3385 5100 3490 5161 Pa-

1908 5186 2104 5251 rocho
2151 5184 2496 5271 prohibere
2547 5204 2734 5251 usum
2775 5186 3120 5269 Mutrium,
3151 5187 3211 5252 in
3259 5184 3490 5271 quibus

1905 5273 2473 5339 Confraternitates
2520 5285 2671 5340 sunt
2721 5283 2999 5357 erectae,
3037 5276 3210 5341 etad
3242 5275 3488 5339 dictum

1906 5359 2208 5428 effectum
2256 5360 2364 5429 illa
2410 5359 2683 5448 spoliare
2730 5360 2932 5427 solitis
2978 5373 3042 5426 et
3108 5359 3489 5448 quotidianis

3155 1326 3446 1392 assistere
3478 1373 3494 1407 ,
3599 1406 3608 1413 ο
