4042 5950
1529 286 1999 377 ,—115—

125 443 464 510 Abbatihus
511 445 908 511 Beneficiatis
964 444 1238 531 Capituli
1307 444 1705 512 domicilium

125 531 502 597 habentibus
550 534 616 598 in
661 532 975 599 Parochiis
1023 533 1338 599 dictarum
1397 532 1709 598 Ecclesia-

124 633 309 692 rum;
381 617 487 684 vel
551 619 764 709 potius
831 620 1143 708 pertineat
1212 619 1287 685 ad
1359 622 1709 687 Parochum

121 703 490 772 domicilii?
1665 761 1672 770 .

243 797 310 861 8.
365 795 466 860 An
514 794 723 861 eidem
774 794 1349 883 Archipresbytero
1389 797 1708 862 Ecclesiae

120 881 538 965 Cathedralis,
587 883 933 948 associante
983 883 1301 971 Capitulo,
1354 883 1598 950 licitum
1629 883 1711 949 sit

123 968 644 1057 independenter
689 991 720 1034 a
764 970 1045 1037 Parocho
1094 971 1393 1037 domicilii
1458 970 1522 1037 in
1584 990 1710 1056 quo

122 1056 499 1141 capitularis
545 1057 831 1141 decedit,
882 1057 1051 1124 illius
1090 1059 1360 1126 cadaver
1389 1069 1710 1146 asportare

124 1144 194 1209 ad
240 1144 599 1211 Ecclesiam
649 1143 1146 1213 cathedralem?

245 1235 313 1298 9.
365 1235 469 1297 An
516 1232 1107 1320 Archipresbyteris
1139 1234 1570 1301 Ecclesiamm
1603 1253 1709 1320 pa-

128 1319 495 1388 rochialium
530 1319 771 1407 pariter
807 1320 1051 1387 licitum
1084 1323 1166 1388 sit
1197 1321 1713 1410 independenter

126 1410 194 1476 ab
237 1406 817 1496 Archipresbytero
864 1410 1255 1476 Cathedratis
1302 1410 1571 1476 cadaver
1602 1410 1712 1475 ali·

128 1501 295 1566 cuius
355 1496 832 1585 participantis,
895 1495 1275 1563 decedentis
1329 1498 1491 1563 intra
1551 1499 1712 1566 fines

127 1587 443 1653 Ecclesiae
490 1583 924 1666 cathedralis,
972 1596 1296 1669 asportare
1356 1585 1431 1651 ad
1497 1605 1715 1674 respe-

129 1676 344 1741 ctivam
399 1671 750 1739 Ecclesiam
800 1670 1261 1757 receptitiam?

253 1765 362 1829 to.
417 1762 515 1826 An
563 1760 922 1826 decedente
959 1759 1172 1845 aliquo
1209 1780 1288 1826 ex
1322 1759 1714 1863 presbyteris

131 1846 648 1936 participantibus
694 1846 1007 1913 dictarum
1046 1847 1251 1915 trium
1285 1848 1710 1916 Ecclesiarum

133 1936 604 2025 receptitiarum
633 1931 809 2001 ‘intra
838 1934 996 2000 fines
1028 1936 1357 2002 Paroeciae
1389 1937 1711 2003 Ecclesiae

133 2023 551 2108 Cathedralis,
622 2022 855 2107 absque
926 2022 1246 2089 electione
1312 2023 1710 2124 sepulturae,

135 2113 439 2198 privative
476 2110 887 2176 tumulandus
933 2111 1014 2176 sit
1063 2111 1126 2177 in
1172 2112 1454 2177 Ecclesia
1486 2113 1711 2180 Cathe-

137 2201 306 2282 drali,
341 2199 570 2266 solutis
603 2196 844 2263 iuribus
877 2196 1341 2282 parochialibus
1373 2199 1712 2287 Archipre-

135 2288 383 2375 sbytero
445 2287 654 2354 dictae
721 2284 1039 2350 Ecclesiae
1105 2286 1544 2364 cathedralis3
1606 2288 1709 2353 vel

137 2377 340 2459 potius
382 2372 800 2442 tumulandus
830 2371 910 2436 sit
943 2371 1007 2437 in
1039 2373 1176 2439 eius
1211 2372 1562 2473 respectiva
1594 2378 1736 2441 Ec·-

138 2464 315 2529 clesia
363 2461 723 2548 receptitia,
772 2459 998 2526 solutis
1044 2459 1270 2527 iisdem
1315 2459 1616 2527 iuribus?

261 2555 372 2617 11.
428 2554 524 2616 An
582 2546 946 2616 decedente
1005 2547 1216 2633 aliquo
1276 2567 1354 2615 ex
1418 2549 1712 2636 capitulo

138 2637 523 2704 Cathedralis
581 2636 743 2703 intra
805 2633 984 2700 fines·
1025 2633 1332 2702 dictarum
1401 2636 1711 2703 Ecclesia-

142 2743 268 2790 rum
321 2722 778 2813 parochialium
830 2723 1240 2789 tumulandus
1271 2721 1448 2788 sitin
1485 2725 1705 2791 eadem

139 2812 408 2879 Ecclesia
456 2809 825 2899 parochiali,
876 2807 981 2874 uhi
1029 2809 1315 2895 decedit,
1362 2810 1586 2876 solutis
1615 2813 1710 2878 iu·

141 2900 304 2966 ribus
360 2897 833 2989 parochialibus·
866 2896 1141 2963 Parocho
1190 2897 1542 2977 domicilii;
1606 2902 1712 2965 vel

141 2993 342 3072 potius
407 2987 817 3055 tumulandus
875 2987 956 3051 sit
1017 2985 1082 3050 in
1139 2985 1420 3053 Ecclesia
1484 2989 1752 3054 Cathe-·

139 3074 314 3157 drali,
363 3077 472 3143 abs
518 3095 602 3141 ue
637 3073 786 3141 ullo
835 3091 1028 3139 onere
1075 3072 1282 3139 dictae
1336 3085 1710 3161 praetensae

139 3095 517 3229 solutionisg
741 3230 746 3235 ,
1051 3164 1062 3179 “

267 3255 367 3317 12.
422 3254 541 3331 An,
590 3247 915 3315 occasione
963 3246 1291 3314 electionis
1337 3250 1708 3337 sepulturae

141 3338 327 3405 iactae
373 3339 452 3404 ab
499 3339 712 3423 aliquo
753 3356 831 3402 ex
866 3335 1049 3402 dictis
1093 3336 1614 3424 participantibus
1647 3338 1707 3403 in

143 3444 352 3493 eorum
418 3425 772 3513 respective
828 3423 1126 3490 Ecc-lesiis
1188 3424 1565 3509 receptitiis,
1618 3437 1708 3490 te·

140 3528 353 3579 neatur
419 3514 782 3602 Capitulum
858 3511 1243 3596 cathedralis
1289 3512 1706 3578 'intervenire

143 3604 320 3685 gratis
364 3603 438 3667 ad
476 3599 796 3667 cadaveris
842 3599 1355 3686 associationem3
1393 3610 1458 3666 et
1491 3620 1526 3665 e
1560 3619 1707 3665 con-

145 3707 348 3773 verso,
395 3689 758 3757 decedente
819 3688 1030 3774 aliquo
1080 3707 1159 3754 ex
1205 3685 1532 3754 canonicis
1589 3692 1706 3754 Ec-

144 3778 354 3842 etesiae
402 3774 821 3858 Cathedralis,
874 3785 1210 3845 teneantur
1270 3776 1506 3862 pariter
1552 3774 1706 3841 dicti

147 3864 684 3952 archipresbyteri
734 3872 798 3927 et
845 3862 1199 3951 Presbyteri
1263 3862 1710 3951 participantes

147 3950 518 4019 intervenire
610 3952 758 4016 ratis
805 3951 876 4016 ad
930 3950 1217 4017 eiusdem
1251 3949 1573 4017 cadaveris
1618 3971 1708 4016 as·

147 4040 535 4107 sociationem

165 4162 176 4181 -·
267 4133 367 4195 13.
419 4130 543 4210 An,
591 4138 928 4215 praesente
964 4125 1255 4213 Capitulo
1285 4125 1699 4209 Cathedral‘ts,

149 4215 337 4282 eidem
384 4227 637 4303 spectet
675 4214 984 4303 privative
1016 4214 1476 4301 praeintonatio
1509 4213 1573 4280 in
1602 4211 1706 4279 of-

150 4301 272 4367 ficio
316 4303 580 4389 aliisque
628 4301 1082 4383 functionibus,
1131 4304 1321 4367 etiam
1370 4312 1704 4388 praesente

151 4392 464 4545 cadaverg,
512 4391 573 4457 in
619 4388 806 4457 dictis
854 4390 1150 4456 Ecclesiis
1201 4391 1547 4477 receptitiis
1596 4408 1705 4453 ex-

153 4480 381 4563 plendis

269 4572 365 4635 ¹4.
420 4571 543 4650 An,
593 4578 734 4655 post
782 4567 1067 4652 expletas
1111 4566 1469 4647 functiones
1499 4565 1705 4632 eccle·

156 4653 396 4721 siasticas
444 4667 510 4721 et
557 4654 778 4722 funera
829 4656 890 4720 in
938 4654 1122 4721 dictis
1183 4654 1482 4720 Ecclesiis
1528 4672 1707 4742 paro-

158 4740 434 4809 chialibus
471 4742 808 4809 assistente
833 4745 912 4808 Ca
963 4742 1123 4808 itulo
1155 4740 1570 4825 cathedralis,
1600 4746 1709 4805 Ar-

156 4828 590 4931 chipreshyteri
639 4830 872 4915 aliique
954 4850 990 4895 e
1020 4830 1209 4896 Clero
1248 4839 1586 4895 teneantur
1617 4848 1709 4893 as-

155 4934 362 4983 sociare
427 4918 601 4984 idem
664 4918 1023 5002 Capitulum
1089 4936 1294 5003 usque
1358 4918 1430 4983 ad
1496 4918 1706 4984 ianuas

157 5007 549 5087 praefatarum
597 5006 1023 5071 Ecclesiamm
1050 5001 1083 5069 ⁸?

263 5097 336 5159 Et
398 5098 465 5161 S.
506 5096 582 5159 R.
631 5095 732 5177 C.,
781 5102 1046 5180 utraque
1105 5103 1287 5180 parte
1346 5095 1587 5182 scripto
1641 5104 1707 5159 et

158 5197 287 5245 voce
315 5183 497 5267 prius
529 5181 738 5247 audita
770 5180 1046 5267 visisque
1088 5180 1332 5247 iuribus
1379 5182 1524 5249 hinc
1558 5183 1706 5248 inde

158 5265 449 5350 deductis,
498 5269 575 5335 ad
636 5267 1007 5335 relationem
1075 5269 1360 5335 eiusdem
1410 5268 1550 5334 Emi
1597 5273 1708 5334 Po-

157 5360 361 5440 nentis,
409 5354 892 5422 rescribendum
941 5358 1227 5423 censuit:
1644 5368 1652 5377 ‘

1943 442 2038 509 Ad
2080 447 2138 509 1.
2175 465 2212 505 ‹
2239 442 2648 527 Affirmative,
2684 443 2762 510 ad
2800 441 3065 530 primam
3102 456 3393 534 partem;

1817 530 2147 616 Negative,
2196 532 2273 597 ad
2320 532 2664 598 secundam
2696 554 2762 597 ν.

1949 618 2044 684 Ad
2094 623 2157 684 2.
2211 640 2247 683 ‹
2282 618 2617 705 Negative,
2666 619 3061 706 adffiprimam
3113 631 3397 707 partem;

1816 706 2231 791 Affirmative,
2280 706 2355 772 ad
2405 708 2746 774 secundam
2780 728 2842 772 ι.

1948 794 2041 860 Ad
2079 799 2141 860 3.
2189 817 2226 858 α
2251 792 2669 877 Affirmative,
2705 795 2779 861 ad
2815 795 3084 881 primam
3119 805 3394 883 partem,

1819 893 1960 971 post
1996 880 2268 947 Abbates
2315 880 2775 960 Beneficiatos;
2823 883 3154 969 Negative,
3189 883 3263 948 ad
3299 902 3398 948 se-

1816 970 2097 1037 cundam
2129 991 2192 1035 ν.

1946 1058 2042 1123 Ad
2079 1062 2141 1123 4.
2179 1078 2215 1121 ‹
2242 1057 2659 1141 Affirmative,
2695 1059 2771 1125 ad
2806 1060 3072 1146 primam
3104 1071 3393 1145 partem;

1816 1145 2153 1233 Negative,
2203 1146 2275 1209 ad
2326 1147 2673 1212 secundam
2706 1168 2770 1213 ν.

1947 1233 2042 1299 Ad
2080 1238 2143 1299 ὅ.
2185 1255 2221 1296 «
2247 1231 2660 1316 Affirmative,
2696 1235 2770 1300 ad
2806 1235 3078 1321 primam
3121 1247 3393 1321 partem,

1818 1322 2167 1389 dummodo
2222 1320 2509 1387 Officium
2575 1323 2634 1388 in
2700 1322 2977 1389 Ecclesia
3036 1321 3395 1388 cathedrali

1817 1427 1944 1475 non
1994 1419 2299 1562 pieragant
2343 1427 2541 1495 super
2588 1411 2900 1498 cadaver-3
2951 1409 3283 1494 Negative,
3318 1409 3394 1475 ad

1818 1515 2015 1562 secun
2064 1516 2163 1561 am
2198 1518 2261 1561 ι.

1948 1584 2041 1650 Ad
2078 1587 2142 1650 6.
2178 1607 2214 1650 ‹
2243 1583 2662 1670 Affirmative,
2698 1586 2775 1652 ad
2808 1584 3076 1671 primam
3107 1596 3395 1671 partem

1812 1672 2148 1758 Negative,
2198 1672 2275 1738 ad
2331 1673 2674 1748 secundam
2714 1696 2778 1740 ιι.

1947 1760 2043 1826 Ad
2078 1760 2140 1825 7.
2177 1783 2211 1824 ιι
2245 1759 2578 1844 Negative,
2629 1759 2703 1827 ad
2769 1760 3034 1849 primam
3097 1761 3393 1848 partem}

1817 1847 2229 1933 Affirmative,
2280 1847 2355 1913 ad
2403 1849 2745 1916 secundam
2781 1871 2842 1915 ν.

1948 1936 2041 2001 Ad
2092 1939 2157 2004 8.
2209 1959 2247 2002 α
2280 1934 2587 2019 Negative
2619 1958 2685 2001 v.

1946 2023 2044 2090 Ad
2090 2027 2156 2090 9.
2209 2047 2245 2086 ‹
2278 2023 2586 2110 Negative
2622 2045 2684 2090 ».

1948 2111 2041 2177 Ad
2099 2114 2203 2179 10.
2250 2135 2286 2174 ‹
2321 2109 2740 2195 Affirmative,
2797 2113 2870 2177 ad
2904 2191 2908 2195 Α
2937 2112 3204 2197 primam
3256 2133 3397 2200 par·

1818 2209 1987 2275 tem;
2036 2201 2371 2284 Negative,
2421 2199 2495 2265 ad
2547 2201 2890 2266 secundam
2925 2221 2986 2264 ν.

1948 2287 2042 2353 Ad
2096 2291 2202 2354 11.
2250 2309 2286 2352 ‹
2313 2287 2647 2372 Negative,
2698 2289 2774 2355 ad
2806 2287 3075 2376 primam
3113 2299 3391 2373 partem;

1816 2372 2241 2459 Affirmative‚
2291 2377 2366 2442 ad
2428 2376 2807 2458 secundam,
2871 2374 3093 2439 solutis
3156 2373 3396 2439 iuribus

1705 2517 1718 2532 ,
1814 2460 2281 2550 parochialibus
2326 2464 2603 2531 Parocho
2651 2459 3058 2530 domicilii».

1946 2552 2042 2616 Ad
2098 2553 2203 2616 12.
2255 2571 2291 2614 ‹
2326 2552 2636 2636 Negative
2683 2551 2746 2617 in
2793 2548 3086 2618 omnibus
3122 2573 3187 2617 ».

1945 2639 2040 2705 Ad
2095 2641 2202 2705 13.
2251 2661 2287 2700 ‹
2320 2639 2629 2724 Negative
2665 2660 2729 2705 ν.
2923 2699 2932 2707 .

1946 2726 2039 2792 Ad
2096 2729 2201 2791 14.
2251 2746 2290 2789 α
2323 2727 2714 2793 Affirmative
2746 2749 2816 2793 ».

1943 2817 2023 2879 Et
2071 2813 2153 2878 ita
2188 2813 2476 2879 decrevit
2521 2833 2590 2879 ac
2622 2815 2859 2880 servari
2895 2813 3236 2881 mandavit.
3286 2815 3396 2880 Die

1822 2904 1899 2967 13
1943 2901 2079 2966 Maii
2134 2902 2331 2967 1766.

1943 2991 2266 3057 Adversus
2322 2999 2534 3056 tamen
2580 2990 2757 3055 istam
2810 2990 3266 3058 resolutionem
3317 3010 3393 3055 ex

1811 3087 1993 3162 parte
2039 3076 2751 3161 Archipresbyterorum
2792 3088 2857 3142 et
2887 3078 3052 3143 Cleri
3088 3077 3396 3144 Ecclesia-

1811 3183 1953 3230 rum
2003 3164 2455 3253 parochialium
2504 3163 2709 3231 dictae
2751 3164 3056 3249 CivitatiS‚
3117 3164 3395 3249 expetita

1811 3263 1879 3318 et
1926 3252 2183 3318 obtenta
2230 3270 2389 3318 nova
2433 3251 2779 3335 audientia,
2816 3263 2879 3317 et
2926 3253 3112 3320 huius
3145 3250 3391 3336 vigore,

1814 3340 2204 3428 reproposita
2253 3359 2372 3427 per
2418 3340 2714 3406 eumdem
2762 3344 2991 3406 Emum
3047 3352 3112 3406 et
3164 3342 3392 3423 limum

1813 3431 1888 3493 D.
1937 3426 2123 3493 Card.
2175 3430 2241 3494 S.
2291 3427 2577 3493 Caesarei
2631 3431 2979 3494 Ponentem
3028 3427 3394 3494 huiusmodi

1814 3515 2240 3580 controversia
2286 3534 2487 3603 super
2529 3515 2823 3600 praefatis
2867 3514 3116 3593 dubiis;

1821 3654 1832 3669 .
1945 3604 2011 3669 S.
2049 3605 2122 3666 R.
2160 3605 2262 3686 C.,
2296 3602 2538 3688 scripto
2586 3613 2651 3667 et
2694 3622 2850 3669 voce
2898 3612 3168 3689 utraque
3214 3614 3395 3689 parte

1812 3688 1960 3755 hinc
2004 3689 2158 3756 inde
2204 3691 2584 3756 informante
2646 3690 2856 3758 audita
2904 3701 2969 3757 et
3017 3711 3091 3755 ex
3143 3690 3396 3758 noviter

1814 3776 2136 3860 deductis,
2164 3777 2645 3845 rescribendum
2673 3780 2942 3844 censuit:
2978 3801 3015 3843 ι
3039 3782 3103 3845 ln
3131 3778 3393 3851 decisis;

1812 3876 1879 3929 et
1912 3865 2185 3951 amplius
2211 3887 2272 3930 ν.
2312 3869 2391 3932 Et
2415 3866 2494 3931 ita
2528 3866 2815 3932 decrevit
2847 3887 2916 3933 ac
2948 3868 3181 3932 servari
3221 3884 3393 3932 man·
3458 3920 3475 3925 ,

1812 3952 2007 4018 davit.
2043 3953 2154 4018 Die
2192 3956 2271 4020 18
2302 3952 2665 4021 Decembris
2719 3957 2909 4021 1766.

1815 4131 2068 4200 2442.
2180 4133 2494 4198 namen.
2540 4133 2620 4198 m
2665 4134 3040 4201 anasum.
3166 4128 3457 4219 (4264)·

1944 4303 2244 4371 Moniates
2268 4306 2787 4372 monasteriorum
2822 4305 3101 4371 Civitatis
3133 4305 3392 4370 Bahien·

1812 4394 1895 4459 sis
1928 4390 1992 4459 in
2016 4394 2267 4460 Brasilia
2301 4395 2467 4479 apud
2504 4396 2567 4461 S.
2589 4397 2664 4460 R.
2688 4397 2762 4460 C.
2789 4393 3143 4460 humillime
3180 4392 3395 4478 exqui-

1811 4483 2138 4548 siverunt:
2187 4484 2282 4546 An
2329 4488 2604 4568 sequens
2646 4481 2913 4547 formula
2960 4479 3392 4564 absolutionis,

1812 4587 2099 4657 nempe:
2153 4571 2561 4636 Auctor-itate
2590 4569 2760 4636 vobis
2806 4588 3092 4635 concessa
3132 4579 3190 4634 et
3233 4567 3397 4632 mihi

1813 4660 2146 4722 commissa
2184 4677 2287 4742 eqo
2322 4678 2426 4721 vos
2457 4656 2703 4721 absolvo
2732 4662 2827 4723 sic
2852 4658 3165 4743 plenarie,
3197 4666 3259 4723 et
3290 4655 3394 4721 illi

1809 4749 2023 4811 statui
2069 4748 2477 4812 innocentiae
2534 4748 2835 4827 restituo,
2885 4744 3186 4828 quomodo
3233 4746 3394 4809 San-

1812 4835 2012 4898 ctitas
2057 4834 2320 4897 Domini
2365 4834 2591 4898 Nostri
2622 4835 2836 4916 Papae
2879 4834 3145 4917 faceret,
3178 4835 3236 4897 si
3266 4836 3397 4917 ipse

1812 4924 1884 4985 in
1910 4921 2301 5004 confessione
2321 4939 2503 5004 pecca
2514 4931 2581 4985 ta
2621 4929 2831 4986 vestra
2865 4919 3307 4999 auscultaret5
3336 4930 3394 4985 et

1810 5008 2018 5073 eadem
2086 5011 2483 5073 auctoritate
2534 5009 2894 5093 Apostolica
2939 5007 3111 5073 vobis
3155 5008 3396 5072 benedi·

1812 5100 2085 5160 ctionem
2132 5095 2433 5178 Papatem
2481 5098 2844 5180 impertior,
2882 5100 2954 5162 in
2988 5099 3241 5160 nomine
3271 5097 3395 5159 Ρα-

1815 5187 1962 5263 tris,
1999 5194 2059 5248 et
2094 5182 2253 5248 Filii
2284 5194 2432 5263 etc„
2471 5202 2656 5269 quam
2703 5183 3008 5250 adhihere
3053 5182 3261 5249 solent
3295 5204 3394 5248 ea-

1812 5289 1954 5336 rum
1987 5270 2351 5357 eappettani
2387 5271 2451 5336 in
2483 5271 2972 5338 administranda
3022 5270 3396 5336 oratricibus

1811 5361 1998 5426 Sacra
2046 5358 2535 5443 communione,
2587 5357 2754 5425 licita
2798 5360 2920 5438 sit;
2953 5377 3029 5424 an
3061 5358 3272 5443 potius
3302 5356 3394 5423 in-
