4042 5950
2046 248 2517 328 —362—

775 417 838 479 4.
890 416 987 479 An
1041 410 1360 501 praedicta
1412 411 1591 478 Missa
1649 410 1861 477 votiva
1918 409 2223 477 solemnis

641 500 1019 568 celebranda
1057 500 1162 585 sit,
1204 518 1331 566 non
1378 500 1570 567 modo
1602 497 1665 565 in
1699 497 1998 565 Ecclesiis
2042 501 2221 563 paro·

642 588 971 671 chialibus,
1020 587 1132 655 sed
1183 598 1248 655 et
1295 587 1360 653 in
1403 586 1700 654 Oratoriis
1745 582 2066 673 publicis?

770 681 833 743 ὅ.
885 677 979 743 An
1028 675 1253 743 itidem
1287 678 1350 742 in
1382 674 1683 744 Ecclesiis
1713 673 2126 764 Regularium
2159 683 2225 740 et

641 761 1051 832 Monialium‘?

768 855 846 919 Et
902 857 1083 920 Sacra
1146 852 1404 921 Rituum
1467 856 1719 938 congre
1768 852 1932 934 atio,
1984 851 2051 917 in
2108 851 2219 919 ho-

637 939 878 1008 diernis
921 939 1262 1008 ordinariis
1305 940 1589 1009 comitiis
1619 941 1697 1007 ad
1779 939 2045 1006 uiriuale
2083 959 2221 1007 coa·

637 1028 894 1114 dunata,
919 1029 1246 1097 referente
1275 1029 1636 1115 subscripto
1668 1028 2051 1111 Secretario,
2079 1046 2222 1094 con·

636 1115 926 1184 sideratis
951 1118 1245 1186 omnibus
1270 1130 1336 1185 et
1367 1115 1754 1184 inhaerendo
1780 1114 1916 1181 aliis
1939 1114 2222 1182 Decretis

638 1203 700 1270 in
747 1203 1054 1272 similibus
1099 1204 1288 1290 datis,
1323 1203 1800 1294 rescribendum
1845 1203 2129 1270 censuit:

765 1292 860 1359 Ad
915 1299 974 1361 1.
1027 1314 1065 1357 «
1099 1293 1441 1362 Addendas
1482 1310 1620 1360 esse
1663 1291 2218 1359 commemoratio-

637 1398 753 1446 nes
801 1379 863 1445 in
912 1400 1057 1448 casu
1090 1403 1151 1449 ».

768 1468 863 1536 Ad
912 1473 978 1537 2.
1027 1489 1066 1534 s
1100 1468 1529 1552 Affirmative,
1591 1468 1669 1535 ad
1740 1467 2007 1555 primam
2077 1487 2217 1557 par-

639 1565 813 1636 tem;
865 1558 1195 1645 Negative,
1243 1557 1321 1625 ad
1366 1556 1715 1624 secundam
1748 1578 1809 1622 ι.

767 1645 862 1712 Ad
896 1649 958 1714 3.
997 1645 1384 1713 «provisum
1435 1645 1497 1711 in
1543 1643 1956 1732 praecedenti
1992 1664 2057 1710 ι.

767 1733 860 1799 Ad
896 1738 963 1800 4.
998 1754 1036 1797 «
1062 1732 1492 1812 Affirmativ03
1534 1733 1887 1800 dummodo
1919 1732 2004 1799 de
2037 1751 2217 1799 more

636 1816 811 1886 mssa
858 1821 922 1889 in
971 1823 1168 1889 Festis
1214 1832 1506 1888 cantetur
1537 1843 1602 1887 ι.

765 1910 861 1977 Ad
908 1915 975 1978 Β.
1024 1931 1062 1974 «
1096 1910 1191 1977 Ab
1255 1927 1633 1997 umqume
1694 1908 1972 1976 Ecclesia
2037 1927 2215 1976 suam

632 1998 1009 2067 servandam
1048 2014 1189 2065 esee
1232 1997 1763 2064 consuetudinem
1798 2018 1865 2065 ι.

765 2086 972 2174 Atque
1022 2085 1104 2152 ita
1151 2084 1506 2152 rescribere
1571 2097 1698 2152 rata
1752 2096 1848 2153 est
1894 2097 1961 2152 et
2005 2084 2217 2153 decla·

637 2194 803 2242 rare.

764 2261 877 2330 Die
923 2264 1008 2331 22
1056 2260 1192 2331 {ulii
1247 2265 1436 2331 1848.

635 2418 886 2491 29⁷5.
1092 2421 1758 2488 CONGREGATIONlS

895 2528 1391 2594 cmmcottnu
1440 2527 1950 2594 REGULAan

807 2631 1083 2699 SANCTI
1129 2633 1354 2700 PAULI
1402 2631 2032 2699 BARNABITARUM.

762 2793 966 2870 Quum
1013 2792 1077 2865 iu
1124 2792 1402 2860 Ecclesia
1463 2790 1705 2858 adiecta
1757 2790 2046 2878 collegio
2091 2792 2213 2858 No·

632 2878 887 2946 vitiatus
918 2879 1313 2948 clericorum
1358 2879 1769 2967 Regularium
1803 2879 2008 2945 Sancti
2040 2879 2213 2947 Pauli

631 2966 1100 3037 Bai-nabitarum
1148 2968 1211 3037 in
1258 2967 1524 3037 Civitate
1572 2973 1861 3052 tanuen„
1912 2966 1976 3034 in
2012 2969 2212 3036 Nocte

630 3056 983 3124 Nativitatis
1044 3057 1323 3143 Domini,
1372 3076 1491 3125 nec
1552 3056 1766 3124 divina
1822 3053 2032 3124 Officia
2093 3076 2212 3124 nec

629 3144 931 3214 solemnis
975 3146 1153 3212 Missa
1197 3147 1407 3213 locum
1442 3144 1741 3224 habeant;
1779 3145 1842 3211 id
1875 3163 2067 3231 grave
2100 3144 2208 3211 ad-

632 3234 894 3301 modum
943 3235 1283 3322 experiens
1319 3233 1667 3301 hodiernus
1696 3231 1967 3320 collegii
2014 3231 2210 3318 ipsius

630 3324 717 3390 Su
807 3321 939 3388 rior
982 3322 1279 3410 propriae
1326 3333 1391 3389 et
1435 3320 1827 3389 Novitiorum
1866 3319 2087 3408 pietati
2118 3340 2211 3385 sa·

630 3408 709 3477 tis
739 3419 992 3477 acturus
1036 3430 1109 3476 su
1162 3410 1347 3478 eriori
1395 3429 1556 3477 anno
1595 3410 1758 3477 1847
1808 3409 1871 3475 in
1918 3407 2034 3475 hac
2079 3407 2210 3495 ipsa

628 3496 1037 3565 sacratissima
1151 3507 1293 3564 octe
1352 3509 1497 3585 post
1550 3496 1834 3564 matutini
1896 3495 2212 3562 recitatio-

629 3602 780 3653 nem
826 3586 1070 3651 Missam
1118 3603 1265 3651 cum
1312 3595 1496 3652 cantu
1544 3583 1891 3652 celebravit
1927 3584 1989 3650 in
2023 3582 2209 3648 Novi·

633 3672 819 3740 tiatus
867 3672 1062 3772 ipsius
1108 3674 1379 3756 sacello,
1431 3683 1600 3739 ratus
1647 3672 1709 3737 id
1757 3671 1989 3759 exequi
2027 3688 2210 3758 posse

629 3761 691 3828 vi
744 3759 1228 3847 privilegiorum
1276 3759 1692 3848 Regularibus
1732 3776 2206 3845 concessorum.

628 3853 869 3917 Verum
901 3867 1100 3935 quum
1132 3848 1421 3915 diversae
1454 3848 1984 3916 circumferantur
2015 3865 2209 3934 super

628 3937 793 4005 facto
819 3934 1147 4025 opiniones
1171 3937 1341 4003 inter
1362 3937 1670 4003 Alumnos
1691 3937 1961 4023 Collegii
1986 3935 2206 4022 ipsius,

628 4045 699 4092 ac
745 4044 826 4092 ex
875 4024 967 4091 eis
1011 4024 1235 4112 aliquis
1276 4025 1618 4092 contendat
1665 4026 1726 4092 id
1778 4023 2037 4091 omnino
2083 4041 2210 4090 non

633 4114 855 4197 licere,
904 4112 1048 4201 quia
1093 4112 1365 4180 vetitum
1402 4122 1498 4178 est
1542 4113 1608 4180 in
1653 4113 2058 4179 solemnitate
2104 4111 2208 4177 illa

631 4203 961 4270 celebrare
997 4201 1059 4267 in
1106 4201 1363 4290 privatis
1410 4200 1695 4285 Sacellis,
1731 4210 1795 4268 et
1827 4200 1969 4287 quia
2003 4199 2213 4266 Sacel-

631 4291 762 4357 lum
810 4290 980 4357 istud
1015 4308 1141 4357 non
1171 4288 1434 4357 inservit
1487 4288 1838 4378 Religiosae
1885 4287 2209 4370 Familiae,

629 4377 742 4444 sed
792 4377 1053 4445 Novitiis
1109 4389 1401 4457 tantum;
1461 4388 1531 4443 ut
1595 4377 1847 4445 indubia
1905 4376 2213 4443 habeatur

630 4464 997 4549 declaratio,
1046 4485 1208 4551 quae
1255 4466 1486 4533 futuris
1541 4466 1729 4532 etiam
1788 4463 2208 4553 temporibus,

629 4553 828 4620 veluti
875 4571 1096 4620 norma
1141 4563 1463 4640 servetur,

761 4644 941 4708 Sacra
986 4641 1246 4708 Rituum
1290 4642 1751 4730 congregatio,
1799 4662 1993 4730 super
2048 4641 2210 4708 facto

628 4730 765 4818 ipso
812 4730 894 4797 de
938 4730 1251 4796 sententia
1303 4741 1542 4817 rogata,
1595 4730 1655 4797 in
1700 4729 2044 4799 ordinariis
2090 4732 2205 4796 Co-

627 4817 819 4885 mitiis
850 4816 1156 4886 hodierna
1204 4817 1307 4884 die
1352 4817 1431 4884 ad
1485 4818 1805 4896 Quirinale
1837 4819 2208 4902 coadunata,

626 4906 702 4974 ad
738 4905 1110 4974 relationem
1142 4907 1484 4994 subscripti
1516 4908 1879 4992 secretarii,
1916 4908 2210 4975 omnibus

627 5005 872 5060 maturo
921 4994 1210 5061 examine
1258 4994 1590 5082 perpensis
1641 4991 2207 5082 consideratisque,

630 5082 1113 5150 rescribendum
1147 5082 1392 5149 censuit
1423 5105 1438 5149 ι
1491 5104 1529 5147 «
1562 5087 1770 5168 Posse,
1807 5085 1981 5151 iuxta
2013 5103 2209 5170 expo·-

628 5170 744 5238 sita
778 5191 839 5235 ι».

758 5259 967 5343 Atque
990 5257 1073 5325 ita
1104 5257 1460 5325 rescribere
1492 5273 1619 5326 rata
1646 5270 1740 5327 est
1765 5270 1830 5326 et
1854 5258 2206 5326 declarare.

757 5345 867 5412 Die
916 5347 1000 5411 22
1047 5345 1189 5412 Iulii
1242 5347 1434 5412 1848.

1986 2418 2215 2506 (sisa)

2327 410 2578 480 2976.
2905 410 3320 477 LIBURNEN.

3678 410 3891 496 (5110)

2451 585 2656 663 Quum
2704 582 3012 651 Sacerdos
3063 582 3488 671 Hieronymus
3529 585 3679 650 Gavi
3723 589 3894 651 prae-

2323 673 2566 761 positus
2622 674 2687 739 in
2745 670 3105 741 cathedrali
3159 670 3531 739 Liburnensi
3595 672 3892 756 Ecclesia,

2321 762 2512 829 modo
2544 761 2622 828 ad
2653 760 3036 849 Dignitatem
3071 759 3301 848 Episco
3385 760 3514 827 lem
3547 770 3896 848 assumptus

2320 870 2391 917 ac
2426 849 2831 916 renunciatus
2854 848 3208 938 Episcopus
3231 848 3310 914 ui
3342 860 3473 916 ten.
3503 849 3567 915 in
3593 849 3893 932 partibus,

2321 936 2932 1004 administrationem
2996 935 3342 1003 obtinuerit
3417 937 3740 1005 Dioecesis
3805 935 3893 1002 Li·

2322 1024 2633 1105 burnen.;
2695 1044 2811 1111 pro
2875 1043 2980 1108 ea,
3044 1042 3168 1110 qua
3228 1036 3503 1113 praestat
3560 1024 3892 1113 religione,

2318 1124 2584 1180 veretur
2628 1133 2711 1180 ne
2756 1111 3070 1199 quidquid
3115 1110 3234 1179 sibi
3278 1125 3553 1181 assumat
3588 1132 3668 1179 ex
3707 1111 3892 1198 privi-

2321 1201 2503 1290 legiis
2547 1211 2610 1267 et
2659 1200 3160 1270 honorificentiis
3219 1200 3702 1290 Episcopalibus
3757 1199 3890 1283 sibi,

2319 1308 2437 1355 ceu
2484 1288 3017 1373 Administratori,
3067 1307 3195 1357 nou
3240 1288 3473 1358 debitis
3521 1292 3697 1376 (nam
3729 1292 3893 1355 prae-

2314 1377 2504 1466 positi
2537 1376 2920 1465 Dignitatem
2964 1377 3171 1444 adhuc
3219 1376 3479 1463 retinet)
3530 1396 3748 1464 neque
3797 1376 3896 1440 ali-

2317 1464 2470 1552 quid
2498 1464 2960 1555 praetermittat
2981 1465 3341 1553 Episcopali
3367 1465 3719 1532 characteri
3743 1481 3897 1530 com-

2318 1565 2581 1644 peteus;
2617 1575 2687 1621 ac
2711 1551 2981 1642 proinde
3003 1556 3231 1621 Sacrae
3253 1554 3517 1622 Rituum
3540 1556 3896 1640 congrega·

2317 1641 2506 1708 tionis
2551 1640 2933 1709 seutentiam
2980 1659 3176 1727 super
3227 1641 3652 1728 seque-tibus
3695 1637 3898 1707 dubiis

2319 1728 2676 1796 humillime
2721 1728 3098 1815 memphin
3149 1730 3503 1796 nimirum:

2452 1822 2509 1884 1.
2559 1820 2656 1885 An
2688 1817 3035 1905 Epistolam
3069 1818 3477 1904 pastoralem,
3519 1818 3654 1884 sive
3707 1815 3894 1883 latino

2312 1906 2446 1974 sive
2495 1906 2740 1994 vulgari
2784 1924 3078 1973 sermone
3125 1914 3525 1994 conceptam,
3565 1904 3898 1973 commisso

2313 1993 2444 2150 sibi,
2463 1993 2530 2061 in
2560 1993 3163 2063 administrationem
3198 1992 3386 2082 gregi
3429 1992 3722 2081 dirigere
3769 2010 3897 2080 pos-

2315 2083 2397 2151 sit

2446 2176 2511 2239 2.
2561 2173 2659 2238 An
2714 2170 2806 2238 uti
2860 2173 3057 2261 possit
3104 2181 3456 2254 mouetta,
3520 2170 3626 2237 vel
3685 2171 3896 2258 potius

2313 2279 2503 2347 supra
2565 2259 2926 2326 rochettum
2972 2259 3434 2327 mantellettam
3493 2268 3747 2325 tautum
3793 2276 3894 2345 ge·

2314 2360 2481 2414 stare
2528 2343 2804 2415 debeat?

2448 2439 2513 2503 3.
2562 2438 2659 2502 An
2705 2434 2770 2502 in
2814 2435 3282 2503 pontificalibus
3328 2432 3420 2502 uti
3452 2432 3644 2500 unice
3676 2434 3902 2511 debeat

2314 2521 2713 2591 faldistorio?
2829 2566 2836 2579 ·

2447 2616 2512 2678 ι.
2561 2614 2658 2681 An
2710 2612 2865 2682 dum
2911 2612 3120 2681 Ghoro
3162 2611 3392 2678 assistit
3438 2608 3531 2676 uti
3577 2608 3902 2698 praeposi-

2318 2712 2416 2767 tus
2478 2701 2708 2790 (prima
2759 2700 3028 2789 Capituli
3078 2698 3383 2786 Dignitas)
3450 2697 3745 2765 retinere
3798 2699 3900 2766 de-

2315 2788 2457 2856 beat
2504 2789 2782 2878 primum
2828 2785 3131 2856 stallum?

2443 2881 2507 2945 5.
2558 2877 2656 2944 An
2700 2876 2765 2944 in
2810 2876 3353 2959 processionibus,
3405 2886 3477 2941 ut
3521 2893 3677 2942 suae
3727 2877 3900 2940 prae·

2315 2963 2558 3033 bendae
2603 2975 3047 3054 competentes
3100 2964 3343 3032 fructus
3388 2961 3748 3050 percipiat,
3799 2981 3900 3028 ne-

2316 3073 2494 3124 cesse
2517 3053 2597 3121 sit
2622 3064 2692 3120 ut
2714 3073 2860 3122 cum
2883 3073 3000 3120 suo
3023 3053 3313 3139 capitulo
3338 3051 3591 3118 incedat
3614 3052 3897 3132 omnino,

2313 3161 2628 3230 occupans
2673 3141 3036 3228 digniorem
3082 3137 3346 3207 locum?

2441 3232 2511 3296 6.
2562 3230 2656 3298 An
2689 3230 2753 3297 in
2782 3227 3011 3296 iisdem
3041 3227 3547 3297 processionibus
3576 3228 3786 3315 possit
3815 3227 3900 3292 in·

2313 3317 2567 3385 terdum
2618 3318 2918 3386 incedere
2964 3328 3109 3408 post
3154 3317 3568 3386 Sacerdotem
3599 3316 3899 3383 deferen-

2312 3416 2444 3471 tem
2506 3406 2980 3476 Sanctissimum
3041 3405 3467 3473 Eucharistiae
3529 3406 3898 3472 Sacramen-

2316 3507 2491 3579 tum,
2541 3496 2697 3580 quin
2746 3506 2956 3562 tamen
3015 3493 3100 3560 de
3152 3495 3449 3582 propriae
3495 3489 3897 3561 praebendae

2317 3582 2627 3671 fructibus
2673 3581 3059 3671 participet?

2446 3673 2506 3738 7.
2560 3677 2653 3738 An
2702 3689 3004 3756 umquam
3051 3671 3265 3738 Missae
3296 3668 3567 3736 solemni
3606 3668 3897 3734 assistere

2312 3757 2806 3860 possit-pluviali
2839 3769 2943 3825 aut
2984 3778 3175 3847 cappa
3210 3758 3493 3841 indutus,
3528 3756 3773 3841 absque
3817 3765 3897 3819 ta·

2315 3863 2463 3912 men
2520 3847 2760 3914 circulo
2806 3846 3298 3926 canonicorum;
3362 3846 3468 3911 vel
3529 3843 3754 3933 potius
3806 3862 3895 3909 re-

2312 3935 2619 4021 quiratur,
2669 3945 2740 4001 ut
2786 3954 2931 4002 cum
2963 3933 3354 4000 mantelletta
3386 3933 3630 4001 assistat
3677 3931 3756 3999 ad
3805 3932 3892 3997 lu·

2312 4022 2577 4089 orandos
2623 4043 2774 4089 suae
2822 4022 3224 4089 praebendae
3270 4019 3556 4088 fructus?
3619 4025 3780 4088 Item
3821 4037 3892 4084 an

2314 4110 2375 4177 in
2449 4110 2914 4178 pontificalibus
2984 4110 3314 4178 celebrans
3389 4112 3588 4198 possit
3663 4107 3892 4175 habere

2313 4200 2614 4274 Diaconos
2658 4196 3070 4266 assistentes?

2441 4287 2506 4351 8.
2562 4289 2658 4352 An
2733 4288 3047 4376 Episcopo
3123 4284 3634 4352 Administratori
3714 4284 3890 4351 liceat

2310 4372 2627 4462 perficere
2684 4375 3165 4442 benedictiones
3222 4373 3670 4456 candelarum,
3728 4372 3890 4439 cine·

2316 4480 2501 4547 rum,
2564 4463 2914 4549 palmarum
2976 4483 3046 4528 ac
3117 4465 3329 4529 Fontis
3389 4460 3783 4547 Baptismus
3835 4460 3890 4525 in

2315 4548 2583 4704 Salpbat‘p
2642 4553 2908 4636 Sancto,
2975 4549 3129 4637 quin
3192 4550 3435 4616 Missam
3496 4548 3737 4616 deinde
3797 4565 3891 4613 ce-

2317 4640 2380 4706 le
2427 4648 2528 4704 ret

2446 4730 2508 4795 9.
2553 4731 2649 4794 An
2682 4729 2907 4796 habeat
2940 4746 3126 4796 usum
3159 4728 3358 4816 galeri
3393 4744 3539 4795 cum
3576 4720 3892 4793 chordulis

2314 4828 2379 4884 et
2425 4814 2637 4882 floccis
2686 4815 2902 4883 viridis
2950 4816 3226 4894 coloris;
3287 4827 3354 4880 et
3406 4834 3483 4882 an
3536 4809 3889 4881 huiusmodi

2312 4904 2525 4973 colore
2575 4904 2814 4992 possint
2861 4903 3066 4970 ornari
3116 4904 3263 4989 equi
3309 4899 3584 4971 currus?

2450 4994 2554 5060 10.
2603 4998 2698 5059 An
2753 4992 3100 5059 Gaudatarii
3149 5010 3342 5078 opera
3395 4990 3487 5058 uti
3542 4989 3738 5077 possit
3778 4988 3890 5053 sal·

2318 5092 2445 5147 tem
2494 5081 2649 5147 dum
2700 5080 2761 5147 in
2807 5079 2997 5146 sacris
3042 5079 3475 5148 functionibus
3518 5073 3892 5166 peragendis

2313 5170 2583 5235 solutam
2630 5168 2866 5236 habere
2911 5167 3109 5235 debet
3156 5167 3514 5257 longiorem
3559 5165 3762 5232 talaris
3789 5182 3891 5230 ve-

2314 5258 2427 5323 stis
2472 5254 2842 5323 fimbriam?
3077 5307 3092 5324 2

2445 5346 2526 5408 Et
2570 5345 2754 5411 Sacra
2801 5345 3061 5412 Rituum
3104 5344 3530 5432 congregatio
3558 5388 3577 5426 ,
3627 5340 3701 5409 ad
3753 5339 3892 5418 Qui·
