4042 5950
1523 256 1994 335 —361—

130 438 159 482 a
187 416 536 484 secretario
574 415 753 485 fideli
787 417 1092 483 relatione
1135 435 1332 504 super
1363 414 1693 483 omnibus:

129 527 163 569 ι
194 508 277 571 De
306 504 569 593 speciali
598 503 823 591 gratia,
865 504 1275 572 annuendum
1309 516 1700 572 censuerunt

131 593 291 658 iuxta
342 603 767 660 memoratum
816 592 1139 660 indultum
1183 613 1216 657 a
1260 613 1313 659 s.
1352 610 1436 659 m.
1483 595 1696 659 Leone

130 684 278 767 Papa
321 684 430 748 xu
479 679 1068 748 Sanctimonialibus
1125 680 1377 749 Ordinis
1435 683 1699 748 Sanctae

130 768 335 836 Clarae
388 770 468 837 ad
529 772 788 836 Sanctos
847 772 1138 838 cosmam
1202 779 1269 835 et
1334 768 1699 837 Damianum

132 854 300 923 Urbis
347 875 722 924 concessum
753 880 817 923 ν.

248 944 361 1011 Die
408 949 494 1012 22
541 944 682 1013 Iulii
734 947 924 1013 1848.
1026 960 1037 967 ’

133 1085 367 1154 29⁷3.
633 1087 1172 1155 smcnsana.
1473 1086 1696 1174 (mse)

248 1211 411 1276 Dum
460 1212 656 1276 Rffius
700 1211 1123 1298 Syracusanus
1166 1210 1699 1299 Archiepiscopus

130 1297 453 1385 perspexit
498 1316 685 1364 usum
736 1299 904 1365 inter
940 1299 1200 1366 Clerum
1244 1297 1362 1364 sibi
1407 1298 1702 1365 commis-

130 1403 258 1451 sum
303 1384 672 1473 vigentem,
723 1385 1024 1454 videlicet
1083 1386 1429 1455 accedendi
1476 1385 1552 1453 ad
1601 1407 1698 1453 so-

133 1473 401 1538 lemnem
421 1473 959 1627 supplicationem
984 1475 1282 1563 Corporis
1298 1474 1528 1542 Christi
1551 1493 1699 1542 cum

129 1560 306 1627 sacris
366 1563 533 1627 vesti
583 1582 681 1645 us,
741 1561 1044 1629 nimirum
1102 1562 1346 1647 Casula,
1415 1563 1588 1630 Stola
1636 1574 1703 1630 et

135 1646 479 1736 llanipul03
517 1649 688 1716 illico
719 1650 1149 1738 deprehendit
1194 1647 1258 1717 id
1308 1648 1569 1718 omnino
1593 1650 1701 1719 ad-

132 1736 353 1802 versari
404 1737 848 1806 ecclesiasticis
891 1737 1316 1806 sanctionibus
1359 1758 1432 1806 ac
1479 1741 1703 1807 Caere-

135 1821 373 1891 moniali
420 1826 910 1913 Episcoporum.
962 1829 1203 1913 Verum
1246 1825 1323 1893 ad
1380 1826 1703 1894 evitandas

134 1913 581 2008 controversias
612 1913 835 1981 maluit
866 1915 1115 1982 Sacram
1151 1913 1310 1981 hanc
1342 1918 1702 2004 congrega-

136 2006 360 2066 tionem
414 1999 680 2069 Rituum
738 2001 1115 2069 humillimis
1170 2002 1346 2070 adire
1406 2002 1703 2089 precibus

137 2084 442 2173 enixeque
493 2106 751 2176 rogare,
799 2100 870 2156 ut
915 2090 1235 2158 declarare
1291 2090 1698 2177 dignaretur:

135 2175 285 2240 Num
343 2176 408 2242 in
456 2187 829 2266 pervetusta
873 2199 945 2246 ac
996 2197 1165 2266 pene
1219 2178 1703 2248 immemorabili

138 2262 410 2348 exposita
455 2266 922 2333 consuetudine
967 2266 1225 2334 clerum
1272 2265 1481 2353 ipsum
1512 2268 1703 2335 relin-

136 2367 321 2434 quere
368 2351 617 2440 possit3
670 2354 776 2420 vel
824 2354 1034 2442 potius
1079 2352 1385 2422 eumdem
1444 2353 1704 2441 adigere

137 2435 352 2506 debeat
418 2441 502 2508 ad
569 2441 1012 2509 assumendam
1079 2442 1365 2510 Casulam
1436 2452 1701 2527 tantum,

137 2525 357 2612 absque
404 2528 581 2596 Stola
628 2540 693 2596 et
736 2529 1057 2619 manipulo
1076 2527 1110 2597 ¹?

172 2699 184 2711 ·
253 2616 333 2681 Et
377 2620 567 2685 Sacra
619 2616 879 2685 Rituum
928 2619 1386 2705 congregatio,
1436 2619 1512 2687 ad
1558 2617 1704 2697 Qui-

141 2702 323 2769 rinale
367 2703 685 2773 hodierno
713 2704 1041 2773 Ordinatio
1087 2709 1287 2775 Goetu
1332 2707 1702 2791 coadunata,

141 2798 271 2875 post
311 2791 594 2858 auditam
638 2812 673 2858 a
718 2793 1072 2861 Secretario
1131 2793 1394 2862 fidelem
1451 2795 1704 2862 relatio-

144 2894 278 2942 nem
324 2889 385 2945 et
432 2880 713 2967 diligens
754 2900 952 2969 super
999 2882 1302 2970 expositis
1350 2881 1704 2976 institutum

144 2983 422 3051 examen,
472 2968 953 3037 rescribendum
1007 2970 1299 3038 censuit=

258 3075 297 3120 a
324 3055 542 3134 Quoad
598 3075 787 3124 usum
847 3059 1057 3125 Stolae
1115 3058 1182 3126 in
1240 3079 1386 3127 casu
1434 3059 1705 3147 relinqui

146 3159 313 3226 posse
358 3142 621 3214 arbitrio
675 3145 1010 3234 Episcopi,
1075 3165 1157 3212 ex
1202 3148 1700 3235 consuetudine;

146 3227 350 3296 Albam
381 3231 883 3320 permittendam
925 3233 1344 3319 Beneficiatis,
1393 3253 1521 3302 non
1552 3253 1706 3303 vero

145 3317 479 3405 Canonicis,
506 3320 617 3406 qui
644 3318 740 3386 nti
763 3320 1006 3389 debent
1038 3322 1329 3390 rochetto
1360 3334 1426 3390 et
1449 3324 1704 3403 Gasu1a3

147 3406 517 3506 ilanipulum
561 3425 718 3475 vero
750 3408 1005 3477 omnino
1053 3409 1497 3494 inhibendum,
1535 3411 1707 3477 iuxta

146 3492 429 3562 Rubricas
453 3518 518 3564 »-
566 3498 777 3581 Atque
818 3496 904 3563 ita
948 3497 1297 3586 rescripsit.

263 3582 375 3650 Die
420 3587 507 3651 22
553 3583 694 3651 Iulii
733 3588 922 3653 1848.

149 3717 382 3793 2974.
697 3726 1135 3794 manaem.
1479 3728 1704 3816 (5137)

149 3930 160 3942 ,
263 3845 466 3923 Quum
515 3848 823 3915 Sacerdos
865 3851 1127 3916 loannes
1176 3849 1404 3938 Ioseph
1448 3852 1711 3919 Loiseau

149 3951 206 3997 m
234 3933 579 4004 seminario
611 3935 986 4004 Tornacensi
1017 3939 1351 4006 Sacrorum
1384 3942 1708 4008 canonum

148 4018 448 4089 Professor
496 4024 843 4112 comperiat
895 4025 1230 4092 nonnullas
1272 4025 1478 4095 adhuc
1524 4034 1708 4113 pr'ae·

149 4103 290 4174 bere
332 4108 738 4179 difficultates
786 4111 1108 4188 indultum
1164 4114 1552 4183 reductionis
1600 4120 1711 4183 Fe·

147 4205 424 4351 33:311&
422 4218 626 4353 (affixe
649 4201 955 4356 gamm?
1009 4202 1174 4358 168302
1221 4202 1298 4268 ab
1328 4203 1711 4358 Eminentia-

812 4308 960 4355 mai
1154 4308 1289 4355 rara
1387 4310 1573 4359 romu
1647 4313 1710 4358 a·

153 4381 299 4467 tum,
328 4375 554 4442 Sacrae
582 4376 843 4443 Rituum
889 4309 1411 4466 Congrggationlis
1456 4310 1710 4447 sentgn-

150 4465 287 4524 tiam
329 4462 660 4547 requisivit
713 4483 910 4552 snper
969 4464 1210 4548 dubiis,
1265 4484 1431 4552 quae
1476 4467 1712 4534 exami-

150 4547 335 4614 nanda
380 4549 813 4639 diluendaque
842 4552 1199 4640 proposuit,
1232 4573 1317 4621 ne
1344 4554 1711 4623 huiusmodi

152 4629 211 4697 in
251 4654 317 4702 re
362 4637 737 4728 ambiguitas
784 4642 913 4708 ulla
956 4641 1258 4728 supersit.
1308 4644 1473 4709 Nam
1511 4651 1749 4730 quum'

152 4719 207 4784 vi
239 4723 522 4793 eiusdem
554 4728 784 4796 indulti
817 4729 1022 4816 aliqua
1050 4733 1231 4798 Festa
1266 4732 1327 4797 in
1359 4731 1711 4799 Dominicas

151 4823 476 4895 sequentes
522 4815 760 4883 fuerint
793 4818 1112 4901 translata,
1147 4816 1492 4886 videlicetz
1528 4823 1709 4886 Festa

156 4897 198 4959 E
241 4898 520 4984 iphaniae
595 4904 880 4989 Domini,
956 4904 1338 4974 Sanctissimi
1416 4906 1753 4995 Corporis,

155 4984 195 5048 C
239 4986 407 5086 risti,
466 4992 839 5062 Sanctorum
897 4992 1350 5080 Apostolorum
1416 4995 1585 5062 Petri
1646 5007 1711 5062 et

150 5069 307 5169 Pauli
369 5097 438 5143 ac
498 5082 873 5148 Sanctorum
933 5084 1344 5147 Patronorum
1403 5082 1713 5170 cuiusque

156 5158 450 5232 Dmecesis
497 5178 563 5233 et
605 5171 981 5248 Paroeciae;
1030 5167 1296 5236 dubium
1342 5171 1507 5238 circa
1553 5172 1712 5240 hanc

157 5250 610 5348 translationem
665 5255 1001 5323 subortum
1062 5256 1205 5322 tulit
1267 5259 1710 5357 praelaudatus

155 5331 684 5410 Emnentissimus
742 5363 1042 5432 responso
1085 5344 1165 5412 ad
1213 5346 1535 5414 vicarium
1594 5350 1711 5416 Ge-

1803 415 2088 482 neralem
2163 413 2669 483 Archidioecesis
2742 411 3210 483 Mechliniensis
3279 414 3387 482 die

1803 507 1882 571 21
1935 502 2093 571 Iunii
2148 506 2318 573 1804
2374 503 2655 587 directo,
2706 503 2910 590 iisque
2967 500 3180 569 verbis
3239 522 3388 569 con·

1802 601 2039 679 cepto:
2090 613 2128 656 ι
2161 593 2307 661 Sola
2365 591 2735 659 solemnitas
2795 590 3221 679 praefatorum
3273 594 3389 657 Fe-

1801 690 2045 747 storum
2074 681 2450 748 transfertur
2480 680 2558 747 ad
2589 678 2978 747 Dominicam
3009 687 3389 764 sequentem

1803 765 1869 834 in
1915 786 2037 855 qua
2084 769 2350 854 quidem
2408 767 2693 836 Officium
2742 788 2774 834 a
2817 767 3047 849 Clero,
3096 774 3226 832 tam
3272 784 3391 852 pu·

1806 854 1968 922 blice
2015 875 2208 943 quam
2279 855 2577 946 privatim
2621 875 2691 922 ac
2738 856 2915 923 Missa
2962 852 3390 922 celebrabitur

1804 945 1977 1011 iuxta
2021 944 2323 1013 Rubricas
2369 955 2810 1028 occurrentes,
2858 961 2975 1011 seu
3020 943 3196 1010 iuxta
3241 959 3389 1009 con-

1803 1041 2059 1099 suetum
2106 1032 2424 1099 ordinem.
2472 1034 2751 1100 Canetur
2796 1042 3012 1099 tamen
3057 1046 3179 1098 una
3213 1029 3388 1098 lissa

1804 1119 2109 1187 solemnis
2147 1119 2231 1187 de
2275 1118 2476 1188 Fastis
2522 1120 2647 1187 illis
2693 1118 3032 1204 translatis,
3068 1136 3247 1185 more
3279 1137 3389 1183 vo·

1806 1205 1961 1291 tivo,
2012 1226 2160 1274 cum
2204 1209 2390 1276 unica
2434 1208 2774 1287 Oratione;
2839 1207 3105 1275 minime
3162 1205 3388 1272 omissa

1807 1295 1869 1362 in
1913 1295 2396 1364 cathedralibus
2441 1296 2659 1364 aliisve
2702 1294 3030 1379 Ecclesiis,
3065 1294 3128 1361 in
3160 1293 3389 1379 quibus

1804 1380 2090 1450 Officium
2142 1383 2400 1472 publice
2459 1395 2678 1471 agatur
2725 1384 2818 1557 Set
2863 1382 3027 1451 adsit
3069 1382 3391 1451 sufficiens

1802 1487 2112 1538 numerus
2152 1471 2735 1540 Ecclesiasticorum
2795 1472 2993 1539 altera
3022 1470 3196 1543 Missa
3228 1472 3388 1537 Con·

1804 1559 2088 1626 ventuali
2112 1560 2196 1628 de
2223 1559 2542 1628 Dominica
2565 1561 2670 1627 vel
2704 1564 2886 1627 Festo
2918 1568 3296 1628 occurrente
3322 1579 3389 1625 ι».

1805 1651 1901 1749 Eat
1933 1666 2062 1734 quo
2092 1652 2366 1715 Decreto
2398 1650 2581 1735 plura
2614 1656 3016 1716 emerserunt
3044 1646 3261 1730 dubia,
3292 1646 3386 1713 ni-

1808 1753 2091 1803 mirum:

1940 1829 2003 1891 1.
2052 1823 2158 1899 His
2204 1822 2413 1890 innixa
2456 1823 2710 1892 verbis:
2767 1842 2938 1892 tutore
2983 1827 3192 1893 votivo
3239 1840 3388 1889 cum

1804 1915 2006 1980 unica
2038 1909 2370 1994 Oratione,
2419 1911 2629 1981 omnia
2659 1913 2858 2001 Belgii
2891 1911 3256 1983 Calendaria
3289 1930 3388 1977 ec·

1807 1999 2148 2069 clesiastica
2178 2000 2728 2101 praescripserunt
2761 2002 3003 2069 Missam
3034 2001 3392 2067 solemnem

1805 2089 1870 2156 in
1930 2087 2254 2156 Dominica
2360 2107 2605 2155 roxime
2664 2089 2961 2176 sequenti
3020 2089 3390 2159 cantandam

1809 2195 1949 2243 esse
1981 2175 2257 2243 votivam
2335 2194 2371 2241 e
2401 2178 2587 2243 Festo
2620 2176 2684 2245 in
2714 2176 3001 2264 qualibet
3043 2173 3390 2264 parochiali

1812 2264 2088 2332 Ecclesia
2136 2274 2202 2330 et
2245 2264 2483 2350 absque
2542 2264 2672 2333 ulla
2734 2263 3388 2341 commemoratione;

1811 2363 1876 2419 et
1922 2352 2004 2418 ita
2065 2352 2193 2419 huc
2250 2371 2456 2439 usque
2513 2364 2837 2420 servatum
2894 2362 3012 2420 est.
3065 2356 3189 2419 lam
3231 2369 3391 2418 vero

1807 2459 1970 2509 anno
2033 2438 2328 2528 proxime
2385 2440 2600 2528 elapso
2662 2440 2921 2527 qnidam
2980 2441 3097 2508 hac
3149 2437 3390 2507 ratione

1810 2529 1993 2612 moti,
2041 2529 2214 2614 quod
2260 2528 2442 2599 Missa
2497 2528 2707 2597 votiva
2753 2528 2830 2599 ab
2877 2526 3390 2597 Eminentissimo

1807 2619 2046 2704 Legato
2093 2616 2482 2717 praescripta
2527 2633 2655 2685 non
2702 2617 3024 2706 discrepet
3067 2614 3147 2683 ab
3176 2634 3274 2699 ea,
3307 2615 3391 2682 de

1810 2724 1931 2792 qua
1977 2702 2049 2770 fit
2097 2704 2335 2771 mentio
2383 2725 2445 2772 1n
2490 2704 2782 2773 Rubricis
2812 2702 3223 2773 Generalibus
3252 2701 3393 2770 Mis-

1810 2791 1955 2859 salis
1984 2790 2108 2860 Tit.
2145 2794 2224 2859 tv
2256 2801 2320 2858 et
2352 2793 2634 2861 Decretis
2666 2816 2697 2859 a
2729 2798 2915 2864 Sacra
2943 2791 3204 2862 Rituum
3236 2797 3394 2861 Con·

1808 2881 2180 2968 gregatione
2217 2880 2338 2947 iam
2368 2881 2624 2968 pridem
2671 2882 2999 2966 emanatis,
3046 2900 3296 2951 necnon
3328 2891 3395 2947 et

1808 2966 2180 3037 auctoritate
2203 2967 2550 3038 doctissimi
2574 2970 2942 3039 Gardellinii
2973 2968 3263 3040 eiusdem
3287 2975 3393 3040 Sa-

1812 3075 1955 3124 crae
1999 3058 2522 3145 Congregationis
2581 3058 2974 3140 Assessoris3
3035 3057 3395 3128 docuerunt

1813 3145 1877 3212 in
1931 3143 2047 3211 hac
2107 3145 2287 3212 Missa
2342 3146 2653 3230 solemni,
2713 3147 2764 3213 si
2828 3147 2978 3232 alia,
3028 3165 3176 3216 nem
3226 3166 3264 3214 e
3307 3148 3392 3215 de

1811 3238 1996 3301 Festo
2045 3244 2450 3319 occurrente,
2486 3233 2550 3301 in
2580 3235 2861 3304 Ecclesia
2893 3234 3185 3323 parochia
3215 3234 3234 3301 i
3264 3253 3395 3302 non

1810 3330 2104 3390 cantetur
2132 3368 2152 3407 ,
2230 3321 2582 3391 taciendam
2645 3341 2781 3390 esse
2844 3322 3392 3391 commemoratio-

1810 3426 1959 3477 nem
2004 3408 2364 3477 Dominicae
2405 3413 2510 3478 vel
2543 3410 2709 3479 Festi
2741 3411 3163 3479 occurrentis.
3195 3412 3392 3490 Quae-

1811 3498 1973 3565 ritur
2003 3514 2160 3585 ergo
2194 3508 2410 3567 utrum
2456 3499 2902 3567 consuetudini
2938 3499 3237 3568 standum
3267 3500 3390 3586 εἰη

1810 3605 1888 3652 an
1933 3584 2146 3674 potius
2191 3584 2407 3653 Missae
2452 3587 2722 3655 solemni
2779 3587 2915 3675 (ubi
2959 3586 3077 3655 alia
3121 3605 3249 3656 non
3296 3609 3395 3656 ca-

1809 3673 2096 3742 nitardo
2128 3673 2447 3741 Dominica
2484 3675 2590 3742 vel
2623 3680 2807 3744 Festo
2838 3676 3246 3763 occurrente)
3295 3678 3395 3745 ad-

1811 3762 2025 3831 denda
2067 3760 2150 3852 sit
2196 3762 2557 3831 Dominicae
2616 3767 2721 3832 vel
2781 3764 2950 3832 Festi
3004 3764 3398 3834 occurrentis

1813 3847 2392 3920 commemoratio?
2473 3849 2480 3858 ‘

1946 3943 2011 4007 2.
2046 3938 2341 4006 Alterum
2371 3939 2641 4008 dubium
2673 3941 2876 4008 oritur
2907 3960 2988 4007 ex
3018 3942 3116 4010 his
3149 3940 3393 4009 verbis:

1813 4031 2081 4098 Minime
2111 4031 2345 4094 omissa
2378 4032 2452 4095 itt
2487 4028 2972 4098 cathedralibus
3019 4029 3246 4098 aliisve
3277 4033 3398 4096 Ec·

1810 4119 2048 4199 etesiis,
2112 4118 2186 4181 in
2245 4116 2476 4198 quibus
2534 4117 2819 4204 Officium
2855 4118 3110 4203 publice
3153 4129 3396 4203 ayatar

1804 4207 1899 4291 (et
1944 4205 2117 4272 adsit
2173 4203 2495 4290 sufficiens
2554 4224 2861 4273 numerus
2911 4207 3396 4274 Ecclesiastico-

1812 4295 1995 4376 rum)
2061 4293 2202 4360 alia
2269 4296 2466 4362 Missa
2537 4294 2986 4363 conventuali.
3063 4293 3398 4374 Quaeritur

1813 4392 2028 4449 utrum
2064 4380 2168 4447 illa
2201 4384 2392 4451 verba
2432 4381 2849 4468 intelligenda
2894 4383 3022 4451 sint
3067 4384 3398 4451 dumtaxat

1814 4469 1898 4537 de
1944 4469 2426 4538 Cathedralibus
2485 4482 2550 4536 et
2609 4470 3009 4558 collegiatis,
3058 4472 3124 4539 in
3169 4468 3398 4558 quibus

1815 4558 1953 4624 talis
2000 4556 2177 4623 Missa
2222 4558 2484 4647 proprie
2516 4559 2965 4626 Conventualis
2996 4560 3396 4640 celebratur;

1817 4666 1893 4713 an
1942 4664 2096 4711 vero
2127 4646 2205 4713 ad
2240 4664 2461 4713 omnes
2505 4646 2897 4734 parochiales
2949 4646 3285 4730 Ecclesias,
3334 4647 3400 4715 in

1815 4732 2048 4821 quibus
2094 4732 2256 4800 adsit
2300 4734 2618 4802 sufficiens
2661 4754 2968 4803 numerus
3004 4733 3398 4804 Ecclesiasti-

1817 4840 2068 4904 corum,
2117 4821 2525 4889 extendenda
2571 4819 2749 4889 sint‘?
2778 4816 2844 4889 et
2875 4836 3190 4911 quatenus
3237 4822 3398 4891 affir-

1819 4921 2220 5065 matgefium
2266 4996 2584 5066 sufficiens
2627 5018 2935 5067 numerus
2980 4998 3396 5068 sacerdotum

1817 5094 2143 5170 censetur,
2176 5085 2228 5151 si
2259 5086 2447 5153 alicui
2495 5106 2571 5153 ex
2623 5086 2722 5154 his
2765 5087 3067 5156 Ecclesiis
3097 5089 3263 5155 ultra
3292 5094 3399 5156 Pa-

1815 5171 2085 5240 rochum
2154 5184 2282 5241 tres
2349 5174 2451 5239 vel
2517 5187 2787 5260 quatuor
2846 5173 2948 5241 alii
3010 5174 3398 5272 Presbyteri,

1814 5272 2138 5348 tamquam
2198 5261 2425 5329 Vicarii
2484 5281 2600 5331 seu
2656 5262 3070 5331 coadiutores
3114 5266 3398 5352 Parochi,

1816 5348 1940 5416 sint
1987 5348 2344 5440 adscripti?
