4042 5950
1638 231 2111 313 —267—

219 390 328 458 vel
376 391 462 459 de
507 396 874 479 communi,
926 403 992 479 et
1054 412 1329 480 quorum
1376 391 1614 462 deinde
1657 410 1810 458 ‘con-

216 499 395 547 cessa
453 480 575 550 tuit
634 483 924 553 extensio
972 502 1090 572 pro
1139 481 1432 550 omnibus
1489 479 1811 567 Hispania-

213 587 364 634 rum
411 570 650 659 Regnis
695 574 800 640 vel
848 592 965 661 pro
998 582 1134 638 toto
1166 570 1354 638 clero
1387 590 1533 637 cnm
1563 567 1814 637 Lectio-

211 655 408 723 nibus
460 657 765 748 propriis,
818 660 1104 729 retinere
1150 658 1430 726 debeant
1473 658 1813 726 Lectiones

259 744 408 811 rimi
464 748 774 817 Nocturni
829 749 1119 838 proprias
1177 747 1283 814 vel
1344 746 1494 814 alias
1549 764 1809 814 sumere

259 852 296 899 e
347 836 720 904 communi.

342 924 415 990 9.
466 928 563 990 An
609 923 675 991 in
722 924 1020 993 omnibus
1059 924 1265 993 Festis
1313 924 1379 991 in
1424 922 1655 1011 quihus
1702 923 1809 991 ha-

206 1009 454 1078 bentur
496 1014 920 1098 Responsoria
965 1015 1253 1103 propria,
1299 1030 1561 1099 semper
1591 1012 1656 1079 in
1688 1014 1811 1079 No-

205 1108 453 1253 cturno?
512 1101 849 1169 Lectiones
911 1102 1078 1169 sumi
1141 1100 1422 1170 debeant
1477 1102 1562 1171 de
1625 1105 1811 1170 com·

206 1202 394 1252 munt
1499 1194 1506 1205 '

346 1276 852 1346 Eminentissimi
899 1278 1113 1365 itaque
1161 1287 1227 1345 et
1264 1275 1806 1347 Reverendissimi

203 1365 425 1430 Patres
473 1367 680 1434 Sacris
723 1366 987 1435 tuendis
1030 1365 1280 1435 Ritibus
1324 1365 1701 1470 praepositi,
1742 1364 1808 1433 in

199 1451 548 1520 Ordinatio
592 1458 799 1522 coetu
846 1454 923 1523 ad
968 1455 1292 1534 Quirinale
1337 1455 1459 1523 sub
1491 1454 1811 1523 mirascri-

202 1550 314 1625 pta
364 1541 472 1608 die
522 1542 884 1628 coadunati,
919 1562 991 1610 re
1039 1553 1289 1611 mature
1322 1543 1808 1633 diligenterque

200 1628 566 1696 examinata
632 1642 1026 1718 acceptaque
1088 1631 1166 1698 ab
1226 1631 1635 1720 infrascripto
1696 1634 1810 1698 Se-

199 1716 487 1784 cretario
532 1718 709 1786 fideli
759 1720 1100 1805 relatione,
1148 1719 1420 1806 singulis
1463 1719 1809 1809 propositis

199 1802 422 1871 dubiis
467 1806 931 1876 satisfacientes
974 1808 1509 1896 respondendum
1542 1827 1808 1877 censue-

203 1901 403 1959 runt:

335 1979 438 2050 Ad
494 1986 555 2051 1.
609 2005 648 2048 ‹
680 1984 1109 2071 Affirmative,
1161 2003 1244 2052 ex
1290 1985 1703 2055 concessione
1737 2006 1801 2053 ›.

336 2069 437 2138 Ad
470 2075 538 2138 2.
576 2075 644 2139 3.
678 2082 745 2140 et
775 2077 846 2141 4.
894 2094 932 2138 ι
965 2074 1036 2141 ln
1085 2093 1234 2142 casu
1279 2074 1621 2143 dicendam
1662 2093 1804 2141 esse

194 2157 453 2225 Missam
498 2163 574 2226 In
618 2163 900 2243 virtute,
952 2180 1102 2230 cum
1148 2161 1501 2250 Evangelio
1550 2164 1623 2230 Si
1653 2165 1805 2248 quis

195 2250 408 2346 osuit.
465 2252 537 2317 ln
592 2248 945 2337 similibus,
1000 2249 1408 2340 supplicetur
1467 2249 1806 2342 particula-

197 2345 371 2401 riter
403 2357 467 2402 ›.

332 2424 434 2491 Ad
485 2429 550 2492 6.
615 2448 654 2491 ‹
693 2426 1035 2494 Lectiones
1102 2426 1293 2514 primi
1362 2428 1673 2499 Nocturni
1737 2426 1804 2495 in

195 2530 351 2578 casu
399 2531 542 2582 esse
585 2514 672 2584 de
718 2514 1068 2602 Scriptura,
1103 2514 1225 2583 nisi
1253 2516 1547 2586 diversae
1594 2516 1661 2584 in
1707 2516 1803 2584 in-

194 2598 390 2666 dulto
438 2620 748 2689 expresse
789 2603 1198 2690 assignentur
1230 2626 1292 2673 ».

241 2776 256 2789 α
333 2688 434 2757 ad
484 2694 550 2757 6.
589 2696 652 2759 7.
692 2701 759 2760 et
798 2696 869 2760 8.
916 2714 955 2757 ‹
987 2696 1115 2759 Iam
1159 2693 1492 2780 provisum
1541 2693 1607 2761 in
1654 2713 1801 2783 pro-

195 2794 379 2844 nmo
414 2799 480 2844 ›.

329 2867 429 2934 Ad
477 2870 547 2936 9.
598 2888 635 2932 α
669 2867 1065 2936 Affirmative
1099 2889 1168 2936 ι.

330 2955 547 3043 Atque
589 2954 673 3024 ita
724 2957 1112 3047 rescripsere
1165 2980 1237 3028 ac
1296 2960 1686 3031 servandum
1733 2982 1800 3029 o-

192 3043 421 3112 mnino
479 3045 891 3116 mandarunt.
953 3046 1068 3115 Die
1126 3050 1208 3116 27
1269 3050 1541 3138 Augusti
1603 3054 1793 3119 1836.

193 3185 454 3256 2⁷49.
827 3188 1165 3257 somn.
1565 3190 1791 3278 (mss)

330 3308 429 3376 Ab
496 3310 992 3382 immemorabili
1053 3324 1120 3380 et
1178 3334 1532 3404 numquam
1598 3319 1795 3388 inter-

192 3408 387 3485 rupta
448 3402 921 3471 consuetudine
983 3401 1146 3472 illud
1197 3413 1294 3471 est
1341 3406 1407 3473 in
1452 3425 1633 3474 more
1680 3428 1795 3496 po-

189 3484 388 3553 situm
426 3506 635 3588 penes
680 3490 1047 3580 capitulum
1077 3492 1476 3562 cathedralis
1515 3499 1789 3564 Soanen.

190 3575 544 3662 Ecclesiae,
580 3588 662 3645 ut
683 3579 942 3665 quoties
970 3580 1323 3649 canonicus
1356 3582 1493 3670 (qui
1527 3582 1609 3649 ob
1641 3604 1792 3672 pau-

189 3662 453 3729 citatem
500 3666 919 3735 Sacerdotum
958 3668 1218 3735 insimul
1250 3688 1481 3738 munus
1528 3682 1796 3740 exercet

188 3750 456 3819 Parochi
487 3753 554 3820 in
584 3754 866 3822 Ecclesia
910 3756 1030 3824 sub
1070 3757 1260 3824 titulo
1305 3762 1534 3827 Beatae
1564 3760 1793 3828 Mariae

191 3837 476 3938 Virginis
507 3840 795 3911 eiusdem
823 3842 1137 3931 Civitatis)
1178 3845 1671 3916 Hebdomadarii
1704 3850 1796 3917 of-

191 3926 411 3994 ficium
443 3927 512 3996 in
532 3930 742 3998 choro
775 3932 1004 4000 diebus
1028 3934 1255 4019 Festis,
1281 3934 1511 4021 quibus
1546 3947 1793 4005 tantum

190 4015 259 4081 in
305 4016 622 4084 recensita
656 4020 1026 4088 cathedrali
1057 4024 1307 4091 Chorus
1335 4023 1573 4110 agitur,
1610 4045 1794 4093 exer·

189 4122 342 4170 cere
391 4104 648 4191 debeat,
683 4108 873 4175 toties
914 4107 980 4175 in
1012 4109 1336 4199 praedicta
1368 4112 1656 4180 Ecclesia
1688 4133 1796 4202 pa-

185 4190 455 4258 rochiali
493 4193 983 4264 Hebdomadarii
1019 4196 1300 4265 officium
1329 4213 1594 4289 peragat
1626 4202 1790 4269 eius-

187 4279 341 4348 dem
388 4282 783 4351 cathedralis
825 4286 1250 4375 Praepositus.
1287 4288 1646 4358 Hodiernus
1683 4311 1790 4358 au-

186 4379 319 4435 tem
345 4370 774 4458 Praepositus,
801 4373 960 4459 quin
989 4374 1344 4461 plausibilis
1367 4376 1425 4443 ei
1459 4379 1788 4447 excusatio

182 4456 597 4543 suffragetur,
631 4459 695 4527 in
744 4463 1247 4550 praesentiarum
1295 4464 1418 4532 hoc
1464 4478 1789 4554 praestare

185 4544 427 4645 renuit.
491 4547 588 4614 ad
652 4549 1185 4636 parochianorum
1253 4551 1346 4648 ita
1394 4553 1789 4622 assistentiae

183 4634 668 4787 prendendum
729 4637 1147 4725 vitandasque
1208 4643 1674 4710 controversias
1720 4653 1787 4709 et

229 4720 472 4806 1ssidia,
522 4743 591 4789 ac
639 4744 865 4813 pacem
910 4728 1120 4814 quoad
1169 4727 1310 4796 fieri
1356 4740 1567 4819 potest
1616 4730 1790 4798 inter

183 4809 565 4879 Sacerdotes
610 4814 1030 4898 servandam,
1078 4818 1310 4884 Paulus
1355 4814 1538 4886 Febri
1585 4823 1785 4887 cano·

183 4896 364 4964 nicus
396 4900 717 4968 Parochus
739 4905 963 4970 Sacrae
994 4903 1258 4973 Bituum
1288 4907 1784 5008 congregationi

182 4987 513 5070 sequentia
540 4987 730 5056 dubia
755 4990 1124 5082 humillime
1155 5005 1492 5082 proposuit
1524 5015 1642 5084 pro
1675 5015 1786 5085 op·

183 5084 456 5157 portuna
489 5076 859 5160 solutione;
902 5080 1208 5149 nimirum
1234 5104 1253 5150 t

320 5164 383 5228 1.
440 5169 540 5231 An
599 5167 962 5254 supradicta
1021 5179 1271 5237 vetusta
1336 5173 1780 5260 consuetudo,

187 5257 532 5409 tanzqnam?
551 5253 682 5322 vim
718 5255 882 5344 legis
924 5255 1189 5344 habens,
1227 5255 1461 5328 debeat
1494 5270 1558 5327 et
1588 5261 1787 5348 possit

183 5354 286 5404 sus
313 5357 479 5409 men

2040 396 2106 460 2.
2154 393 2252 459 An
2302 391 2721 461 Dioecesanns
2774 392 3128 482 Episcopus
3170 393 3490 465 reluctan-

1910 491 2044 547 tem
2097 481 2531 569 Praepositum
2587 481 2664 549 ad
2719 483 3015 550 eamdem
3080 484 3489 554 consuetudi-

1910 587 2063 636 nem
2095 566 2500 636 retinendam
2534 587 2767 658 cogere
2800 570 2996 660 possit
3028 583 3093 638 et
3122 571 3491 658 quomodo?

2042 660 2123 724 Et
2168 660 2351 725 Sacra
2404 657 2663 726 Rituum
2721 659 3172 748 congregatio,
3222 660 3300 727 ad
3345 661 3486 739 Qui·

1912 745 2148 813 rinales
2192 745 2401 816 Aedes
2449 746 2838 835 infrascripta
2880 746 2991 816 die
3033 747 3377 817 ordinariis
3425 749 3490 817 in

1909 832 2195 902 comitiis
2226 834 2599 920 coadunata,
2632 835 2708 903 ad
2737 833 3119 904 relationem
3149 837 3491 925 subscripti

1908 922 2274 1009 secretarii,
2298 933 2536 991 attenta
2568 924 2967 1013 potissimum
2991 927 3326 994 enunciata
3347 944 3492 993 con·

1908 1010 2253 1081 suetudine
2284 1031 2354 1078 ac
2385 1012 2913 1081 Reverendissimi
2951 1012 3251 1102 Episcopi
3294 1012 3488 1081 infor-

1909 1099 2183 1189 matione
2232 1110 2296 1168 et
2348 1110 2524 1185 voto,
2574 1100 3055 1169 rescribendum
3114 1100 3364 1169 censuit
3408 1101 3483 1169 ad

1905 1198 2257 1274 utrumque
2301 1188 2615 1256 dubium:
2664 1211 2702 1256 ‹
2734 1188 3123 1258 Affirmative
3171 1190 3235 1257 in
3284 1188 3488 1257 omni-

1908 1273 2051 1361 bus,
2082 1275 2161 1342 ad
2194 1277 2463 1344 formam
2498 1278 2971 1347 consuetudinis
2995 1301 3058 1346 ν.
3098 1278 3214 1346 Die
3244 1281 3328 1346 27
3358 1283 3487 1345 Au·

1906 1364 2081 1449 gusti
2135 1368 2326 1433 1836.

1909 1542 2167 1611 2⁷50.
2284 1542 2625 1639 vnvm.
2665 1543 3109 1611 sucuousu.
3254 1542 3483 1632 (4791)

2035 1720 2301 1784 Festum
2362 1714 2746 1785 visitationis
2812 1714 3118 1806 Deiparae
3176 1737 3258 1786 ex
3319 1722 3485 1808 Apo-

1901 1805 2131 1873 stolico
2179 1804 2431 1874 indulto
2474 1804 2540 1873 in
2586 1810 2805 1893 Regno
2853 1806 3191 1893 utriusque
3236 1807 3486 1877 Siciliae

1902 1892 2259 1961 instituitur
2325 1892 2445 1962 sub
2516 1892 2758 1981 duplici
2826 1905 3200 1996 praecepto.
3277 1899 3483 1976 Quum

1899 2000 2058 2048 vero
2105 1981 2474 2050 huiusmodi
2517 1987 2777 2053 Festum
2820 1983 3070 2070 vulgari
3107 1983 3294 2055 titulo
3321 2003 3484 2053 nun-

1897 2080 2177 2158 cupetur
2228 2072 2648 2154 Gratiarum
2695 2071 3288 2141 Reverendissimus
3335 2077 3386 2140 E
3438 2073 3487 2141 i-

1896 2177 2130 2247 scopus
2177 2160 2444 2227 Valven.
2479 2161 2851 2229 Sulmonen.
2902 2178 3137 2248 anceps
3183 2160 3379 2229 haere
3424 2172 3486 2230 at

1900 2246 2223 2335 quodnam
2270 2246 2558 2316 Officium
2601 2248 3007 2317 recitandum
3041 2258 3209 2316 esset
3246 2249 3353 2317 die
3384 2269 3484 2318 se-

1903 2335 2109 2403 cunda
2171 2337 2348 2422 Iulii,
2419 2336 2667 2405 illudne
2726 2335 3114 2405 Visitationis
3173 2357 3250 2407 an
3309 2337 3483 2408 aliud

1898 2428 2129 2492 Beatae
2171 2425 2402 2493 Mariae
2447 2425 2558 2493 Vir
2607 2423 2723 2493 inis
2769 2423 3176 2495 Gratiarum?
3215 2427 3314 2495 Ad
3361 2426 3482 2494 tol-

1897 2512 2157 2581 lendam
2203 2514 2500 2601 quocirca
2594 2513 3011 2582 ubitationem
3044 2532 3330 2599 omnem,
3363 2514 3482 2582 hu-

1897 2601 2198 2671 millimas
2245 2601 2535 2691 porrexit
2581 2622 2806 2693 preces
2853 2605 3192 2671 Sacrorum
3222 2602 3482 2672 Rituum

1899 2690 2427 2779 Congregationi,
2490 2702 2913 2780 opportunam
2969 2709 3319 2778 exposcens
3372 2691 3485 2761 de-

1899 2778 2356 2863 clai-ationem

2028 2870 2109 2934 Et
2149 2869 2212 2935 S.
2240 2872 2316 2937 B.
2345 2871 2447 2954 c.,
2481 2867 2546 2935 in
2574 2868 2904 2937 ordinario
2934 2873 3142 2938 coetu
3169 2869 3249 2939 ad
3278 2867 3483 2949 Quiri·

1893 2957 2038 3024 nale
2071 2955 2427 3045 subscripta
2470 2955 2577 3024 die
2623 2958 2995 3045 coadunata,
3031 2957 3358 3028 referente
3387 2956 3483 3026 in-

1891 3045 2227 3134 frascripto
2291 3046 2680 3132 secretario,
2744 3046 3273 3132 respondendum
3334 3065 3483 3115 cen·

1891 3134 2065 3202 suit:
2115 3156 2154 3199 ‹
2185 3138 2495 3203 Servetur
2524 3140 2781 3203 Festum
2828 3136 2911 3203 de
2955 3147 3302 3223 praecepto
3332 3153 3482 3202 cum

1891 3221 2108 3291 Officio
2156 3221 2541 3291 visitationis
2580 3228 2805 3293 Beatae
2847 3223 3073 3291 Mariae
3105 3222 3388 3310 Virginis
3412 3244 3478 3290 ι.

1891 3314 2103 3398 Atque
2133 3311 2218 3379 ita
2251 3311 2314 3380 in
2346 3321 2680 3400 posterum
2719 3310 3109 3381 servandum
3142 3330 3279 3379 esse
3313 3330 3484 3381 man·

1892 3400 2089 3468 davit.
2142 3400 2256 3469 Die
2288 3402 2372 3468 27
2402 3399 2675 3490 Augusti
2712 3403 2904 3469 1836.

1897 3539 2142 3611 2⁷51.
2479 3544 2897 3610 vsnosma.
3251 3539 3479 3630 (4792)

1971 3671 1977 3677 '
2023 3667 2324 3736 Precibus
2367 3667 2793 3736 Parochorum
2838 3665 3125 3736 civitatis
3178 3678 3244 3735 et
3296 3666 3481 3736 Dice·

1892 3757 2052 3824 cesis
2099 3755 2455 3825 Venusinae
2514 3756 2999 3825 reclamantium
3057 3755 3156 3824 ius
3212 3754 3481 3823 canendi

1889 3847 2141 3913 Missam
2198 3844 2266 3912 in
2322 3844 2702 3914 funebribus
2753 3863 3018 3912 suorum
3070 3843 3481 3912 Parochiano·

1891 3952 2061 4019 rum,
2095 3934 2267 4021 quod
2298 3933 2563 4021 quidem
2594 3933 2692 4001 ius
2725 3933 3229 4001 controvertitur
3257 3952 3292 3999 a
3322 3935 3480 4020 cap-

1887 4022 2162 4116 pellanjs
2200 4022 2803 4090 confraternitatum
2840 4021 2906 4088 in
2983 4038 3210 4091 uarum
3255 4019 3481 4087 Eccle-

1884 4110 1992 4179 siis
2039 4112 2495 4180 defunctorum
2544 4110 2846 4178 cadavera
2893 4127 2932 4176 e
2984 4119 3291 4190 eruatur-3

2018 4203 2206 4269 Sacra
2270 4198 2698 4289 congregatio
2741 4198 3030 4282 Rituum,
3079 4195 3477 4265 inhaerendo

1887 4288 2040 4356 alias
2084 4288 2361 4372 statutis,
2410 4285 2899 4354 rescribendum
2947 4284 3236 4354 censuit:
3285 4305 3323 4350 ‹
3357 4287 3476 4382 De:

1891 4387 1993 4444 tur
2039 4377 2351 4444 Generale
2396 4380 2742 4443 Decretum
2788 4373 2977 4441 Urbis
3006 4384 3072 4441 et
3104 4372 3310 4457 Orbis,
3344 4371 3475 4442 diet

1896 4469 1971 4532 11
2021 4464 2285 4533 Ianuarii
2325 4465 2494 4532 1704
2540 4462 2615 4530 ad
2652 4461 2920 4531 dubium
2955 4465 3073 4542 203
3117 4460 3474 4530 dummodo

1889 4552 2233 4621 defunctus
2278 4553 2357 4621 sit
2404 4549 2826 4638 parochianus
2857 4573 2922 4619 ›.
2972 4551 3087 4619 Die
3134 4553 3217 4618 27
3259 4554 3475 4639 Augu·

1889 4641 1968 4708 sti
2023 4644 2213 4709 1836.

1887 4816 2139 4886 2752.
2344 4818 3011 4886 CONGREGATIONIS

2477 4925 2877 4992 Mlsslonts.

2012 5080 2190 5160 Quod
2225 5081 2462 5171 iugiter
2494 5082 2558 5151 in
2591 5082 2752 5150 votis
2798 5082 3160 5152 babuerunt
3206 5083 3473 5173 Presby-

1886 5169 2007 5237 teri
2038 5171 2564 5260 Congregationis
2587 5172 2894 5240 missionis
2914 5171 3282 5240 Provinciae
3313 5173 3471 5240 Nea-

1881 5255 2226 5347 politanae,
2261 5268 2333 5326 ut
2362 5260 2479 5328 sibi
2521 5260 2827 5329 nimirum
2877 5258 3347 5330 concederetur
3382 5262 3473 5328 sl·

1884 5358 2019 5417 tera
2051 5350 2313 5436 Domus,
2346 5357 2484 5417 tum
2526 5368 2648 5440 pro
2693 5348 3052 5440 'tyronibus
3083 5349 3469 5420 instruendis

3242 4813 3473 4904 (4703)
