4042 5950
56 5837 63 5932 1—--—-=

1958 263 2064 279 —
2120 216 2433 298 374—

549 382 813 453 3001.
1192 384 1497 451 ORDINIS

1120 488 1567 557 thmonnu

738 596 1013 663 SANcn
1060 595 1465 662 FnAthscl
1510 597 1614 661 DE
1658 594 1941 661 PAULA.

683 739 846 803 Dum
904 739 982 803 R.
1030 739 1100 803 P.
1148 733 1396 803 Vicario
1455 733 1828 801 Provinciali
1886 732 2139 801 Ordinis

552 823 953 891 minimorum
1002 823 1211 891 Sancti
1258 823 1568 890 Francisci
1614 823 1698 889 de
1728 821 1913 888 Paula
1962 821 2138 887 inno·

554 911 678 979 tuit
706 911 812 978 ‘ab
879 912 993 979 hac
1056 914 1239 979 Sacra
1302 900 1562 979 Rituum
1624 907 2137 998 congregatione

554 1019 760 1085 usque
807 1000 883 1065 ab
928 1019 1092 1068 anno
1143 1002 1304 1068 1831
1356 999 1465 1065 die
1516 1002 1593 1066 12
1639 997 2017 1066 Novembris
2078 996 2142 1061 in

498 1140 503 1147 .
556 1106 679 1155 una
747 1090 1095 1154 Marsorum
1164 1082 1251 1156 ad'
1311 1087 1585 1155 Dubium
1650 1089 1733 1153 46
1793 1083 2138 1154 definitum

556 1174 775 1259 fuisse,
823 1175 996 1261 quod
1046 1175 1435 1244 Beneficiarii
1484 1184 1822 1243 teneantur
1883 1190 2144 1273 semper

558 1262 636 1329 ad
659 1263 947 1333 Officium
980 1264 1278 1352 propriae
1308 1262 1656 1347 Ecclesiae,
1692 1273 1757 1329 et
1789 1260 1961 1347 quod
1994 1277 2143 1325 stm-

609 1351 762 1417 lices
807 1351 1185 1420 Sacerdotes
1232 1350 1627 1418 conformare
1657 1369 1726 1417 se
1756 1350 2001 1439 possint
2039 1346 2144 1415 of-

560 1371 704 1505 {cio
740 1440 859 1507 loci
891 1438 1000 1506 ubi
1033 1450 1398 1524 morantur;
1432 1438 1641 1508 subito
1689 1439 1767 1505 ab
1797 1437 1928 1539 ipsa
1959 1439 2145 1505 Sacra

560 1526 1071 1615 Congregatione
1142 1527 1614 1613 exquirendum
1684 1527 1914 1594 duxit:
1976 1526 2143 1591 Num

563 1618 903 1681 Decretum
966 1615 1134 1684 istud
1193 1614 1418 1682 afficiat
1484 1614 1676 1681 etiam
1741 1614 1838 1682 sui
1896 1611 2149 1681 Ordinis

564 1702 908 1770 Alumnos:
957 1714 1349 1805 quapropter
1392 1703 1722 1789 sequentia
1769 1703 1898 1769 duo
1953 1698 2148 1767 dubia

562 1790 865 1878 proponit
910 1810 1025 1879 pro
1072 1790 1287 1859 debita
1317 1790 1677 1878 solutione;
1712 1790 2055 1857 nimirum:

701 1880 759 1944 1.
800 1878 896 1945 An
917 1880 1263 1967 Regulares
1294 1878 1532 1945 subditi
1563 1879 1655 1946 uti
1678 1878 1932 1945 valeant
1962 1877 2151 1945 buius

563 1965 819 2032 Decreti
866 1966 1203 2056 privilegio
1249 1966 1579 2034 recitando
1622 1966 1912 2035 Officium
1946 1976 2010 2032 et
2042 1986 2149 2032 ce-

565 2053 871 2122 lebrando
917 2054 1160 2122 Missam
1190 2058 1556 2122 Conventus
1588 2055 1694 2122 vel
1725 2055 2045 2121 Dioecesis
2085 2053 2151 2121 in

566 2140 797 2227 quibus
854 2153 1217 2227 morantur,
1268 2141 1419 2209 licet
1465 2143 1542 2210 ad
1592 2144 1789 2211 breve
1848 2138 2155 2227 tempus?

566 2230 673 2296 vel
720 2240 1060 2298 teneantur
1104 2231 1179 2298 ad
1226 2230 1519 2299 Officium
1566 2231 1739 2297 illius
1784 2234 2152 2298 conventus

565 2336 599 2383 a
646 2336 774 2403 quo
836 2318 1202 2406 percipiunt
1246 2317 1487 2385 victum
1547 2329 1611 2384 et
1672 2318 2018 2402 vestitum,
2071 2319 2154 2383 ita

568 2417 641 2473 ut
684 2416 1074 2496 reputentur
1117 2406 1321 2477 veluti
1369 2402 1783 2474 beneficiati?

700 2497 769 2561 2.
816 2495 913 2561 An
958 2494 1298 2561 Generales
1344 2503 1411 2560 et
1455 2492 1904 2575 ProvincialeS,
1939 2493 2050 2579 qui
2088 2494 2156 2562 in
2259 2512 2302 2580 p

568 2599 977 2667 quocumque
1021 2581 1271 2649 Ordinis
1316 2592 1383 2647 et
1427 2579 1793 2647 Provinciae
1822 2583 2157 2649 Conventa

570 2668 947 2758 Superiores
995 2679 1400 2757 reputantur,
1438 2668 1703 2736 recitare
1751 2668 1990 2756 possint
2021 2669 2160 2739 Offi-

572 2755 744 2823 cium
805 2758 1179 2843 Missamque
1237 2757 1564 2825 celebrare
1624 2760 1991 2824 conventus
2050 2759 2156 2826 vel

570 2843 919 3001 Ecclegiae,
971 2844 1037 2912 in
1081 2844 1310 2932 quibus
1357 2846 1434 2912 ad
1482 2845 1677 2910 breve
1725 2856 1984 2931 tempus
2044 2848 2159 2915 de-

573 2941 735 3019 gunt
1940 2977 1947 2982 -

708 3026 784 3088 Et
829 3024 1013 3090 Sacra
1057 3022 1318 3090 Rituum
1363 3022 1816 3108 congregatio,
1861 3021 1938 3088 ad
1988 3023 2157 3091 Vati-

573 3128 800 3177 canum
861 3109 1222 3199 subsignata
1275 3111 1383 3178 die
1442 3111 1785 3178 coadunata
1850 3109 1914 3176 in
1981 3111 2160 3179 Ordi-

574 3197 749 3265 nario
795 3203 1024 3283 coetu,
1073 3199 1151 3267 ad
1203 3199 1578 3267 relationem
1623 3197 1967 3286 subscripti
2012 3202 2162 3266 Pro-

574 3286 910 3385 Secretarii
944 3288 1206 3374 utrique
1234 3286 1429 3356 dubio
1462 3287 1987 3376 respondendum
2012 3306 2163 3356 cen-

573 3383 747 3442 suit:

706 3482 746 3529 e
777 3465 1048 3549 Semper
1091 3464 1496 3551 sequendum
1544 3482 1684 3530 esse
1714 3462 2161 3532 calendarium

573 3548 769 3617 Officii
812 3548 989 3619 iuxta
1034 3551 1452 3637 coenobium,
1503 3552 1569 3619 in
1615 3570 1744 3637 quo
1790 3571 2034 3618 moram
2076 3550 2162 3618 fa-

574 3636 777 3722 ciunt,
827 3636 945 3706 etsi
993 3639 1069 3706 ad
1122 3651 1412 3727 tempus3
1461 3641 1606 3727 quia
1652 3639 1892 3726 ubique
1951 3640 2160 3707 cboro

577 3725 884 3793 interesse
930 3735 1234 3795 tenentur
1266 3749 1328 3791 »-
1384 3733 1459 3794 Et
1504 3730 1589 3795 ita
1633 3727 1981 3815 rescripsit.

707 3812 823 3880 Die
870 3817 956 3881 25
1003 3814 1400 3904 Septembris
1453 3819 1651 3884 1852.

579 3990 850 4060 3002.
1074 3991 1684 4059 PA‘rmAacnms
1891 4035 1897 4041 ·
1934 3992 2161 4081 (5¹76)

838 4097 1236 4165 assumas
1281 4097 1899 4166 LATERANsusls.

708 4260 871 4324 Dum
916 4253 984 4322 in
1027 4253 1423 4323 Patriarcbali
1470 4255 1725 4322 Basilica
1756 4259 2161 4325 Lateranensi

576 4345 921 4412 nonnullae
949 4361 1161 4411 sacrae
1196 4343 1547 4429 explentur
1593 4343 1983 4429 functiones,
2035 4348 2163 4436 opi·

575 4433 837 4500 nionum
869 4431 1137 4498 varietas
1168 4431 1332 4498 circa
1364 4431 1778 4500 Rubricarum
1824 4432 2164 4503 observan-

577 4519 725 4585 tiam
787 4521 1100 4602 exoritur,
1164 4520 1422 4586 attentis
1484 4531 1620 4587 tum
1682 4520 2163 4607 incomparabili

575 4605 886 4694 dignitate
935 4604 1253 4676 Ecclesiae
1301 4618 1437 4675 tum
1486 4605 1972 4676 immemorabili
2015 4630 2161 4679 con·

576 4694 943 4762 suetudine.
1008 4698 1090 4762 Ut
1150 4705 1365 4762 autem
1422 4696 1885 4765 sententiarum
1946 4698 2160 4766 buius-

573 4782 749 4850 modi
809 4783 1076 4851 varietas
1139 4781 1548 4868 eliminetur,
1598 4795 1665 4852 et
1720 4785 1929 4852 omnia
1989 4797 2162 4854 certa

575 4869 961 4958 indubiaque
1009 4870 1316 4940 methodo
1364 4873 1749 4959 regulariter
1786 4875 2161 4960 procedant,

577 4957 824 5043 primus
882 4960 947 5026 in
1020 4971 1366 5027 memorata
1434 4961 1835 5029 Patriarcbali
1905 4963 2161 5031 Basilica

574 5047 1134 5116 Caeremoniarum
1178 5049 1476 5134 Magister
1520 5049 1618 5116 sni
1678 5052 1961 5117 muneris
2025 5070 2164 5118 esse

576 5133 760 5200 duxit
784 5137 1007 5202 Sacrae
1031 5134 1289 5204 Rituum
1314 5138 1805 5225 congregationi
1828 5139 2160 5224 sequentia

714 5325 795 5399 (1)
830 5328 893 5386 Ε.
931 5328 1072 5385 Dub.
1117 5329 1145 5384 1
1184 5338 1240 5386 et
1276 5329 1332 5386 2.

1906 380 2132 469 (5175)
2157 440 2172 471 ,
2234 378 2424 448 dubia
2449 399 2568 466 pro
2593 386 2951 465 opportuna
2970 377 3403 445 declaratione
3426 395 3826 465 proponere3

2239 466 2590 535 nimirum:
2642 468 2738 553 (1)

2376 560 2441 622 1.
2487 557 2584 622 An
2615 559 2876 624 Sacrum
2907 552 3283 621 solemniter
3314 552 3590 620 faciente
3621 553 3829 620 altero

2242 663 2323 710 ex
2382 641 2777 711 Beneficiatis
2840 659 2987 710 cum
3045 639 3398 709 assistentia
3459 641 3718 709 Diaconi
3767 652 3831 707 et

2242 731 2621 801 Subdiaconi
2668 731 2749 799 de
2799 730 3027 797 eodem
3074 729 3348 818 gremio,
3396 729 3666 797 Ministri
3714 727 3830 817 ipsi

2242 821 2397 889 dum
2441 819 2963 888 benedictionem
3008 840 3039 882 a
3083 817 3464 886 celebrante
3511 817 3837 906 accipiunt

2247 919 2587 974 teneantur
2648 905 3136 993 genuflecter03
3198 905 3509 973 stantibus
3581 918 3649 972 et
3711 923 3838 971 non

2243 994 2827 1084 genuflectentibus
2885 994 3120 1061 ceteris
3180 994 3244 1060 in
3304 995 3513 1062 choro
3582 1012 3836 1082 perma-

2247 1080 2600 1151 uentibus?

2380 1176 2448 1238 2.
2498 1172 2594 1239 An
2641 1190 2791 1238 usus
2839 1170 3028 1238 bireti
3074 1169 3363 1259 permitti
3411 1169 3612 1258 possit
3657 1167 3841 1235 mini·

2247 1257 2394 1326 stris
2438 1258 2677 1326 indutis
2723 1256 3045 1346 pluviali?

2381 1351 2444 1415 3.
2496 1351 2593 1414 An
2638 1346 2746 1414 die
2778 1347 3029 1416 Vlilulii
3078 1355 3464 1414 occurrente
3511 1345 3840 1413 Dominica

2248 1436 2453 1523 prima
2487 1434 2723 1503 mensis
2754 1435 2818 1503 in
2850 1455 2997 1521 qua,
3032 1435 3204 1502 iuxta
3245 1438 3590 1502 Decretum
3635 1438 3843 1500 Gene-

2250 1525 2382 1589 rale
2416 1523 2546 1591 diei
2581 1527 2661 1592 10
2695 1523 2962 1611 Augusti
3003 1526 3197 1607 1849,
3238 1523 3357 1590 sub
3401 1523 3532 1589 ritu
3566 1521 3845 1623 duplicis

2249 1611 2569 1679 secundae
2601 1610 2814 1678 classis
2838 1610 3242 1678 recitandum
3274 1622 3371 1676 est
3401 1610 3485 1678 de
3517 1608 3843 1677 Pretiosis-

2248 1699 2409 1767 simo
2457 1697 2776 1786 Sanguine
2821 1698 3070 1766 Domini
3115 1698 3327 1765 Nostri
3371 1704 3515 1767 Iesu
3576 1695 3843 1780 christi,

2253 1788 2441 1856 liceat
2485 1788 2691 1855 adhuc
2739 1786 2911 1853 iuxta
2960 1787 3531 1854 immemorabilem
3574 1804 3845 1853 consue-

2254 1876 2546 1943 tudinem
2580 1875 2824 1942 Missam
2857 1876 3363 1942 conventualem
3396 1874 3626 1963 legere
3667 1885 3846 1940 extra

2254 1965 2536 2032 chorum
2561 2012 2580 2047 ,
2628 1962 2775 2050 quia
2824 1963 2887 2030 in
2946 1963 3154 2033 cboro
3201 1963 3478 2030 habetur
3536 1961 3844 2050 cappella

2255 2050 2681 2135 Cardinalitia,
2730 2070 2894 2137 qnae
2941 2052 3225 2118 celebrat
3272 2052 3356 2118 de
3401 2048 3677 2117 octava?

2393 2144 2454 2206 t.
2490 2142 2588 2208 An
2619 2138 2780 2205 infra
2812 2150 3096 2207 octavam
3128 2139 3304 2208 ssmi
3335 2138 3637 2226 corporis
3667 2137 3847 2206 cbri-

2199 2248 2220 2265 ⁸
2257 2229 2337 2296 sti
2408 2227 2720 2316 expositio
2790 2227 3174 2295 sanctissimi
3243 2225 3637 2295 sacramenti
3711 2223 3850 2292 fleri

2259 2315 2489 2385 debeat
2557 2315 2622 2382 in
2680 2315 2919 2401 Altari,
2985 2316 3050 2382 in
3106 2334 3233 2402 qno
3295 2324 3657 2382 asservatur
3703 2316 3851 2381 san·

2260 2405 2615 2506 ctissimum
2690 2406 3215 2484 Sacramentum;
3293 2403 3400 2470 vel
3481 2400 3630 2469 alibi
3714 2399 3851 2470 fieri

2392 2585 2459 2647 5.
2507 2582 2605 2647 An
2650 2580 2714 2648 in
2760 2579 3292 2664 processionibus,
3343 2580 3408 2647 in
3456 2577 3694 2668 quibus
3743 2577 3852 2645 cir·

2260 2668 2620 2737 cumfertur
2657 2667 3126 2736 sanctissimum
3172 2667 3605 2737 Eucharistiae
3637 2670 3854 2734 Sacra·

2260 2767 2578 2841 mentum,
2627 2777 2698 2823 ac
2741 2756 3120 2844 praesertim
3167 2757 3233 2823 in
3279 2755 3385 2824 illa
3430 2755 3637 2843 Papali
3703 2758 3852 2824 San·

2262 2845 2520 2912 ctissimi
2590 2842 2887 2932 Corporis
2943 2843 3209 2930 Christi,
3274 2845 3462 2912 liceat
3522 2841 3853 2910 Canonicis

2261 2933 2326 3003 in
2372 2933 2726 3021 Episcopali
2773 2931 3091 3020 Dignitate
3144 2933 3508 3001 constitutis
3553 2951 3621 3000 ac
3675 2934 3852 2998 Prae·

2262 3023 2482 3178 munt?
2526 3022 2764 3091 indutis
2808 3020 3199 3088 indumentis
3246 3022 3550 3090 incedere
3581 3040 3735 3088 cum
3768 3019 3854 3086 bi-

2268 3123 2410 3179 reto

2390 3201 2560 3279 Quae
2606 3198 2871 3285 quidem
2903 3197 3091 3265 dubia
3124 3218 3239 3287 pro
3291 3198 3444 3265 osita
3475 3217 3681 3285 quum
3716 3197 3855 3263 tue·

2263 3289 2392 3356 rint
2439 3288 2502 3354 in
2547 3287 2876 3354 ordinario
2924 3287 3126 3353 coetu
3181 3303 3224 3353 a
3316 3287 3696 3356 Vaticanum
3751 3286 3854 3353 ba·

2266 3376 2395 3443 bito
2426 3375 2537 3442 die
2569 3379 2651 3444 10
2696 3373 2960 3443 Ianuarii
2995 3373 3114 3440 hoc
3150 3374 3286 3475 ipso
3319 3384 3615 3442 vertente
3661 3393 3852 3457 anno,

2266 3464 2503 3553 placuit
2533 3463 2706 3530 Emis
2736 3474 2800 3530 et
2830 3462 3003 3530 Rmis
3031 3460 3319 3530 Patmbus
3348 3463 3553 3531 Sacris
3597 3459 3857 3530 tuendis

2264 3551 2507 3620 Ritibus
2556 3550 2931 3642 praepositis
2977 3548 3492 3618 informationem
3524 3568 3676 3619 cum
3709 3561 3855 3616 voto

2265 3640 2608 3727 exquirere
2654 3640 2796 3706 Emi
2843 3649 2908 3705 et
2952 3637 3092 3704 Ruti
3150 3639 3338 3707 card.
3392 3638 3785 3727 Archipresb
3828 3673 3852 3687 ·

2264 3730 2386 3796 teri
2433 3726 2896 3811 meranensis,
2944 3725 3055 3812 qui
3101 3745 3300 3815 super
3343 3726 3612 3815 singulis
3673 3744 3852 3793 men-

2265 3828 2398 3884 tem
2446 3823 2621 3883 s'uam
2668 3817 2829 3884 adeo
2875 3814 3159 3883 dilucide
3204 3814 3494 3902 aperuit,
3544 3824 3660 3898 ut,
3710 3833 3852 3902 pro·

2265 3905 2470 3992 posita
2517 3905 2754 3971 iterum
2803 3901 3095 3969 instantia
3160 3902 3223 3969 in
3283 3902 3466 3969 novis
3508 3901 3850 3970 ordinariis

2266 3992 2549 4061 Comitiis
2607 3991 2848 4079 pariter
2911 3990 2988 4058 ad
3038 3991 3405 4058 Vaticanum
3451 3989 3685 4057 habitis
3743 4007 3855 4080 per

2263 4080 2692 4167 subscriptum
2723 4077 3343 4162 Pro—secretarium,
3379 4081 3562 4147 Sacra
3593 4078 3848 4146 Ritnum

2267 4168 2691 4256 congregatio
2755 4164 3242 4234 rescribendum
3302 4166 3667 4233 censuerit:
3717 4187 3757 4230 ι
3789 4168 3851 4230 ln

2268 4258 2563 4325 omnibus
2609 4256 2782 4323 iuxta
2813 4267 3035 4322 votum
3068 4254 3212 4321 Emi
3246 4263 3311 4321 et
3341 4254 3481 4321 mni
3514 4254 3704 4323 card.
3743 4255 3850 4320 Ar·

2268 4345 2734 4436 cbipresbyteri
2770 4359 2834 4423 »3
2884 4343 3168 4410 scilicet:

2399 4435 2494 4503 Ad
2545 4438 2608 4500 1.
2656 4455 2696 4498 ‹
2730 4431 3156 4512 Affirmative3
3206 4450 3322 4499 seu
3372 4429 3576 4500 teneri
3623 4431 3701 4498 ad
3747 4448 3852 4518 ge·

2266 4522 2757 4590 nussectendum
2791 4540 2858 4587 ι.

2396 4611 2494 4678 Ad
2525 4615 2590 4676 2.
2626 4631 2666 4674 ι
2692 4608 3093 4676 Permittitur
3124 4628 3274 4675 usus
3308 4608 3520 4694 bireti,
3543 4627 3673 4675 non
3703 4625 3850 4674 vero

2315 4698 2492 4766 ileoli
2529 4721 2593 4763 ι.

2267 4718 2309 4786 p
2400 4787 2496 4854 Ad
2531 4792 2596 4854 3.
2629 4808 2669 4851 ι
2695 4785 3123 4866 Affirmative;
3157 4803 3272 4852 seu
3302 4784 3680 4853 servandam
3712 4802 3851 4851 con·

2263 4875 2680 4943 suetudinem
2717 4897 2782 4940 ι.

2397 4963 2492 5031 Ad
2527 4967 2593 5029 t.
2642 4985 2682 5028 ‹
2709 4962 3125 5049 Affirmative‚
3159 4962 3234 5029 ad
3269 4962 3539 5065 primam
3568 4973 3844 5049 partem;

2266 5051 2441 5118 iuxta
2488 5049 2874 5119 laudabilem
2925 5051 3464 5119 consuetudinem
3497 5071 3564 5118 ›.

2395 5139 2495 5206 Ad
2543 5145 2609 5207 5.
2657 5161 2697 5204 ‹
2729 5141 3040 5229 Negative
3086 5139 3151 5207 in
3198 5137 3494 5208 omnibus
3526 5161 3593 5206 ι.
