4042 5950
1575 210 1990 287 ...85-

173 391 320 458 quae
354 371 421 436 lit
452 370 831 436 eorumdem
861 370 926 435 in
957 369 1250 435 universa
1275 366 1556 433 Ecclesia
1585 378 1731 453 post
1780 379 1790 392 ·

176 457 824 525 commemorationem
869 461 1054 522 Bmae
1102 454 1376 541 Virginis
1419 456 1727 521 Mariae».

174 552 359 630 Atque
407 544 488 610 ita
543 545 847 611 Sanctitas
895 547 1016 611 Sua
1074 545 1370 625 mandat,
1438 542 1729 609 decernit

173 647 226 700 et
265 632 563 699 declarat.
615 631 726 697 Die
778 636 856 698 16
897 630 1182 698 Octobris
1234 634 1427 697 1743.

175 771 398 839 2375.
719 772 1165 840 senceum.
1501 767 1723 854 (4153)

280 895 436 960 Cum
469 911 554 959 ex
587 903 767 992 parte
799 891 1094 978 Episcopi
1127 891 1566 977 Bergomensis
1613 910 1726 977 pro

174 982 538 1047 resolutione
588 979 1126 1067 infrascriptarum
1172 979 1514 1045 dubiorum
1559 979 1725 1065 apud

171 1074 227 1135 S.
257 1074 326 1136 R.
361 1051 664 1134 C.'enixe
708 1066 1134 1153 supplicatum
1183 1067 1403 1150 luerit,
1451 1084 1722 1152 nempe:

286 1160 316 1222 1
363 1158 595 1222 Utrum
643 1155 705 1220 in
746 1155 1039 1224 ‘Sabbato
1095 1157 1322 1221 Sancto
1372 1174 1484 1240 pro
1539 1154 1726 1219 colla·

175 1245 321 1310 tione
365 1247 704 1310 Sacrorum
745 1243 1057 1309 ordinum
1103 1242 1454 1328 Episcopus
1502 1242 1566 1307 in
1609 1261 1725 1308 suo

65 1363 106 1400 >.
171 1333 498 1398 domestico
564 1330 850 1398 oratorio
920 1340 1214 1395 teneatur
1277 1332 1520 1397 Missam
1581 1347 1728 1394 cum

175 1419 532 1506 prophetiis,
569 1429 640 1484 ut
688 1419 751 1484 in
783 1417 1033 1500 missali,
1075 1413 1448 1483 celebrare?

281 1511 341 1572 2.
393 1509 625 1572 Utrum
672 1506 738 1570 in
767 1504 1076 1572 Ordinum
1117 1505 1454 1572 collatione
1499 1504 1732 1572 diebus

172 1618 196 1659 a
237 1595 362 1661 iure
408 1593 685 1675 statutis,
719 1592 990 1660 dicenda
1036 1594 1117 1657 sit
1164 1592 1338 1658 Missa
1384 1591 1469 1657 de
1501 1594 1726 1658 Sancto

171 1681 598 1835 contiggente,
671 1702 749 1747 an
807 1699 1067 1767 semper
1129 1682 1212 1747 de
1273 1678 1448 1747 Feria
1509 1700 1730 1746 occur-

173 1782 331 1836 rente
458 1773 489 1834 1

282 1864 339 1923 ³.
403 1769 564 1923 §.uzu
625 1856 893 1924 Rubrica
959 1855 1212 1923 missalis
1279 1856 1364 1921 de
1407 1856 1556 1921 Ritu
1597 1873 1728 1920 ser-

175 1947 352 2011 vando
402 1947 465 2010 in
513 1944 945 2011 celebratione
993 1944 1234 2026 Missae,
1271 1943 1368 2010 tit.
1405 1946 1509 2025 iv,
1558 1963 1623 2008 n.
1660 1947 1724 2025 5,

65 2073 66 2078 1
173 2034 559 2118 praescribat,
607 2032 776 2116 quod
801 2080 818 2115 ,
869 2032 1182 2098 incensata
1225 2035 1463 2113 Cruce,
1516 2031 1727 2095 incen-

172 2133 370 2186 sentur
428 2131 494 2185 et
551 2119 880 2204 Reliquiae
939 2139 1052 2185 seu
1112 2119 1415 2203 imagines
1472 2121 1727 2185 Sancto-

65 2265 68 2272 ,
176 2226 330 2291 rum,
394 2207 770 2293 quaeritur:
833 2213 926 2273 An
989 2206 1293 2292 imagines
1352 2208 1727 2273 Sanctorum

65 2311 68 2342 ²
172 2296 423 2362 debeant
492 2294 729 2362 habere
793 2295 1063 2361 inclusas
1124 2297 1496 2361 Sanctorum
1558 2292 1727 2358 Reli-

65 2427 68 2434 -
172 2382 358 2466 quias,
420 2382 592 2448 iuxta
648 2383 860 2459 Quarti
891 2379 1071 2467 part.
1122 2386 1187 2465 3,
1240 2383 1336 2447 tit.
1387 2385 1452 2463 4,
1504 2380 1586 2445 de
1632 2383 1728 2447 ln-

65 2501 68 2536 :
174 2471 346 2621 troiltu
379 2470 659 2623 ffpssm’
722 2481 789 2536 et
835 2472 1048 2536 Merati
1112 2481 1267 2552 tom.
1327 2474 1385 2551 1,
1442 2479 1607 2554 part.
1659 2474 1724 2552 2,

65 2597 66 2608 κ
173 2569 274 2623 tntu
305 2605 324 2622 .

281 2649 346 2712 4.
393 2645 764 2723 Quaeritur:
813 2659 1028 2713 utrum
1076 2656 1264 2712 nocte
1313 2646 1530 2711 Feriae
1563 2648 1615 2711 V
1664 2643 1728 2710 in

65 2693 68 2832 ζ
171 2736 357 2799 Coena
399 2733 650 2800 Domini
682 2734 925 2801 licitum
957 2736 1038 2800 sit
1069 2738 1349 2801 Statuam
1394 2737 1461 2799 Β.
1514 2735 1592 2798 Μ.
1649 2736 1722 2798 V.

170 2821 296 2886 velo
328 2821 513 2910 nigro
544 2822 1001 2889 circumdatam
1034 2841 1179 2888 cum
1210 2819 1527 2887 crucifixo
1559 2838 1726 2888 mor-

173 2921 266 2974 tuo
312 2909 378 2975 in
420 2911 742 2994 gremium
787 2911 1078 2998 deposito
1117 2928 1480 2996 exponere,
1518 2917 1583 2973 et
1614 2911 1727 2973 Fe·

171 2997 245 3060 ria
291 3000 369 3063 Vl
412 3000 708 3082 sequenti
768 2995 952 3077 man'e
1011 3018 1149 3064 eam
1208 2999 1271 3064 in
1327 2996 1748 3062 processione·

169 3104 298 3151 cum
345 3084 730 3171 pluvialibus
776 3088 975 3175 nigris
1020 3082 1319 3152 deferre?

283 3178 354 3238 ὃ.
400 3176 560 3240 Cum
609 3174 682 3239 in‘
720 3174 1208 3261 quamplurimis
1253 3184 1502 3238 nostrae
1549 3172 1728 3236 Dioe-

171 3262 314 3326 cesis
361 3260 657 3328 Ecclesiis
701 3262 1039 3328 inoleverit
1085 3260 1473 3345 et·quotidie
1505 3278 1727 3324 excre-

169 3360 284 3413 scat
327 3368 474 3415 usus
519 3349 716 3417 vestis
759 3352 1076 3417 violaceae
1123 3367 1270 3415 cum
1303 3348 1507 3413 ferula
1540 3348 1602 3412 in
1634 3367 1727 3411 sa-

170 3438 300 3515 cris
343 3436 770 3503 functionibus
843 3437 1226 3505 deferendae
1293 3456 1326 3499 a
1393 3439 1725 3501 caeremo-

172 3525 396 3591 niarum
459 3526 798 3611 Magistro;
868 3526 1228 3612 quaeritur:
1288 3527 1383 3588 An
1440 3522 1522 3587 sit
1575 3542 1725 3588 usus

175 3613 575 3681 tolerandus?

285 3706 347 3767 S.
396 3706 469 3769 R.
522 3707 635 3785 C.,
683 3703 900 3769 audito
959 3704 1134 3789 prius
1189 3711 1337 3766 voto
1393 3698 1580 3766 unius
1644 3718 1724 3765 ex

173 3790 656 3875 apostolicarum
690 3791 1245 3858 caeremoniarum
1275 3785 1602 3874 Magistris‚
1634 3807 1729 3853 re-

172 3878 558 3945 scribendum
605 3879 894 3944 censuit:

283 3966 374 4033 Ad
427 3971 488 4032 1.
542 3988 579 4031 ‹
613 3965 1046 4042 Affirmative;
1111 3966 1175 4031 id
1222 3975 1316 4030 est
1369 3983 1485 4050 pro
1533 3964 1722 4030 colla·

179 4054 328 4119 tione
371 4058 703 4123 Sacrorum
748 4054 1053 4120 ordinum
1090 4053 1153 4117 in
1199 4052 1466 4119 Sabbato
1496 4054 1722 4119 Sancto

177 4141 328 4207 Missa
373 4142 733 4228 incipienda
779 4152 874 4206 est
923 4161 953 4205 a
1001 4138 1354 4226 Prophetiis
1387 4162 1447 4204 ν.

285 4229 373 4295 Ad
424 4234 488 4296 2.
541 4252 581 4294 ι
609 4234 673 4295 ln
703 4227 1007 4295 Ordinum
1041 4226 1379 4318 collatione
1433 4228 1658 4294 diebus
1690 4248 1720 4292 a

179 4315 296 4382 iure
321 4318 594 4401 statutis,
644 4316 889 4384 dicatur
932 4334 1187 4401 semper
1226 4315 1401 4380 Missa
1431 4316 1514 4381 de
1547 4313 1722 4380 Feria

181 4417 539 4470 occurrente
573 4428 635 4470 ι.

288 4494 376 4559 Ad
421 4498 483 4558 3.
534 4514 574 4557 ι
607 4495 740 4560 Non
776 4511 914 4558 esse
943 4494 1026 4559 de
1060 4489 1433 4559 necessitate
1467 4490 1527 4556 in
1556 4491 1721 4556 scul-

181 4578 286 4661 ptis
322 4585 694 4647 Sanctorum
741 4579 1116 4664 imaginibus
1163 4581 1224 4645 in
1261 4578 1476 4643 Altare
1507 4577 1718 4663 dispo·

65 4698 66 4701 =
179 4664 292 4758 sitis
330 4688 526 4733 sacras
570 4669 900 4734 includere
945 4667 1260 4751 Reliquias
1305 4667 1381 4731 ad
1429 4666 1572 4748 boc,
1621 4680 1719 4748 ut,

65 4758 66 4799 i
182 4767 462 4820 tncensata
509 4760 738 4840 Cruce,
788 4756 1033 4820 valeant
1079 4754 1222 4820 illae
1267 4774 1297 4817 a
1346 4753 1723 4820 celebrante

185 4836 498 4909 thurificari
535 4866 597 4909 ν.

289 4932 376 4997 Ad
411 4936 472 4997 4.
505 4952 543 4994 αι
570 4930 850 4997 Permitti
878 4950 1088 5016 posse,
1115 4941 1183 4994 ut
1209 4934 1422 4996 Statua
1447 4934 1516 4994 B.
1539 4932 1620 4994 Μ.
1640 4933 1713 4996 V.

185 5016 306 5080 velo
363 5020 542 5105 nigro
602 5019 984 5085 circumdata
1044 5029 1230 5083 nocte
1292 5017 1511 5082 Feriae
1559 5020 1610 5083 V
1657 5018 1722 5082 in

185 5102 360 5170 Coena
405 5108 643 5175 Domini
694 5125 842 5172 cum
889 5110 1024 5170 lesu
1071 5105 1332 5171 Domino
1366 5105 1523 5170 Filio
1553 5124 1722 5171 mor-

302 5298 378 5371 (1)
413 5302 470 5357 Ε.
509 5302 646 5358 nub.
686 5301 717 5355 5
754 5307 807 5359 el
844 5300 892 5355 ὅ.

1834 380 1943 433 tuo
1988 367 2057 434 in
2098 367 2415 454 gremium
2486 367 2778 454 deposito
2841 368 2904 434 in
2952 368 3228 434 Ecclesia
3296 388 3403 435 ex-

1833 466 2140 540 ponatur;
2191 467 2255 521 et
2314 456 2608 541 sequenti
2674 455 2848 521 Feria
2895 459 2971 521 Vl
3018 475 3200 522 mane
3260 476 3404 542 pro-

1833 541 2262 609 cessionaliter
2330 563 2475 609 cum
2541 542 2924 629 pluvialibus
2978 542 3179 630 nigris
3225 544 3406 609 defe—
3466 613 3475 634 ‚

1831 641 2004 695 ratur
2036 652 2103 696 ».

1962 718 2056 784 Ad
2105 723 2164 782 5.
2219 739 2256 781 ι
2290 721 2641 785 Serventur
2685 716 3067 804 praescripta
3116 739 3146 783 a
3181 722 3405 787 Caere·

1831 805 2088 870 moniali
2159 806 2618 891 Episcoporum
2686 806 2849 871 circa
2915 818 3163 872 vestem
3220 807 3406 873 viola-

1833 911 2011 958 ceam
2057 904 2123 958 et
2170 892 2437 960 ferulam
2474 892 2874 979 gestandam,
2922 904 3116 978 prout
3171 894 3406 980 legitur

1834 979 1946 1046 lib.
1980 984 2027 1061 l,
2065 1000 2200 1066 cap.
2239 984 2304 1063 ὅ,
2356 981 2391 1063 g
2443 984 2520 1058 43
2570 999 2766 1066 quare
2817 979 3177 1054 huiusmodi
3226 983 3406 1047 color

1831 1080 1895 1133 et
1927 1067 2167 1134 ferulae
2199 1067 2464 1152 gestatio
2498 1068 2795 1133 convenit
2824 1069 3226 1134 solummodo
3251 1073 3400 1136 Cae·

1834 1155 2223 1221 remoniariis
2269 1157 2590 1221 Ecclesiae
2634 1155 3027 1222 cathedralis
3073 1181 3135 1221 ».

1965 1247 2040 1307 Et
2086 1243 2166 1309 ita
2214 1234 2578 1309 declaravit.
2641 1243 2751 1308 Die
2810 1248 2887 1309 21
2952 1244 3148 1310 Martii
3207 1246 3399 1310 1744.

1836 1418 2085 1485 2376.
2441 1423 2804 1488 EPISTOLA

2181 1525 2590 1593 BENEDICTl
2637 1527 2881 1592 PAPAE
2926 1527 3064 1591 XIV

1835 1680 1913 1746 Ad
1957 1694 2166 1745 omnes
2219 1678 2722 1762 Ambiepisoopos
2783 1684 2845 1745 et
2902 1679 3234 1764 Episcopus
3287 1699 3402 1764 qua

1949 1760 2388 1826 commendatur
2429 1759 2813 1826 observantia
2845 1759 3249 1839 Deci-storum,
3282 1764 3403 1829 ius·

1950 1854 2020 1904 su
2068 1837 2375 1905 Alexandri
2421 1837 2541 1902 ΡΡ.
2575 1835 2667 1902 Vll
2699 1838 2985 1907 editorum
3028 1840 3193 1906 circa
3235 1858 3405 1909 usum

1954 1916 2389 2008 P‘onlitioalium
2445 1916 2795 1984 serrandum
2845 1918 2921 1986 ab
2974 1918 3300 1988 Abbalibus
3344 1939 3408 1988 a·

1951 1995 2157 2079 litaque
2207 1996 2503 2063 praetatis
2549 1996 2954 2065 interioribus.

3176 1420 3402 1508 (4155)

2052 2151 2199 2214 Bm
2243 2151 2505 2215 Domine
2552 2152 2657 2216 uti
2705 2152 2980 2216 Frater.-

1962 2299 2189 2365 ssmus
2250 2298 2549 2366 Dominus
2607 2303 2833 2365 Noster
2890 2317 3008 2383 pro
3069 2298 3402 2383 diuturno,

1831 2404 1958 2471 quo
2028 2384 2339 2471 gubernat
2398 2386 2739 2451 Ecclesiam
2800 2387 2941 2452 zelo
2989 2399 3054 2451 et
3100 2386 3403 2453 sollicitu-

1831 2475 2009 2555 dine,
2038 2473 2252 2539 animo
2284 2484 2605 2561 reputans,
2639 2475 2808 2559 quod
2846 2493 2917 2538 ea
2956 2493 3116 2559 quae
3148 2496 3180 2540 a
3214 2477 3407 2562 longo

1831 2571 2125 2646 tempore
2170 2561 2432 2627 fuerunt
2476 2572 2727 2644 statuta,
2762 2580 3145 2647 quamquam
3179 2581 3407 2648 oppor-

1835 2647 2152 2713 tunissima
2200 2661 2265 2714 et
2310 2649 2684 2731 necessaria,
2734 2649 2815 2715 ita
2866 2662 3073 2715 tamen
3135 2652 3406 2717 decursu

1834 2735 2141 2822 temporis
2173 2736 2237 2802 in
2269 2738 2764 2803 desuetudinem
2799 2736 3023 2802 abeant
3057 2750 3121 2802 et
3155 2738 3217 2804 in
3251 2738 3408 2805 obli-

1832 2823 2133 2904 vionem,
2208 2835 2275 2888 ut
2333 2825 2584 2910 penitus
2635 2825 2889 2890 tandem
2948 2826 3402 2913 negligantur:

1830 2929 1900 2975 ac
1947 2910 2214 2997 proinde
2264 2911 2464 2977 varios
2497 2910 2724 2978 abusus
2756 2912 3268 2981 animadvertens
3314 2914 3407 2978 in-

1832 2998 2105 3063 olevisse
2151 2999 2449 3064 adversus
2506 3004 2768 3065 Decreta
2813 3020 2844 3064 a
2892 3020 2941 3063 s.
2994 3019 3086 3067 m.
3137 3001 3404 3067 Alexan—

1831 3085 1948 3151 dro
1994 3089 2098 3153 Vll
2149 3086 2527 3170 constituta,
2579 3086 2952 3174 praesertim
3012 3089 3174 3153 circa
3222 3107 3405 3153 usum

1832 3172 2334 3259 Pontificalium;
2398 3174 2461 3239 in
2520 3174 3028 3261 congregatione
3087 3174 3406 3241 Ordinaria

1831 3264 2167 3326 Sacrorum
2202 3263 2455 3329 Rituum
2508 3262 2713 3327 habita
2747 3280 2960 3326 coram
2992 3263 3223 3328 eodem
3257 3263 3409 3326 Pon·

1830 3346 1997 3413 tifice
2031 3367 2192 3414 anno
2236 3353 2426 3433 1659,
2474 3350 2646 3416 idem
2679 3352 2908 3417 SSmus
2939 3351 3240 3415 Dominus
3285 3350 3408 3414 No-

1829 3447 1961 3500 ster
2006 3438 2249 3503 nedum
2295 3449 2750 3525 opportunum,
2793 3438 2906 3503 sed
2955 3440 3138 3524 plane
3186 3456 3406 3503 neces-

1826 3523 2058 3588 sarium
2085 3525 2267 3590 duxit
2286 3524 2755 3679 (praescribere,
2783 3526 2946 3591 sicut
2972 3545 3191 3611 reapse
3222 3543 3406 3611 prae-

1828 3611 2102 3697 scripsit,
2154 3632 2280 3697 quo
2375 3632 2500 3679 non
2549 3614 2755 3679 solum
2804 3614 2989 3678 fieret
3021 3613 3179 3678 nova
3228 3633 3434 3700 prae-4

1829 3701 2145 3767 dictorum
2193 3704 2608 3766 Decretorum
2642 3702 2704 3766 in
2737 3711 3081 3767 memorata
3126 3704 3405 3788 Congre-

1829 3787 2081 3874 gatione
2114 3788 2432 3854 editorum
2466 3789 2822 3873 impressio,
2846 3789 2973 3855 sed
3013 3792 3200 3854 etiam
3237 3790 3406 3876 quod

1828 3877 1905 3943 ad
1965 3894 2191 3941 omnes
2238 3888 2299 3940 et
2353 3877 2638 3963 singulos
2710 3875 2994 3942 locorum
3049 3876 3407 3944 ordinarios

1827 3982 2053 4029 eorum
2077 3964 2461 4048 exemplaria
2493 3963 3075 4031 transmitterentur
3106 3967 3405 4051 (quorum

1827 4071 2027 4118 unum
2078 4052 2268 4116 etiam
2314 4052 2681 4139 Amplitudo
2730 4062 2835 4118 tua
2883 4054 3053 4118 bisce
3086 4053 3405 4120 adnexum

1830 4138 2123 4226 recipiet)
2157 4141 2231 4204 ad
2283 4140 2424 4223 boc,
2459 4151 2527 4204 ut
2576 4158 2690 4226 pro
2723 4142 3222 4225 munere‚'quod
3258 4141 3405 4226 ipsis

1829 4227 2175 4309 incumbit,
2225 4246 2293 4291 ac
2341 4247 2459 4314 pro
2502 4227 2811 4312 peculiari
2862 4226 3118 4310 studio,
3168 4247 3293 4313 quo
3343 4229 3402 4294 in

1827 4333 1928 4380 res
1972 4335 2175 4380 sacras
2223 4317 2482 4381 eosdem
2528 4317 2783 4381 affectos
2829 4332 2965 4380 esse
3011 4316 3222 4399 decet,
3260 4335 3404 4380 exa-

1828 4414 1991 4467 ctam
2041 4404 2418 4485 eorumdem
2464 4407 2877 4469 Decretorum
2944 4402 3403 4468 observantiam

1827 4502 2097 4576 urgeant
2146 4502 2209 4555 et
2258 4490 2652 4578 compleant=
2706 4509 2913 4574 eoque
2958 4490 3182 4574 magis,
3231 4491 3403 4575 quod

1826 4578 2252 4643 asserentibus
2305 4591 2450 4644 tunc
2502 4579 2804 4662 temporis
2851 4577 3163 4644 monachis
3210 4577 3405 4643 Cassi-

1827 4666 2150 4748 nensibuS,
2186 4665 2374 4730 etiam
2410 4685 2525 4752 pro
2555 4665 2755 4729 aliena
2788 4663 3101 4745 Ecclesia,
3129 4682 3206 4729 ex
3238 4664 3403 4748 Apo·

1824 4753 2047 4818 stolico
2108 4753 2357 4818 indulto
2405 4753 2495 4817 eis
2545 4754 2791 4817 licitum
2845 4770 2985 4815 esse
3031 4751 3405 4817 ecclesiasti-

1828 4860 1961 4905 cam
2031 4839 2504 4924 supellectilem
2575 4838 2999 4921 benedicere,
3071 4842 3136 4903 S.
3193 4843 3268 4906 R.
3327 4842 3399 4905 C.

1826 4928 2143 4991 mandavit
2191 4945 2393 5010 usque
2440 4926 2515 4991 ab
2561 4946 2720 4992 anno
2795 4929 2958 4992 1660
3028 4928 3148 4991 tale
3199 4926 3406 4993 indul-

1830 5027 1962 5079 tum
2031 5015 2464 5078 authenticum
2537 5034 2611 5079 ex
2675 5014 2968 5080 Archivio
3038 5018 3085 5078 Α
3139 5014 3402 5081 ostolico

1823 5103 2235 5187 desumptum
2282 5102 2597 5187 exbiberi,
2646 5113 2713 5167 et
2757 5103 3013 5168 interim
3059 5125 3090 5167 a
3170 5102 3400 5186 tinere,
