4042 5950
1991 263 2463 343 ..298-

729 423 792 489 7.
851 422 947 489 An
1011 419 1396 509 Archipresb
1469 440 1580 489 ero
1647 418 1856 489 Sancti
1923 418 2169 491 star-tini

598 519 919 598 competat
964 510 1061 578 ius
1105 527 1381 577 exercen
1434 512 1450 575 i
1499 510 1633 578 iura
1663 509 2038 596 parochialia
2064 528 2168 575 su·

598 615 715 683 per
761 597 1102 680 militibus„
1151 597 1559 684 vectiganum
1622 597 1919 664 ministris
1979 608 2045 665 et
2100 595 2171 665 in

599 704 883 753 carceres
929 684 1227 774 inclusis3
1278 705 1346 753 ac
1382 686 1538 757 iufra
1568 706 1682 753 sex
1714 703 1964 752 menses
1995 706 2027 750 a
2058 684 2166 752 die

597 792 819 840 eorum
868 773 1180 841 adventus
1223 792 1423 860 super
1467 773 1660 841 domo
1717 772 2170 841 Gubernatoris

597 873 662 927 et
704 879 902 949 super
944 860 1247 945 advenis,
1296 861 1451 930 licet
1493 861 1844 929 inhabitent
1887 861 2048 929 inu-a
2098 860 2172 927 li-

597 948 783 1016 mites
826 947 1086 1016 aliarum
1133 947 1628 1018 Parecbiarum?

727 1034 1067 1123 Propositis
1135 1036 1344 1107 dubiis
1407 1037 1683 1120 auditis,
1753 1032 2173 1123 omnibusque<

598 1125 718 1192 rite
786 1132 1165 1211 matureque
1229 1124 1638 1194 consideratis
1664 1173 1683 1207 ‚
1751 1125 2171 1211 congregatio

597 1211 992 1313 particularis
1038 1213 1340 1301 deputata
1369 1213 1460 1281 sic
1491 1213 1975 1283 rescribendum
2023 1233 2173 1281 cen-

597 1313 773 1368 sutt:

727 1390 822 1457 Ad
876 1392 938 1457 1.
985 1410 1022 1453 ‹
1055 1390 1469 1476 Affirmative,
1503 1390 1672 1456 iuxta
1718 1390 2020 1459 modum:
2054 1389 2173 1457 sci-

600 1475 754 1544 licet
786 1496 863 1545 eo
896 1479 1114 1562 modo,
1148 1498 1274 1566 quo
1305 1478 1802 1550 constitutiones
1850 1476 2169 1546 exhibitae

598 1574 745 1632 sunt
775 1568 956 1633 Anno
993 1570 1197 1652 1725:
1249 1579 1314 1636 et
1362 1571 1424 1639 in
1471 1567 1568 1651 iis,
1604 1566 1835 1652 quibus
1867 1571 1928 1632 in
1959 1577 2174 1654 poste-

599 1669 741 1721 rum
789 1652 1079 1741 legitime
1125 1655 1501 1746 derogatum
1548 1675 1676 1722 non
1720 1655 1799 1720 sit
1841 1678 1905 1721 ».
2050 1664 2057 1673 ’

729 1742 827 1810 Ad
872 1746 941 1821 2.
990 1763 1027 1806 ι
1061 1744 1152 1810 Ne
1200 1744 1363 1812 ative
1397 1768 1463 1813 ».

728 1830 825 1897 Ad
873 1834 936 1898 3.
989 1851 1027 1897 «
1061 1833 1110 1899 A
1182 1834 1494 1921 rmative;
1572 1845 1638 1901 et
1712 1833 1789 1899 ad
1864 1834 2165 1899 Mentem.

600 1920 774 1985 flens
817 1928 915 1984 est
960 1928 1032 1985 ut
1074 1920 1360 1989 Officium
1408 1936 1471 1990 et
1517 1922 1689 1990 Missa
1735 1918 2175 1989 Translationis

599 2005 805 2075 Sancti
852 2007 1135 2092 Martini,
1183 2030 1347 2095 quae
1392 2011 1702 2098 contingit
1762 2009 1868 2077 die
1915 2013 1956 2075 4
2001 2009 2169 2092 Iulii,

602 2094 1013 2163 transferatur
1041 2097 1120 2165 ad
1154 2103 1234 2168 IV
1264 2098 1648 2168 Dominica'm
1682 2097 1970 2165 eiusdem
2001 2101 2173 2164 Men·

600 2182 682 2249 sis
726 2181 845 2248 sub
892 2185 1016 2253 ritu
1049 2186 1287 2275 duplici
1319 2186 1564 2254 maiori.
1602 2186 1666 2254 Si
1698 2205 1852 2253 vero
1885 2195 2177 2252 occurrat

599 2274 856 2338 Festum
901 2273 1138 2341 altioris
1197 2277 1394 2359 ritus,
1442 2286 1595 2342 tunc
1656 2276 1826 2343 idem
1884 2273 2170 2340 Officium

603 2369 670 2425 et
733 2358 909 2425 Missa
979 2363 1392 2430 transferatur
1456 2363 1628 2430 iuxta
1693 2362 2037 2447 Rubricas3
2108 2371 2176 2427 et

602 2447 734 2533 ipsa
778 2450 858 2515 tv
904 2449 1223 2517 Dominica
1270 2461 1564 2517 cantetur
1607 2451 1789 2517 unica
1835 2451 2012 2517 Missa
2060 2452 2171 2518 So·

599 2535 828 2603 lemnis
860 2536 1146 2605 eiusdem
1172 2537 1639 2624 Translationis‚
1666 2540 1818 2625 quin
1845 2535 2176 2604 omittatur

602 2623 778 2691 Missa
802 2643 948 2694 cum
974 2636 1188 2711 cantu,
1214 2644 1378 2712 quae
1409 2627 1641 2692 eodem
1671 2628 1778 2694 die
1809 2626 2173 2713 contigerit.

600 2712 885 2781 Officium
932 2731 1086 2780 vero
1142 2724 1209 2780 et
1263 2712 1441 2780 Missa
1493 2713 1892 2781 Beatissimae
1953 2714 2177 2782 Mariae

602 2799 879 2887 Virginis
924 2800 1248 2869 doloribus
1306 2800 1662 2887 transfixae,
1711 2803 1851 2871 loco
1898 2802 2178 2870 Domini-

602 2907 714 2956 cae
760 2894 837 2956 111
883 2890 972 2957 Se*
1021 2891 1306 2977 tembris‚
1343 2889 1449 2957 fiat
1492 2890 1810 2958 Dominica
1856 2894 1936 2959 tv
1981 2891 2178 2979 ipsius

603 2976 839 3048 mensis
883 2997 959 3046 su
1050 2979 1175 3047 ritu
1223 2979 1460 3067 duplici
1500 2980 1744 3066 maiori,
1780 2999 1924 3047 cum
1959 2980 2176 3047 condi·-

607 3065 880 3133 tionibus
925 3076 995 3134 ut
1039 3087 1113 3134 su
1164 3088 1228 3135 ra
1262 3091 1323 3134 ».

732 3154 827 3221 Ad
878 3159 941 3221 1.
992 3176 1029 3219 ‹
1066 3156 1115 3223 A
1186 3157 1490 3241 rmative;
1541 3157 1625 3225 ad·
1675 3157 1941 3223 formam
2010 3160 2175 3225 Con-

601 3242 1003 3311 stitutionum
1048 3245 1209 3312 Anni
1266 3248 1432 3312 1725
1466 3267 1528 3310 ».

733 3331 829 3399 Ad
876 3335 941 3399 tt.
994 3353 1031 3396 ι
1063 3331 1491 3419 Affirmativ05
1543 3344 1612 3400 ut
1657 3352 1870 3420 supra,
1922 3333 2000 3399 ad
2048 3333 2174 3402 for·

602 3437 771 3487 mam
815 3418 1354 3488 constitutionum
1386 3441 1448 3486 a.
1645 3465 1650 3472 ·

734 3506 830 3575 Ad
875 3511 940 3574 6.
990 3529 1027 3572 α
1062 3513 1161 3576 lus
1221 3509 1471 3577 ferendi
1519 3509 1756 3576 Stolam
1802 3509 1862 3575 in
1920 3513 2176 3576 Proces-

601 3594 882 3662 sionibus
903 3598 1315 3664 Generalibus
1343 3616 1422 3662 ex
1454 3598 1650 3686 gratia
1679 3597 1939 3684 speciali
1974 3597 2178 3665 tribus

467 3683 474 3704 ¹
601 3681 888 3751 Parochis
931 3685 1306 3752 conceditur
1336 3710 1402 3753 »t

734 3772 832 3840 Ad
880 3775 943 3840 7.
994 3794 1031 3837 ‹
1065 3773 1474 3858 Affirmative‚
1508 3775 1717 3860 quoad
1751 3779 2022 3842 Domum
2052 3778 2177 3842 Gu-

603 3858 976 3944 bernatoris,
1025 3861 1338 3948 savem,
1387 3862 1804 3949 vectigalium
1868 3862 2180 3932 Ministros

605 3959 672 4016 et
698 3946 929 4015 Milites
958 3960 1135 4015 extra
1165 3951 1500 4019 stationem
1545 3951 1893 4039 degentes:
1937 3953 2013 4018 ad
2052 3953 2173 4020 lor-

607 4055 771 4104 mam
817 4038 1347 4106 Constitutionum
1383 4038 1548 4106 Anni
1583 4042 1774 4106 1725.
1822 4041 2039 4117 Quoad
2070 4041 2178 4106 ui·

608 4127 752 4193 lites
796 4144 951 4192 vero
995 4126 1062 4194 in
1105 4125 1372 4194 statione
1420 4136 1879 4195 commorantes
1925 4139 1992 4194 et
2046 4147 2176 4195 car·

608 4214 860 4282 ceribus
906 4213 1227 4299 detentos,
1277 4215 1373 4281 ius
1419 4216 1766 4283 exercendi
1814 4214 1948 4281 iura
1993 4236 2178 4304 paro-

606 4303 831 4372 chialia
878 4314 1248 4391 competere
1294 4301 1605 4389 Parochis,
1654 4305 1721 4371 in
1764 4323 2041 4390 quorum
2071 4308 2176 4371 Pa-

608 4390 833 4458 roeciis
874 4389 1001 4457 sint
1043 4391 1227 4458 statio
1273 4391 1540 4459 Militum
1588 4405 1652 4458 et
1694 4395 1994 4460 Carceres
2022 4414 2089 4459 ›.

736 4484 946 4565 Atque
991 4479 1075 4545 ita
1119 4479 1446 4568 rescripsit
1507 4490 1571 4546 et
1633 4480 1711 4548 ab
1773 4480 2068 4547 Ecclesiis
2113 4492 2179 4547 et

605 4567 934 4636 canonicis
963 4566 1352 4653 collegiatae
1391 4568 1801 4636 Valliscursae
1832 4569 2067 4634 servari
2115 4569 2181 4636 in

607 4656 899 4723 omnibus
945 4655 1285 4723 mandavit..

739 4744 852 4811 Die
900 4747 983 4811 22
1030 4742 1290 4812 Ianuarii
1342 4748 1529 4812 1811.

612 4886 870 4956 2826.
1180 4890 1611 4956 ΑΜΒιΑΝΕΝ.
1956 4881 2182 4976 (49η)

738 5012 945 5090 Quum
989 4995 1581 5080 R‘everendissimus
1626 5011 1996 5079 ambianen.
2033 5011 2181 5098 Epi·

609 5118 839 5186 scopus
869 5101 932 5167 in
965 5100 1178 5169 Galliis
1205 5100 1661 5168 animadvertat
1707 5099 2002 5166 Rubricas
2034 5103 2188 5165 Pon-

614 5186 861 5253 tificalis
927 5188 1184 5256 Romani
1232 5187 1294 5253 in
1343 5189 1813 5274 consecratione
1877 5188 2183 5254 Altarium

613 5274 1005 5364 portatilium
1056 5274 1227 5361 loqui
1275 5286 1518 5342 tantum
1564 5276 1649 5342 de
1716 5276 2189 5341 consecratione

613 5361 801 5432 unius
845 5362 1112 5443 Altaris;
1159 5365 1408 5430 Sacram
1453 5362 1713 5429 Rituum
1743 5361 2189 5448 congregatio-

2269 439 2419 491 nem
2476 420 2838 489 bumillima
2893 421 3169 508 rogavit,
3230 435 3302 491 ut
3360 421 3612 508 quando
3654 423 3835 509 plura

2268 510 2691 577 consecranda
2736 511 3002 577 veniunt
3047 512 3282 579 Altaria
3325 510 3512 580 huius
3556 512 3832 597 generis,

2270 595 2584 683 praefatae
2608 596 2917 665 Rubricae
2948 598 3025 664 ad
3058 600 3303 687 praxim
3334 598 3624 687 sequenti
3650 599 3837 666 modo

2274 684 2494 753 reduci
2543 687 2824 770 valeant3
2877 683 3222 755 nimirum:

2409 776 2587 872 igin
2631 772 2900 841 Rubrica
2946 775 3030 841 de
3076 776 3303 844 Altaris
3348 773 3659 865 portatilis
3694 795 3837 843 eon·

2272 874 2625 929 secrattone
2670 861 2909 950 legitur
2939 864 3112 947 qnod
3147 866 3533 931 consecratio
3564 862 3704 931 fieri
3734 864 3841 930 de-

2274 950 2421 1017 beat
2466 948 2681 1017 ieiuno
2722 953 3071 1020 stomacho.
3118 952 3493 1030 Quaeritur:
3539 953 3703 1018 Num
3752 972 3840 1016 ra-

2277 1038 2446 1103 tione
2480 1036 2687 1105 habita
2708 1038 2990 1124 plurium
3014 1039 3323 1108 Altarium
3354 1042 3542 1108 liceat
3562 1039 3841 1107 Pontifici

2275 1145 2347 1192 ea
2392 1144 2763 1193 consecrare
2809 1145 2938 1195 non
2982 1124 3247 1196 ieiuno?

2405 1216 2468 1281 2.
2500 1216 2611 1283 -Ex
2662 1213 2884 1282 iisdem
2915 1216 3206 1284 Rubricis
3237 1218 3390 1284 baec
3422 1217 3654 1283 verba:
3692 1217 3843 1284 Satt-

2272 1302 2601 1387 ctificetstr
2642 1313 2701 1370 ot
2748 1316 3157 1372 consacretur
3184 1304 3337 1372 ltaec
3369 1305 3597 1374 tabula
3622 1308 3701 1371 in
3740 1323 3841 1369 na-

2274 1392 2445 1456 utius
2486 1400 2614 1457 stc.
2663 1390 3002 1477 quinquies
3047 1392 3324 1481 proferri
3372 1394 3611 1460 debent
3653 1411 3844 1481 super

2272 1477 2586 1563 singulam
2656 1478 2981 1547 Tabulam.
3054 1481 3424 1559 Quaeritur:
3495 1485 3597 1548 An
3662 1479 3841 1547 liceat

2274 1564 2583 1665 Pontifici,
2631 1586 2715 1634 ne
2760 1565 3028 1636 nimium
3075 1569 3480 1657 protrabatur
3522 1587 3842 1636 consecra-

2278 1663 2397 1737 tto,
2448 1668 2519 1719 ea
2566 1655 2758 1721 verba
2821 1658 3020 1724 semel
3092 1666 3333 1723 tantum
3393 1657 3690 1744 proferre
3734 1675 3842 1743 pro

2275 1760 2648 1828 unaquaque
2695 1741 2950 1828 Tabula,
3000 1746 3159 1813 dum
3203 1764 3388 1830 supra
3437 1765 3579 1812 eam
3622 1743 3846 1812 format

2274 1828 2559 1917 quinque
2602 1833 2837 1900 Cruces
2883 1851 3028 1901 cum
3073 1853 3229 1920 aqua
3288 1829 3683 1901 benedicta?

2409 1923 2468 1987 3.
2537 1921 2699 1986 Num
2764 1918 2937 1987 idem
3009 1921 3233 2005 liceat,
3297 1922 3551 2009 quando
3614 1920 3845 1987 Altaria

2276 2008 2670 2094 inunguntur
2716 2026 2863 2075 cum
2909 2011 3099 2075 Sacro
3154 2010 3508 2077 chrismate
3566 2019 3632 2076 et
3700 2009 3844 2077 Oleo

2273 2093 2946 2164 Gatechumsnorum?

2411 2188 2475 2252 1.
2524 2185 2688 2251 Num
2731 2183 3091 2269 praedictae
3136 2186 3479 2254 Unctiones
3524 2184 3669 2252 fieri
3715 2203 3847 2273 pos-

2275 2275 2400 2342 sint
2445 2291 2590 2342 cum
2635 2274 2783 2339 stilo
2830 2272 3046 2358 ligneo
3093 2274 3357 2361 spongia
3399 2274 3667 2361 quadam
3716 2291 3849 2339 mu·

2276 2363 2439 2446 nito,
2470 2374 2545 2429 ut
2574 2379 2711 2427 mos
2741 2370 2839 2427 est
2884 2362 2949 2427 in
2994 2361 3410 2429 Unctionibus
3452 2361 3756 2450 Baptismi
3788 2369 3850 2426 et

2276 2455 2619 2518 Extremae
2648 2449 2996 2532 Unctionis,
3028 2468 3158 2515 non
3187 2461 3399 2517 autem
3432 2468 3580 2517 cum
3618 2449 3851 2550 pollice

2274 2540 2474 2624 nudo,
2532 2557 2614 2604 ne
2662 2535 2806 2623 iste,
2860 2536 3266 2605 unctionibus
3311 2538 3497 2605 multi
3547 2537 3650 2604 lic·
3715 2537 3853 2604 vice

2276 2646 2463 2782 supi-5³
2510 2624 3853 2803 IEextrallntllbrroigigfitislffiplizgglngursepulcrum

2275 2803 2552 2891 propriis
2584 2802 2869 2869 manibus
2898 2761 3174 2870 cla’udit:
3224 2804 3377 2869 licet
3406 2823 3489 2869 ne
3518 2812 3855 2889 postquam

2277 2893 2594 2979 Reliquias
2638 2890 2702 2957 in
2759 2891 3054 2979 sepulcro
3116 2891 3373 2980 propria
3415 2909 3604 2958 manu
3659 2889 3855 2956 collo·

2277 2980 2514 3048 caverit
2558 2979 2875 3062 Pontifex,
2924 2979 3485 3048 alicui·Sacerdoti
3540 2978 3856 3046 assistenti

2279 3069 2680 3137 committere
2726 3086 2942 3135 curam
2981 3068 3350 3156 sepulcrum
3384 3066 3679 3155 signandi
3708 3084 3855 3133 cum

2278 3177 2448 3240 cera,
2498 3156 2810 3245 Episcopo
2858 3167 3195 3244 praesente
3241 3167 3306 3223 et
3350 3151 3675 3224 iubente?

2410 3249 2476 3312 6.
2526 3250 2727 3327 μοι,
2778 3244 2944 3310 circa
2988 3263 3060 3310 ea
3126 3263 3289 3331 quae
3336 3243 3711 3311 immediate
3762 3262 3857 3309 se·

2277 3345 2605 3421 quuntur:
2653 3351 2856 3400 munst
2887 3334 3150 3400 dextera
3182 3333 3580 3417 confricans,
3612 3332 3857 3400 liniens

2274 3433 2335 3490 st
2363 3441 2741 3508 paratuum,
2793 3422 3160 3508 quaeritur:
3208 3422 3375 3488 Num
3406 3440 3557 3488 cura
3589 3417 3853 3486 liniendi

2278 3523 2345 3578 et
2386 3509 2775 3578 confricandi
2833 3507 3157 3578 Sacerdoti
3221 3508 3534 3575 assistenti
3593 3508 3857 3574 deman-

2279 3599 2410 3665 dari
2480 3598 2723 3685 possit,
2787 3608 3119 3684 postquam
3188 3594 3539 3683 Episcopus
3600 3596 3857 3682 propria

2278 3705 2465 3754 manu
2515 3684 2938 3772 consperserit
2973 3685 3127 3754 Oleo
3170 3694 3391 3752 sancto
3438 3693 3637 3749 totam
3681 3686 3853 3750 Alta·

2280 3775 2443 3841 rium
2492 3769 2955 3861 superficiem?

2412 3867 2477 3931 7.
2526 3867 2594 3929 ln
2638 3859 2925 3930 Rubricis
2992 3861 3229 3948 legitur
3273 3859 3446 3947 quod
3513 3859 3851 3927 Pontifex:

2271 3956 2540 4039 propria
2570 3969 2775 4017 marm
2800 3970 2882 4017 σω
2912 3954 3046 4035 ipso
3080 3955 3331 4017 incenso
3375 3953 3661 4034 quinque
3696 3951 3855 4015 Crat-

2280 4059 2374 4105 ces
2405 4042 2673 4122 format.
2715 4039 3093 4116 Quaeritur:
3144 4043 3241 4106 An
3283 4038 3482 4124 possit
3522 4046 3855 4123 postquam

2280 4129 2521 4215 aliquot
2567 4144 2756 4215 grana
2803 4126 3040 4193 incensi
3085 4147 3159 4193 su
3249 4146 3283 4191 r
3311 4126 3594 4212 quinque
3626 4127 3857 4191 Cruces

2282 4216 2533 4303 propria
2568 4232 2755 4282 manu
2784 4216 3111 4301 sparserit,
3137 4236 3169 4282 a
3200 4214 3323 4281 icui
3349 4213 3661 4281 assistenti
3688 4230 3854 4278 com·

2282 4304 2537 4460 mitten?
2583 4320 2800 4370 curam
2849 4322 2918 4367 ea
2968 4297 3028 4367 in
3078 4303 3340 4370 modum
3379 4301 3600 4369 Crucis
3646 4297 3854 4387 dispo·

2279 4391 2476 4462 nendi

2412 4484 2475 4548 8.
2527 4479 2786 4547 Addunt
2850 4480 3199 4566 Rubriae,
3264 4479 3439 4564 quod
3510 4475 3855 4565 Episcopus

2272 4573 2461 4657 ponit
2508 4587 2711 4634 unam
2761 4569 3027 4638 crucem
3072 4569 3145 4634 de
3187 4568 3417 4635 subtili
3463 4565 3730 4632 candela
3755 4567 3855 4649 sa·

2284 4668 2454 4724 ctam
2482 4675 2674 4742 super
2704 4656 3051 4740 quamlibet
3086 4659 3351 4724 crucem
3381 4654 3627 4721 thuris.
3665 4655 3856 4732 Quae·

2284 4747 2479 4813 ritur:
2526 4748 2694 4813 Num
2725 4743 2921 4830 possit
2950 4759 3141 4812 unam
3172 4754 3414 4811 tantum
3447 4746 3718 4811 Crucem
3746 4759 3857 4827 po-

2285 4853 2467 4918 nere,
2498 4832 2940 4989 ἔρΙίηῳιοὲᾀξ
2988 4830 3123 4898 aliis
3167 4830 3471 4900 ministris
3509 4845 3724 4896 curam
3756 4848 3856 4894 ce-

2289 4936 2311 4987 t
2355 4941 2450 4987 ras
2545 4942 2592 4987 ts
2644 4939 2810 4987 ouen
2862 4941 2878 4986 t
3314 4973 3321 4980 .

2314 4942 2350 4989 Θ
2415 5013 2479 5079 9.
2530 4941 2691 5089 thd
2738 5010 2821 5075 de
2867 5027 3016 5075 casu
3046 5008 3111 5077 iu
3155 5028 3280 5097 quo
3321 5008 3718 5094 sepulcrum,
3750 5004 3855 5072 ubi

2286 5098 2613 5184 Reliquiae
2660 5098 3046 5181 conduntur,
3094 5097 3483 5164 confractum
3515 5091 3641 5160 sit'?
3665 5094 3855 5159 Amit-

2285 5186 2450 5252 titne
2493 5185 2708 5252 Altare
2752 5185 3049 5272 portatile
3078 5202 3254 5251 suam
3285 5176 3860 5250 consecrationem?

2419 5277 2497 5339 Et
2548 5273 3093 5339 Eminentissimus
3148 5292 3221 5338 ac
3274 5269 3857 5340 Reverendissimus

2290 5361 2593 5428 Dominus
2636 5360 2981 5427 Cardinalis
3026 5361 3289 5427 Carolus
3345 5359 3532 5426 Maria
3587 5355 3856 5425 Pedicini
