4042 5950
1563 329 1867 409 —451
1930 372 2033 387 —

158 482 423 568 quaudo
453 480 696 569 legitur
731 481 887 549 haec
935 479 1107 549 Missa
1155 482 1221 549 iu
1266 487 1451 550 Festo
1484 486 1745 552 Sanctae

158 568 406 637 Viduae
451 589 580 636 non
611 570 922 656 Martyris,
954 570 1297 638 Celebrans
1346 571 1566 659 legere
1598 590 1744 658 pos-

157 656 241 723 sit
287 658 366 726 ad
415 657 667 725 libitum
711 658 1058 745 Epistolam
1104 658 1438 726 Mulierem
1474 661 1743 745 fortem,-

159 746 264 813 vel
312 745 661 833 Epistolam
695 745 1095 813 Carissimo!
1125 756 1189 813 et
1222 757 1534 832 quatenus
1578 747 1741 815 affir-

157 833 425 918 mative,

291 925 394 989 111.
445 923 541 987 An
585 920 651 990 in
698 921 892 990 Missis
922 922 1315 991 solemnibus
1343 925 1452 991 vel
1482 924 1744 990 cantatis

158 1008 536 1076 earumdem
579 1011 947 1078 Sanctarum
995 1010 1342 1078 Viduarum
1405 1010 1742 1080 Subdiaco-

155 1115 278 1164 nus
323 1116 584 1184 semper
640 1108 932 1165 teneatur
976 1110 1229 1166 cantare
1276 1099 1566 1167 eamdem
1598 1098 1745 1187 Epi-

154 1185 387 1252 uotam
432 1205 594 1273 quae
642 1184 885 1273 legitur
926 1207 959 1251 a
1005 1185 1437 1255 celebrante?

293 1275 476 1341 Sacra
524 1274 748 1342 eadem
792 1275 1244 1363 congregatio,
1294 1274 1358 1341 in
1401 1274 1747 1344 ordinariis

155 1359 446 1428 comitiis
490 1363 570 1431 ad
615 1360 983 1430 Vaticanum
1031 1362 1424 1450 infrascripta
1468 1362 1576 1429 die
1607 1383 1744 1430 coa-

155 1447 441 1534 dunata,'
471 1448 996 1536 respondendum
1040 1450 1290 1519 censuit
1320 1473 1336 1515 ε

293 1537 390 1604 Ad
439 1541 489 1604 1.
538 1559 576 1602 ‹
608 1536 950 1626 Negative,
999 1540 1076 1607 ad
1123 1537 1393 1627 primam
1446 1549 1742 1629 partem;

158 1623 581 1710 Affirmative,
629 1625 706 1692 ad
752 1625 1095 1695 secundam
1128 1649 1193 1694 ι.

291 1712 389 1780 Ad
420 1718 496 1781 11.
535 1724 601 1780 et
629 1717 728 1779 111.
781 1733 819 1776 ‹
851 1714 1204 1782 Serventur
1247 1716 1555 1784 Rubricae
1588 1737 1650 1781 ».

294 1802 503 1888 Atque
535 1801 618 1868 ita
649 1801 982 1902 respondit
1015 1813 1082 1870 et
1119 1803 1354 1871 servari
1399 1799 1740 1874 mandavit.

293 1887 407 1957 Die
453 1893 540 1957 28
584 1888 818 1977 Aprilis
870 1893 1060 1957 1866.

158 2066 413 2135 3149.
662 2067 936 2133 SANGTI
990 2066 1239 2132 [Acom

776 2174 877 2238 DE
924 2174 1125 2239 CILE.

292 2333 524 2398 Exorta
575 2330 1002 2398 controversia
1049 2330 1218 2398 inter
1260 2331 1601 2400 nonnullos
1633 2336 1743 2401 Ga-

159 2418 428 2488 uonicos
471 2419 991 2506 Metropolitanae
1037 2418 1353 2486 Ecclesiae
1402 2421 1605 2489 Sancti
1657 2426 1745 2489 la-

158 2506 306 2575 cobi
377 2507 460 2574 de
525 2506 709 2575 Cile:
766 2510 862 2574 An
917 2525 1068 2573 usus
1130 2506 1349 2594 vigens
1413 2509 1474 2574 in
1521 2510 1745 2577 eadem

157 2595 429 2663 Civitate
452 2594 793 2662 'adhibendi
832 2595 1141 2682 ampullas
1170 2614 1324 2661 auro
1349 2597 1451 2663 vel
1477 2607 1744 2685 argento

157 2681 512 2750 elaboratas
556 2683 924 2750 tolerandus
981 2692 1197 2769 esset3
1260 2683 1338 2751 ad
1398 2703 1535 2752 rem
1593 2685 1744 2752 diri·

157 2771 494 2856 mendam,
563 2773 901 2838 Sacrorum
947 2770 1208 2838 Rituum
1251 2772 1745 2859 congregationi

157 2858 493 2960 sequentia
523 2858 653 2926 duo
699 2857 892 2926 dubia
937 2858 1256 2947 proposita
1303 2859 1602 2940 fuerunt3
1650 2862 1744 2929 ni·

159 2965 444 3015 mirum:

296 3039 345 3101 Ι.
380 3040 479 3102 Au
523 3034 616 3102 uti
665 3034 850 3104 liceat
896 3035 959 3104 in
1004 3035 1219 3104 nissae
1266 3035 1585 3104 Sacrificio
1616 3057 1744 3105 am-

161 3121 362 3223 pullis
391 3122 600 3190 aureis
631 3123 737 3190 vel
769 3123 1087 3211 argenteis
1107 3119 1141 3189 't‘
1184 3134 1250 3191 et
1293 3134 1605 3212 quatenus
1636 3145 1746 3193 ne-

205 3220 402 3295 anve,

159 3227 201 3299 ⁸
296 3304 372 3367 11.
423 3300 519 3366 An
564 3302 987 3385 consuetude,
1037 3319 1199 3388 quae
1245 3299 1536 3384 invaluit,
1569 3321 1749 3390 pror-

158 3406 269 3455 sus
316 3386 730 3475 improbanda
774 3390 855 3456 sit
901 3389 966 3456 in
1010 3386 1212 3456 casu?

298 3477 483 3543 Sacra
545 3495 698 3543 vero
759 3479 985 3545 eadem
1038 3475 1482 3565 congregatio,
1531 3477 1596 3544 in
1639 3480 1750 3546 Or-

161 3563 411 3632 dinario
471 3566 674 3631 Coetu
733 3565 809 3633 ad
857 3564 1223 3633 Vaticanum
1275 3565 1582 3634 hodierna
1639 3564 1748 3632 die

162 3649 406 3731 habito,
442 3652 780 3740 propositis
808 3651 1019 3722 dubiis
1049 3653 1571 3740 respondendum
1603 3671 1748 3721 ceu·

162 3739 341 3807 suit:
389 3762 430 3804 ‹
460 3741 876 3808 'tolerandam
922 3746 1064 3808 esse
1110 3741 1642 3809 consuetudinem
1676 3762 1742 3806 ι.

299 3827 414 3895 nie
458 3832 547 3896 as
591 3828 823 3917 Aprilis
876 3832 1071 3897 isos.

166 4001 426 4073 3150.

1516 2067 1739 2155 (6367)

633 4003 945 4070 ·SANGT1
992 4005 1240 4071 laconi

791 4111 893 4175 DE
923 4110 1123 4175 CILE.

1514 4004 1744 4093 (6666)

303 4269 497 4333 Rmus
542 4265 845 4333 Dominus
885 4266 1161 4355 Raphael
1195 4266 1565 4334 Valentinus
1611 4268 1752 4335 Val-

166 4353 417 4423 divieso
448 4352 981 4456 Archiepiscopus
1022 4354 1233 4423 Sancti
1261 4354 1463 4421 iacobi
1496 4355 1580 4423 de
1612 4355 1753 4425 Cile

170 4460 504 4531 exponens
550 4442 615 4509 in
658 4441 958 4509 Ecclestis
1002 4461 1151 4510 suae
1188 4442 1751 4511 Archidioeceseos

171 4547 363 4599 usum
393 4528 473 4595 ab
501 4530 759 4616 antiquo
790 4540 1082 4618 tempore
1112 4529 1336 4617 vigere
1363 4549 1491 4597 nou
1523 4550 1755 4619 coope-

173 4616 388 4685 riendi
417 4620 716 4706 conopeo
747 4616 1271 4702 Tabernaculum,
1303 4617 1371 4685 in
1401 4637 1529 4704 quo
1559 4639 1757 4686 asser·

173 4717 362 4774 vatur
419 4708 685 4774 SSmum
751 4705 1182 4773 Eucharistiae
1251 4708 1754 4791 Sacramentum,

172 4795 291 4861 sed
361 4793 527 4861 intus
595 4803 839 4861 tantum
898 4794 1043 4860 velo
1111 4793 1462 4879 pulchriori
1522 4794 1754 4879 serico,

174 4901 372 4970 saepe
402 4878 592 4948 etiam
626 4892 890 4968 argento
922 4891 1029 4949 aut
1056 4901 1210 4948 auro
1243 4881 1490 4949 intexto
1513 4882 1756 4961 ornari;

175 4990 211 5036 a
242 4971 312 5039 S.
345 4973 424 5037 R.
458 4972 528 5038 C.
565 4970 923 5038 humillime
969 4968 1279 5038 declarari
1325 4969 1546 5058 petiit:
1595 4971 1761 5036 Num

179 5058 320 5125 talis
372 5076 521 5125 usus
583 5059 950 5125 tolerandus
1008 5056 1134 5143 sit,
1199 5056 1303 5123 vel
1353 5055 1564 5146 potius
1624 5056 1759 5123 exi-

179 5146 469 5231 gendum
498 5155 569 5214 ut
601 5149 997 5235 conopeum,
1025 5146 1190 5212 ultra
1221 5144 1623 5233 praedictum
1654 5164 1762 5211 ve·

178 5236 317 5302 lum
365 5235 467 5301 vel
514 5234 650 5301 sine
697 5253 804 5319 eo,
852 5243 1208 5322 apponatur
1253 5232 1424 5298 iuxta
1454 5232 1761 5319 praescri·

183 5334 364 5412 ptum
412 5322 478 5390 in
521 5321 753 5390 Rituali
801 5326 1108 5391 Romano.

309 5414 493 5480 Sacra
554 5428 708 5477 vero
774 5410 996 5478 eadem
1041 5407 1492 5497 congregatio,
1539 5408 1606 5477 in
1647 5410 1763 5476 Or-

1848 483 2096 553 diuario
2156 490 2356 556 Coetu
2412 489 2491 556 ad
2535 489 2904 557 Vaticanum
2959 490 3265 562 hodierna
3326 494 3433 563 die

1846 574 2220 658 coadunata,
2265 573 2781 663 respondendum
2833 580 3115 648 censuit:
3164 603 3202 646 ‹
3235 585 3435 650 Usum

1846 660 1974 727 veli
2007 663 2315 749 praedicti
2353 663 2605 732 tolerari
2636 684 2854 754 posse;
2890 667 3003 735 sed
3035 670 3428 738 ‘sabernacu-

1852 748 1983 815 lum
2020 751 2371 835 tegendum
2415 764 2511 819 est
2540 756 2864 842 conopeo,
2909 754 3082 822 iuxta
3127 758 3431 843 praescri-

1849 846 2033 923 ptum
2056 838 2319 906 Ritualis
2358 840 2621 908 Romani
2647 864 2709 908 ι.
2746 844 2954 929 Atque
2986 842 3071 910 ita
3105 845 3435 933 respondit

1853 935 1918 991 et
1963 925 2201 993 servari
2249 928 2593 996 mandavit.

1981 1013 2094 1080 Die
2140 1018 2227 1082 28
2276 1015 2510 1102 Aprilis
2563 1020 2754 1085 1866.

1852 1155 2092 1225 3151.
2301 1158 2981 1224 COMPOSTELLANA.
3202 1159 3432 1246 (5373)

1981 1277 2188 1354 Quum
2220 1277 2284 1343 in
2314 1276 2791 1363 Metropolitaua
2838 1279 3113 1346 Ecclesia
3159 1283 3433 1369 Compo-

1846 1364 2136 1448 stellana,
2188 1364 2251 1431 in
2298 1384 2417 1452 qua
2464 1362 2638 1431 iuxta
2693 1364 3176 1452 dispositionem
3221 1370 3432 1438 Sancti

1847 1453 1934 1519 Pii
1969 1456 2022 1520 V
2054 1453 2118 1519 in
2153 1452 2345 1519 Missis
2384 1451 2777 1520 solemnibus
2821 1455 3240 1543 Evangelium
3286 1477 3432 1525 can-

1849 1549 2017 1609 tatur
2050 1540 2114 1606 in
2146 1540 2415 1607 ambone
2450 1559 2569 1607 seu
2599 1540 2878 1630 pulpito,
2926 1540 3181 1611 Diacoui
3224 1543 3431 1611 inten-

1847 1627 2001 1696 dant
2048 1628 2290 1695 variare
2321 1629 2639 1715 antiquam
2673 1628 2990 1695 Ecclesiae
3038 1629 3236 1717 ipsius
3278 1651 3428 1700 con-

1846 1716 2281 1800 suetudinem,
2330 1735 2451 1803 qua
2498 1714 2571 1781 fit
2615 1725 2687 1784 ut
2732 1715 3164 1784 subdiaconus
3196 1718 3432 1787 librum

1850 1803 2181 1892 Evangelii
2226 1803 2587 1872 celebranti
2616 1803 2693 1870 ad
2728 1803 3142 1872 osculandum
3186 1817 3429 1894 portet,
3510 1863 3537 1890 ,,

1848 1912 1882 1958 a
1927 1894 1995 1960 S.
2046 1896 2122 1959 R.
2171 1894 2242 1959 C.
2295 1891 2683 1978 exquisitum
2730 1891 2895 1958 fuitz
2954 1897 3049 1959 Au
3095 1894 3428 1979 Diaconus,

1849 1979 2027 2048 finito
2059 1989 2248 2047 cantu
2278 1980 2604 2068 Evangelii
2636 1979 2703 2047 iu
2733 1979 3012 2069 pulpito,
3046 1980 3280 2050 debeat
3312 1993 3433 2050 tra·

1848 2069 2005 2136 dere
2063 2066 2297 2136 librum
2357 2067 2786 2152 Subdiacono,
2836 2069 2944 2154 qui
2992 2068 3174 2136 illum
3220 2079 3432 2158 portet

1848 2154 2212 2224 celebranti
2259 2151 2727 2223 osculandum?

1979 2247 2162 2311 Sacra
2221 2261 2375 2310 vero
2433 2238 2662 2310 eade‘m
2724 2244 3144 2331 congregatio
3197 2264 3432 2335 propo-

1846 2329 1966 2397 sito
1997 2330 2193 2399 dubio
2224 2329 2709 2399 rescribendum
2739 2330 3022 2399 censuit:
3057 2353 3095 2396 ‹
3121 2335 3432 2401 Servetur

1850 2419 2113 2488 solitum
2141 2439 2206 2485 ».
3313 2415 3341 2440 ⁹

1980 2509 2189 2595 Atque
2237 2508 2320 2574 ita
2365 2506 2692 2596 rescripsit
2722 2516 2788 2572 et
2817 2508 3057 2576 servari
3083 2508 3425 2578 mandavit.

1980 2596 2095 2662 Die
2140 2599 2184 2664 9
2226 2595 2552 2663 Februarii
2606 2598 2795 2664 1867.

1850 2737 2098 2808 3152.
2486 2737 2804 2804 omnm.
3205 2736 3432 2827 (5374)

1979 2861 2185 2939 Quum
2230 2864 2425 2928 Rmus
2468 2865 2540 2928 D.
2583 2862 2939 2929 Dominicus
2991 2861 3231 2929 Fanelli
3283 2862 3431 2950 Epi·

1848 2965 2080 3052 scopus
2125 2947 2385 3049 Qiauen.
2437 2969 2468 3016 a
2515 2953 2738 3019 Sancta
2784 2950 2954 3019 Sede
3018 2948 3432 3039 privilegium

1850 3035 2397 3193 &tramitte
2415 3056 2677 3193 “³3³⁰‘'
2735 3037 3168 3193 (1Ἣὴζῖ
3216 3038 3431 3194 35⁰2·

1851 3211 2140 3299 quotidie
2184 3145 2550 3281 celebrann'di
2578 3145 2789 3294 3⁸38}
2834 3145 3025 3281 gne·
3068 3172 3433 3280 humillime

1852 3298 2242 3402 exquisivitz
2305 3302 2491 3403 qu.
2519 3302 2641 3370 hoc
2686 3300 3026 3389 privilegio
3087 3302 3178 3368 uti
3240 3299 3434 3403 etiam

1852 3387 2344 3542 valefattglebus
2401 3388 2553 3475 illus,
2616 3387 2847 3477 quibus
2905 3389 3126 3456 Sacros
3168 3389 3433 3457 Ordines

1853 3495 1972 3543 con
2002 3495 2074 3542 er

1983 3566 2064 3629 Et
2109 3567 2292 3632 Sacra
2352 3566 2577 3634 eadem
2637 3564 3099 3652 congregatio,
3149 3564 3228 3632 ad
3276 3564 3433 3632 rela-

1855 3650 2094 3719 tionem
2140 3650 2477 3741 subscripti
2531 3653 2867 3722 Secretarii
2926 3663 2993 3721 et
3053 3670 3124 3719 re
3183 3663 3433 3720 mature

1852 3748 2270 3826 accurateque
2315 3759 2657 3829 perpensa,
2708 3739 3061 3808 rescribere
3108 3749 3238 3808 rata
3287 3751 3431 3807 esta

1855 3850 1892 3893 ι
1925 3826 2210 3894 Per-mitti
2273 3828 2556 3916 poterit;
2619 3837 2968 3915 quatenus,
3032 3846 3115 3895 ex
3176 3846 3433 3895 conces·

1852 3913 2030 3980 sione
2088 3915 2445 4003 Apostolica
2513 3917 2710 4005 possit
2768 3915 3007 3984 habere
3060 3919 3272 3985 Sacras
3325 3917 3435 3983 Or-

1855 4002 2209 4106 dinationes
2263 4014 2438 4070 extra
2494 4016 2782 4094 tempora
2813 4027 2879 4070 ι.
2944 4005 3152 4091 Atque
3199 4002 3282 4069 ita
3337 4022 3435 4071 re·

1856 4104 2189 4249 ⁸⁰r¹¹n⁵52s
2232 4179 2556 4248 Februarii
2609 4183 2799 4249 1807.

1858 4320 2110 4392 3153.
2406 4320 2885 4388 TLASCALEN.
3207 4320 3436 4408 (6376)

1989 4444 2195 4521 Quum
2242 4442 2309 4509 in
2353 4440 2639 4510 Dioecesi
2701 4440 3049 4509 Tlascalen.
3100 4442 3282 4530 plura
3330 4444 3436 4510 Al-

1859 4530 2013 4597 taria
2045 4529 2356 4617 portatilia
2383 4530 2800 4597 consecranda
2831 4529 2982 4613 sint,
3008 4532 3202 4597 limus
3224 4532 3298 4596 D.
3327 4533 3439 4598 Ca-

1862 4619 2037 4685 rolus
2111 4616 2293 4684 Maria
2368 4616 2583 4685 Colina
2663 4616 3009 4685 hodiernus
3087 4615 3439 4706 Episcopus

1862 4707 2240 4789 Tlascalen.,
2282 4724 2365 4772 ne
2396 4703 2664 4772 nimium
2715 4705 3128 4794 defatigetur,
3188 4722 3439 4772 eorum·

1863 4794 2010 4861 dem
2071 4791 2611 4859 consecrationem
2680 4791 2872 4860 biduo
2933 4803 3039 4859 aut
3096 4792 3311 4860 triduo
3375 4792 3440 4861 in

1863 4879 2143 4967 qualibet
2202 4878 2596 4948 hebdomada
2655 4880 2973 4967 perficere
3024 4879 3265 4947 statuit.
3316 4883 3438 4947 Ve-

1863 4978 2225 5036 rumtamen
2270 4986 2416 5034 cum
2469 4986 2626 5068 aqua
2673 4967 3007 5035 benedicta
3052 4966 3247 5034 mixta
3293 4985 3442 5034 cum

1862 5056 2035 5140 sale,
2093 5056 2309 5122 cinere
2368 5067 2435 5122 et
2493 5073 2639 5122 vino
2696 5054 2760 5123 in
2818 5054 2932 5123 hac
2996 5052 3444 5123 benedictione
3542 5102 3547 5109 ·

1867 5143 2165 5230 requisita
2227 5152 2297 5209 ut
2358 5142 2709 5231 plurimum
2760 5163 2832 5210 su
2882 5141 3069 5228 ersit,
3170 5141 3446 5209 raefatus

1868 5232 2216 5385 Episcopus
2250 5230 2644 5333 insequentia
2677 5229 2805 5299 duo
2883 5228 3027 5297 ubia
3058 5251 3093 5297 a
3200 5248 3308 5296 cra
3338 5228 3439 5297 Ri-

1869 5330 2052 5421 tuum
2145 5329 2605 5409 ongregatnone
2670 5317 2996 5387 enodanda
3057 5325 3441 5406 proposuit3

1869 5425 2219 5477 nimirum:
