4042 5950
1654 229 2125 311 ,301-

271 418 365 467 sae
399 397 721 465 Sacrificio
752 418 872 488 pro
902 404 1248 486 praecepto
1292 392 1703 483 adimplendo
1735 391 1843 459 ad-

271 497 521 554 stantes.
571 490 685 553 Ast
713 506 914 575 quum
953 481 1246 553 nonnulli
1294 481 1638 559 dubitarint
1681 498 1836 582 num

270 594 484 642 omnes
514 574 744 642 fideles
766 573 1144 642 satisfaciant
1175 581 1515 659 praecepto
1541 570 1840 641 audiendi

271 664 508 730 lissam
573 663 634 729 in
693 672 1046 730 memorato
1088 657 1410 742 oratorio,
1460 661 1682 727 Sacrae
1737 657 1840 725 Ri-

270 761 444 817 tuum
491 749 983 839 congregationi
1031 746 1428 815 humillimae
1474 747 1654 815 datae
1694 757 1842 814 sunt

271 858 493 927 preces
522 859 557 906 a
589 837 1091 906 Moderatoribus
1115 834 1476 904 sodalitatis
1499 835 1696 922 ipsius
1726 853 1844 923 pro

273 938 624 1015 opportuna
670 925 1130 1009 declaratione;
1180 922 1481 990 nimirum
1510 944 1528 988 z

397 1018 496 1081 An
553 1034 778 1082 omnes
836 1014 1065 1082 fideles
1130 1009 1449 1078 adstantes
1507 1011 1730 1087 Missae,
1779 1009 1846 1078 in

272 1113 622 1170 memorato
666 1103 979 1187 oratorio,
1022 1100 1099 1166 ab
1142 1097 1456 1186 Episcopo
1500 1097 1847 1185 approbato

273 1202 335 1257 et
390 1190 774 1276 benedicto,
825 1198 1169 1279 praecepto
1231 1186 1551 1255 Ecclesiae
1614 1187 1699 1255 de
1727 1206 1851 1252 -au-

273 1277 507 1346 diendo
552 1282 741 1347 Sacro
785 1273 1219 1345 satisfaciant?

402 1366 957 1434 Eminentissimus
1004 1376 1070 1431 et
1112 1363 1701 1432 Reverendissimns
1729 1367 1848 1428 Do·

272 1454 482 1522 minus
513 1454 858 1523 Cardinalis
887 1453 1147 1521 Carolus
1177 1452 1357 1519 Maria
1389 1451 1671 1520 Pedicini
1699 1450 1850 1539 Epi-

272 1540 1507 1699 ..smmsffiffit
1530 1542 1855 1695 aasz

752 1679 769 1715 ἱ

272 1717 885 1786 Vice-cancellarins
931 1738 1000 1784 ac
1048 1716 1261 1783 eidem
1311 1720 1531 1783 Sacrae
1591 1715 1848 1782 Ritunm

273 1804 768 1893 congregationi
799 1804 1188 1887 Praefectus,
1221 1804 1442 1891 vigore
1483 1803 1854 1871 facultatum

274 1893 394 1960 sibi
439 1893 801 1983 specialiter
832 1915 865 1961 a
896 1891 1299 1962 sanctissimo
1332 1886 1600 1959 Domino
1628 1893 1857 1958 Nostro

275 1981 586 2071 Gregorio
613 1985 752 2051 xv}
783 1981 1084 2050 Pontifice
1131 1981 1400 2047 Maximo
1450 1978 1854 2061 tributarum,

278 2070 542 2137 rescribi
586 2071 952 2138 mandavit:
1002 2090 1039 2133 α
1073 2068 1464 2136 Affirmative
1497 2089 1561 2133 a.

411 2158 524 2226 Die
567 2162 652 2226 22
699 2158 836 2225 Maii
887 2162 1083 2226 1841.
1429 2178 1444 2189 ‘

279 2335 544 2403 2833.
898 2337 1266 2425 amman.
1631 2331 1858 2419 (4923)

413 2509 713 2579 Precibus
755 2512 1238 2579 Carmelitarum
1285 2511 1582 2598 antiquae
1639 2511 1864 2579 Obser-

281 2600 531 2666 vantiae
576 2599 857 2667 civitatis
888 2600 1200 2670 Vallettae
1231 2600 1545 2666 Dioecesis
1575 2599 1856 2666 Meliten.

285 2687 762 2774 exquirentium
823 2688 1370 2756 confirmationem
1431 2688 1866 2755 conventionis

283 2776 478 2842 initae
509 2794 656 2843 cnm
687 2776 1032 2844 sodalitate
1079 2780 1304 2843 Beatae
1337 2774 1560 2843 Mariae
1590 2776 1866 2863 Virginis

285 2863 371 2929 ibi
424 2875 701 2947 erectae,
757 2864 823 2930 in
865 2884 985 2951 qua
1031 2865 1329 2931 statuitur
1389 2874 1460 2932 ut
1518 2864 1709 2931 clavis
1754 2868 1865 2930 Ta·

284 2948 612 3020 hernacnli
661 2952 1043 3020 sanctissimi
1090 2954 1475 3020 sacramenti
1512 2950 1688 3021 Feria
1721 2955 1772 3020 V
1805 2951 1869 3018 in

287 3044 501 3109 coena
563 3040 808 3107 Domini
864 3042 1146 3109 tradatur
1205 3041 1619 3109 custodienda
1670 3040 1865 3107 Pfiori

288 3128 586 3195 eiusdem
631 3129 1029 3210 Sodalitatis;

424 3216 979 3284 Eminentissimus
1023 3230 1089 3285 et
1133 3218 1719 3286 Reverendissimus
1751 3221 1870 3285 Do-

292 3304 505 3371 minus
536 3305 882 3372 Cardinalis
913 3308 1173 3373 carolus
1203 3306 1384 3373 Maria
1417 3306 1695 3375 Pedicini
1725 3307 1874 3394 Epi-

291 3412 527 3480 scopus
577 3391 909 3478 Portu'en„
965 3397 1225 3462 Sanctae
1284 3394 1544 3462 Rufinae
1599 3404 1666 3461 et
1713 3397 1873 3462 cen-

294 3480 787 3567 tumcellarum,
848 3484 1109 3550 Sanctae
1175 3487 1491 3549 Romanae
1557 3481 1873 3550 Ecclesiae

294 3568 916 3637 viee-cancellarius
961 3581 1027 3636 et
1057 3574 1278 3637 Sacrae
1306 3570 1564 3638 Rituum
1597 3574 1874 3656 congre·

296 3655 539 3744 gationi
599 3658 994 3741 Praefectus,
1044 3660 1267 3746 vigore
1327 3658 1696 3726 facultatum
1756 3657 1875 3725 sibi

295 3743 668 3832 specialiter
695 3766 728 3810 a
754 3746 1156 3814 sanctissimo
1177 3747 1441 3814 Domino
1465 3749 1694 3814 Nostro
1724 3749 1875 3812 Gre-

299 3831 483 3918 gorio
529 3835 690 3921 Papa
735 3836 869 3902 XV!
920 3833 1338 3919 tributarum,
1388 3835 1646 3902 rescribi
1708 3853 1878 3902 man-

299 3921 503 3987 davit.
551 3942 592 3986 ‹
623 3920 883 3989 obstare
933 3926 1196 3989 Decreta
1250 3923 1439 3990 huius
1482 3925 1553 3991 S.
1598 3926 1880 4011 congre-

302 4009 574 4094 gationis
603 4031 667 4075 ›.
718 4009 830 4077 Die
873 4015 958 4079 22
1006 4011 1141 4078 nali
1193 4014 1388 4079 1841.

305 4187 567 4259 2834.
883 4191 1319 4258 DERTONEN.
1651 4188 1877 4277 (4924)

436 4365 640 4443 Quum
709 4365 1117 4433 Dertonensis
1184 4365 1575 4432 cathedralis
1628 4365 1883 4453 capitu-

313 4453 447 4519 lum
490 4455 954 4542 septemdecim
1007 4464 1250 4520 tantum
1297 4453 1592 4520 canonici
1655 4453 1884 4519 consti·

311 4549 515 4624 tuant,
549 4561 633 4608 ex
664 4541 894 4630 quibus
924 4540 1029 4607 alii
1075 4541 1197 4607 iam
1243 4539 1610 4608 iubilatione
1642 4541 1881 4624 donati,

312 4626 413 4694 alii
444 4629 552 4695 vel
587 4649 896 4697 annorum
928 4629 1220 4716 pondere
1250 4628 1356 4694 vel
1391 4629 1675 4695 infirmae
1713 4631 1884 4695 vale-

316 4717 553 4783 tudinis
598 4718 1012 4786 incommodis
1059 4716 1449 4805 praegravati
1485 4718 1694 4785 Choro
1724 4717 1887 4783 inte-

316 4823 489 4871 resse
517 4819 873 4893 nequeunt,
899 4816 1092 4892 atque
1116 4804 1391 4893 proinde
1410 4804 1672 4891 reliquis
1694 4823 1886 4893 grave

316 4891 658 4961 admodum
720 4906 787 4959 et
843 4911 1184 4962 onerosum
1229 4894 1561 4961 servitium
1621 4893 1891 4961 chorale

320 4991 525 5068 extat3
560 4981 756 5070 ipsius
789 4982 1064 5071 capituli
1093 4983 1351 5050 nomine
1383 4984 1603 5049 Sacrae
1627 4981 1887 5050 Ritnum

317 5070 804 5171 Congregationi
874 5071 1101 5139 enixae
1168 5071 1351 5139 datae
1411 5080 1559 5137 sunt
1625 5087 1889 5156 preces,

318 5174 500 5240 queis
549 5159 854 5227 instanter
899 5159 1194 5229 canonici
1243 5158 1629 5247 efflagitant:

462 5250 521 5311 1.
571 5250 652 5315 Ut
708 5268 743 5313 a
806 5253 993 5316 Festo
1051 5249 1339 5317 omnium
1396 5251 1767 5314 Sanctorum
1812 5245 1890 5312 ad

327 5335 551 5402 Pascha
583 5354 787 5421 usque
818 5337 1321 5405 Resurrectionis
1365 5334 1702 5420 inclusive,
1740 5333 1899 5400 anti-

1938 389 2152 479 cipare
2198 401 2435 477 queant
2480 391 2543 458 in
2593 388 2839 475 choro,
2888 398 3032 477 post
3096 392 3405 477 vesperas
3451 398 3517 456 et

1940 479 2486 567 Completorium,
2545 479 2921 547 Matutinum
2990 496 3138 545 cnm
3204 478 3517 546 Laudibus

1943 566 2337 653 insequentis
2383 566 2534 634 diei.

2072 659 2138 721 2.
2188 658 2269 722 Ut
2313 655 2566 741 quando
2615 656 2834 740 plures
2879 655 3308 723 decantandae
3370 666 3519 723 sunt

1941 743 2200 827 Missae,
2250 761 2374 809 una
2427 754 2671 811 tantum
2728 743 3040 812 celebrari
3101 744 3305 811 valeat
3373 763 3519 811 cum

1942 841 2156 915 cantu,
2212 831 2473 918 reliquis
2520 831 2727 919 lectis,
2777 842 3110 921 praesente
3158 842 3367 898 tamen
3413 836 3521 900 ca·

1901 954 1912 961 -
1944 917 2176 1006 pitulo.

2079 1010 2146 1073 3.
2192 1009 2273 1074 Ut
2305 1005 2369 1074 in
2400 1006 2622 1075 diebus
2668 1007 3013 1076 Ferialihus
3043 1009 3352 1096 vesperas
3383 1028 3525 1097 per-

1948 1094 2200 1163 solvere
2250 1095 2436 1162 liceat
2478 1096 2615 1164 sine
2661 1104 2874 1164 cantu.
3553 1148 3561 1161 .

2083 1187 2148 1250 4.
2197 1186 2280 1251 Ut
2325 1184 2486 1250 intra
2522 1204 2755 1252 annum
2786 1185 3055 1272 quisque
3091 1205 3169 1253 ex
3201 1184 3528 1255 canonicis

1951 1290 2069 1359 per
2116 1272 2454 1356 bimestre,
2503 1273 2607 1340 vel
2655 1275 3024 1341 continuum
3083 1275 3188 1341 vel
3244 1276 3528 1365 interpo-

1951 1363 2172 1446 latum,
2222 1383 2251 1425 a
2299 1361 2508 1427 choro
2554 1362 2774 1429 abesse
2820 1362 3016 1449 possit
3045 1362 3281 1451 absque
3313 1362 3528 1431 distri-

1955 1447 2289 1515 butionum
2334 1449 2696 1534 amissione,
2748 1453 2935 1518 etiam
2984 1451 3283 1519 honestae
3339 1449 3526 1519 animi

1957 1536 2355 1604 relaxationis
2389 1554 2638 1617 caussa;
2686 1539 2949 1607 servatis
2980 1540 3243 1626 quidem
3274 1541 3354 1609 de
3390 1543 3529 1608 iure

1952 1625 2305 1692 servandis.

2086 1713 2484 1781 Humillimas
2517 1714 2877 1783 huiusmodi
2996 1735 3164 1802 eces,
3202 1718 3381 1803 queis
3411 1723 3532 1785 Re·

1958 1802 2459 1869 verendissimns
2502 1806 2841 1870 Dertonen.
2942 1807 3238 1893 piscopns
3292 1804 3535 1873 lubenti

1957 1890 2164 1957 animo
2209 1893 2572 1976 assentitur,
2623 1892 2817 1958 immo
2864 1904 2936 1960 ut
2980 1894 3401 1961 exaudiantur
3442 1894 3536 1960 in-

1956 1979 2341 2045 stantissime
2372 1991 2693 2065 precatur,
2727 1980 2894 2047 serio
2925 1983 3334 2069 perpendens
3376 1983 3538 2049 Emi-

1961 2066 2372 2134 nentissimus
2446 2077 2513 2133 et
2578 2066 3168 2137 Reverendissimus
3233 2071 3537 2138 Dominus

1960 2154 2305 2223 Cardinalis
2350 2155 2610 2223 Carolus
2650 2155 2833 2224 Maria
2878 2155 3154 2225 Pedicini
3188 2158 3538 2247 Episcopus

1962 2247 2296 2328 Portnen.,
2345 2247 2611 2312 Sanctae
2654 2243 2912 2314 Ruflnae
2960 2257 3026 2311 et
3070 2248 3539 2314 centumcella-

1967 2351 2135 2416 rnm,
2185 2335 2447 2400 Sanctae
2492 2337 2803 2400 Romanae
2851 2333 3169 2401 Ecclesiae
3199 2335 3541 2404 vice-can-

1971 2420 2265 2487 cellarius
2322 2431 2386 2487 et
2447 2424 2667 2489 Sacrae
2727 2420 2983 2490 Ritunm
3051 2423 3541 2511 congregationi

1966 2508 2353 2593 Praefectus,
2390 2509 2614 2596 vigore
2645 2511 3013 2577 facultatum
3042 2509 3159 2577 sibi
3181 2511 3543 2600 specialiter

1968 2616 2002 2662 a
2048 2596 2450 2663 Sanctissimo
2495 2598 2758 2665 Domino
2804 2601 3030 2666 Nostro
3076 2598 3383 2685 Gregorio
3438 2604 3544 2666 Pa-

1968 2704 2047 2771 pa
2095 2686 2230 2753 xv}
2279 2684 2680 2771 tributarum,
2727 2685 2989 2754 rescribi
3036 2687 3402 2755 mandavit:

2100 2772 2196 2840 ad
2248 2777 2310 2839 1.
2359 2795 2396 2838 ι
2430 2778 2547 2840 Pro
2593 2778 2828 2861 gratia3
2878 2796 2910 2839 a
2972 2778 3156 2843 Festo
3216 2787 3428 2843 tamen
3481 2798 3546 2843 o·

1970 2861 2218 2928 mnium
2265 2864 2636 2929 Sanctorum
2687 2883 2887 2949 usque
2932 2864 3009 2932 ad
3058 2865 3285 2932 Pascha
3314 2869 3549 2932 Resur-

1973 2948 2276 3017 rectionis
2323 2951 2650 3018 exclusive
2683 2976 2743 3020 ».

2101 3039 2196 3104 Ad
2245 3042 2313 3105 2.
2361 3060 2399 3106 «
2432 3044 2550 3106 Pro
2595 3040 2792 3128 gratia
2821 3063 2883 3106 ».

2106 3126 2201 3193 Ad
2250 3131 2313 3194 3.
2365 3148 2402 3191 α
2437 3129 2743 3214 Negative
2774 3150 2842 3194 ».

2106 3216 2203 3282 Ad
2254 3219 2317 3281 4.
2369 3237 2406 3280 ‹
2440 3220 2790 3285 Recurrant
2833 3217 2909 3284 ad
2958 3220 3209 3284 Sacram
3270 3221 3551 3308 congre-

1974 3302 2294 3390 gationem
2341 3305 2702 3373 concilii».

2107 3394 2316 3477 Atque
2342 3393 2425 3459 ita
2457 3393 2785 3480 rescripsit
2812 3395 3183 3483 servarique
3206 3396 3548 3464 mandavit.

2109 3482 2221 3549 Die
2266 3484 2351 3548 22
2399 3480 2533 3547 Maii
2585 3485 2778 3549 1841.

1981 3660 2241 3731 2835.
2517 3663 3015 3730 TRIVENTINA.
3331 3663 3555 3754 (4926)

2113 3834 2408 3902 Precibus
2436 3836 2974 3908 Reverendissimi
3007 3836 3365 3906 Triventin.
3410 3838 3559 3927 Epi-

1978 3922 2155 4011 scopi
2200 3923 2585 4010 requirentis
2627 3944 2705 3992 an
2754 3924 3026 3992 tolerare
3073 3926 3268 4014 possit
3300 3926 3403 3992 vel
3452 3928 3562 3995 eli-

1982 4010 2224 4077 minare
2271 4023 2562 4079 teneatur
2617 4014 2930 4080 invectam
2985 4014 3049 4080 in
3109 4034 3217 4080 sna
3279 4015 3560 4083 Dioecesi

1984 4100 2553 4183 consuetudinem,
2602 4111 2673 4167 nt
2722 4101 2784 4167 in
2832 4120 2952 4166 una
2999 4100 3355 4190 eademque
3415 4124 3563 4191 sup-

1983 4186 2327 4275 plicatione
2372 4188 2846 4256 Sanctissimum
2892 4189 3319 4258 Eucharistiae
3354 4194 3565 4260 Sacra·

1983 4288 2276 4343 mentum
2325 4274 2654 4343 deferatur
2706 4296 2824 4365 per
2882 4278 3104 4364 plures
3162 4280 3562 4364 Sacerdotes,

1985 4362 2095 4449 qui
2142 4362 2256 4429 sibi
2303 4362 2573 4431 invicem
2622 4365 3006 4454 succedant;

2120 4451 2670 4520 Eminentissimus
2718 4461 2783 4518 et
2824 4455 3417 4524 Reverendissimns
3448 4461 3564 4525 Do—

1988 4536 2196 4604 minus
2218 4540 2568 4607 cardinalis
2597 4541 2855 4608 carolus
2888 4542 3073 4609 Maria
3101 4543 3378 4611 Pedicini
3420 4545 3568 4634 Epi·

1986 4645 2217 4715 scopus
2262 4628 2649 4713 PortuensiS,
2699 4630 2962 4696 Sanctae
3007 4631 3266 4699 Rufinae
3299 4645 3365 4698 et
3409 4636 3569 4700 cen-

1989 4714 2479 4801 tumcellarum,
2537 4721 2800 4786 Sanctae
2867 4721 3181 4787 Romanae
3246 4721 3569 4788 Ecclesiae

1991 4803 2599 4871 vice-cancellarius
2645 4815 2709 4871 et
2740 4806 2963 4872 Sacrae
2996 4806 3250 4874 Rituum
3290 4811 3574 4896 congre·

1993 4889 2227 4978 gationi
2294 4892 2691 4977 Praefectus,
2740 4891 2960 4981 vigore
3023 4894 3390 4963 facultatum
3455 4895 3569 4963 sihi

1990 4979 2352 5066 specialiter
2381 5001 2414 5046 a
2445 4981 2844 5062 sanctissimo
2876 4983 3145 5051 Domino
3165 4986 3390 5052 Nostro
3421 4987 3613 5052 Gre·.

1994 5066 2173 5153 gorio
2219 5072 2377 5157 Papa
2421 5072 2561 5137 xvl
2624 5070 3036 5157 tributarum,
3087 5074 3575 5142 rescribendum

1998 5155 2285 5223 censuit:
2325 5157 2928 5227 «consuetudinem
2960 5171 3280 5249 tamqnam
3310 5160 3573 5231 abusum

1999 5243 2447 5312 eliminandam
2481 5268 2545 5311 ».

2132 5334 2244 5408 Die
2290 5337 2375 5402 22
2423 5335 2562 5402 maii
2613 5339 2805 5404 1841.
