4042 5950
1938 216 2409 297 —252—

547 375 855 444 hodierna
896 372 1000 442 die
1044 371 1307 458 habitis,
1363 371 1858 441 Eminentissimi
1901 377 2115 440 Patres

545 463 747 532 Sacris
790 461 1045 529 tuendis
1088 461 1333 529 Ritibus
1376 460 1719 550 praepositi
1765 460 2115 528 rescriben-

544 553 700 621 dum
746 561 1164 617 censuerunt:
1216 572 1255 615 ‹
1287 553 1635 618 Serventur
1689 555 1952 616 Decreta
1998 549 2118 617 hu-

544 640 640 707 ius
684 641 908 705 Sacrae
965 637 1483 725 congregationis
1532 637 1617 705 de
1672 637 2117 725 praecedentia

544 727 838 815 Episcopi
883 726 1212 811 Titularis;
1262 736 1328 793 et
1372 726 1681 794 scribatur
1734 724 2114 792 Eminentia-

541 815 700 907 simo
757 814 1068 883 cardinali
1115 813 1610 903 Arcbiepiscopo
1667 812 2117 881 Mediolanensi

543 903 620 972 ad
666 913 948 970 mentem
979 924 1047 969 ».
1093 903 1206 970 Die
1255 907 1333 970 17
1379 901 1650 989 Augusti
1702 904 1890 969 1883.

786 1048 946 1110 Eme
992 1054 1058 1111 et
1101 1047 1259 1111 Rme
1303 1042 1571 1110 Domine
1616 1041 1867 1109 Ohsme.

669 1167 1006 1255 Praecipua
1059 1186 1162 1234 res
1217 1167 1579 1258 gravissima
1638 1165 1715 1233 ad
1784 1164 1944 1232 hanc
2007 1169 2114 1233 Sa-

542 1275 713 1325 cram
755 1255 1016 1324 Rituum
1059 1257 1631 1346 congregationem
1661 1272 1870 1340 nuper
1904 1253 2113 1338 allata,

543 1343 828 1434 apprime
873 1355 1018 1410 uota
1064 1343 1458 1415 Eminentiae
1504 1349 1790 1424 Vestrae,
1847 1342 1958 1409 has
2009 1342 2114 1408 lit-

542 1444 708 1500 teras
767 1432 1089 1519 dirigendi
1147 1434 1415 1520 praebet
1471 1429 1882 1499 occasionem.
1944 1429 2115 1497 Titu-

542 1520 688 1589 laris
732 1520 1082 1620 Episcopus
1123 1520 1486 1588 Franciscus
1532 1518 1716 1587 Maria
1747 1518 1971 1606 Zoppi,
2005 1518 2114 1584 oh-

539 1619 720 1678 tento
766 1611 1145 1676 canonicatu
1196 1608 1375 1675 istius
1431 1605 1754 1676 Ecclesiae
1800 1610 2116 1693 Metropo-

543 1698 797 1780 litanae,
848 1714 1046 1782 quum
1090 1696 1465 1784 iampridem
1514 1700 1563 1762 E
1616 1695 1869 1781 iscopali
1904 1693 2116 1780 Digni-

546 1794 671 1852 tate
703 1794 871 1851 esset
902 1792 1184 1869 ornatus,
1222 1785 1526 1851 nonnulla
1605 1782 1750 1850 ubia
1781 1782 2116 1870 proposuit

542 1871 912 1957 enodanda,
944 1870 1172 1957 quibus
1221 1890 1595 1959 responsum
1632 1870 1755 1938 fuit
1801 1872 1972 1938 iuxta
2005 1872 2120 1936 De-

541 1968 714 2027 creta
742 1960 887 2026 alias
933 1980 966 2024 a
1009 1960 1234 2047 priscis
1272 1959 1665 2047 temporibus
1698 1960 1945 2026 emissa.
1980 1960 2114 2036 Quo

542 2066 736 2135 super
782 2047 946 2115 facto
993 2048 1195 2115 omnis
1238 2057 1338 2115 est
1382 2047 1769 2117 removenda
1815 2045 2114 2134 suspicio,

544 2155 612 2203 ac
644 2155 759 2224 pro
806 2146 983 2202 certo
1029 2136 1387 2205 habendum
1435 2137 1681 2203 sincere
1729 2147 1796 2202 et
1840 2137 2117 2203 innocue

543 2224 826 2291 eundem
854 2242 924 2290 se
953 2225 1251 2311 gessisse.
1285 2227 1414 2291 Mos
1445 2224 1614 2291 enim
1654 2223 1915 2291 invaluit
1946 2223 2116 2309 apud

543 2315 756 2380 Sacras
786 2314 1349 2400 congregationes,
1377 2330 1575 2398 quum
1606 2315 1692 2379 Su
1740 2312 1939 2397 plices
1971 2329 2117 2398 por-

542 2399 843 2486 riguntur
885 2399 1135 2485 hibeni,
1183 2419 1458 2486 quorum
1518 2409 1704 2487 postu
1733 2409 1829 2465 ata
1877 2413 1940 2466 et
1986 2417 2115 2465 ma-

543 2490 739 2555 teries
782 2489 938 2557 nihil
992 2488 1137 2554 novi
1197 2487 1667 2555 discutiendum
1728 2486 2002 2554 offerunt
2047 2507 2116 2554 ac

544 2575 896 2643 decisiones
932 2585 1242 2642 anteactas
1288 2575 1661 2664 respiciunt,
1698 2575 1822 2642 illis
1853 2574 2114 2642 rescribi

542 2662 661 2730 suh
691 2663 913 2730 datum
942 2662 1068 2731 diei
1092 2663 1614 2751 congregationis
1646 2663 2113 2752 praecedentis,

542 2750 693 2819 licet
738 2761 882 2839 post
925 2751 1165 2836 aliquot
1201 2752 1339 2817 dies
1384 2761 1576 2838 atque
1609 2752 1796 2819 etiam
1826 2770 2117 2820 mensem

419 2895 432 2905 .
542 2856 772 2925 preces
817 2848 1113 2926 receptae
1160 2838 1421 2906 fuerint.
1472 2840 1754 2926 ldipsum
1790 2838 2005 2906 evenit
2050 2840 2116 2907 in

542 2928 861 3015 praesenti
922 2946 1095 2994 casu.
1154 2931 1235 2995 Et
1281 2926 1569 3014 quidem,
1613 2929 1688 2995 si.
1721 2926 2115 2996 Eminentiae

542 3019 807 3085 Vestrae
854 3016 1113 3084 libuerit
1159 3016 1287 3106 ipsa
1320 3035 1618 3104 respousa
1651 3036 1797 3083 cum
1827 3015 2115 3084 adductis

540 3103 826 3172 Decretis
870 3103 1187 3190 conferre,
1234 3105 1445 3172 statim
1492 3125 1592 3173 res
1638 3104 1841 3172 omnis
1872 3103 2115 3190 liquido

541 3191 809 3281 patebit,
836 3193 913 3261 ad
940 3193 1402 3281 ingenuitatem
1424 3195 1940 3281 probitatemque
1969 3192 2120 3281 Epi-

540 3280 716 3369 scopi
748 3282 1044 3350 canonici
1076 3282 1598 3369 dignoscendam.

671 3374 966 3439 Attamen
990 3389 1189 3456 quum
1219 3371 1297 3437 ad
1333 3372 1616 3438 eundem
1646 3390 1946 3457 respousa
1977 3388 2119 3458 per·

542 3457 864 3525 venissent
911 3471 1054 3546 post
1095 3460 1388 3546 adeptam
1418 3459 1831 3526 canonicatus
1873 3477 2120 3545 posses-

541 3546 809 3630 sionem,
857 3546 1077 3611 maiori
1124 3566 1380 3635 pressus
1434 3547 1750 3635 angustia,
1800 3546 1957 3613 dum
2016 3564 2117 3612 re-

544 3631 770 3719 fragari
805 3633 988 3700 timet
1017 3636 1241 3701 Sacrae
1270 3634 1790 3721 congregationis
1834 3634 2119 3701 Decretis

545 3723 646 3788 vel
694 3718 973 3787 abnuere
1003 3722 1276 3809 capituli
1305 3722 1554 3806 studiis,
1590 3723 1826 3790 iterum
1868 3726 2119 3790 Sacram

542 3808 1115 3896 congregationem
1161 3810 1354 3877 adivit
1399 3810 1770 3898 postulans:
1827 3813 1993 3878 Num
2039 3809 2115 3877 ad

540 3896 861 3965 vitandam
917 3898 1265 3982 quamlibet
1319 3897 1814 3966 controversiam
1870 3898 1986 3964 sibi
2044 3898 2118 3963 li-

542 3996 745 4069 ceret,
793 3985 1166 4074 posthabitis
1211 3987 1522 4070 Decretis,
1555 3987 1854 4074 prosequi
1888 3985 2120 4053 eodem

543 4074 733 4143 modo
780 4093 906 4161 quo
950 4075 1362 4142 canonicatus
1409 4073 1871 4163 possessionem
1913 4073 2118 4140 iuerat

545 4164 836 4251 adeptus.
887 4161 1379 4230 Eminentissimi
1424 4167 1636 4231 Patres
1680 4164 1745 4230 in
1796 4162 2119 4230 ordinaria

542 4253 874 4319 Sacrorum
922 4252 1177 4320 Rituum
1224 4251 1731 4340 congregatione
1772 4250 1978 4318 habita
2009 4250 2116 4317 die

547 4343 625 4407 17
650 4340 916 4426 Augusti
942 4340 1259 4408 currentis
1291 4341 1433 4408 anni
1465 4343 1631 4408 1833
1663 4340 1739 4406 ad
1769 4338 2117 4422 Quirinale,

545 4427 731 4497 dubia
781 4427 1005 4494 eadem
1053 4429 1115 4495 in
1162 4428 1558 4495 Eminentiae
1615 4430 1876 4496 Vestrae
1937 4425 2119 4493 obse-

542 4516 764 4603 quium
823 4535 1042 4584 rursus
1103 4518 1480 4604 exponenda
1539 4526 1878 4599 curarunt,
1926 4526 2119 4600 atque

542 4605 1005 4673 intellexerunt
1052 4624 1348 4693 responsa
1380 4607 1682 4694 decerpta
1716 4624 1855 4671 esse
1887 4624 1969 4670 ex
2000 4607 2119 4670 De-

544 4693 733 4761 cretis
781 4692 1149 4761 iamdudum
1200 4692 1387 4762 editis
1430 4695 1507 4761 ab
1557 4712 1777 4760 eorum
1819 4696 2122 4760 Anteces-

541 4780 789 4850 soribus
834 4782 898 4849 in
944 4784 1126 4849 Sacra
1161 4781 1664 4869 congregatione
1711 4801 1779 4847 ac
1829 4784 2119 4849 Summo·

544 4888 688 4936 rum
723 4869 1098 4937 Pontificum
1130 4870 1504 4952 auctoritate
1536 4870 1945 4954 confirmatiS,
1981 4868 2120 4956 qui-

543 4957 661 5025 bus
705 4958 1006 5025 adhaeret
1052 4969 1340 5025 constans
1388 4958 1671 5025 omnium
1711 4958 1895 5025 Urbis
1930 4961 2121 5025 etiam

544 5045 1052 5113 Patriarchalium
1107 5046 1535 5113 Ecclesiarum
1594 5047 1806 5134 praxis
1862 5057 1927 5113 et
1973 5065 2120 5114 con-

543 5131 845 5201 suetudo.
866 5137 918 5201 A
941 5144 1236 5200 veterum
1260 5134 1471 5221 itaque
1491 5138 1908 5202 Decretorum
1928 5154 2121 5201 sensu

542 5217 807 5289 minime
845 5219 1206 5306 declinare,
1257 5222 1455 5290 immo
1504 5222 1859 5310 Episcopali
1908 5222 2119 5289 chara-

543 5307 702 5380 cteri
732 5327 802 5377 ac
831 5308 1123 5397 dignitati
1169 5312 1503 5378 consulere
1550 5309 2120 5397 (quemadmodum

2218 372 2559 459 antiquitus
2603 382 2911 441 statutum
2955 371 3099 459 fuit)
3146 369 3648 440 Eminentissimi
3694 374 3807 437 Pa-

2222 471 2351 527 tres
2379 462 2707 529 unanimes
2751 470 3184 548 censuerunt;
3233 469 3298 526 et
3343 459 3659 548 idipsum,
3694 478 3811 525 ex·

2221 549 2393 636 pleta
2437 568 2557 637 per
2601 554 2675 617 R.
2710 554 2781 616 P.
2814 554 2888 616 D.
2924 547 3352 618 secretarium
3389 546 3806 615 Sanctissimo

2218 636 2551 722 relatione,
2580 638 2975 705 Eminentiae
3000 642 3260 705 Vestrae
3285 655 3401 724 per
3429 646 3809 722 praesentes

2221 724 2499 793 officiose
2544 726 2869 794 nunciare.
2922 724 3225 794 Sanctitas
3271 728 3393 792 Sua
3440 723 3661 792 eidem
3694 725 3808 790 Se·

2220 814 2515 899 cretario,
2563 814 2881 882 audientia
2924 814 3042 881 suh
3092 810 3484 901 infrascripta
3529 811 3642 879 die
3690 811 3807 879 im-

2218 901 2477 988 pertita,
2526 900 2818 969 omnihus
2878 901 2971 969 rei
3031 899 3516 969 circumstantiis
3580 918 3808 987 perce-

2218 989 2369 1077 ptis,
2420 988 2885 1058 commendavit
2940 989 3332 1078 plurimum,
3379 997 3454 1054 ut
3499 987 3807 1055 Eminen-

2222 1076 2344 1144 tiae
2391 1081 2658 1145 Vestrae
2702 1097 2823 1166 per
2865 1077 3133 1144 Litteras
3177 1079 3399 1145 Sacrae
3444 1078 3807 1164 congrega-

2222 1165 2409 1232 tionis
2452 1184 2633 1233 mens
2678 1167 3094 1254 panderetur,
3143 1165 3243 1232 cui
3298 1167 3601 1232 Summus
3642 1167 3803 1230 Pon·

2222 1253 2379 1320 tifex
2424 1254 2734 1322 accedens
2778 1255 2974 1321 robur
3018 1252 3336 1340 adiungit;
3370 1252 3543 1319 'haec
3586 1261 3806 1318 autem

2221 1361 2401 1409 mens
2444 1341 2846 1428 potissimum
2894 1351 2990 1408 est
3034 1351 3106 1407 ut
3151 1340 3522 1409 auctoritate
3572 1349 3641 1405 et
3671 1338 3804 1404 elo·

2222 1430 2395 1517 quio,
2422 1449 2549 1515 quo
2578 1430 2783 1517 pollet
2812 1429 3171 1496 Eminentia
3194 1432 3439 1512 Vestra,
3464 1426 3649 1494 istius
3680 1430 3803 1493 He·

2223 1519 2638 1603 tropolitanae
2683 1517 3028 1587 canonicos
3073 1517 3408 1603 religione,
3443 1515 3691 1602 pietate
3735 1535 3805 1582 ac

2225 1604 2422 1671 titulis
2454 1605 2745 1675 omnibus
2776 1606 3086 1690 illustreS,
3119 1606 3415 1673 hortetur
3447 1613 3512 1670 et
3544 1604 3803 1671 suadeat

2220 1693 2297 1762 ad
2332 1692 2770 1781 benigniorem
2801 1694 3080 1761 animum
3113 1711 3265 1781 erga
3292 1691 3626 1778 collegam
3656 1692 3803 1779 Epi-

2220 1800 2484 1871 scopum
2531 1783 2729 1870 Zoppi
2788 1781 3220 1867 induendum,
3284 1792 3349 1847 et
3407 1780 3484 1846 ad
3533 1784 3801 1849 Decreta

2220 1873 2443 1938 Sacrae
2492 1868 3013 1957 congregationis
3071 1867 3480 1954 exequenda3
3531 1886 3727 1952 quam
3769 1888 3801 1932 a

2222 1957 2440 2046 priscis
2511 1957 2902 2044 temporibus
2955 1957 3031 2023 ab
3093 1956 3379 2024 eiusdem
3437 1956 3800 2044 Metropoli-

2222 2056 2402 2113 tanae
2448 2046 2738 2131 capitulo
2783 2064 2975 2132 saepe
3020 2046 3103 2114 de
3148 2043 3463 2112 sententia
3517 2053 3797 2131 rogatam

2221 2134 2415 2202 fuisse
2461 2143 2702 2201 constat
2751 2152 2830 2200 ex
2874 2133 3168 2220 pluribus
3218 2132 3549 2221 postulatis
3595 2142 3664 2198 et
3706 2131 3802 2197 Li-

2223 2221 2470 2309 turgiae
2513 2221 2720 2289 dubiis
2774 2220 3108 2308 exhibitis,
3157 2222 3496 2308 ipsumque
3544 2220 3798 2306 capitu·

2222 2312 2357 2378 lum
2403 2309 2821 2378 libentissime
2868 2310 3187 2397 recepisse
3243 2327 3547 2397 responsa
3593 2321 3661 2373 et
3705 2326 3803 2374 so·-

2222 2399 2530 2483 lutiones,
2593 2409 2783 2485 atque
2844 2396 3210 2466 huiusmodi
3261 2396 3583 2480 Decretis,
3648 2406 3803 2462 tam·

2221 2507 2412 2574 quam
2453 2487 2634 2554 Sedis
2666 2485 3063 2572 Apostolicae
3096 2485 3390 2568 oraculis,
3424 2484 3803 2571 obsequium

2222 2575 2632 2664 praestitisse.
2694 2573 2872 2653 Quod
2934 2582 2997 2639 et
3051 2574 3503 2661 praestandum
3551 2590 3690 2638 esse
3736 2571 3805 2637 in

2221 2663 2538 2752 praesenti
2569 2683 2742 2749 casu,
2771 2664 2835 2729 in
2865 2681 2991 2750 quo
3014 2663 3221 2749 agitur
3245 2662 3328 2729 de
3400 2660 3807 2728 raecedentia

2222 2751 2545 2842 Episcopi,
2580 2751 2645 2819 in
2675 2750 2941 2820 dubium
2970 2770 3098 2818 non
3129 2768 3359 2818 revoca
3407 2749 3490 2827 it;
3523 2748 3808 2817 maxime

2219 2860 2419 2926 quum
2486 2838 2935 2927 praecedentia
3001 2839 3238 2906 isthaec
3298 2836 3561 2925 proprio
3623 2838 3807 2905 istius

2220 2929 2741 3017 Metropolitanae
2784 2927 2955 2996 Ritui
3011 2926 3170 2995 nihil
3226 2927 3550 3010 detrahat,
3599 2943 3806 3013 quum

2221 3019 2423 3085 honor
2471 3016 2798 3117 Episcopis
2843 3017 3243 3085 exhibendus
3289 3014 3654 3083 universam
3685 3018 3804 3081 Ec-

2221 3106 2477 3173 clesiam
2548 3106 2867 3194 respiciat.
2947 3104 3265 3172 Permulta
3341 3113 3489 3171 sunt
3566 3102 3807 3170 iamdiu

2224 3194 2343 3261 lata
2390 3193 2474 3261 de
2520 3193 2983 3281 Episcoporum
3029 3192 3477 3281 praecedentia
3507 3195 3804 3278 Decreta,

2218 3293 2408 3369 atque
2455 3281 2640 3348 huius
2689 3293 3047 3349 constanter
3080 3292 3366 3348 servatae
3415 3282 3805 3369 praeceden-

2220 3371 2345 3438 tiae
2391 3370 2455 3437 in
2500 3368 2806 3457 capitulis
2847 3368 3035 3437 Urbis
3067 3379 3146 3436 ‘et
3191 3379 3413 3436 vetera
3459 3378 3524 3434 et
3580 3386 3805 3436 recen-

2222 3458 2377 3525 tiora
2425 3468 2641 3524 extant
2686 3458 3016 3546 exempla3
3064 3458 3225 3525 adeo
3272 3468 3346 3525 ut
3377 3458 3427 3523 si
3460 3457 3807 3545 contigerit

2223 3545 2580 3634 Episcopali
2647 3545 2962 3635 Dignitate
3031 3545 3318 3633 insigniri
3387 3546 3806 3612 Sacerdotem

2220 3636 2499 3720 aliquem
2539 3654 2620 3700 ex
2652 3644 2840 3700 coetu
2886 3634 2951 3700 in
2996 3633 3369 3701 stationibus
3400 3631 3807 3700 interioribus

2221 3722 2413 3791 chori
2459 3722 2858 3806 sedentium,
2906 3722 3089 3790 verbi
3145 3722 3342 3811 gratia
3387 3721 3556 3789 iuter
3604 3726 3809 3788 Bene-

2221 3810 2513 3897 ficiarios,
2561 3812 2772 3878 statim
2818 3810 3114 3898 superius
3158 3811 3482 3895 ascendat,
3518 3822 3583 3877 et
3622 3828 3806 3898 prae-

2223 3898 2425 3967 latitio
2470 3898 2686 3966 habitu
2743 3899 3004 3966 indutus
3060 3902 3462 3986 crucemque
3517 3910 3806 3985 pectora-

2222 3990 2353 4055 lem
2388 3998 2665 4075 gestaus,
2697 3997 2842 4054 aute
2874 3987 3218 4055 canonicos
3249 3989 3461 4053 locum
3495 3987 3803 4074 obtineat,

2221 4097 2290 4143 ac
2339 4075 2405 4143 in
2448 4073 2937 4142 solemnioribus
2980 4076 3438 4160 functionibus,
3472 4074 3540 4142 in
3572 4076 3805 4162 quibus

2222 4163 2612 4251 Capitulares
2657 4165 2848 4231 sacris
2893 4174 3166 4232 utuntur
3210 4164 3625 4248 indumentis,
3660 4165 3809 4265 plu·

2224 4252 2370 4320 viali
2402 4272 2471 4318 ac
2508 4251 2978 4320 mitra-ornatus
3008 4252 3275 4319 assistat.
3321 4256 3453 4319 Hoc
3484 4251 3551 4318 in
3581 4251 3807 4338 primis

2223 4341 2457 4409 servari
2491 4341 2554 4406 in
2577 4339 2854 4407 Basilicis
2878 4340 3396 4408 Patriarchalihus
3427 4339 3614 4408 Urbis
3637 4358 3805 4408 com-

2226 4442 2482 4518 pertum
2529 4440 2649 4513 est,
2683 4448 2715 4493 a
2747 4428 2975 4514 quibus
3024 4429 3215 4497 totius
3259 4428 3436 4497 Orbis
3467 4428 3804 4496 christiani

2225 4517 2547 4586 Ecclesiae
2596 4516 2893 4605 exempla
2936 4517 3282 4584 desumere
3328 4518 3391 4583 in
3434 4517 3650 4602 pretio
3698 4519 3807 4585 ha·

2224 4606 2406 4673 bent.
2453 4610 2521 4672 ln
2569 4605 2716 4693 ipsis
2762 4607 2933 4672 enim
2978 4605 3499 4674 Patriarchalihus
3530 4605 3805 4673 Basilicis

2224 4694 2690 4782 augustissimas
2722 4693 3076 4761 functiones
3122 4713 3247 4780 per
3285 4713 3521 4762 annum
3554 4693 3802 4782 peragit

2225 4786 2524 4851 Summus
2568 4781 2884 4865 Pontifex,
2921 4780 3027 4868 qui
3060 4780 3209 4849 ideo
3240 4783 3315 4848 ab
3349 4782 3608 4849 excelso
3638 4786 3801 4870 Apo·

2223 4870 2449 4938 stolico
2486 4870 2682 4955 Solio,
2719 4871 2926 4937 omnia
2972 4888 3135 4954 quae
3180 4870 3256 4936 ad
3307 4870 3551 4938 cultum
3596 4871 3802 4938 Ritus·

2225 4978 2350 5045 que
2398 4961 2617 5027 Sacros
2678 4960 3006 5048 pertinent
3051 4958 3134 5024 ob
3186 4958 3405 5026 oculos
3465 4960 3690 5043 habet,
3739 4970 3799 5025 et

2227 5046 2703 5115 Ecclesiasticae
2748 5044 3151 5115 Hierarchiae
3188 5048 3424 5134 gradus
3470 5067 3693 5116 omnes
3740 5048 3799 5114 iu

2223 5153 2337 5200 suo
2385 5146 2736 5221 conspectu
2772 5134 3052 5224 propriis
3079 5135 3412 5202 decoratos
3458 5134 3798 5222 insignibus

2225 5222 2704 5289 circumstantes
2748 5224 3046 5294 intuitur.
3093 5224 3492 5312 Quapropter
3545 5235 3792 5312 exoptat

2224 5309 2524 5377 Sanctitas
2572 5311 2695 5378 Sua
2742 5321 2867 5377 tam
2914 5313 3301 5382 laudabilem
3360 5330 3609 5379 morem
3671 5331 3793 5380 ser·
