4042 5950
63 5866 74 5917 ,-

2034 219 2506 296 —410—

623 377 783 443 cesis
826 376 1295 477 calendarium,
1328 376 1415 479 ita
1445 389 1517 445 ut
1548 378 1705 477 dies·
1731 376 1836 444 illa
1884 378 1948 445 in
1996 387 2210 478 poste-

624 484 788 620 {⁰031
812 467 1443 622 {¹23³”2232mm‘333
1489 485 1746 644 {5332}
1780 465 2214 621 Θὲιῧῗιίῗὲῗέ

607 641 963 740 ‚ass-ignata,-
1029 641 1540 710 transierendum
1598 641 1679 709 sit
1736 642 2075 728 quotannis
2133 643 2209 710 ad

625 747 890 829 primam
938 730 1107 798 diem
1155 735 1338 797 Festo
1385 728 1626 820 duplici
1658 731 1762 796 vel
1807 729 2213 819 semiduplici

627 818 738 885 illo
784 836 950 885 anno
997 837 1123 885 non
1191 820 1599 906 impeditam,
1649 817 2002 907 postposito
2057 838 2213 904 quo·

623 904 781 973 libet
828 907 950 972 alio
996 906 1212 976 Officio
1262 907 1454 974 etiam
1512 906 1764 974 maioris
1826 906 1982 974 ritus
2041 904 2215 973 simi-

627 992 788 1074 liter,
820 994 1123 1062 translato
1145 993 1178 1061 ⁴?
2192 1041 2201 1050 -

753 1086 826 1149 11.
880 1082 945 1150 Si
989 1083 1310 1172 contingat
1372 1095 1442 1152 ιιι
1503 1083 1566 1151 in
1630 1082 1834 1170 aliqua
1896 1081 2214 1171 Religiosa

621 1174 755 1238 con
801 1171 1131 1258 regatione
1192 1184 1527 1240 occurram
1594 1172 1824 1239 eadem
1881 1171 1991 1238 die
2054 1170 2219 1238 reci-

625 1190 808 1328 tandga
857 1259 983 1327 duo
1029 1258 1241 1328 Officia
1285 1260 1510 1329 Votiva
1555 1259 1622 1328 in
1665 1259 1935 1346 singulis
1969 1259 2214 1327 bebdo-

624 1348 826 1415 madis
871 1366 1194 1431 concessa,
1246 1367 1352 1416 ex.
1404 1366 1535 1435 gra
1583 1347 1872 1417 Officium
1903 1347 2078 1415 SSmi
2110 1351 2215 1416 Sa·

627 1435 931 1503 cramenti
979 1436 1262 1506 Dioecesi
1317 1455 1716 1521 concessum,
1769 1447 1835 1503 et
1878 1435 2053 1503 aliud
2113 1435 2216 1503 05-

627 1524 842 1592 ficium
886 1524 1180 1592 similiter
1226 1524 1529 1595 votivum
1572 1524 1892 1613 praefatae
1932 1527 2217 1611 congre·

624 1612 859 1700 gationi
924 1612 1290 1699 specialiter
1353 1631 1776 1681 concessum:
1848 1612 2215 1680 laciendum

626 1701 981 1857 ugierit²de
1013 1704 1206 1769 SSmo
1237 1705 1673 1787 sacramento,
1699 1700 1804 1767 vel
1839 1701 1925 1769 de
1954 1699 2212 1788 speciali

625 1790 673 1859 Ο
742 1788 842 1855 cio

759 1882 859 1945 111.
912 1877 974 1946 Si
1022 1877 1308 1946 Officium
1355 1878 1531 1946 SSmi
1579 1877 1993 1961 sacramenti,
2087 1879 2215 1945 uod

627 1967 832 2032 semel
898 1967 960 2034 in
1021 1966 1290 2054 singulis
1354 1966 1771 2034 hebdomadis
1832 1986 1911 2032 ex
1966 1964 2032 2033 in
2081 1966 2220 2032 ulto

627 2053 991 2140 Apostolico
1040 2056 1373 2140 recitatur,
1408 2054 1598 2123 habet
1627 2053 1938 2122 secundas
1978 2058 2219 2143 Vespe-

627 2163 726 2209 ras
775 2141 1086 2229 integras;
1138 2144 1620 2214 concludendus
1665 2162 1750 2210 ne
1782 2141 1904 2210 erit
1934 2146 2219 2231 Hymnus

627 2232 1042 2319 completorii
1089 2251 1236 2300 cum
1284 2231 1544 2320 stropha
1589 2235 1730 2298 lesu
1780 2231 1899 2297 tibi
1942 2235 2033 2298 sit
2087 2231 2217 2317 qlo-

629 2322 739 2387 ria
765 2343 792 2401 ,-
838 2321 941 2387 vel
988 2320 1201 2408 potius
1248 2334 1321 2388 ut
1367 2320 1525 2387 infra
1572 2338 1835 2402 annum,
1885 2319 1966 2385 ita
2014 2328 2087 2386 ιιι
2115 2318 2219 2386 Of·

630 2407 770 2475 ficia
801 2408 1165 2477 huiusmodi
1198 2409 1420 2477 Votiva
1453 2408 1528 2476 ad
1561 2407 1872 2476 secundas
1904 2411 2220 2494 Vesperas

630 2495 955 2564 terminari
1002 2495 1439 2564 censeantur?

760 2585 864 2651 IV.
914 2586 1119 2662 Quum
1179 2583 1539 2670 quaesitum
1588 2592 1799 2651 essetz
1873 2586 1969 2651 An
2038 2583 2221 2671 parvi

631 2670 980 2740 cochlearis
1029 2691 1143 2759 pro
1189 2691 1350 2759 aqua
1396 2672 1461 2739 in
1506 2673 1782 2740 calicem
1824 2668 2221 2741 infundenda

631 2780 784 2828 usus
854 2770 1020 2826 esset
1090 2759 1336 2838 licitns;
1404 2763 1585 2828 Sacra
1631 2759 1892 2827 Rituum
1938 2765 2220 2846 congre-

564 2869 574 2878 ·
631 2847 799 3003 {atio
844 2849 1175 2937 respondit
1222 2867 1385 2915 anno
1437 2852 1630 2932 1850,
1687 2847 1794 2916 die
1843 2852 1880 2916 7
1927 2852 2220 2937 Septem·

676 2936 800 3023 ris,
848 2935 1224 3006 servandam
1270 2957 1408 3005 esse
1456 2937 1815 3006 Rubricam.
1886 2937 2224 3016 Quaeritur

631 3037 848 3096 utrum
891 3026 1049 3094 baec
1093 3027 1288 3095 verba
1337 3024 1758 3113 intelligenda
1800 3027 2047 3094 sint-eo
2078 3044 2222 3094 sen·

631 3135 748 3199 su,
797 3126 870 3182 ut
929 3134 1078 3182 usus
1138 3114 1488 3183 cochlearis
1549 3113 1614 3181 in
1672 3115 2006 3202 praedicto
2076 3132 2223 3181 casu

633 3201 1413 3289 omnino‚prohibeatur‘?
1476 3206 1671 3272 Causa
1718 3202 2055 3271 dubitandi
2102 3213 2221 3288 est,

633 3292 784 3378 quia
824 3290 1093 3360 Rubrica
1156 3291 1313 3359 dum
1370 3291 1718 3379 praecipit,
1769 3302 1838 3358 ut
1887 3290 2222 3392 paululum

631 3400 831 3467 aquae
878 3379 1249 3448 infundatur
1296 3380 1361 3447 in
1404 3380 1708 3458 Calicem,
1759 3379 2022 3446 minime
2084 3397 2223 3446 mo·

634 3471 792 3538 dum
838 3468 1217 3538 infundendi
1267 3468 1587 3535 decernit.

763 3559 948 3625 Sacra
991 3574 1186 3642 porro
1231 3555 1495 3625 Rituum
1523 3556 1950 3642 congregatio
1993 3557 2074 3624 ad
2107 3560 2224 3625 Va-

634 3646 914 3713 ticanum
960 3643 1267 3712 hodierna
1301 3645 1407 3711 die
1443 3645 1507 3711 in
1552 3642 1894 3712 Ordinariis
1938 3643 2226 3711 comitiis

555 3793 561 3800 .
634 3733 1003 3816 coadunata,
1053 3730 1382 3799 referente
1428 3733 1827 3819 infrascripto
1869 3732 2225 3800 Secretario

531 3834 536 3837 ’
634 3832 699 3888 et
748 3821 1102 3888 enunciatis
1161 3819 1370 3888 dubiis
1429 3832 1722 3888 accurate
1785 3820 2224 3905 consideratis,

636 3909 1165 3998 respondendum
1214 3910 1510 3975 censuit:

769 3997 861 4065 Ad
912 4002 957 4065 1.
1010 4019 1049 4063 α
1082 4003 1268 4069 Festo
1328 3996 1538 4065 Sancti
1606 3996 1724 4063 Titi
1788 3996 2227 4082 assignandam

636 4087 840 4154 semel
905 4096 970 4152 et
1015 4085 1144 4153 fixe
1190 4084 1462 4173 primam
1520 4084 1694 4152 diem
1742 4085 1804 4151 in
1853 4083 2226 4152 calendario

637 4176 1018 4243 Dioecesano
1065 4194 1194 4243 non
1226 4173 1599 4261 impeditam
1634 4185 1774 4260 post
1807 4176 1886 4239 lv
1919 4170 2226 4250 lanuarii3

639 4275 705 4332 et
748 4264 799 4330 si
847 4262 983 4331 fleri
1033 4264 1257 4353 possit,
1307 4262 1482 4331 diem
1515 4266 1591 4329 VI
1622 4261 1946 4333 Februarii
1983 4282 2047 4325 ι».

769 4352 866 4419 Ad
915 4354 989 4420 ll.
1041 4374 1080 4418 α
1114 4351 1279 4418 Fieri
1332 4351 1576 4419 debere
1609 4350 1673 4416 in
1706 4369 1851 4416 casu
1884 4349 1966 4415 de
2012 4348 2228 4417 Officio

639 4439 900 4528 speciali
936 4462 998 4507 a.

771 4529 868 4596 Ad
916 4533 1015 4597 lll.
1068 4549 1106 4592 ι
1140 4532 1463 4616 Hymnum
1508 4524 1926 4615 Complatorii
1976 4526 2039 4591 in
2086 4546 2232 4593 casu

642 4615 1163 4686 concludendum
1225 4636 1342 4704 per
1401 4612 1841 4681 versiculum:
1901 4617 2043 4679 Iesu
2114 4613 2234 4682 tibi

641 4710 732 4774 sit
777 4706 992 4792 qlon'a
1024 4729 1089 4772 ιν.
1547 4702 1554 4709 ’

774 4795 867 4862 Ad
915 4799 1021 4863 IV.
1071 4815 1110 4859 α
1143 4792 1490 4880 Negative3
1539 4812 1652 4859 seu
1696 4809 1885 4859 usum
1921 4791 2100 4879 parvi
2132 4810 2236 4858 co-

641 4883 914 4950 chlearis
961 4902 1088 4951 non
1138 4901 1278 4949 esse
1326 4880 1722 4970 prohibitum
1756 4901 1819 4944 ι».

771 4975 984 5058 Atque
1032 4971 1112 5038 ita
1158 4970 1514 5058 rescripsit,
1559 4968 2015 5057 propositaque
2048 4969 2237 5037 dubia

643 5060 1013 5126 declaravit.

775 5148 890 5214 Die
934 5152 975 5214 6
1020 5146 1347 5216 Februarii
1400 5151 1595 5215 1858.

791 5341 871 5414 (ι)
907 5341 974 5398 Ε.
1010 5341 1152 5400 nub.
1190 5342 1213 5398 1
1251 5350 1307 5399 οι
1339 5340 1407 5398 ιι.

2316 376 2585 446 3065.
2769 379 3448 457 NORTHANTONJEN.
3676 379 3892 466 (525⁷)

2448 556 2656 633 Quum
2724 559 2918 623 umus
2991 554 3300 622 Dominus
3365 555 3729 628 Gulielmus
3794 559 3899 621 Va-

2317 643 2498 728 reing
2535 641 2885 731 Episcopus
2911 642 3437 710 Nortbantonien.
3464 642 3622 710 huic
3646 646 3901 711 Sanctae

2318 732 2469 799 Sedi
2494 732 2895 817 Apostolicae
2925 748 3201 817 sequens
3232 731 3501 799 dubium
3526 751 3649 819 pro
3676 751 3905 818 oppor-

2317 829 2469 887 tuna
2498 818 2929 886 declaratione
2961 838 3078 907 pro
3129 819 3402 904 osuerit;
3436 817 3784 886 nimirum:
3812 819 3897 904 (ll

2449 909 2611 974 Num
2658 905 2724 974 in
2769 905 3080 975 conventi
3131 927 3205 973 us
3252 919 3319 974 et
3366 907 3700 991 Ecclesiis,
3750 926 3901 992 quae

2318 999 2394 1066 ad
2445 995 2639 1062 instar
2681 995 3119 1063 Paroeciarum
3168 993 3231 1061 in
3276 995 3562 1062 Dioecesi
3598 995 3901 1062 Nortban·

2319 1083 2591 1153 toniensi
2628 1083 2953 1151 institutae
2982 1081 3321 1167 habentur,
3356 1083 3617 1169 quando
3651 1093 3902 1173 propter

2323 1172 2601 1263 inopiam
2662 1181 2992 1239 cantorum
3052 1172 3228 1237 Missa
3290 1172 3706 1260 principalis,
3754 1190 3902 1259 qnae

2319 1273 2418 1329 est
2465 1258 2657 1328 etiam
2704 1260 3157 1342 conventualis
3191 1261 3294 1327 vel
3325 1261 3734 1344 Parochialis,
3780 1279 3903 1325 can-
3980 1301 3981 1304 =

2322 1351 2437 1417 tari
2484 1367 2613 1415 non
2660 1358 2895 1438 potest,
2945 1346 3131 1414 liceat
3176 1347 3515 1434 plusquam
3564 1349 3729 1416 duas
3774 1367 3903 1414 can·

2322 1439 2499 1505 delas
2547 1435 2611 1504 in
2653 1435 2857 1503 Altari
2899 1435 3285 1519 accendere,
3332 1436 3561 1502 saltem
3606 1435 3673 1504 in
3722 1435 3905 1502 Fastis
3980 1465 3981 1468 ¹

2321 1523 2869 1593 solemnioribus?
3980 1575 3981 1586 ,

2460 1620 2533 1681 Et
2566 1616 2749 1681 Sacra
2792 1610 3055 1680 Rituum
3100 1612 3528 1699 congregatio
3563 1612 3631 1679 in
3662 1612 3903 1680 Ordina-

2325 1701 2431 1768 riis
2463 1700 2747 1770 comitiis
2778 1702 2856 1769 ad
2890 1700 3262 1768 Vaticanum
3293 1700 3606 1769 hodierna
3641 1700 3751 1767 die
3780 1722 3902 1766 coa-

2323 1790 2574 1857 dunatis
2602 1838 2619 1873 ,
2689 1790 3015 1857 referente
3084 1787 3442 1877 subscripto
3515 1790 3901 1873 secretario,

2324 1877 2620 1946 omnibus
2648 1889 2940 1945 accurate
2972 1875 3336 1964 perpensis,
3364 1879 3703 1965 proposito
3728 1877 3905 1944 dubio

2323 1965 2684 2033 rescribere
2731 1976 2861 2034 rata
2906 1976 3043 2033 este
3094 1986 3132 2029 ι
3165 1965 3565 2032 Affirmative
3596 1988 3665 2032 ν.

2457 2054 2668 2140 Atque
2711 2054 2794 2120 ita
2841 2052 3193 2139 rescripsit.

2457 2142 2569 2210 Die
2618 2146 2659 2208 6
2705 2139 3034 2209 Februarii
3086 2144 3286 2210 1858.

2323 2318 2591 2387 soce.
2736 2320 3023 2389 uoN'ris
3068 2321 3523 2390 passuum.
3696 2320 3905 2406 (assa)
3980 2423 3981 2428 Ν

2455 2499 2663 2577 Quum
2721 2501 2916 2564 limus
2975 2493 3277 2564 Dominus
3330 2497 3595 2565 carolus
3650 2497 3911 2564 Thomas

2327 2585 2620 2654 Thibanlt
2666 2586 3020 2675 Episcopus
3067 2585 3294 2652 Montis
3341 2585 3661 2653 Pessulani
3700 2589 3908 2653 Sacrae
3980 2607 3981 2612 ¹

2324 2675 2587 2743 Rituum
2635 2671 3126 2777 congregationi
3172 2672 3505 2775 sequentia
3552 2673 3753 2775 dubia
3808 2692 3911 2759 pro
3980 2725 3981 2742 ,

2327 2763 3912 2935 Ἧιηιιιεῡὲιᾞιιειεειιςιιιᾞῑ

2376 2896 2508 3006 ore·
2534 2950 2875 3026 praesente
2900 2988 2917 3022 ,
2968 2939 3225 3024 quando
3271 2956 3400 3005 non
3444 2897 3774 3023 cantatu’r,
3818 2937 3909 3005 ad·

2376 3026 2534 3094 iberi
2582 3030 2833 3094 valeant
2878 3028 3189 3095 Diaconus
3236 3037 3299 3093 et
3348 3025 3790 3097 subdiaconus
3830 3047 3911 3092 sa-
3980 3050 3981 3057 ¹

2329 3114 2889 3215 cris-indumentis
2954 3113 3207 3204 parati?
3253 3125 3316 3181 et
3380 3126 3703 3200 quatenus
3762 3114 3910 3183 affir·
3980 3134 3981 3217 ι

2330 3213 2696 3359 maffe’An
2756 3291 2821 3359 in
2884 3291 3034 3377 ipsis
3096 3291 3397 3377 ¹exequiis
3462 3290 3910 3374 Defunctorum
3980 3342 3981 3365 ,

2330 3390 2510 3446 extra
2560 3381 2803 3447 Missam
2848 3380 3149 3481 peractis,
3182 3379 3472 3480 adbiberi
3520 3381 3768 3467 possint
3792 3379 3909 3447 Dia·
3980 3402 3981 3411 ¹

2331 3487 2528 3567 conus
2575 3479 2640 3535 et
2687 3469 3125 3536 subdiaconus
3166 3468 3360 3535 sacris
3394 3467 3791 3537 indumentis
3818 3486 3909 3555 pa-

2334 3554 2647 3714 raugacra
2693 3644 2915 3712 eadem
2962 3606 3427 3732 congregatio,
3463 3644 3527 3711 in
3583 3643 3909 3713 Ordinariis

2329 3732 2614 3800 comitiis
2658 3733 2737 3800 ad
2783 3732 3152 3800 Vaticanum
3217 3732 3571 3820 subscripta
3634 3732 3747 3800 die
3787 3751 3907 3799 cea·

2330 3822 2590 3906 dunata,
2641 3820 2967 3888 referente
3010 3821 3377 3906 subsignato
3410 3821 3794 3905 secretario,
3828 3838 3905 3884 re-

2330 3908 2745 3977 scribendum
2792 3908 3079 3977 censuit:
3128 3931 3168 3972 σι
3199 3910 3505 3995 Negative
3552 3908 3631 3975 ad
3680 3922 3905 3977 utrum·

2335 4016 2577 4152 quenz
2625 4090 2666 4152 6
2712 4085 3036 4153 Februarii
3091 4089 3289 4153 1858.

2337 4263 2597 4332 306⁷.
2897 4263 3375 4331 mannasca.
3702 4260 3905 4350 (525⁹)

2469 4438 2564 4505 Ab
2613 4436 2918 4525 expositis
2963 4436 3114 4504 huic
3162 4439 3424 4504 Sanctae
3471 4436 3620 4505 Sedi
3664 4436 3907 4524 Aposto-

2338 4525 2493 4593 licae
2540 4546 2571 4590 a
2636 4530 2797 4593 Rmo
2857 4523 3124 4591 Domino
3189 4529 3373 4591 Petro
3435 4525 3702 4611 losepbo
3744 4526 3905 4593 Blum

2340 4614 2653 4714 Episcopo
2700 4611 3141 4699 Limburgensi
3193 4624 3455 4700 apparet
3503 4612 3568 4679 in
3598 4611 3704 4679 illa
3735 4612 3901 4679 etiam

2338 4703 2626 4770 Dioecesi
2659 4703 2736 4771 ad
2768 4720 2954 4768 usum
3003 4701 3438 4768 Ecclesiamm
3481 4701 3713 4787 passim
3756 4718 3903 4768 com·

2341 4791 2544 4877 parari
2589 4794 2933 4877 campanas
2978 4789 3147 4856 fusas
3178 4808 3260 4856 ex
3301 4788 3596 4877 chalybe,
3630 4789 3903 4855 nimirum

2341 4897 2423 4943 ex
2518 4898 2633 4946 uro
2684 4879 2876 4964 ferro,
2925 4877 3099 4965 quod
3150 4896 3269 4964 per
3316 4877 3634 4945 fusionem
3682 4889 3745 4943 et
3779 4876 3902 4943 alias

2340 4986 2477 5034 mac
2527 4967 2837 5033 inationes
2884 4965 3188 5034 maiorem
3236 4965 3546 5034 duritiem
3592 4975 3658 5031 et
3712 4963 3903 5051 rigidi·

2342 5066 2538 5122 tatem
2584 5054 2838 5144 accipit.
2883 5057 3086 5133 Quum
3138 5067 3355 5122 autem
3404 5054 3749 5142 Episcopus
3788 5071 3902 5119 ora-

2320 5154 2444 5209 ·tor
2475 5142 2642 5211 haud
2676 5153 2858 5212 certe
2890 5143 3043 5210 sciat
3087 5148 3244 5211 num
3292 5141 3549 5230 chalybs
3580 5137 3901 5208 istiusmodi
