4042 5950
64 1732 65 1747 ¹
176 1746 274 1803 lam
312 1750 639 1824 praesente

1545 356 1967 433 -53-

64 564 65 567 ¹
178 513 320 578 lanae
358 531 543 599 super
581 513 909 580 nonnullis
944 513 1189 581 iuribus
1220 534 1253 577 a
1285 512 1579 600 Capitulo
1626 511 1699 577 il-

64 710 67 795 ι
175 686 395 787 delatis;
440 691 630 788 Emns
677 697 742 753 et
787 692 998 788 limus·
1039 693 1113 755 D.
1165 687 1510 755 Cardinalis
1561 689 1701 755 Bel·

177 775 293 860 luga
332 774 713 929 infrascripta
757 775 946 843 dubia
982 787 1152 843 mter
1196 784 1411 862 partes
1442 794 1700 843 concor·

173 862 286 928 (lata
323 862 605 930 declaran

281 955 334 1015 1.
378 952 468 1016 An
513 883 698 1017 liceant
732 875 1350 1040 {zoppgpgheugflm
1394 969 1513 1039 pro
1561 950 1701 1017 fun·

64 1086 65 1089 η
176 1036 443 1105 ctionibus
483 1037 828 1104 canonicali
876 1058 949 1105 us
995 1049 1060 1105 et
1108 1039 1243 1107 eius
1274 1039 1536 1105 servitio
1582 1041 1702 1105 Ma-

174 1124 400 1209 gistrum
459 1124 1018 1194 caeremoniarum
1074 1125 1567 1193 distinctum.ab
1614 1125 1701 1190 al-

175 1226 283 1277 tero
322 1210 648 1313 Episcopi?
690 1225 757 1281 et
803 1225 1115 1299 quatenus
1160 1215 1565 1298 affirmative,

275 1305 331 1367 2.
381 1303 474 1367 An
537 1302 717 1368 idem
782 1301 1076 1386 Magister
1144 1300 1698 1369 caeremoniarum

174 1386 337 1455 valeat
374 1406 561 1455 suum
607 1407 838 1457 munus
892 1408 1200 1457 exercere
1269 1390 1507 1476 absque
1552 1408 1702 1456 con-

64 1536 65 1543 ,
173 1493 327 1541 seusu
353 1487 413 1543 et
455 1477 912 1563 approbatione
960 1475 1303 1579 Episcopi?

274 1567 328 1629 3.
372 1564 464 1629 An
508 1566 686 1634 idem
730 1584 811 1629 ex
842 1566 1257 1653 permissione
1301 1565 1574 1652 Capituli
1608 1564 1701 1631 uti

172 1649 337 1716 valeat
376 1648 436 1717 in
479 1651 669 1720 dictis
711 1651 1140 1719 functionibus
1170 1664 1349 1720 veste
1394 1653 1697 1735 violacea,

731 1758 877 1807 uam
926 1738 1185 1807 absente
1230 1737 1589 1827 Episcopo?

276 1828 331 1891 4.
402 1826 495 1894 An
574 1831 697 1895 Arc
751 1827 1067 1895 idiaconus
1135 1838 1203 1894 et
1269 1827 1560 1894 Canonici
1639 1827 1702 1894 in

64 1924 65 1931 ’
174 1911 327 1977 llissis
373 1914 810 1999 celebrandis,
874 1924 1001 1981 tam
1056 1916 1216 1982 intra
1279 1935 1463 2001 quam
1522 1926 1699 1981 extra

172 1998 594 2087 Catbedralem,
645 2002 811 2069 ultra
857 2022 1052 2069 unum
1101 2002 1558 2069 inservientem
1589 2001 1697 2088 qui

64 2132 65 2151 1
174 2086 350 2154 lissae
389 2089 798 2179 respondeat,
847 2091 938 2156 uti
984 2091 1236 2157 valeant
1290 2090 1464 2156 dicto
1509 2090 1698 2189 Magi·

170 2184 275 2238 stro
298 2178 845 2244 eaeremoniarum
878 2196 1021 2244 cum
1054 2179 1155 2243 vel
1190 2178 1325 2244 sine
1355 2186 1535 2243 veste
1566 2196 1698 2242 vio·

173 2261 329 2341 lacea,
372 2265 469 2331 vel
518 2266 646 2332 alio
678 2265 966 2333 ministro
1013 2265 1378 2348 Sacerdote,
1414 2275 1540 2330 tam
1585 2282 1700 2352 pro

64 2356 65 2377 i
171 2347 448 2418 delatione
489 2354 720 2420 Calicis
765 2355 844 2421 ad
889 2353 1101 2419 Altare
1148 2363 1217 2419 et
1258 2353 1429 2419 illius
1482 2368 1703 2440 repor—

174 2438 371 2505 tatioue
411 2441 487 2510 ad
537 2441 920 2525 Sacristiam,
954 2458 1143 2526 quam
1188 2456 1305 2528 pro
1335 2439 1704 2507 sustinendo

64 2584 67 2607 ‚
172 2524 398 2610 nimie,
447 2529 789 2597 indicando
852 2529 1201 2612 Orationes,
1251 2527 1595 2617 aperiendo
1643 2537 1709 2593 ot

64 2658 67 2675 .
173 2616 558 2709 cooperiendo
606 2617 909 2701 Calicem,
958 2617 1023 2682 in
1070 2616 1253 2682 illum
1309 2615 1703 2681 infundendo

64 2716 67 2773 μ
172 2717 352 2768 nuum
394 2716 456 2770 et
485 2722 740 2791 aquam,
790 2704 1178 2791 porrigendo
1221 2707 1515 2770 Patenam
1561 2718 1707 2768 cum

64 2864 65 2875 χ
171 2788 341 2884 ilostia
369 2792 659 2878 itemque
687 2792 990 2874 Calicem,
1023 2792 1453 2878 eumdemque
1487 2800 1709 2876 postea

172 2879 505 2946 instruendo
538 2899 691 2947 cum
721 2881 867 2946 velo
889 2880 964 2945 ad
1000 2879 1193 2945 instar
1215 2878 1703 2968 Episcoporum3

64 2964 65 2971 ’
170 2963 251 3028 vel
290 2966 494 3051 potins
557 2966 832 3036 debeant
899 2966 1249 3053 celebrare,
1298 2977 1377 3035 ut
1438 2965 1708 3053 quilibet

168 3049 297 3117 alius
319 3054 595 3141 simplex
642 3058 973 3140 Sacerdos,
1021 3073 1242 3123 omnes
1275 3057 1507 3122 relatos
1551 3055 1710 3121 titus

167 3158 192 3201 a
215 3142 549 3230 semetipsis
595 3161 677 3210 ex
728 3144 920 3211 leudo
966 3145 1203 3228 absque
1235 3161 1358 3230 ope
1390 3141 1651 3208 Ministri
1676 3136 1709 3204 ⁴?

273 3233 330 3293 a.
364 3232 458 3296 An
488 3232 685 3297 Archi
736 3232 992 3299 iaconus
1023 3242 1089 3298 et
1120 3231 1416 3299 canonici
1451 3241 1704 3296 tenean-

64 3345 67 3376 μ
169 3319 249 3380 tur
286 3316 716 3403 capitulariter
762 3319 826 3385 in
870 3315 1087 3386 habitu
1158 3318 1497 3389 canonicali
1554 3316 1712 3384 reci-

168 3420 297 3485 pere
340 3406 729 3492 Episcopum
759 3428 792 3470 a
821 3426 935 3472 suo
981 3407 1274 3474 cubiculo
1313 3417 1378 3472 et
1408 3405 1709 3488 associare

64 3491 67 3516 ‘
168 3485 227 3556 ad
270 3494 613 3560 Ecclesiam
659 3491 1125 3580 cathedralem,
1165 3492 1486 3581 similique
1518 3491 1707 3560 modo

64 3633 65 3660 ,
166 3577 226 3643 ad
247 3580 547 3650 eumdem
578 3581 919 3661 reducere,
954 3582 1206 3667 quando
1236 3582 1354 3648 iste
1384 3583 1521 3648 vult
1553 3599 1710 3686 pou-

168 3665 451 3736 tificaliter
497 3669 865 3751 celebrare,
919 3680 1043 3734 tam
1108 3669 1174 3736 in
1227 3666 1713 3736 solemnioribus

166 3773 191 3815 a
226 3757 560 3825 Pontificali
603 3759 884 3823 Romano
930 3757 1357 3844 praescriptis,
1407 3773 1596 3842 quam
1643 3755 1708 3820 in

165 3839 276 3907 aliis
300 3844 807 3913 solemnitatibus
840 3864 921 3911 ex
967 3845 1427 3912 consuetudine
1461 3843 1563 3910 vel
1599 3844 1711 3910 de-

161 3929 387 3999 votione
434 3933 497 4000 in
549 3931 817 4000 civitate
851 3931 1253 4016 introductiS‚
1286 3932 1393 3999 vel
1439 3931 1710 3998 occasio·

160 4033 225 4080 ue
265 4019 633 4088 universalis
679 4019 976 4103 lubilaei,
1025 4020 1130 4085 vel
1181 4020 1297 4086 alia
1357 4018 1706 4086 rationabili

160 4123 311 4170 causa
356 4108 674 4196 Episcopo
719 4105 1060 4175 benevisa‘?

266 4197 327 4258 6.
377 4199 477 4263 An
526 4195 702 4262 idem
750 4197 962 4262 veniat
1005 4196 1390 4262 servandum
1458 4197 1710 4282 quando

160 4280 483 4372 Episcopus
552 4282 629 4350 ad
688 4284 983 4350 eamdem
1050 4283 1397 4350 Ecclesiam
1464 4283 1712 4350 accedit

158 4386 283 4434 cum
354 4389 601 4459 cappa,
670 4383 746 4437 ut
804 4371 1045 4437 assistat
1111 4370 1327 4436 Missae
1393 4380 1708 4456 cantatae,

156 4457 242 4521 vel
286 4458 585 4546 vesperis
631 4468 737 4525 aut
781 4458 1208 4539 processioni,
1269 4457 1375 4523 vel
1433 4466 1504 4524 ut
1564 4477 1710 4525 con·

160 4541 381 4611 cionem
426 4544 668 4631 audiat,
715 4547 819 4611 vel
867 4547 982 4612 alia
1029 4546 1113 4612 de
1159 4543 1386 4613 causa?

270 4635 345 4698 Et
390 4636 461 4700 S.
490 4638 569 4700 R.
595 4635 698 4717 C.‚
748 4632 896 4698 visis
943 4633 1189 4701 iuribus
1233 4633 1562 4702 hincinde
1611 4634 1717 4700 de·

156 4717 343 4788 ductis
373 4772 390 4806 ‚
464 4731 535 4787 et
596 4730 722 4788 tam
780 4721 1031 4807 scriptis
1100 4739 1287 4808 quam
1349 4741 1507 4788 voce
1576 4740 1716 4809 par-

158 4801 303 4872 tibus
348 4807 841 4875 informantibus
908 4809 1181 4893 auditis,
1232 4810 1715 4877 rescribendum

157 4895 425 4962 comit:

268 4983 360 5048 Ad
416 4989 479 5049 1.
532 5005 570 5048 ‹
606 4983 993 5051 Affirmative
1027 5004 1089 5052 ι.

266 5070 358 5135 Ad
409 5076 477 5138 Ξ.
531 5094 569 5137 <
600 5076 739 5139 Non
784 5091 970 5160 posse
1005 5089 1310 5139 exercere
1341 5071 1577 5159 absque
1610 5085 1716 5160 ap‘-

160 5157 513 5237 probatione
560 5157 855 5248 Episcopi
888 5181 953 5225 ».

271 5245 367 5312 Ad
413 5251 481 5313 3.
532 5269 570 5312 «
605 5245 1015 5330 Affirmative,
1050 5256 1295 5314 tantum
1328 5248 1391 5314 in
1444 5247 1714 5314 functio-

157 5331 320 5397 nibus
367 5332 859 5423 episcopalibus,
908 5352 990 5400 ex
1036 5335 1448 5423 dispositione
1489 5339 1715 5403 Caere-

157 5419 421 5489 monialis
451 5440 581 5488 non
603 5441 755 5489 vero
790 5441 871 5489 ex
901 5422 1316 5512 dispositione
1348 5423 1616 5510 Capituli
1644 5445 1707 5488 ».

1798 1271 2041 1374 2311.
2147 1372 2156 1379 .

1936 511 2032 578 Ad
2081 516 2141 579 4.
2202 535 2240 578 <
2275 500 2578 602 Negative
2651 515 2714 581 in
2781 515 3113 602 omnihus,
3175 517 3381 603 quoad

64 624 65 653 1
178 598 654 667 liusGathedralis
678 600 1327 686 praetensis,illisque
1352 599 1427 666 ad
1453 602 1696 667 S.R.C.
1802 601 2071 686 primam
2119 612 2408 689 partem3
2458 601 2868 688 Affirmative‚
2913 602 3120 690 quoad
3159 623 3384 671 secun-

1805 688 1951 755 dam
1984 708 2049 753 ι.

1935 775 2031 841 Ad
2081 781 2143 842 5.
2196 792 2235 841 ι
2269 776 2662 844 Affirmative
2693 798 2756 844 ».

1853 862 2031 1016 ’,Λᾶ
2102 867 2169 932 6.
2239 886 2277 929 <
2318 864 2701 932 Affirmative
2733 915 2750 950 ,
2812 864 2987 933 iuxta
3049 870 3384 935 caeremo-

1805 969 1904 1016 nia
1935 969 1969 1016 e
2004 973 2067 1016 ».

1936 1043 2012 1104 Et
2059 1039 2142 1104 ita
2173 1038 2462 1106 decrevit
2492 1058 2562 1105 ac
2591 1039 2830 1107 servari
2876 1041 3222 1110 mandavit.
3271 1041 3386 1109 Die

1805 1131 1888 1195 22
1938 1126 2200 1193 Ianuarii
2255 1131 2446 1194 1735.

2377 1305 2793 1372 THEATINA.
3154 1305 3377 1392 (4029)

1937 1479 2148 1564 Super
2230 1478 2727 1545 celebrationem
2811 1477 3134 1545 missarum
3219 1478 3384 1546 sole-

1805 1563 2049 1631 mnium
2082 1612 2100 1647 ,
2171 1566 2494 1631 occasione
2564 1564 3040 1631 processionum
3123 1583 3385 1653 genera-

1806 1652 1962 1718 lium
2010 1651 2214 1718 tribus
2257 1651 2482 1719 diebus
2525 1652 2945 1738 Rogationum
2979 1653 3041 1719 in
3086 1652 3388 1720 Ecclesiis

1806 1739 2220 1827 Regularium
2289 1740 2597 1807 ordinum
2654 1743 2717 1809 S.
2768 1739 3141 1826 Augustini,
3192 1741 3386 1807 Mino-

1809 1828 1948 1892 ru‘m
1998 1828 2527 1894 conventualium
2575 1838 2638 1894 et
2685 1831 2748 1895 S.
2805 1826 3111 1894 Dominici
3156 1827 3385 1916 Oppidi

1808 1914 1975 1981 Vasti
2023 1915 2341 1982 Dioecesis
2388 1915 2766 1998 Theatinae,
2818 1915 2985 1980 inter
3028 1916 3389 2004 Capitulum

1806 2001 2070 2088 insignis
2113 2003 2499 2090 collegiatae
2546 2002 2865 2068 Ecclesiae
2913 2006 2976 2070 S.
3015 2006 3237 2069 Mariae
3262 2006 3384 2071 Ma-

1807 2089 1956 2155 ioris
2005 2109 2082 2156 ex
2131 2110 2288 2174 una,
2340 2099 2405 2155 et
2451 2090 2619 2178 ipsos
2683 2089 3031 2176 Regulares
3101 2091 3386 2179 partibus
3435 2148 3439 2153 .

1809 2196 1889 2242 ex
1926 2178 2200 2263 ·altera,
2252 2177 2403 2244 ortis
2471 2177 2918 2243 controversiis
2986 2176 3239 2263 illisque
3307 2177 3382 2243 ad

1810 2266 1879 2331 S.
1928 2268 2004 2331 R.
2046 2268 2118 2332 C..
2170 2265 2430 2350 delatis3
2480 2268 2675 2332 Emus
2723 2273 2789 2330 et
2831 2266 3023 2332 Rmus
3068 2266 3143 2331 D.
3191 2262 3385 2331 Card.

1808 2354 2057 2418 Lercari
2106 2353 2575 2440 infrascriptum
2621 2350 2891 2445 dubium
2935 2352 3386 2419 declarandum

1854 2459 1927 2506 ro
1977 2440 2181 2506 osuitt

1807 2461 1852 2528 P
1928 2460 2036 2594 {n
2085 2527 2300 2594 nissae
2347 2529 2581 2596 cantari
2625 2530 2848 2597 solitae
2893 2528 2957 2595 in
3010 2529 3212 2597 tribus
3259 2527 3387 2596 die-

1812 2614 1928 2682 bus
1971 2614 2393 2702 negationum
2424 2666 2441 2701 ,
2490 2637 2723 2704 nempe
2793 2615 2971 2683 Feria
3016 2620 3103 2700 11,
3154 2616 3218 2684 in
3269 2619 3387 2682 Ec-

1813 2702 2001 2768 clesia
2046 2708 2157 2769 PP.
2211 2706 2273 2770 S.
2324 2707 2698 2791 Augustini3
2770 2706 2944 2771 Feria
2999 2706 3110 2789 lll,
3163 2704 3228 2771 in
3274 2709 3389 2769 Ec-

1812 2791 2001 2856 clesia
2070 2793 2180 2856 PP.
2255 2791 2566 2858 minorum
2635 2791 3212 2873 conventualium3
3278 2792 3391 2856 Fe·

1814 2876 1902 2943 ria
1949 2882 2052 2945 IV.
2104 2878 2167 2945 in
2217 2879 2494 2944 Ecclesia
2540 2886 2791 2947 Patrum
2837 2880 3404 2947 Dominicanorum

1811 2964 2092 3032 Civitatis
2139 2964 2345 3050 Vasti,
2395 2968 2628 3034 cantari
2674 2967 2952 3035 debeant
2988 2987 3032 3039 a,
3066 2965 3391 3035 Canonicis

1812 3057 1877 3122 S.
1929 3054 2156 3122 Mariae
2188 3054 2474 3135 Maioris3
2523 3058 2627 3121 vel
2669 3056 2879 3144 potius
2911 3076 2943 3120 a
2974 3055 3391 3144 Regularibus

1810 3143 2169 3229 respective
2195 3143 2508 3209 dictarum
2530 3141 2996 3211 Ecclesiarum‘?
3016 3147 3096 3209 Et
3114 3143 3177 3210 S.
3195 3145 3357 3211 R.C.
3372 3192 3388 3225 ,

1812 3229 2097 3317 partibus
2130 3229 2275 3296 binc
2306 3229 2457 3296 inde
2492 3229 2971 3298 informantibus
3003 3229 3258 3315 auditis,
3284 3229 3393 3297 die

1820 3318 1900 3383 19
1931 3317 2193 3382 lanuarii
2225 3320 2417 3402 1732,
2445 3319 2928 3386 rescribendum
2960 3317 3179 3385 duxit:
3214 3339 3253 3383 ι
3287 3315 3392 3384 Af-

1817 3403 2152 3489 firmative‚
2187 3407 2391 3491 quoad
2424 3405 2693 3493 primam
2724 3417 3013 3494 partem;
3053 3405 3389 3493 Negative,

1816 3491 2023 3580 quoad
2068 3493 2414 3559 secundam
2449 3512 2513 3558 ».

1948 3583 2187 3647 Verum
2248 3581 2324 3647 ad
2382 3582 2697 3650 istantiam
2752 3582 3072 3649 dictorum
3122 3581 3392 3668 Regula-

1815 3668 2027 3752 rium,
2076 3667 2298 3754 vigore
2330 3687 2530 3735 novae
2577 3669 2937 3736 audientiae
2970 3670 3046 3736 ab
3088 3669 3237 3757 ipsis
3283 3669 3393 3735 ob-

1818 3765 2055 3838 tentae,
2104 3757 2500 3844 reproposita
2553 3755 2913 3824 huiusmodi
2963 3756 3393 3824 controversia

1816 3863 2011 3931 super
2073 3841 2304 3911 dubio:
2367 3846 2463 3910 An
2519 3845 2600 3911 sit
2659 3844 2954 3911 standum
2984 3894 3001 3929 ,
3063 3844 3167 3911 vel
3220 3861 3392 3910 rece-

1818 3932 2101 4000 dendum
2160 3952 2193 3997 a
2254 3931 2525 4019 decisis3
2596 3935 2658 3999 S.
2722 3931 2949 3998 eadem
3008 3935 3082 3998 R.
3142 3935 3254 4017 C.,
3317 3928 3394 3996 ad

1817 4019 2196 4085 relationem
2264 4019 2460 4106 ipsius
2522 4019 2660 4085 Emi
2726 4020 3060 4100 Ponentis‚
3109 4018 3229 4086 sub
3287 4016 3396 4084 die

1822 4112 1901 4175 13
1949 4105 2346 4193 Septembris
2392 4106 2543 4174 dicti
2591 4108 2759 4190 anni,
2811 4123 2891 4175 ex
2933 4104 3179 4175 iuribus
3224 4127 3256 4171 a
3301 4105 3395 4173 di·

1820 4196 1934 4262 ctis
2002 4193 2421 4282 Regularibus
2488 4195 2741 4262 noviter
2785 4195 3121 4279 deductis,
3172 4193 3395 4261 rescri-

1818 4283 1983 4371 psit:
2027 4304 2064 4346 ‹
2090 4283 2346 4348 Praevio
2378 4302 2634 4350 recessu
2666 4305 2706 4348 a
2730 4281 2982 4367 decisis,
3017 4283 3220 4349 Missas
3253 4298 3397 4347 can-

1821 4371 2033 4438 tandas
2082 4388 2221 4435 esse
2266 4391 2300 4435 a
2345 4371 2767 4458 Regularibus
2802 4393 2863 4436 ».

1950 4457 2076 4525 Sed
2109 4457 2412 4524 adversus
2459 4459 2640 4525 istam
2674 4457 3156 4540 resolutionem,
3192 4454 3394 4541 petita

1823 4558 1884 4614 et
1916 4547 2173 4612 obtenta
2207 4546 2395 4614 etiam
2440 4567 2472 4612 a
2520 4548 2806 4634 capitulo
2841 4544 3157 4633 praefatae
3183 4542 3395 4608 Colle-

1821 4634 2022 4722 giatae
2073 4652 2233 4698 nova
2278 4633 2631 4715 audientia,
2684 4634 2857 4700 idem
2917 4635 3112 4697 Emus
3155 4634 3397 4696 Ponens

1820 4740 2098 4808 sequens
2163 4720 2430 4788 dubium
2495 4719 2948 4788 declarandum
3015 4717 3394 4805 proposuit:

1822 4814 1916 4876 An
1962 4808 2044 4875 sit
2087 4808 2381 4874 standum
2432 4810 2497 4875 in
2541 4808 2791 4895 primo,
2846 4807 2953 4873 vel
3000 4807 3063 4872 in
3115 4805 3396 4874 secundo

1822 4898 1963 4963 loco
2011 4892 2282 4962 decisis?

1948 4986 2029 5048 Et
2091 4986 2157 5050 S.
2206 4982 2433 5048 eadem
2479 4988 2552 5049 R.
2612 4985 2714 5067 C.,
2759 4980 3006 5048 iuribus
3054 4980 3199 5049 binc
3245 4981 3400 5048 inde

1821 5070 2115 5138 deductis
2137 5080 2382 5137 mature
2409 5070 2802 5154 examinatis,
2828 5079 2896 5136 et
2922 5079 3200 5155 utraque·
3215 5078 3398 5157 parte

1822 5157 2075 5245 scriptis
2119 5168 2187 5223 et
2231 5176 2388 5223 voce
2435 5158 2670 5243 audita,
2721 5156 3203 5226 rescribendum
3250 5173 3402 5223 cen·

1820 5246 1985 5313 suit:
2050 5269 2088 5312 <
2124 5245 2430 5312 Standum
2476 5265 2610 5311 esse
2657 5246 2722 5313 in
2771 5245 3055 5312 secundo
3102 5243 3244 5309 loco
3288 5244 3400 5311 de-

1824 5335 2004 5415 cisis3
2055 5345 2119 5401 et
2164 5353 2264 5400 am
2314 5335 2435 5401 lius
2467 5355 2533 5400 ».
2585 5337 2661 5399 Et
2707 5335 2790 5399 ita
2823 5333 3111 5399 decrevit
3151 5349 3218 5399 ac
3265 5347 3399 5398 ser-

1819 5423 1951 5489 vari
1998 5423 2262 5490 mandav
2291 5433 2337 5490 t.
2389 5427 2499 5493 Die
2537 5425 2621 5490 ²2
2669 5418 2928 5489 Ianuarii
2981 5423 3169 5488 1738.
