4042 5950
2065 276 2429 352 -6-

608 435 926 500 dictorum
978 433 1330 500 monasterii
1367 444 1433 501 et
1465 432 1911 499 nonachorum
1945 433 2197 498 Ordinis

609 527 673 590 S.
708 521 908 587 Basilii
958 522 1234 587 demisse
1267 524 1332 588 S.
1363 524 1436 587 R.
1474 524 1546 586 C.
1584 519 1947 605 expositum
1998 519 2192 585 suerit

605 610 779 694 quod
844 609 1174 694 Reliquiae
1231 612 1296 676 S.
1352 609 1595 674 loannis
1655 608 1978 692 Theresti‚
2043 628 2189 674 cum

608 697 879 761 existant
916 697 978 762 in
1010 696 1281 781 quadam
1332 695 1501 760 mole
1554 695 1762 782 lignea
1795 694 1871 759 ab
1904 715 2031 761 nno
2067 700 2190 760 Mo·

607 784 807 849 nacho
847 783 1087 850 deferri
1119 794 1466 868 nequeant,
1502 795 1568 848 et
1599 794 1944 868 propterea
1977 783 2190 850 eidem

606 875 672 937 S.
709 875 786 937 R.
822 875 892 936 G.
932 870 1263 937 humiliter
1292 871 1724 973 supplicatum
1758 872 1834 936 ad
1875 871 2193 937 tollendas

606 959 946 1024 ulteriores
993 971 1453 1023 controversias
1500 957 1778 1046 benigne
1824 958 2190 1024 declarare:

608 1049 700 1111 An
737 1047 797 1112 in
832 1067 975 1112 casu
1011 1045 1336 1131 proposito
1368 1046 1680 1112 debeatur
1706 1047 2009 1113 Monacbo
2045 1064 2191 1111 cum

609 1133 868 1221 pluviali
917 1134 1175 1218 dignior
1222 1134 1422 1210 locuS,
1472 1154 1543 1198 ac
1588 1134 1636 1198 si
1681 1134 1999 1218 Reliquias
2049 1153 2193 1222 pro-

606 1221 759 1307 priis
806 1221 1094 1288 manibus
1139 1218 1472 1307 gestaret?

737 1312 816 1374 Et
863 1311 1089 1375 eadem
1138 1312 1203 1376 S.
1243 1312 1316 1374 R.
1341 1312 1446 1390 0.,
1480 1310 1557 1375 ad
1608 1309 1991 1376 relationem
2027 1309 2190 1376 eius-

601 1399 752 1462 dem
786 1398 922 1462 Emi
975 1409 1039 1461 et
1084 1397 1224 1462 Rmi
1271 1400 1458 1461 Dom.
1491 1397 1676 1462 Card.
1716 1396 2048 1481 Gabrielli,
2091 1417 2191 1463 re·

602 1483 914 1569 spondit:
983 1506 1021 1548 ι
1065 1483 1365 1549 Monacho
1427 1503 1574 1549 cum
1636 1484 1901 1570 pluviali
1966 1484 2192 1551 induto

603 1572 923 1638 incedenti
996 1573 1057 1636 in
1122 1571 1529 1637 processione
1603 1591 1805 1660 prope
1869 1573 2193 1661 Reliquias

603 1662 671 1725 S.
716 1659 957 1728 loannis
1002 1658 1328 1741 Theresti‚
1379 1659 1602 1726 deberi
1669 1663 1879 1727 locum
1942 1660 2195 1748 dignio-

606 1764 772 1829 rem,
798 1768 912 1813 seu
938 1765 1085 1812 eum
1113 1745 1357 1812 debere
1381 1746 1683 1814 incedere
1713 1749 1935 1814 ultimo
1960 1749 2105 1816 loco
2123 1770 2191 1815 »-

600 1839 683 1986 ξι
723 1836 803 1899 ita
837 1834 1126 1902 decrevit
1157 1844 1221 1899 et
1255 1836 1624 1903 declaravit.
1659 1837 1768 1902 Die
1818 1840 1894 1903 10
1929 1841 2193 1903 Decem-

650 1923 732 1987 ris
790 1927 983 1990 1707.
1644 1950 1649 1955 ·

606 2097 851 2165 2183.
1091 2112 1095 2141 ²
1221 2102 1578 2167 CLUSINA.

731 2278 966 2341 Contra
1012 2277 1397 2362 praescripta
1428 2275 1493 2341 in
1529 2277 1813 2341 Decretis
1843 2297 1896 2342 s.
1930 2295 2019 2342 m.
2051 2276 2194 2342 Ale·

606 2363 841 2429 xandri·
890 2366 1000 2429 Pr.
1052 2366 1157 2430 Vll
1217 2382 1380 2429 anuo
1448 2367 1613 2431 1659
1678 2365 1882 2448 edita,
1914 2364 2190 2431 ·Abbate

600 2455 664 2518 S.
703 2450 1043 2516 Salvatoris
1073 2451 1322 2518 Ordinis
1356 2450 1793 2518 cisterciensis
1833 2452 2187 2537 retinente,

604 2551 792 2625 prout
839 2549 1153 2604 assertum
1199 2537 1342 2621 fuit,
1394 2538 1458 2604 in
1503 2558 1614 2605 sua
1645 2539 1925 2604 Ecclesia
1958 2540 2186 2606 Cathe-

600 2628 782 2690 dram
843 2627 1033 2690 lixam
1094 2639 1159 2689 et
1220 2639 1709 2713 permanentem
1774 2645 1922 2692 cum
1988 2628 2189 2694 tribus

600 2711 927 2799 gradibus,
990 2731 1114 2778 non
1175 2713 1449 2799 simplici
1521 2714 1727 2778 serico
1799 2733 2003 2801 panno
2074 2716 2187 2782 sed

600 2800 909 2885 pretioso,
949 2810 1229 2866 ornatam
1277 2818 1391 2866 seu
1441 2813 1844 2888 coopertam3
1892 2821 2013 2868 nec
2061 2821 2190 2869 non

599 2898 823 2952 utente
886 2887 1070 2952 mitra
1135 2891 1414 2974 pretiosa
1475 2899 1540 2954 et
1601 2889 1824 2955 baculo
1889 2890 2186 2979 pastorali

596 2974 834 3060 absque
896 2976 1080 3061 vele,
1140 2989 1205 3043 et
1263 2978 1615 3044 accedente
1681 2978 1758 3044 ad
1825 2978 2186 3067 peragenda

596 3061 980 3130 pontificalia
1012 3084 1159 3131 cum
1190 3066 1604 3132 associatione
1639 3071 1830 3131 totius
1860 3066 1955 3132 sui
1985 3066 2186 3133 Clerit

659 3145 666 3158 ’
730 3155 795 3218 S.
833 3155 907 3218 R.
944 3156 1046 3240 0.,
1080 3155 1250 3242 apud
1284 3172 1475 3241 quam
1506 3154 1858 3242 Episcopus
1890 3155 2188 3221 Clusinus

594 3259 793 3330 super
823 3247 1182 3332 praemissis
1228 3262 1347 3330 pro
1394 3241 1601 3329 aliqua
1635 3242 2042 3332 providentia
2074 3244 2187 3308 de·

597 3330 790 3396 misse
849 3333 1215 3421 supplicans
1275 3342 1665 3418 conquestus
1728 3332 1883 3415 suit,
1941 3330 2190 3397 censuit

599 3422 1170 3505 respondendum:
1237 3444 1276 3484 ι
1310 3419 1666 3487 Secretario
1711 3420 1788 3486 ad
1850 3430 2185 3498 mentem;

598 3516 664 3570 et
712 3524 890 3573 mens
949 3509 1067 3574 l'uit
1121 3511 1295 3593 quod
1352 3506 1610 3572 omnino
1664 3518 2006 3573 serventur
2069 3511 2186 3573 De·

597 3602 769 3660 creta
808 3616 861 3659 s.
893 3613 980 3661 m.
1021 3596 1360 3662 Alexandri
1395 3598 1499 3661 vu
1526 3617 1588 3660 ν.
1640 3598 1719 3660 Et
1753 3597 1834 3660 ita
1868 3595 2182 3661 decrevit.

596 3682 712 3748 Die
765 3686 842 3749 10
890 3683 1089 3749 Martii
1147 3685 1339 3749 1708.

601 3860 847 3927 2184.

1138 3861 1631 3927 BRACHAREN.
1704 3867 1715 3874 ’
1954 3862 2179 3948 (3786)

730 4035 824 4096 Ex
877 4043 1060 4120 parte
1124 4034 1562 4122 mgistrorum
1623 4035 2180 4102 eaeremoniarum

600 4121 916 4186 Ecclesiae
962 4122 1337 4189 Bracharen.
1374 4140 1589 4208 ,penes
1621 4123 1685 4186 S.
1716 4125 1792 4187 R.
1820 4125 1888 4189 C.
1920 4142 2038 4209 pro
2070 4123 2182 4188 de-

599 4208 937 4275 claratione
966 4206 1513 4296 infrascriptorum
1537 4209 1879 4278 dubiorum
1907 4211 2182 4277 demisse

596 4295 1024 4383 supplicatum
1074 4298 1239 4365 fuit:
1291 4296 1385 4384 (1)

735 4388 793 4449 1.
830 4387 924 4450 An
957 4384 1285 4451 celebrans
1318 4398 1382 4450 et
1416 4386 1672 4452 Ministri
1707 4386 1985 4453 debeant
2013 4398 2182 4453 stare

600 4473 701 4538 vel
750 4472 980 4538 sedere
1047 4471 1357 4559 capitibus
1415 4474 1734 4561 coopertis
1795 4473 1899 4538 vel
1963 4475 2178 4559 nudis,

596 4561 757 4628 dum
825 4560 1176 4714 Episcopus
1249 4560 1571 4629 distribuit
1647 4563 1937 4649 palmas,
2006 4561 2178 4628 cine-

600 4668 703 4715 res
750 4661 876 4714 etc.

729 4741 793 4801 2.
846 4738 942 4804 An
1000 4739 1350 4827 Episcopus
1413 4739 1707 4804 assistens
1740 4731 2026 4825 'paratus
2074 4739 2175 4805 vel

598 4842 745 4890 cum
792 4846 986 4914 cappa
1034 4828 1250 4893 Missae
1285 4827 1665 4911 palmarum,
1701 4843 1850 4893 cum
1882 4845 2007 4891 non
2090 4847 2182 4892 os·

596 4913 676 4976 sit
722 4923 889 4976 stare
935 4915 1092 4980 dum
1141 4926 1267 4980 tota
1316 4914 1519 4981 Passio
1575 4925 1899 4997 cantatur,
1950 4916 2033 4981 de
2080 4928 2181 4981 eat

596 5001 823 5066 sedere
870 5013 1236 5087 coopertus,
1286 5004 1390 5070 vel
1438 4999 1931 5089 genuflectere?

729 5092 796 5153 3.
844 5092 940 5153 An
985 5089 1279 5156 Canonici
1328 5101 1394 5154 et
1441 5093 1818 5157 Assistentes
1864 5092 2178 5178 Episcopo

596 5179 835 5263 parati,
887 5186 954 5241 et
1014 5176 1196 5241 illum
1258 5180 1332 5244 ad
1401 5180 1615 5245 Altare
1675 5179 2050 5246 comitantes
2113 5179 2177 5244 in

737 5371 817 5443 (ι)
852 5373 916 5429 Ε.
955 5372 1095 5429 nub.
1135 5368 1182 5427 ι.

1960 2102 2205 2188 (3781)

2295 430 2806 517 pontificalibus,
2845 424 3157 497 'debeant
3224 449 3445 497 omnes
3521 431 3900 517 procedere

2298 520 2626 606 cooperti;
2679 521 2778 584 vel
2832 520 3017 585 nudis
3064 518 3429 603 capitibus?

2431 611 2497 673 4.
2548 610 2639 672 An
2691 608 3040 695 Episcopus
3085 606 3417 673 celebrans
3461 607 3706 673 tertiam
3749 606 3896 673 Mis·

2295 714 2424 760 sam
2473 693 2822 762 Nativitatis
2873 695 2935 759 in
2983 693 3449 761 pontificalibus
3495 696 3725 762 debeat
3779 713 3897 781 ge·

2296 783 2654 849 n‘ussectere
2722 783 2798 848 ad
2883 781 3142 847 Verbum
3209 801 3360 847 caro
3424 785 3684 867 sactum
3749 794 3890 859 est,

2298 872 2550 955 quando
2622 871 2860 955 legitur
2928 868 3387 957 Evangelium3
3455 873 3554 935 vel
3621 870 3895 955 ‘quando

2295 969 2444 1042 stat,
2490 960 2643 1025 dum
2691 958 3000 1024 Diaconos
3046 957 3207 1024 illud
3256 957 3477 1024 canit?

2431 1050 2496 1112 ὅ.
2546 1050 2642 1111 An
2690 1045 2885 1131 possit
2937 1044 3281 1133 Episcopus
3329 1047 3572 1110 Missam
3605 1046 3894 1111 votivam

2295 1133 2627 1200 celebrare
2676 1135 2759 1199 de
2806 1131 3047 1231 Spiritu
3094 1138 3346 1216 Sancto,
3395 1136 3495 1199 vel
3544 1133 3730 1199 aliam
3771 1154 3897 1222 pro

2296 1220 2596 1308 eligenda
2644 1222 2962 1286 Abbatissa
3009 1224 3378 1289 Conventus
3423 1242 3574 1287 suae
3634 1221 3898 1287 iurisdi-

2299 1308 2751 1460 ctionis‚?licet
2799 1309 2928 1394 ipsa
2975 1309 3112 1375 dies
3156 1309 3238 1374 sit
3281 1308 3532 1395 duplex
3597 1311 3701 1375 vel
3769 1313 3900 1375 no·

2300 1415 2532 1462 minica

2429 1488 2508 1549 Et
2553 1486 2617 1551 S.
2670 1488 2742 1551 R.
2794 1486 2867 1550 C.
2919 1485 3441 1568 respondendum
3493 1486 3797 1551 censuit:

2430 1572 2523 1638 Ad
2592 1575 2649 1637 1.
2714 1593 2752 1635 ‹
2786 1570 3033 1639 Debent
3099 1573 3329 1637 sedere
3401 1572 3711 1660 capitibus
3783 1592 3901 1637 co-

2300 1659 2542 1745 opertis
2577 1681 2643 1725 ».

2430 1748 2526 1814 Ad
2573 1751 2636 1811 2.
2689 1768 2727 1810 ‹
2768 1749 2905 1814 Non
2964 1748 3162 1814 debet
3215 1748 3448 1815 sedere
3514 1767 3726 1832 neque
3777 1766 3901 1835 ge-

2298 1834 2682 1918 nussectere‚
2727 1837 2842 1902 sed
2889 1848 3100 1911 stare;
3151 1848 3216 1901 et
3264 1836 3325 1901 in
3372 1854 3520 1903 casu
3568 1835 3901 1922 impoten-

2298 1922 2420 1988 tiae
2466 1922 2661 1988 debet
2707 1922 3028 1990 abstinere
3084 1925 3161 1989 ab
3223 1924 3593 1989 interventu
3656 1927 3902 1989 saltem

2296 2010 2516 2075 Missae
2550 2032 2616 2076 ».

2424 2099 2519 2163 Ad
2570 2103 2636 2165 3.
2685 2118 2723 2160 ι
2756 2099 3019 2166 Ratione
3071 2098 3276 2163 habita
3327 2111 3898 2185 paramentorum,

2294 2204 2481 2270 posse
2540 2186 2897 2274 procedere
2963 2207 3077 2274 per
3142 2187 3493 2253 Ecclesiam
3563 2206 3680 2252 coo
3734 2188 3902 2252 ertis

2298 2273 2645 2359 capitibus;
2695 2285 2760 2338 et
2808 2275 2994 2339 ideo:
3046 2273 3463 2357 Affirmative,
3511 2294 3676 2359 quoa
3761 2276 3897 2362 pri·

2297 2378 2461 2426 mam
2494 2375 2780 2446 partem3
2820 2362 3147 2447 Negative‚
3182 2362 3390 2447 quoad
3435 2361 3786 2427 secundam
3827 2386 3894 2426 ιν.

2424 2451 2520 2516 Ad
2570 2453 2631 2514 4.
2683 2469 2721 2511 ι
2756 2450 3110 2537 Negative,
3161 2449 3371 2534 quoad
3421 2451 3690 2535 primam
3744 2470 3897 2536 par-

2297 2545 2466 2613 tem;
2515 2536 2932 2621 Affirmative,
2982 2538 3190 2622 quoad
3240 2539 3584 2603 secundam
3622 2559 3686 2602 ».

2422 2625 2518 2690 Ad
2570 2628 2635 2689 ὅ.
2684 2645 2722 2687 ‹
2752 2623 3061 2710 Negative
3087 2647 3153 2690 ».

2424 2714 2505 2777 Et
2566 2712 2647 2777 ita
2708 2712 3054 2778 declaravit
3113 2724 3181 2777 et
3237 2711 3474 2778 servari
3533 2714 3887 2781 mandavit.

2291 2796 2403 2864 Die
2452 2802 2536 2865 28
2587 2799 2821 2884 Aprilis
2874 2802 3067 2866 1708.

2299 2974 2546 3044 2185.
2919 2976 3260 3041 PARMEN.
3650 2978 3889 3063 (3790)

2430 3159 2520 3220 Ex
2572 3167 2750 3242 parte
2796 3155 3132 3221 Guardiani
3183 3167 3248 3220 et
3295 3160 3581 3222 Fratrum
3627 3156 3891 3223 Ordinis

2295 3243 2608 3309 Minoi-um
2655 3243 3188 3309 conventualium
3237 3247 3303 3310 S.
3353 3245 3660 3310 Francisci
3712 3246 3892 3310 Civi-

2294 3330 2438 3396 tatis
2464 3335 2752 3414 Parmen.
2780 3351 2812 3394 a
2837 3332 2903 3397 S.
2932 3334 3007 3396 R.
3029 3333 3099 3396 C.
3137 3332 3415 3397 demisse
3447 3332 3888 3419 supplicatum

2291 3418 2411 3484 fuit
2460 3418 2852 3505 infrascripta
2900 3417 3091 3484 dubia
3137 3418 3491 3483 declarari:

2428 3510 2491 3572 1.
2540 3510 2675 3589 An,
2742 3506 3033 3594 exposito
3096 3506 3531 3573 Sanctissimae
3577 3507 3887 3574 Euchari-

2290 3593 2448 3658 stiae
2494 3596 2927 3676 SacramentO,
2973 3594 3035 3658 in
3081 3595 3376 3680 vesperis
3412 3594 3598 3660 liceat
3632 3594 3886 3661 thurifi-

2289 3700 2434 3745 care
2480 3682 2844 3748 confratres
2882 3681 3425 3747 confraternitatis
3460 3681 3557 3746 del
3597 3683 3889 3748 Cor-donc

2288 3770 2357 3835 di·
2404 3772 2471 3835 S.
2525 3767 2925 3837 Francoscot

2423 3861 2488 3922 2.
2540 3858 2663 3940 An,
2702 3857 2990 3943 exposito
3038 3869 3109 3922 ut
3154 3875 3345 3943 supra
3400 3857 3696 3944 publicae
3753 3861 3881 3924 Ve-

2201 3983 2206 3991 ι
2287 3944 2597 4011 nerationi
2669 3944 3107 4011 Sanctissimae
3173 3945 3605 4011 Eucharistiae
3659 3947 3880 4012 Sacra-

2290 4043 2534 4115 ment0,
2587 4033 2772 4099 liceat
2819 4042 2958 4119 post
3007 4030 3437 4099 thurificatum
3482 4033 3559 4099 ad
3622 4036 3881 4119 Μαρκί-

2284 4122 2438 4205 ficat
2470 4121 2713 4202 Altero,
2744 4120 3109 4186 thurificare
3134 4119 3323 4185 etiam
3350 4121 3564 4185 Altare
3587 4125 3665 4188 S.
3683 4125 3879 4187 Fran-

2283 4207 2428 4273 cisci
2466 4227 2534 4273 ac
2570 4208 2765 4296 ipsius
2798 4211 3076 4274 Statuam
3112 4206 3188 4272 ab
3220 4207 3417 4273 Altari
3449 4207 3884 4277 disiunctam‘?

2416 4298 2498 4361 Et
2529 4298 2596 4363 S.
2627 4300 2698 4362 R.
2729 4300 2799 4362 C.
2837 4297 2912 4361 ad
2949 4307 3300 4380 utrumque
3334 4295 3580 4362 censuit
3615 4316 3878 4384 respon·

2284 4383 2612 4450 dendum:
2667 4407 2704 4448 ‹
2739 4382 3045 4469 Negative
3082 4407 3142 4448 ».
3203 4386 3275 4447 Et
3308 4383 3390 4448 ita
3422 4385 3771 4451 declaravit
3806 4398 3905 4453 et-

2284 4473 2522 4537 servari
2570 4472 2914 4538 mandavit.
2965 4470 3076 4538 Die
3110 4474 3148 4535 4
3180 4471 3452 4557 Augusti
3490 4476 3681 4539 1708.

2287 4648 2538 4717 2186.
2930 4650 3234 4715 PICENA.
3638 4648 3871 4736 (3791)

2421 4826 2617 4889 Marco
2645 4825 2916 4889 Antonio
2965 4824 3164 4889 Nardo
3211 4824 3438 4889 Piceno
3483 4826 3543 4889 in
3592 4825 3655 4890 S.
3687 4826 3763 4889 R.
3795 4827 3867 4890 C.

2281 4930 2399 4998 pro
2446 4912 2871 4979 declaratione
2916 4910 3295 4997 infrascripti
3355 4911 3526 4977 dubii
3590 4911 3872 4977 demisse

2282 5001 2712 5087 supplicante,
2762 5000 3112 5066 videlicet:

2413 5093 2507 5155 An
2556 5090 2781 5155 diebus
2844 5090 2902 5153 in
2966 5088 3194 5174 quibus
3253 5090 3321 5154 [it
3381 5090 3464 5154 de
3513 5091 3694 5154 Festo
3752 5088 3870 5154 dn·

2281 5177 2453 5261 plici,
2482 5196 2627 5244 cum
2660 5195 2786 5243 non
2822 5177 3015 5264 possit
3046 5178 3167 5242 dici
3206 5178 3374 5243 Missa
3426 5178 3505 5242 de
3556 5176 3866 5261 Requiem
