4042 5950
1646 274 2121 359 ...349-
2607 290 2622 349 l

365 441 462 509 Ad
511 440 577 507 2.
628 463 666 506 α
701 438 782 507 Ut
825 436 902 506 ad
949 435 1233 529 primum
1264 463 1334 507 ι».

364 531 462 597 Ad
510 532 573 596 3.
624 551 662 594 ‹
694 531 1229 598 commemoratio
1261 531 1346 598 de
1369 528 1819 615 Rogatiouibus

234 616 305 717 lit
368 637 518 684 cum
575 618 870 685 Oratione
933 616 1061 685 diei
1131 621 1250 687 sub
1320 619 1500 684 unica
1560 616 1818 684 conclu-

230 725 579 895 8101ῗῖῐέοθ
646 794 728 860 ita
798 794 1126 884 rescripsit
1200 817 1269 863 ac
1338 795 1574 861 servari
1644 813 1819 862 man·

231 883 478 1039 dubie
524 977 607 1039 27
656 972 982 1039 Februarii
1036 975 1228 1041 1847.

232 1152 491 1221 2943.
806 1150 1236 1216 PISTORlEN.

1588 1149 1812 1235 (5000)

356 1329 429 1391 ln
478 1321 838 1391 cathedrali
897 1321 1264 1390 Pistoriensi
1332 1321 1631 1407 Ecclesia,
1699 1324 1815 1390 alia

229 1423 400 1481 extat
470 1410 754 1478 Ecclesia
821 1412 1239 1478 subterranea
1306 1412 1369 1478 in
1428 1412 1678 1494 abside,
1740 1412 1818 1479 ad

229 1520 417 1588 quam
488 1518 777 1567 accessus
926 1510 1020 1566 tet
1089 1518 1171 1565 ex
1239 1500 1367 1587 ipsa
1426 1500 1815 1568 cathedrali.

225 1593 431 1668 Quum
499 1608 657 1656 vero
727 1588 793 1655 in
906 1607 976 1654 ac
1033 1588 1445 1655 subterranea
1510 1589 1813 1672 Ecclesia,

228 1697 389 1764 qnae
455 1688 553 1744 est
613 1675 817 1766 prima
873 1674 1153 1743 civitatis
1209 1676 1533 1762 Paroecia,
1596 1676 1690 1744 bis
1753 1676 1816 1743 in

227 1785 387 1833 anno
434 1765 740 1832 solemnis
785 1764 1111 1852 Expositis
1172 1764 1556 1836 sanctissimi
1604 1768 1818 1832 Sacra-

226 1855 429 1921 menti
461 1853 760 1921 informa
791 1852 1212 1940 Quadraginta
1256 1856 1563 1920 Horarum
1605 1855 1817 1921 locum

231 1944 482 2026 babeat,
547 1941 853 2009 sacerdos
912 1941 1186 2010 Aleisius
1232 1939 1517 2027 Agostini
1563 1945 1815 2010 Sacram

225 2032 487 2098 Rituum
535 2032 1113 2117 congregationem
1177 2030 1364 2097 enixe
1427 2029 1696 2117 rogavit,
1730 2041 1818 2098 ·ut

228 2120 521 2187 formiter
563 2121 890 2186 declarare
938 2119 1353 2207 dignaretur:
1632 2146 1639 2153 ·

359 2214 418 2277 1.
458 2212 582 2293 An,
610 2207 1003 2295 perdurante
1036 2221 1380 2276 memorata
1404 2208 1816 2297 Expositione

226 2298 610 2365 Sanctissimi
659 2297 1050 2363 Sacramenti
1085 2296 1148 2364 in
1179 2296 1501 2383 praedicta
1541 2297 1815 2365 Ecclesia

225 2385 662 2470 subterranea,
711 2386 789 2454 ad
836 2385 1280 2453 Cathedralem
1343 2387 1629 2454 associari
1678 2404 1821 2475 pos·

226 2473 346 2541 sint
393 2476 698 2542 cadavera
748 2474 1226 2557 defunctorum,
1277 2493 1395 2560 pro
1453 2475 1607 2562 ipsis
1652 2480 1816 2542 Exe-

144 2588 149 2597 ¹
225 2563 407 2647 quiae
455 2563 701 2633 institui
732 2580 881 2629 cum
913 2562 1091 2631 lllissa
1121 2561 1205 2627 de
1237 2563 1548 2649 Requiem
1580 2583 1652 2630 ac
1683 2574 1817 2630 tan-

226 2651 374 2718 dem
410 2651 479 2719 in
509 2650 1041 2739 semiduplicihus
1088 2650 1334 2717 institui
1378 2651 1818 2718 Annivarsaria

226 2758 370 2806 cum
418 2740 644 2826 eadem
694 2739 874 2807 Missa
919 2739 1004 2806 de
1049 2738 1419 2824 Requieml’

355 2832 421 2896 2.
458 2835 558 2894 An
590 2827 785 2897 Missis
829 2827 1028 2896 officii
1076 2829 1494 2914 occurrentiS,
1544 2849 1706 2916 quae
1753 2830 1816 2896 in

226 2916 586 2987 cathedrali
633 2916 1071 3001 celebrantur,
1105 2916 1252 2985 addi
1296 2918 1497 3006 possit
1534 2910 1815 2986 0010ὶο0-

226 3007 494 3073 moratio
553 3005 940 3075 sanctissimi
1002 3007 1415 3092 sacramenti,
1466 3007 1585 3073 etsi
1637 3005 1815 3096 capi·

229 3096 432 3162 tulum
493 3094 557 3162 in
602 3094 838 3180 choro,
889 3097 970 3163 ob
1016 3094 1299 3180 nimiam,
1328 3095 1685 3164 distantiam
1739 3094 1815 3161 ab

228 3184 638 3284 Expositione
695 3183 1077 3252 Sanctissimi
1138 3184 1548 3268 sacramenti,
1597 3184 1815 3256 sedeat

229 3284 427 3359 capite
478 3282 786 3361 cooperto
807 3271 840 3338 ἱ)

355 3365 436 3427 Et
483 3364 667 3430 sacra
724 3361 985 3428 Rituum
1040 3361 1496 3448 congregatio,
1547 3362 1623 3429 ad
1669 3362 1813 3439 Qui-

228 3450 425 3517 rinale
471 3450 833 3551 subsignata
871 3450 980 3517 die
1012 3450 1360 3517 coadunata
1394 3451 1457 3516 in
1486 3450 1813 3517 ordinario

229 3541 462 3622 Coetu,
525 3540 734 3605 audita
796 3538 1107 3606 relatione
1154 3559 1186 3604 a
1241 3539 1597 3607 secretario
1659 3538 1816 3606 facta

227 3638 290 3691 et
332 3626 628 3697 omnibus
674 3639 923 3694 maturo
970 3626 1262 3693 examine
1294 3627 1669 3714 perpensis,
1712 3647 1814 3694 re-

228 3715 638 3782 scribendum
699 3713 995 3781 censuit:
1058 3736 1096 3779 (
1131 3718 1198 3780 10
1259 3733 1406 3780 casu
1464 3725 1815 3801 utrumque

231 3800 365 3869 fieri
409 3822 631 3905 posse,
680 3813 959 3870 attamen
1004 3803 1269 3869 servatis
1315 3802 1601 3870 Rubricis
1636 3825 1699 3866 ».

353 3896 470 3959 Die
517 3895 600 3958 27
649 3891 974 3958 Februarii
1031 3895 1223 3958 1847.

231 4033 490 4104 2944.
805 4035 1236 4127 Pts'romEN,
1585 4030 1811 4122 (5007)

353 4163 560 4238 Quum
608 4158 717 4226 die
767 4163 807 4225 4
853 4156 1116 4224 lanuarii
1161 4156 1676 4224 Anniversarium
1709 4178 1814 4224 oc-

230 4256 434 4313 currat
457 4247 885 4314 Dedicationis
907 4246 1282 4333 parochialis
1307 4244 1655 4328 Ecclesiae,
1682 4251 1812 4313 Deo

231 4331 290 4398 in
336 4336 650 4404 honorem
697 4334 906 4402 sancti
953 4334 1247 4402 Andreae
1292 4335 1580 4422 Apostoli
1617 4335 1811 4402 Pisto-

229 4420 416 4489 riensi
476 4424 541 4491 in
585 4424 855 4493 civitate
886 4423 1166 4502 dicatae3
1202 4424 1509 4491 sacerdos
1540 4423 1814 4490 Aloisius

229 4511 554 4579 Petroccbi
612 4516 861 4579 Sacram
920 4512 1182 4584 [lituum
1237 4511 1809 4597 congregationem

231 4596 585 4669 humillime
633 4601 879 4687 rogavit
915 4611 987 4667 ut
1020 4601 1346 4667 declarare
1391 4599 1809 4684 dignaretur:

230 4687 388 4754 Num
437 4690 684 4756 ratione
729 4688 1148 4755 solemnitatis
1182 4708 1302 4775 qua
1353 4688 1521 4755 istud
1552 4687 1812 4755 Dedica-

233 4772 411 4844 tionis
473 4780 728 4845 Festum
774 4775 1167 4861 instituitur,
1231 4776 1294 4844 in
1351 4775 1635 4863 utrisque
1690 4780 1811 4844 Ve-

232 4864 452 4950 speris,
500 4864 820 4934 Laudibus
852 4875 916 4931 et
948 4863 1126 4932 Missa
1158 4865 1364 4932 omitti
1410 4862 1610 4951 possit
1643 4883 1814 4931 com-

231 4953 598 5021 memoratio
630 4953 761 5022 diei
792 4964 1051 5020 octavae
1096 4956 1474 5021 Sanctorum
1508 4957 1813 5020 innocen·

235 5039 385 5110 tium
432 5039 835 5130 Martyrum?

354 5134 433 5197 Et
491 5133 675 5198 Sacra
735 5131 1000 5197 Rituum
1045 5129 1469 5218 congregatio
1527 5130 1590 5196 in
1632 5130 1812 5198 Ordi-

232 5216 412 5284 nariis
441 5219 723 5287 comitiis
756 5220 832 5287 ad
864 5219 1218 5300 Quirinales
1249 5219 1461 5286 Aedes
1510 5218 1816 5286 hodierna

234 5302 337 5380 die
383 5308 765 5393 coadunata,
813 5307 1172 5395 subscripto
1233 5306 1589 5376 secretario
1652 5308 1814 5375 refe·

233 5406 433 5479 rente,
485 5397 1011 5485 respondendum
1066 5397 1361 5463 censuit:
1411 5418 1449 5461 a
1484 5401 1660 5462 iuxta
1690 5398 1817 5464 Ru-

1924 438 2128 505 bricas
2177 448 2241 504 et
2286 437 2405 504 alia
2452 441 2743 524 Decreta,
2795 434 3147 506 faciendam
3209 451 3345 504 esse
3403 448 3515 503 ex-

1926 544 2207 614 pressam
2252 525 2940 596 commemorationem
2974 549 3036 590 ».
3209 552 3220 557 ·

2056 616 2264 701 Atque
2289 614 2373 681 ita
2400 615 2757 682 rescribere
2780 625 2910 681 rata
2937 625 3033 681 est
3056 634 3125 680 ac
3152 613 3512 682 declarare.

2057 703 2170 769 Die
2216 707 2300 771 27
2350 703 2675 770 Februarii
2727 707 2920 771 1847.

1932 842 2192 913 2945.
2361 845 2600 913 anem
2647 847 3084 912 sanamus.
3285 845 3511 933 (5090)

2053 972 2259 1047 Quum
2293 968 2673 1039 Sacerdotes
2703 968 3071 1057 cappellani
3106 970 3342 1057 Regiae
3375 974 3514 1039 Sar·

1922 1057 2136 1124 diniae
2181 1055 2451 1125 Marinae
2484 1074 2679 1145 grave
2719 1056 3063 1124 admodum
3100 1058 3515 1146 experiantur

1924 1146 1987 1212 in
2020 1145 2379 1228 itineribus,
2414 1156 2484 1212 ut
2518 1145 2893 1235 plurimum,
2930 1144 3255 1213 ferialibus
3286 1147 3515 1214 diebus

1919 1232 2241 1302 abstinere
2288 1233 2365 1299 ab
2409 1234 2744 1301 incruento
2792 1234 3010 1300 nissae
3057 1234 3377 1303 sacrificio
3409 1254 3515 1301 ce-

1922 1322 2267 1405 lebrando,
2321 1321 2589 1410 (namin
2635 1323 2836 1389 Festis
2892 1321 3138 1389 Missam
3184 1323 3516 1390 celebrare

1921 1410 2197 1476 assolent
2258 1411 2320 1477 in
2367 1409 2629 1477 sacellis
2689 1409 2914 1498 positis
2972 1412 3035 1478 in
3084 1411 3283 1477 latere
3329 1412 3514 1479 Navis

1919 1498 2425 1585 supernatantis,
2494 1497 2603 1565 ubi
2669 1501 2912 1567 Gemite
2961 1499 3151 1566 etiam
3198 1500 3515 1585 dormit);

1921 1586 2398 1655 Sanctissimum
2447 1587 2787 1655 Dominum
2850 1589 3148 1654 Nostrum
3205 1589 3384 1656 Pium
3432 1592 3514 1656 lX

1920 1673 2292 1742 Pontificem
2355 1675 2698 1743 Maximum
2759 1678 3024 1764 proprio
3087 1686 3151 1742 et
3212 1677 3512 1745 consoda-

1924 1763 2081 1830 lium
2122 1764 2382 1831 nomine
2429 1764 2673 1850 rogavit
2721 1764 3029 1832 sacerdos
3059 1764 3331 1832 Aloisius
3361 1767 3513 1832 Mel-

1921 1850 2062 1935 lini,
2110 1861 2183 1918 ut
2229 1853 2667 1938 Apostolicum
2705 1853 2980 1939 elargire
3012 1851 3391 1939 dignaretur
3422 1855 3516 1922 in-

1920 1940 2204 2025 dultum,
2256 1940 2434 2007 cuius
2477 1941 2700 2027 vigore
2747 1939 2901 2027 ipsis
2944 1941 3253 2029 deinceps
3304 1941 3512 2026 liceat,

1921 2029 2078 2095 dum
2128 2029 2192 2095 in
2231 2030 2463 2096 itinere
2496 2029 2812 2097 maritimo
2859 2041 3219 2114 versantur,
3271 2030 3514 2098 Missam

1917 2117 2186 2207 singulis
2233 2117 2462 2185 diebus
2523 2117 2854 2187 celebrare
2919 2119 2982 2186 in
3032 2119 3290 2207 proprio
3338 2118 3513 2186 cubi·

1921 2207 2095 2289 culo,
2144 2206 2253 2273 ubi
2302 2207 2384 2273 de
2433 2220 2622 2275 nocte
2670 2207 2957 2275 dormire
3004 2208 3378 2295 adiguntur.

2053 2298 2134 2361 Et
2185 2296 2492 2363 Sanctitas
2549 2299 2709 2381 Sua,
2771 2295 3098 2363 referente
3157 2295 3515 2384 subscripto

1922 2387 1991 2451 S.
2042 2388 2115 2450 R.
2167 2387 2243 2454 c.
2305 2384 2698 2454 secretario:
2762 2404 2803 2449 ι
2849 2388 2938 2450 De
2990 2384 3256 2475 speciali
3316 2383 3514 2470 gratia

1920 2471 2201 2556 benigne
2247 2473 2470 2541 annuit
2503 2473 2676 2540 iuxta
2721 2491 2981 2559 preces3
3015 2474 3269 2547 secluso
3301 2481 3515 2540 tamen

1921 2562 2093 2628 omni
2143 2560 2432 2648 periculo
2474 2573 2538 2628 et
2570 2561 2924 2628 dummodo
2970 2559 3228 2629 debitae
3273 2560 3513 2628 decen-

1924 2650 2047 2716 tiae
2078 2649 2274 2716 fuerit
2304 2650 2694 2719 consultum.
2732 2647 3075 2718 contrariis
3108 2668 3237 2716 non
3265 2648 3515 2716 obstan-

1925 2738 2092 2805 tibus
2138 2737 2652 2825 quibuscumque
2686 2761 2753 2806 ›.

2051 2826 2164 2893 Die
2213 2830 2254 2893 ὅ
2301 2826 2502 2895 Martii
2556 2832 2745 2896 1847.

1922 2967 2185 3040 2946.
2354 2970 3072 3038 sANcr1ssvsmN1.
3282 2968 3509 3059 (5001)

2048 3094 2256 3172 Quum
2314 3094 2912 3162 Reverendissimus
2969 3095 3318 3163 hodiernus
3363 3094 3515 3181 Epi-

1915 3201 2145 3269 scopus
2184 3183 2677 3249 Administrator
2717 3184 3038 3251 Ecclesiae
3072 3183 3281 3252 sancti
3316 3187 3511 3251 Seve-
3567 3213 3576 3224 ·

1919 3271 2043 3337 riui
2089 3270 2289 3358 probe
2338 3271 2688 3357 comperiat
2743 3272 2916 3338 iuxta
2964 3271 3111 3338 alias
3162 3271 3423 3339 decreta
3481 3295 3512 3338 a

1917 3362 2105 3427 Sacra
2148 3359 2412 3430 Rituum
2458 3358 2969 3462 c'ongregatione
3000 3360 3119 3427 sibi
3153 3369 3281 3427 0ῠο
3313 3361 3512 3428 1ἰοοι·0

1920 3448 1984 3515 in
2029 3447 2429 3516 solemnibus
2468 3451 2769 3535 vesperis
2813 3469 2882 3515 ac
2914 3449 3114 3515 Missis
3160 3449 3222 3514 in
3258 3449 3512 3536 pontifi·

1920 3536 2158 3603 calibus
2202 3536 2436 3603 sedere
2487 3537 2551 3603 in
2581 3537 2892 3605 cathedra
2941 3536 3061 3604 sub
3107 3536 3512 3621 baldachino,

1917 3643 2133 3710 neque
2164 3623 2405 3696 ibidem
2436 3625 2729 3692 assistere
2763 3626 2959 3693 Missis
3005 3644 3167 3712 quae
3215 3645 3334 3714 per
3361 3624 3515 3691 alios

1917 3714 2327 3781 celebrantur
2371 3733 2522 3782 cum
2569 3723 2792 3799 cantu,
2840 3715 2950 3782 sed
2999 3714 3065 3781 in
3112 3713 3323 3802 primo
3368 3733 3513 3781 casu

1914 3802 2008 3869 uti
2055 3801 2297 3869 debere
2343 3802 2697 3870 faldistorio
2745 3816 2812 3869 et
2857 3804 2924 3871 in
2952 3804 3240 3871 secundo
3278 3805 3512 3873 sedere

1918 3901 2164 3957 tantum
2201 3891 2267 3957 in
2299 3890 2574 3978 digniori
2615 3891 2806 3960 chori
2838 3893 3059 3972 stallo;
3113 3903 3323 3962 tamen
3370 3911 3513 3979 pro·

1915 3979 2069 4046 inde
2132 3979 2547 4047 imminuatur
2576 3981 2888 4067 splendor
2930 4000 3252 4049 sacrarum
3296 3999 3513 4047 caere-

1917 4066 2303 4150 moniarum,
2331 4069 2808 4139 sanctissimum
2836 4069 3177 4135 Dominum
3209 4071 3507 4138 Nostrum

1912 4157 2095 4223 Pium
2139 4160 2223 4225 IX
2268 4157 2644 4225 Pontificem
2690 4157 3032 4223 Maximum
3079 4158 3360 4244 supplex
3404 4157 3509 4225 ad·

1915 4244 2031 4310 ivit
2078 4244 2399 4331 enixeque
2449 4246 2719 4331 rogavit,
2769 4257 2841 4312 ut
2887 4245 2972 4313 de
3009 4245 3374 4332 Apostolica
3403 4245 3513 4313 be-

1913 4332 2224 4419 nignitate
2258 4333 2603 4421 indulgere
2635 4334 3035 4422 dignaretur,
3077 4342 3150 4400 ut
3183 4334 3348 4420 ipse,
3386 4346 3511 4401 tam

1915 4422 1982 4488 in
2026 4422 2502 4490 Pontificalibus
2558 4441 2749 4509 quam
2805 4422 2870 4489 in
2916 4422 3269 4491 assistentia
3313 4422 3511 4490 Missis

1913 4509 2307 4577 solemnibus
2361 4510 2629 4598 aliisque
2676 4510 3122 4578 ecclesiasticis
3173 4511 3513 4578 functioni-

1915 4598 2035 4665 bus
2094 4599 2492 4686 praestanda,
2549 4601 2780 4668 sedere
2833 4600 3042 4666 valeat
3089 4600 3151 4666 in
3197 4599 3510 4668 cathedra

1912 4687 2032 4753 sub
2079 4688 2480 4755 baldachino.

2050 4780 2128 4841 Et
2196 4776 2636 4844 sanctissimus
2666 4828 2682 4861 ,
2756 4778 3083 4845 referente
3150 4776 3395 4845 subscri
3448 4788 3510 4844 to

1914 4867 1981 4932 S.
2018 4869 2096 4930 R.
2131 4867 2201 4931 c.
2240 4866 2638 4932 secretario:
2688 4888 2726 4931 α
2757 4867 3037 4934 Attentis
3084 4864 3389 4954 peculiari
3440 4885 3514 4932 us

1914 4952 2405 5019 circumstantiis
2428 4973 2499 5020 ac
2524 4954 2900 5043 praesertim
2925 4955 3100 5041 quod
3133 4952 3513 5022 novissimus

1914 5038 2273 5140 Episcopus
2302 5041 2848 5109 renunciationem
2873 5044 3056 5111 Sedis
3089 5043 3398 5127 emiserit,
3426 5044 3512 5111 de

1915 5128 2180 5216 speciali
2227 5129 2424 5214 gratia
2455 5129 2521 5195 in
2559 5131 2935 5218 exemplum
2986 5150 3116 5199 non
3162 5130 3507 5218 afferenda,

1915 5218 2138 5284 annuit
2200 5219 2370 5284 iuxta
2417 5218 2713 5320 Episcopi
2761 5220 3305 5290 Administratoris
3364 5242 3510 5377 pfla-

1921 5325 2029 5373 ces
2073 5328 2137 5372 ›.
2204 5309 2551 5380 contrariis
2611 5327 2737 5376 non
2799 5308 3192 5378 obstantibus
3252 5310 3360 5395 qui
3451 5331 3510 5376 s-

1923 5415 2230 5483 cumque.
