4042 5950
1956 273 2434 353 -206-

555 429 775 497 chetto
834 439 902 498 et
960 440 1275 497 moaaetta
1338 448 1485 497 cum
1551 430 1805 519 caputio
1867 430 2135 498 violacei

555 517 812 584 coloris.
861 523 990 586 Hoc
1029 518 1377 617 privilegio
1423 518 1691 601 suffulti,
1744 529 2026 586 renuunt
2057 519 2135 586 ad

557 624 858 694 praesens
882 605 1334 693 Partncipantes
1363 606 1571 693 aliqua
1602 623 1944 694 peragere,
1972 625 2135 692 quae

554 704 701 758 ante
727 694 888 761 hanc
910 693 1388 761 concessionem
1412 695 1824 762 exercebant.
1844 696 2001 762 Hinc
2026 697 2137 761 ca-

553 780 836 866 pitulum
880 781 1208 849 Ecclesiae
1241 782 1656 867 cathedralis,
1704 782 1780 849 ad
1814 782 2137 850 stabilien-

556 871 712 937 dum
759 870 956 937 ritum
1008 888 1079 935 ac
1125 869 1530 956 disciplinam
1592 870 1657 937 in
1716 871 1926 939 choro
1988 889 2136 936 con·

557 957 856 1044 formem,
904 957 1238 1044 sequentia
1285 956 1477 1025 dubia
1508 960 1843 1026 Sacrorum
1875 959 2135 1026 Rituum

554 1045 1045 1132 congregationi
1094 1043 1473 1112 resolvenda
1518 1047 1893 1133 proposuit:

692 1138 751 1199 1.
803 1134 899 1199 An
945 1132 1100 1200 dicti
1145 1132 1622 1221 Participantes,
1660 1145 1994 1222 postquam
2045 1133 2137 1199 in-

556 1223 839 1290 duerunt
884 1222 1223 1288 rochetum
1258 1230 1324 1287 et
1355 1240 1619 1309 cappam
1650 1237 1967 1306 magnam,
2001 1221 2138 1287 sive

554 1311 681 1377 sint
727 1308 991 1375 Ministri
1037 1308 1115 1375 ad
1163 1308 1380 1377 Altare
1425 1311 1559 1376 sive
1606 1328 1761 1391 non,
1798 1319 2140 1376 teneantur

555 1416 760 1484 aequo
808 1396 1002 1464 modo
1047 1408 1191 1463 ante
1239 1400 1513 1464 Crucem
1561 1406 1628 1464 et
1672 1406 1819 1464 ante
1878 1396 2137 1481 Episco-

554 1504 738 1573 pum,
772 1504 1025 1552 necnon
1070 1484 1430 1552 assistentes
1476 1486 1543 1551 in
1587 1487 1794 1553 choro
1841 1485 1997 1552 dum
2043 1485 2138 1550 di-

557 1573 1069 1728 eiturPImmims
1116 1573 1179 1639 in
1238 1572 1412 1639 Missa
1472 1575 1787 1656 solemni,
1851 1572 2139 1660 genufle-

556 1672 736 1728 ctere

614 1773 623 1782 ·
689 1754 756 1817 2.
805 1754 899 1815 An
948 1749 1170 1835 iidem,
1221 1750 1375 1817 dum
1422 1749 1774 1838 Episcopus
1805 1750 1912 1817 dat
1944 1751 2139 1817 bene·

557 1837 932 1921 dictionem,
984 1838 1089 1902 vel
1139 1838 1202 1904 in
1248 1839 1521 1906 solemni
1572 1839 1787 1904 Missae
1819 1836 2142 1904 Sacrificio

558 1926 660 1990 vel
714 1923 775 1991 in
821 1923 1066 2008 officie,
1118 1936 1462 1994 teneantur
1506 1923 1998 2013 genuflectere?

655 2079 661 2086 .
691 2018 751 2080 3.
787 2019 884 2080 An
917 2023 1258 2080 teneantur
1286 2014 1550 2102 pariter,
1584 2014 1835 2101 quando
1866 2013 1931 2082 in
1961 2013 2136 2079 Missa

558 2102 975 2168 conventuali
1021 2102 1375 2170 canonicus
1420 2103 1525 2169 vel
1563 2121 1728 2171 unus
1789 2101 2141 2169 Hebdoma-

556 2189 772 2256 darius
816 2209 899 2255 ex
932 2188 1156 2256 iisdem
1190 2188 1415 2257 Partici
1463 2189 1710 2258 antibus
1742 2190 1808 2256 in
1840 2190 1970 2257 tine
2001 2190 2140 2256 Mis-

557 2297 662 2343 sae
710 2279 816 2345 dat
863 2276 1382 2345 benedictionem

691 2369 753 2432 4.
805 2366 900 2432 An
948 2364 1014 2431 in
1059 2364 1513 2433 benedictione
1574 2367 2011 2451 candelarum,
2061 2365 2142 2431 ci·

556 2472 787 2520 nerum
835 2464 900 2519 et
948 2473 1271 2520 ramorum
1319 2453 1657 2539 olivarum,
1706 2455 1840 2520 sive
1882 2454 2141 2541 Episco-

558 2561 676 2632 pus
721 2542 856 2608 sive
901 2541 1254 2607 Canonicus
1286 2541 1595 2625 celebret,
1631 2550 1971 2609 teneantur
2000 2545 2139 2608 Par·

561 2631 892 2715 ticipantes
957 2628 1398 2713 genuflectere
1446 2642 1511 2694 et
1558 2649 1704 2696 cum
1754 2631 1971 2696 osculo
2012 2649 2140 2695 ma-

556 2738 702 2800 nuS,
751 2715 1110 2802 candelam,
1160 2715 1411 2784 cineres
1454 2729 1522 2784 et
1567 2736 1772 2784 ramos
1825 2719 2138 2786 olivarum

558 2803 897 2893 recipere?

690 2898 757 2961 δ.
805 2897 901 2960 An
959 2891 1184 2980 iidem,
1247 2905 1389 2984 post
1447 2894 1705 2962 obtenta
1761 2893 2056 2983 insignia,
2105 2916 2137 2961 a

558 2983 871 3071 gerendo,
908 2992 978 3050 ut
1012 2984 1209 3071 prius,
1248 2983 1573 3051 thuribulo
1606 3005 1674 3051 ac
1708 2983 1918 3051 officio
1961 3003 2141 3050 cero-

557 3071 766 3137 ferarii
816 3073 879 3138 in
925 3071 1341 3139 conventuali
1388 3072 1513 3138 sint
1559 3068 1894 3159 exempti?

596 3199 610 3210 ·
689 3165 753 3227 6.
804 3162 935 3226 Mos
979 3170 1078 3227 est
1125 3161 1187 3227 in
1235 3160 1595 3228 Cathedrali
1642 3172 1713 3227 ut
1761 3160 1950 3227 etiam
1995 3164 2137 3227 Par·

559 3247 894 3336 ticipantes
960 3247 1023 3313 in
1068 3248 1341 3315 solemni
1406 3250 1633 3315 SSffiae
1704 3248 2140 3316 Eucharistiae

556 3336 989 3421 processione,
1039 3355 1199 3423 quae
1247 3337 1318 3404 fit
1365 3335 1430 3403 in
1476 3341 1659 3403 Festo
1709 3348 1774 3404 et
1821 3338 1886 3403 in
1921 3347 2140 3403 octava

556 3423 855 3514 corporis
899 3425 1158 3508 christi,
1209 3425 1510 3492 incedant
1558 3444 1706 3492 cum
1753 3425 2007 3492 Planeta
2036 3445 2140 3491 su·

556 3530 677 3599 per
722 3510 971 3578 Albam.
1032 3513 1408 3590 Quaeritur:
1466 3518 1561 3579 An
1619 3514 1845 3601 vigore
1904 3511 2136 3579 indulti
2185 3586 2196 3595 .

557 3599 826 3688 possint,
860 3601 938 3665 ab
968 3600 1366 3667 observantia
1406 3601 1800 3684 recedendo,
1837 3600 2140 3669 incedere

559 3707 706 3755 cum
732 3686 983 3753 Planeta
1008 3707 1136 3755 non
1160 3687 1433 3777 amplius
1457 3707 1653 3777 super
1676 3690 1923 3773 Albam,
1946 3698 2139 3775 prout

558 3774 894 3864 gerebant,
928 3773 1040 3841 sed
1073 3793 1271 3862 super
1302 3775 1663 3844 rochettum
1694 3777 1770 3844 ad
1805 3777 2000 3844 instar
2028 3778 2141 3842 Ca·

558 3861 961 3946 nonicorum,
1010 3864 1117 3930 vel
1156 3882 1303 3930 cum
1348 3883 1544 3951 cappa
1592 3876 1657 3930 et
1705 3861 2042 3931 rochetto?

689 3956 771 4018 Et
830 3952 899 4017 8.
946 3956 1024 4018 R.
1080 3955 1182 4035 c.,
1234 3971 1303 4019 re
1347 3962 1596 4019 mature
1659 3952 2138 4040 diligenterque

559 4041 862 4124 discussa,
911 4040 1221 4126 exquisita
1268 4040 1447 4128 prius
1504 4040 1819 4107 sententia
1876 4039 2139 4108 alterius

560 4150 642 4197 ex
686 4128 1192 4215 Apostolicarum
1235 4127 1788 4196 caeremoniarum
1834 4128 2142 4214 Magistris

558 4218 809 4305 scriptis
855 4217 1107 4304 vulgata
1155 4216 1506 4304 praeloque
1551 4234 1721 4299 cusa,
1754 4235 1824 4282 ac
1856 4220 2137 4284 Ponente

562 4310 721 4372 Eme
768 4316 835 4371 et
865 4309 1024 4373 Rmo
1055 4305 1323 4373 Domino
1355 4304 1541 4372 card.
1578 4307 1765 4370 Petro
1809 4305 2140 4370 Francisco

559 4392 804 4493 Gallefii
854 4392 1168 4481 Episcopo
1201 4392 1566 4475 Albanensi,
1609 4392 2137 4479 respondendum

559 4490 849 4548 censmt:

693 4568 789 4637 Ad
844 4574 905 4635 1.
952 4592 991 4635 ‹
1029 4568 1423 4638 Affirmative
1464 4569 1532 4635 in
1563 4568 1861 4637 omnibus
1891 4590 1957 4634 ιι.

691 4659 786 4724 Ad
837 4661 901 4725 2.
941 4664 1007 4728 3.
1043 4670 1109 4726 et
1143 4664 1205 4726 4.
1257 4678 1295 4722 α
1326 4657 1720 4725 Affirmative
1755 4678 1815 4724 ιν.

691 4746 787 4813 Ad
838 4751 903 4813 ὅ.
951 4768 989 4812 α
1013 4747 1352 4835 Negative;
1403 4757 1468 4813 et
1500 4746 1655 4814 dum
1684 4746 2041 4814 ministrant
2075 4746 2137 4812 in

561 4834 771 4901 officio
821 4835 1206 4902 thuriferarii
1255 4845 1322 4902 et
1379 4833 1777 4918 ceroferarii,
1825 4835 2141 4922 superim-

560 4930 797 5007 ponant
865 4923 1027 4989 vesti
1105 4924 1276 4990 talari
1354 4923 1682 4990 dumtaxat
1756 4922 2141 5011 superpelli-

564 5026 751 5077 ceum
788 5029 852 5077 ιν.
1274 5040 1281 5048 ·

697 5100 786 5167 ad
836 5105 898 5166 6.
951 5122 990 5165 a
1020 5098 1326 5188 Negative
1372 5099 1436 5165 in
1484 5099 1776 5167 omnibus
1808 5119 1870 5164 ιν.

693 5193 904 5274 Atque
951 5190 1035 5255 ita
1081 5187 1373 5254 decrevit
1419 5199 1484 5253 et
1529 5208 1562 5252 a
1607 5186 1955 5274 praedictis
2001 5190 2141 5252 Par-

563 5275 978 5367 ticipantibus
1018 5276 1257 5343 servari
1304 5275 1654 5343 mandavit.
1707 5276 1816 5340 Die
1854 5277 1931 5342 12
1960 5275 2144 5362 Apri·
2179 5340 2184 5349 ,

560 5365 643 5433 tis
695 5369 887 5435 1823.

2239 430 2497 499 2626.
2865 430 3207 500 NOLANA.
3594 432 3810 518 (11108)

2367 605 3060 694 Deficienteprincipe
3105 610 3379 674 Patrono
3430 610 3670 697 Oppidi
3717 613 3811 678 cui

2232 713 2471 762 nomen
2515 713 2549 759 a
2594 697 2659 761 S.
2713 696 3028 763 Anastasia
3077 696 3141 761 in
3201 695 3480 764 Dioecesi
3546 699 3811 783 Nolana,

2234 781 2424 851 huius
2468 782 2691 850 clerus
2721 793 2788 849 et
2818 784 3099 869 populus
3139 783 3471 851 innumera
3512 803 3684 872 pene
3716 786 3814 851 be-

2235 870 2459 938 neficia
2491 869 2927 937 intercessioni
2951 873 3015 938 S.
3042 870 3355 938 Francisci
3378 872 3638 940 xaverii
3661 876 3815 940 con-

2237 957 2492 1026 fessoris
2522 976 2557 1022 e
2590 957 2904 1025 societate
2944 963 3089 1026 Iesu
3119 959 3409 1027 referens
3439 970 3731 1047 accepta,
3752 972 3816 1026 nt

2238 1045 2398 1133 grati
2444 1063 2595 1132 erga
2642 1046 2947 1114 eumdem
2994 1046 3186 1114 animi
3235 1065 3526 1147 perenne
3598 1066 3817 1115 monu-

2236 1145 2529 1201 mentum
2574 1133 2978 1218 exhiberent,
3026 1135 3146 1202 sub
3204 1135 3315 1201 dte
3365 1140 3444 1206 19
3489 1135 3635 1202 nati
3683 1136 3816 1202 anni

2241 1225 2435 1304 1822,
2484 1220 2560 1287 ad
2608 1218 2896 1289 eiusdem
2943 1223 3327 1290 electionem
3375 1224 3441 1290 in
3478 1227 3815 1291 Patronum

2241 1309 2652 1399 principalem
2711 1309 3158 1393 devenerunt,
3221 1313 3444 1378 Sacrae
3496 1329 3673 1378 nunc
3724 1312 3819 1378 tti-

2240 1410 2422 1463 tuum
2453 1401 2540 1465 co
2632 1397 2940 1484 regationi
2978 1419 3053 1465 su
3100 1396 3411 1485 plicantes
3441 1419 3559 1488 pro
3595 1398 3819 1466 confir·

2238 1484 2512 1552 matione
2556 1506 2593 1551 e
2621 1485 2909 1570 ectionis,
2946 1495 3012 1551 et
3065 1486 3339 1553 acultate
3377 1487 3612 1572 agendi
3647 1506 3819 1575 prae-

2237 1573 2437 1642 tatum
2498 1579 2748 1640 Festum
2792 1574 2913 1641 sub
2957 1584 3233 1659 utroque
3278 1584 3629 1661 praecepto
3679 1592 3819 1641 cum

2237 1660 2454 1728 Officio
2501 1673 2566 1729 et
2610 1660 2783 1728 Missa
2830 1661 2951 1727 sub
2995 1660 3123 1728 ritu
3168 1662 3352 1748 dupl.
3390 1663 3638 1747 primae
3671 1664 3819 1728 clas·

2238 1749 2321 1815 sis
2367 1767 2518 1816 cum
2564 1761 2801 1835 octava,
2843 1749 3205 1835 ceterisque
3252 1750 3717 1836 praerogativis
3761 1760 3821 1816 et

2237 1836 2594 1924 privilegiis
2615 1838 2979 1925 praecipuis
3014 1840 3329 1904 Locorum
3361 1838 3647 1903 Patronis
3676 1857 3821 1904 con·

2243 1924 2674 1992 venientibus.

2372 2015 2451 2078 Et
2481 2015 2550 2081 S.
2574 2015 2653 2079 P..
2675 2018 2777 2098 c.,
2808 2013 3077 2100 singulis
3115 2012 3266 2080 actis
3297 2014 3692 2080 electionem
3724 2032 3820 2079 re·

2238 2100 2653 2188 spicientibus
2698 2112 2943 2168 mature
2990 2102 3349 2188 perpensis,
3384 2121 3454 2168 ac
3493 2101 3822 2168 referente

2243 2194 2401 2255 Emo
2433 2198 2500 2254 et
2544 2192 2711 2257 Rmo·
2749 2190 3013 2256 Domino
3060 2191 3247 2256 card.
3296 2191 3461 2257 Naro
3507 2192 3820 2273 Ponente,

2242 2277 2492 2345 cens'uit
2543 2277 3061 2345 rescribendum:
3109 2298 3148 2341 ‹
3181 2279 3298 2343 Pro
3346 2277 3544 2365 gratia
3594 2278 3822 2344 contir-

2242 2365 2560 2445 mationis;
2595 2375 2659 2432 et
2688 2367 2763 2432 ad
2798 2374 3084 2432 mentem
3111 2388 3175 2431 ».
3210 2368 3385 2432 Mens
3411 2375 3630 2432 autem
3667 2366 3821 2433 fuit:

2241 2475 2280 2518 a
2312 2452 2488 2533 Quod
2526 2458 2784 2520 Festum
2815 2463 3134 2554 perpetuo
3168 2454 3232 2520 in
3263 2463 3629 2541 posterum,
3670 2463 3823 2520 tam-

2241 2561 2429 2627 quam
2482 2541 2545 2608 in
2592 2541 2696 2607 die
2743 2560 3021 2629 propria,
3069 2540 3443 2608 celebretur
3489 2540 3554 2607 in
3600 2542 3824 2609 ultima

2242 2640 2386 2719 post
2431 2633 2849 2697 Pentecosten
2880 2629 3231 2709 Dominica;
3278 2629 3398 2696 nisi
3427 2629 3823 2711 ordinarius,

2242 2719 2488 2786 utendo
2545 2715 2941 2783 facultatibus
2986 2718 3304 2785 concessis
3347 2718 3416 2784 in
3457 2718 3648 2784 Brevi
3697 2718 3826 2785 diei

2249 2810 2329 2872 15
2357 2806 2645 2874 Octobris
2681 2808 2848 2871 1818
2879 2805 3143 2891 eiusque
3187 2813 3433 2872 servata
3465 2805 3698 2890 forma,
3735 2805 3826 2870 in·

2241 2893 2505 2983 dulgeat
2553 2904 2622 2961 ut
2661 2913 2692 2959 a
2725 2893 2979 2983 propria
3024 2893 3193 2961 Sede
3238 2912 3367 2962 non
3413 2903 3823 2971 amoveatur;

2243 2994 2308 3049 et
2353 2993 2664 3070 quatenus
2712 2982 2812 3049 hic
2855 2983 2989 3049 dies
3033 2981 3269 3050 incidat
3315 2983 3379 3048 in
3424 2982 3752 3048 Dominica
3792 2984 3819 3046 1

2242 3070 2599 3154 Adventus,
2637 3070 3044 3147 transferatur
3076 3069 3247 3136 iuxta
3279 3069 3585 3138 Rubricas
3608 3092 3672 3134 ιι.
3714 3070 3824 3136 Die

2247 3163 2327 3224 12
2374 3158 2610 3245 Aprilis
2662 3162 2854 3226 1823.

2370 3251 2550 3314 Facta
2597 3257 2813 3314 autem
2843 3247 2927 3312 de
2959 3245 3347 3333 praemissis,
3389 3247 3500 3313 die
3540 3250 3621 3311 15
3653 3247 3825 3313 eius-

2243 3333 2391 3403 dem
2440 3336 2669 3401 mensis
2716 3346 2781 3401 et
2824 3335 2994 3418 anni,
3038 3336 3231 3402 88ῶο
3281 3333 3545 3402 Domino
3593 3337 3824 3400 Nostro

2241 3421 2347 3488 Pio
2409 3425 2512 3489 Vll
2581 3427 2757 3489 Pont.
2822 3427 2984 3489 Max.
3049 3440 3168 3509 per
3232 3421 3662 3491 secretarium
3733 3424 3825 3489 in-

2242 3508 2645 3599 frascriptum
2691 3510 3036 3589 relatione;
3086 3510 3393 3578 Sanctitas
3424 3512 3544 3577 Sua
3575 3510 3825 3578 Rescri-

2241 3612 2424 3683 ptum
2473 3610 2540 3666 et
2586 3607 2870 3666 mentem
2917 3602 2983 3664 8.
3019 3601 3090 3664 c.
3141 3599 3513 3687 approbavit
3560 3608 3625 3664 et
3672 3618 3823 3665 con-

2243 3688 2540 3756 firmavit.

2245 3828 2498 3897 2627.
2749 3827 3309 3895 RAVENNATEN.
3591 3824 3817 3913 (4597)

2371 3953 2885 4040 netropolitanae
2910 3950 3232 4019 Ecclesiae
3257 3956 3694 4019 Ravennaten.
3711 3955 3824 4020 ca-

2242 4042 2481 4126 nonici,
2513 4040 2669 4107 dum
2713 4039 3269 4127 Archipraesulem
3316 4060 3351 4105 a
3381 4037 3640 4127 propria
3667 4040 3822 4105 resi—

2242 4130 2460 4198 dentia
2506 4128 2581 4193 ad
2625 4127 2801 4195 illam
2848 4128 2951 4193 vel
2997 4127 3181 4194 aliam
3231 4126 3578 4193 Ecclesiam
3626 4127 3823 4193 comi·

2239 4229 2477 4299 tantur,
2532 4215 2662 4283 bini
2710 4225 2851 4303 post
2896 4214 3502 4303 archiepiscopalem
3549 4217 3824 4280 crucem

2242 4316 2387 4372 ante
2413 4305 2620 4404 ipsum
2645 4302 3215 4403 Archiepiscopum
3243 4302 3569 4369 incedunt.
3592 4302 3825 4387 Vigen-

2243 4394 2319 4461 tis
2342 4395 2531 4463 huius
2559 4390 3037 4458 consuetudinis
3064 4399 3389 4476 ignoratur
3412 4409 3672 4477 prorsus
3698 4389 3826 4455 ori-

2242 4501 2363 4571 go;
2413 4480 2490 4546 ad
2538 4498 2726 4566 quam
2781 4478 3264 4560 eliminandam,
3312 4488 3540 4564 utpote
3592 4481 3824 4544 caere·

2240 4568 2496 4638 moniali
2546 4566 3010 4655 Episcoporum
3067 4564 3181 4633 lib.
3231 4570 3290 4649 1,
3327 4585 3466 4666 cap.
3525 4569 3631 4648 15,
3680 4566 3720 4648 5
3753 4569 3821 4649 2,

2245 4670 2310 4726 et
2357 4658 2470 4724 lib.
2511 4662 2577 4740 3,
2614 4672 2752 4740 cap.
2810 4658 2913 4737 10,
2954 4656 2993 4739 g
3028 4657 3092 4739 2,
3144 4664 3544 4736 contrariam,
3593 4651 3824 4719 institit

2242 4747 2589 4814 modernus
2630 4741 3200 4828 Archiepiscopus:
3257 4742 3560 4809 canonici
3607 4750 3824 4807 tamen

2242 4834 2634 4902 recensitum
2666 4830 2762 4897 ius
2792 4830 2908 4897 sibi
2943 4829 3264 4896 vindicant
3295 4828 3695 4916 acquisitum.
3730 4833 3822 4895 Re

2244 4924 2457 5008 itaque
2505 4916 2786 4988 unanimi
2829 4917 3307 5005 Archiepiscopi
3355 4929 3420 4984 et
3478 4916 3821 4989 canonicoff

2243 5029 2388 5077 rum
2435 5027 2746 5076 consensu
2791 5007 2872 5074 ad
2917 5010 2983 5074 S.
3035 5008 3112 5071 R.
3160 5009 3234 5073 c.
3267 5006 3501 5089 delata,
3547 5022 3824 5090 sequens

2244 5097 2514 5165 dubium
2545 5116 2742 5185 super
2774 5093 3139 5161 huiusmodi
3172 5091 3638 5162 consuetudine
3672 5112 3822 5159 eno·

2243 5186 2526 5254 dandum
2557 5185 2954 5272 propositum
2990 5183 3135 5264 luit,
3169 5182 3511 5249 videlicet:
3547 5186 3644 5246 An
3675 5198 3819 5246 con-

2245 5275 2549 5356 suetudo,
2596 5291 2720 5356 qua
2765 5268 3057 5339 Canonici
3091 5275 3597 5338 Ravennatenses
3636 5268 3698 5334 in
3729 5289 3820 5334 as-

2243 5363 2585 5429 sociatione
2631 5357 3106 5447 Archiepiscopi
3154 5357 3233 5424 ab
3262 5358 3401 5425 eius
3430 5360 3574 5427 aula
3600 5356 3678 5423 ad
3709 5360 3822 5423 Ec·
