4042 5950
2016 277 2120 293 —
2182 233 2347 362 172·
2385 277 2488 293 -

616 413 804 461 usum
863 395 1125 479 mitrae,
1184 393 1623 479 palmatoriam'
1680 392 2022 475 adhibere,
2083 391 2199 456 nisi

613 482 979 569 Apostolico
1011 480 1353 569 privilegio
1387 480 1735 564 donentur,
1764 479 1869 547 vel
1906 481 2028 547 hoc
2061 499 2202 567 per-

613 571 830 637 sonale
873 569 980 654 sit,
1030 570 1133 636 vel
1182 569 1448 657 Corpori
1495 569 1676 636 cuius
1724 568 2007 635 membra
2055 577 2202 633 sunt

614 659 1037 744 attributum3
1090 657 1169 724 ita
1220 670 1432 725 tamen
1467 666 1542 723 ut
1586 676 1712 724 non
1744 656 1933 723 aliter
1979 675 2057 722 eo
2105 656 2200 721 uti

604 739 889 832 possint,
946 765 1137 832 quam
1195 746 1461 813 servatis
1522 745 1717 812 modo
1764 755 1829 811 et
1884 745 2082 811 forma
2111 764 2200 820 ,ac

613 853 763 900 cum
795 832 1275 902 limitationibus
1309 843 1374 901 et
1407 832 1879 900 conditionibus
1925 833 1989 900 in
2037 824 2201 919 Apo-

611 923 831 989 stolica
880 923 1286 989 concessione
1335 921 1740 1010 praescriptis
1771 944 1834 988 ι.

746 1015 810 1077 2.
862 1031 901 1074 ‹
933 1011 1353 1097 Dignitatibus
1395 1031 1546 1076 vero
1597 1020 1662 1076 et
1708 1009 2059 1094 canonicis,
2112 1021 2204 1075 et·

616 1098 790 1165 iamsi
847 1099 1163 1185 gaudeant
1225 1099 1473 1166 indulto
1531 1097 1865 1166 deferendi
1936 1117 2200 1185 cappam

615 1196 682 1253 et
714 1188 1103 1271 rochettum,
1142 1198 1269 1253 tam
1316 1187 1380 1253 in
1425 1185 1681 1273 propria
1729 1204 1919 1271 quam
1951 1186 2015 1251 in
2048 1185 2198 1251 alie·

614 1274 710 1340 nis
756 1274 1080 1358 EcclesiiS,
1128 1275 1492 1343 huiusmodi
1542 1284 1757 1339 tamen
1797 1274 2202 1359 aliorumque

613 1362 1086 1430 Canonicalium
1106 1363 1446 1450 insignium
1469 1380 1658 1429 usum
1680 1375 1857 1428 extra
1878 1381 1994 1450 pro
2048 1363 2201 1428 riam

611 1450 961 1517 Ecclesiam
997 1451 1243 1517 licitum
1276 1470 1411 1517 esse
1443 1451 1775 1518 dumtaxat
1808 1471 1928 1537 qua
2025 1470 2062 1514 o
2106 1471 2202 1517 ca-

617 1539 1369 1627 pitulariter.incedunt,
1416 1540 1522 1606 vel
1570 1537 1862 1605 assistunt
1912 1549 1974 1604 et
2021 1559 2204 1626 pera-

616 1638 779 1715 gunt
822 1647 1023 1693 sacras
1057 1626 1412 1694 functiones
1442 1643 1461 1707 ;
1509 1645 1640 1694 non
1682 1639 1896 1694 autem
1928 1629 1979 1694 si
2014 1627 2208 1693 inter-

557 1744 567 1758 ·
616 1716 743 1782 sint
802 1714 893 1782 uti
948 1714 1208 1800 singuli,
1261 1715 1377 1781 nisi
1439 1716 1712 1803 speciale
1758 1715 2201 1803 privilegium,

617 1803 860 1870 nedum
926 1802 1290 1887 Collegium
1357 1807 1901 1892 comprehendat,
1976 1822 2204 1870 verum

618 1891 811 1957 etiam
855 1892 1287 1979 singulariter,
1323 1904 1389 1958 et
1434 1893 1734 1960 distincte
1780 1892 1858 1959 ad
1904 1910 2207 1979 personas

620 1979 1008 2047 extendatur
1039 2001 1104 2045 ιι.

749 2072 826 2134 Et
851 2067 934 2136 ita
957 2069 1327 2155 declaravit,
1354 2069 1649 2137 decrevit
1674 2082 1739 2137 et
1763 2069 2003 2136 servari
2031 2087 2206 2135 man-

611 2143 815 2240 davit,
853 2157 903 2223 si
951 2160 1143 2225 88ῶο
1179 2157 1533 2225 videbitur.
1565 2160 1680 2224 Die
1714 2163 1795 2226 31
1831 2159 1966 2224 Maii
2008 2160 2201 2225 1817.

750 2248 929 2312 Facta
976 2256 1191 2311 autem
1235 2246 1548 2313 relatione
1594 2265 1712 2334 per
1758 2266 1862 2312 me
1895 2245 2208 2313 infrascri-

616 2346 800 2422 ptum
852 2334 1282 2403 secretarium
1328 2335 1409 2401 de
1456 2335 1817 2420 praemissis
1864 2337 2056 2401 Ssmo
2088 2337 2208 2399 Do-

619 2422 791 2489 mino
839 2423 1065 2489 Nostro
1111 2421 1215 2488 Pio
1249 2425 1352 2490 Vll
1399 2426 1579 2504 Pont.
1624 2427 1815 2506 Max„
1864 2422 1974 2488 die
2022 2427 2063 2489 4
2109 2425 2207 2488 lu-

618 2511 707 2579 nii
757 2509 1047 2578 eiusdem
1091 2510 1263 2593 anni,
1314 2512 1619 2577 Sanctitas
1666 2513 1787 2577 Sua
1834 2514 2059 2578 Sacrae
2106 2509 2209 2578 Ri-

618 2610 801 2674 tuum
857 2596 1380 2687 congregationis
1440 2602 1786 2666 Decretum
1846 2598 2208 2687 Apostolica

617 2685 1103 2786 confirmatione
1149 2684 1494 2771 munitum,
1534 2687 1699 2775 typis
1732 2688 1891 2754 tradi
1925 2707 1995 2753 ac
2029 2688 2226 2772 evol-2

623 2795 757 2863 gari
806 2774 1010 2842 iussit.

622 2916 888 2989 2580.
1276 2889 1557 2986 AsTEN.
1675 2988 1689 2999 ,
1977 2918 2200 3008 (4540)

751 3042 1042 3131 Aloysius
1116 3041 1379 3110 Biandra
1457 3046 1763 3113 Sacerdos
1834 3042 2209 3127 Taurinou„

620 3132 775 3199 olim
843 3131 1198 3200 canonicus
1274 3131 1605 3218 Regularis
1678 3144 1745 3198 et
1813 3152 1931 3221 per
2004 3136 2207 3199 Breve

619 3241 675 3287 s.
724 3240 816 3287 m.
866 3220 951 3286 Pii
1001 3225 1202 3307 Papae
1248 3223 1328 3287 vt
1376 3221 1581 3288 Abbas
1637 3230 1995 3307 perpetuus
2053 3225 2215 3289 Con-

620 3307 1009 3396 gregationis
1039 3309 1476 3375 Lateranensis
1510 3329 1655 3376 cum
1690 3308 1985 3375 omnibus
2018 3308 2215 3398 privi-

625 3396 808 3483 legiis
860 3395 1208 3463 Abbatibus
1260 3396 1815 3481 competentibus,
1876 3416 2044 3463 nunc
2098 3400 2212 3461 Ar-

621 3484 1069 3572 cbipre‘sbyter
1099 3484 1421 3550 Ecclesiae
1450 3485 1827 3573 parochialis
1860 3486 2218 3553 antedictae

620 3591 1000 3660 suppressae
1046 3572 1573 3659 congregationis
1620 3574 1741 3639 loci
1791 3577 1980 3641 Neine
2030 3573 2214 3640 Dioe-

622 3660 780 3726 cesis
827 3666 1075 3743 Asten„
1125 3661 1449 3748 supplices
1498 3662 1786 3748 porrexit
1834 3681 2063 3749 preces
2098 3680 2209 3747 pe-

623 3767 736 3815 nes
784 3751 851 3815 S.
878 3753 954 3816 R.
981 3751 1084 3832 C.,
1120 3761 1437 3833 quatenus
1484 3751 1808 3817 declarare
1840 3751 2218 3837 dignaretur

625 3834 743 3903 sibi
792 3837 988 3903 licere
1036 3838 1097 3904 in
1146 3837 1591 3904 ecclesiasticis
1655 3840 2216 3906 eiusdem.Paroe-

626 3927 761 3992 ciae
800 3925 1233 3993 functionibus
1262 3927 1351 3993 uti
1388 3926 1817 3995 Abbatialibus
1866 3925 2220 4014 privilegiis

624 4016 692 4081 in
723 4014 1089 4080 memoratis
1124 4013 1352 4081 Litoris
1386 4016 1733 4104 expressis,
1767 4034 1897 4081 non
1928 4015 2220 4081 obstante

625 4114 894 4190 sequuta
940 4102 1147 4170 dictae
1181 4101 1706 4189 congregationis
1736 4105 2217 4190 suppressione,

628 4191 982 4259 dummodo
1028 4211 1156 4259 non
1204 4192 1368 4260 adsit
1414 4192 1796 4280 Episcopus.

760 4286 838 4346 Et
899 4282 965 4345 S.
1016 4283 1095 4346 R.
1143 4282 1241 4364 C.,
1308 4280 1636 4347 referente
1703 4285 1860 4345 Elim
1926 4291 1992 4345 et
2061 4284 2217 4346 Rrho

628 4374 811 4437 Dom.
860 4368 1173 4435 Cardinali
1221 4367 1646 4456 Cacciapiatti,
1691 4369 2220 4456 respondendum

628 4457 925 4526 censuit:
977 4478 1014 4520 σι
1050 4459 1389 4544 Negative3
1443 4468 1507 4522 et
1555 4456 2025 4523 consulendum
2074 4460 2224 4524 San-

631 4545 907 4614 ctissimo
938 4565 1059 4632 pro
1092 4566 1208 4613 usu
1245 4546 1560 4633 personali
1607 4554 1988 4627 mezzettae,
2023 4545 2101 4612 ad
2130 4544 2226 4611 in-

631 4648 760 4702 star
782 4635 1053 4702 aliorum
1078 4636 1504 4703 Parochorum
1526 4656 1591 4700 7».
1616 4634 1730 4700 Die
1756 4637 1836 4701 31
1863 4634 1996 4699 Mali
2031 4637 2226 4700 1817.

763 4728 941 4789 Facta
967 4736 1183 4790 autem
1215 4743 1335 4810 per
1360 4742 1464 4789 me
1497 4721 1971 4807 infrascriptum
2004 4726 2229 4790 Secre-

632 4812 864 4880 tarium
896 4812 982 4878 de
1013 4811 1375 4899 praemissis
1417 4814 1610 4879 88ῶο
1643 4815 1826 4877 Dom.
1862 4813 2091 4877 Nostro
2128 4832 2225 4876 re-

631 4900 893 4983 latione,
946 4900 1249 4967 Sanctitas
1288 4902 1408 4967 Sua
1446 4903 1670 4967 Sacrae
1702 4900 2230 4988 Congregationis

630 5004 890 5056 sensum
941 4987 1242 5072 laudavit,
1277 4988 1719 5074 concessitque
1768 4988 2236 5143 Archipresby-

638 5088 777 5142 tero
825 5075 1059 5142 oratori
1110 5075 1172 5140 in
1218 5075 1515 5142 omnibus
1571 5076 1963 5165 parochialib
2012 5098 2042 5142 s
2091 5078 2232 5144 fun·

635 5164 953 5232 ctionibus
1000 5181 1188 5229 usum
1234 5172 1589 5231 mozzettae
1627 5168 1986 5249 dumtaxat,
2040 5166 2232 5231 instar

634 5250 907 5319 aliorum
953 5251 1409 5335 parochorum,
1454 5252 1785 5319 contrariis
1818 5272 1947 5320 non
1980 5254 2233 5320 obstan-

638 5340 805 5410 tibus
850 5342 1387 5428 quibuscumque.
1441 5340 1553 5407 Die
1600 5345 1641 5407 4
1690 5339 1848 5405 lunii
1904 5344 2095 5408 1817.

2306 395 2558 464 2581.
2811 394 3372 460 NEAPOLlTANA.
3654 393 3880 478 (4543)
3907 399 3924 408 ‘

2439 569 2603 639 Alias
2648 569 2767 637 sub
2831 570 2938 636 die
2992 581 3167 636 sexta
3227 568 3362 636 uait
3410 569 3680 636 labentis
3742 569 3886 635 anni

2305 659 2380 726 ad
2430 660 2709 728 humiles
2753 678 2981 745 preces
3019 657 3380 726 Sacerdotis
3408 655 3706 742 Gregorii
3737 660 3886 743 Spe·

2307 750 2445 816 roni
2482 746 2873 830 caudatam,
2924 759 2990 813 et
3034 748 3110 814 ab
3158 746 3381 814 intimo
3439 746 3694 812 Sacello
3743 748 3888 811 San·

2306 837 2564 906 ctissimi
2626 836 2873 904 Domini
2919 836 3127 902 Nostri
3176 834 3263 902 Pii
3311 837 3413 901 Vll
3460 838 3643 900 Pont.
3698 837 3886 915 Max„

2307 926 2714 992 postulaturis
2774 945 2996 991 causae
3057 923 3219 991 Ven.
3273 926 3506 989 Sorvae
3573 922 3685 987 Dei
3751 924 3886 988 Sor.

2305 1015 2532 1080 nai-iae
2577 1013 2942 1079 Franciscae
2986 1033 3020 1078 a
3068 1010 3456 1080 Vulneribus
3504 1013 3582 1076 D.
3619 1012 3697 1075 N.
3736 1014 3784 1076 1.
3819 1012 3886 1076 C.
3991 1093 3992 1100 ἵ

2305 1102 2647 1168 Tertiariae
2683 1100 3008 1167 Professae
3037 1100 3287 1167 Ordinis
3318 1101 3638 1164 Minorum
3687 1096 3894 1164 excal-
3991 1109 3992 1180 ζ

2306 1201 2634 1257 ceatorum
2683 1193 2749 1255 S.
2784 1189 2952 1255 Petri
3012 1191 3093 1256 de
3152 1188 3478 1255 Alcantara
3531 1184 3891 1251 Provinciae
3991 1199 3992 1222 ³

2309 1278 2635 1366 NeapoliS,
2697 1277 2922 1343 eadem
2984 1278 3291 1346 Sanctitas
3346 1277 3467 1341 Sua
3515 1272 3887 1359 rescripsit:

2307 1366 2654 1451 Dignitates
2699 1377 2766 1431 et
2812 1364 3185 1450 Canonicos,
3221 1362 3330 1450 qui
3371 1362 3438 1429 in
3484 1361 3762 1429 Givitate
3793 1362 3887 1426 vel

2307 1454 2589 1520 Dioecesi
2623 1453 3029 1606 Neazolitana
3065 1451 3465 1540 Apostolioae
3498 1448 3891 1534 inquisitioni

2307 1562 2504 1628 super
2551 1543 2768 1608 virtuti
2817 1560 2892 1608 us
2940 1553 3004 1607 et
3062 1539 3377 1607 miraculis
3427 1539 3489 1605 in
3536 1537 3762 1624 specie
3807 1536 3894 1603 di-

2305 1641 2443 1696 ctae
2491 1634 2656 1699 Ven.
2692 1634 2926 1698 Servae
2971 1629 3082 1696 Dei
3122 1646 3381 1719 operam
3427 1626 3771 1710 navabant,
3807 1626 3894 1690 lu-

2308 1719 2468 1785 crari
2516 1717 2995 1784 distributiones
3039 1738 3168 1784 non
3215 1717 3424 1783 solum
3466 1714 3891 1800 quotidianas,

2308 1805 2510 1872 veluti
2541 1825 2592 1871 s.
2617 1826 2706 1872 m.
2735 1805 3120 1873 Benedictus
3151 1807 3290 1873 XIV
3322 1803 3638 1886 edixerat,
3669 1819 3896 1868 verum

2267 1894 2497 1961 ‚etiam
2546 1913 2651 1960 eas
2699 1912 2920 1960 omnes
2981 1914 3168 1982 quae,
3220 1912 3302 1960 ex
3355 1891 3604 1977 Legatis
3665 1889 3792 1955 Piis
3834 1909 3900 1954 ac

2308 1981 2721 2069 dispositione
2767 1992 3164 2067 testatorum,
3205 1981 3670 2048 canonicorum
3722 1996 3896 2064 prae-

2305 2069 2577 2137 sentiam
2625 2071 2689 2137 in
2734 2070 2946 2137 Choro
3006 2089 3310 2158 expresse
3377 2066 3761 2152 exquirunt.
3809 2069 3899 2131 ln-

2310 2169 2484 2224 terea
2531 2178 2688 2224 vero
2736 2158 3099 2225 dubitatum
3138 2175 3285 2225 cum
3319 2157 3539 2240 fuerit,
3575 2175 3653 2221 an
3689 2154 3900 2221 huius-

2309 2247 2482 2313 modi
2517 2247 2836 2314 indultum
2887 2258 2951 2312 et
2997 2245 3344 2316 declaratio
3383 2262 3588 2314 unum
3621 2253 3901 2310 tantum·

2312 2336 2500 2402 modo
2572 2335 2925 2421 respiceret
2998 2341 3374 2402 processum
3441 2338 3606 2400 Ven.
3676 2331 3902 2398 Mariae
3991 2347 3992 2352 ¹

2309 2423 2698 2506 Franciscae,
2748 2423 2831 2488 de
2880 2442 3007 2507 quo
3071 2423 3135 2489 in
3193 2422 3543 2508 precibus;
3603 2440 3688 2487 an
3753 2437 3902 2483 vero

2308 2511 2805 2579 demonstrative
2878 2510 3374 2597 intelligendum
3443 2520 3616 2576 esset
3689 2510 3902 2576 favore

2312 2599 2703 2686 Dignitatum
2746 2610 2811 2665 et
2854 2600 3345 2682 canonicorum,
3382 2598 3491 2683 qui
3539 2597 3787 2684 ubique
3823 2597 3906 2661 lo·

2309 2705 2532 2754 corum
2579 2698 2643 2753 et
2691 2689 3224 2773 quandocumque
3275 2687 3592 2755 eiusmodi
3644 2683 3906 2772 inquisi-

2314 2774 2588 2842 tionibus
2635 2776 3042 2860 adornandis,
3079 2776 3270 2843 electi
3323 2788 3389 2842 et
3423 2774 3768 2875 designati,
3806 2774 3900 2840 vel

2313 2865 2378 2929 in
2409 2875 2741 2949 posterum
2785 2865 3067 2952 eligendi
3110 2874 3176 2930 et
3206 2864 3584 2949 designandi
3623 2863 3904 2936 [nerium

2311 2952 2456 3019 ideo
2489 2954 2798 3020 Sacerdos
2823 2955 3153 3023 caietanus
3178 2952 3506 3021 Festinese
3535 2947 3905 3040 Metropoli·

2313 3052 2491 3108 tanae
2516 3043 2836 3111 Ecclesiae
2859 3042 3213 3110 Canonicus
3239 3052 3304 3106 et
3328 3043 3592 3128 Neapoli
3617 3039 3903 3107 vicarius

2314 3131 2636 3197 Generalis
2682 3131 3044 3199 humillime
3075 3152 3106 3195 a
3140 3131 3336 3197 88ῶο
3375 3130 3644 3197 Domino
3681 3130 3905 3196 Nostro

2313 3219 2502 3309 petiit
2559 3220 3055 3287 declarationem
3102 3217 3315 3302 dubii,
3370 3222 3452 3283 ile
3500 3237 3628 3304 quo
3675 3235 3901 3303 supra:
3991 3274 3992 3277 ,

2449 3312 2530 3374 Et
2575 3307 2880 3375 Sanctitas
2910 3304 3058 3391 Sua,
3091 3308 3169 3374 ad
3202 3307 3582 3394 infrascripti
3618 3309 3688 3373 S.
3725 3310 3806 3377 R.
3838 3306 3906 3371 C.
3991 3304 3992 3319 ¹

2316 3397 2650 3464 Secretarii
2678 3396 3081 3480 relationem,
3110 3395 3472 3482 ampliando
3498 3393 3907 3481 Rescriptum

2317 3486 2444 3552 diei
2478 3488 2518 3550 6
2548 3485 2688 3551 Maii
2733 3483 3049 3550 currentis
3092 3487 3263 3567 anni,
3314 3482 3665 3550 declaravit
3697 3502 3772 3548 ac
3803 3482 3907 3548 de·
3991 3510 3992 3523 κ

2318 3572 2522 3640 finivit
2569 3593 2690 3659 per
2734 3571 3001 3639 modum
3032 3572 3360 3658 Regulae:
3417 3593 3454 3634 αι
3487 3568 3905 3658 Digintatibus
3991 3566 3992 3579 ¹

2317 3661 2606 3727 omnibus
2656 3672 2722 3727 et
2766 3659 3096 3728 canonicis
3148 3661 3386 3745 ubique
3433 3660 3759 3741 locorum,
3805 3655 3905 3743 qui
3991 3708 3992 3735 1

2318 3749 2766 3816 construendis
2800 3749 2863 3815 in
2897 3758 3232 3834 posterum
3264 3746 3632 3836 Apostolica
3663 3748 3772 3814 vel
3803 3749 3906 3840 Orf
3991 3746 3992 3749 ’

2315 3838 2557 3906 dinaria
2604 3838 2975 3903 auctoritate
3025 3838 3280 3905 Tabulis
3314 3841 3378 3903 in
3409 3840 3764 3905 Servorum
3802 3838 3903 3900 Dei

2319 3948 2387 3994 ac
2435 3932 2774 3995 Beatorum
2822 3926 3033 3993 Gausis
3081 3946 3344 4013 operam
3390 3926 3655 4009 dabunt,
3695 3926 3846 3992 licet
3875 3937 3910 3983 e

2318 4016 2527 4082 Chore
2571 4015 2933 4082 absentibus
2981 4033 3054 4080 ea
3099 4015 3184 4081 de
3231 4034 3440 4098 causa,
3473 4014 3722 4080 nedum
3753 4029 3908 4099 quo·

2321 4104 2584 4170 tidianas
2643 4102 3121 4169 distributiones
3182 4102 3408 4170 deberi
3472 4103 3647 4169 iuxta
3713 4114 3909 4166 taxam

2319 4213 2371 4256 s.
2425 4209 2511 4255 m.
2573 4192 2898 4258 Benedicti
2962 4193 3140 4274 XIV,
3202 4209 3428 4257 verum
3497 4190 3695 4257 etiam
3768 4187 3910 4254 alias

2321 4298 2539 4346 omnes
2599 4298 3009 4365 quocumque
3061 4276 3224 4363 iure,
3275 4278 3465 4347 titulo
3513 4289 3576 4344 et
3625 4277 3908 4355 nomine,

2320 4390 2390 4434 ac
2435 4368 2766 4452 quibusvis
2811 4368 2930 4433 sub
2979 4367 3277 4435 clausulis
3329 4367 3670 4454 personale
3718 4363 3910 4433 servi·

2327 4457 2485 4523 tium
2532 4457 2998 4541 exquirentes:
3067 4456 3388 4523 indultum
3443 4464 3663 4522 autem
3726 4465 3910 4539 atque

2329 4544 2809 4629 exemptionem
2869 4545 3235 4612 huiusmodi
3287 4545 3360 4611 iis
3407 4547 3738 4612 dumtaxat
3783 4541 3911 4608 die·

2331 4635 2444 4700 bus
2494 4634 2707 4698 locum
2757 4633 2992 4699 habere
3049 4633 3279 4715 voluit,
3333 4632 3393 4697 in
3442 4632 3674 4717 quibus
3723 4628 3911 4697 confi·

2330 4721 2571 4788 ciendis
2605 4733 2668 4786 et
2699 4721 3079 4789 adornandis
3115 4719 3627 4808 inquisitionibus
3673 4719 3910 4786 incum-

2333 4811 2484 4876 bent
2518 4832 2583 4876 ».
2631 4813 2837 4897 Atque
2886 4810 2970 4876 ita
3003 4809 3320 4891 decrevit,
3365 4809 3585 4875 statuit
3629 4820 3819 4893 atque
3853 4805 3910 4870 in

2335 4909 2662 4985 posterum
2684 4900 2923 4964 servari
2949 4898 3294 4981 mandavit,
3316 4896 3645 4964 contrariis
3666 4913 3793 4961 non
3815 4894 3912 4959 ob·

2334 4986 2642 5054 stantibus
2683 4987 3218 5071 quibuscumque.
3269 4986 3380 5052 Die
3414 4990 3497 5052 23
3531 4989 3682 5051 Dec.
3726 4984 3911 5048 1817.

2341 5126 2595 5194 2582.
2675 5128 3094 5193 necamus
3155 5126 3602 5195 GENERALE.
3698 5124 3943 5213 (4544)-

2469 5254 2586 5315 Per
2633 5249 2935 5335 generale
2989 5254 3332 5317 Decretum
3378 5249 3482 5317 dic
3531 5251 3612 5315 3⁰
3661 5252 3913 5315 Decem·

2346 5338 2472 5406 bris
2513 5340 2675 5404 1783
2723 5338 2995 5422 editum,
3049 5347 3112 5402 et
3158 5359 3191 5402 a
3238 5337 3350 5405 fel.
3390 5356 3522 5404 rec.
3559 5336 3668 5403 Pio
3700 5339 3812 5402 PP.
3838 5336 3908 5401 Vl
