4042 5950
1538 247 1953 326 ..87-

139 413 334 466 utrum
408 402 714 467 Sacerdos
790 402 984 488 possit
1049 402 1379 470 celebrare
1448 404 1688 470 Missam

141 493 373 569 Rei-ate,
424 487 698 554 maxime
749 489 810 555 in
861 490 1193 555 Dominicis
1240 503 1304 556 et
1349 490 1546 557 Festis
1583 513 1688 558 ce-

142 575 438 658 lebribus,
512 591 663 661 puta
721 580 790 643 S.
859 578 1184 658 Andreae,
1250 579 1691 665 conceptionis

137 668 197 728 Β.
241 667 318 727 Η.
369 667 476 747 V„
526 668 595 731 S.
643 665 918 731 Thomae
967 663 1143 731 etc.?

245 753 308 816 9.
359 756 454 817 An
503 755 766 817 Decreta
813 752 1211 836 prohibentia
1241 753 1460 819 dicere
1498 756 1689 819 Credo

141 843 190 904 in
229 838 419 903 Missis
487 843 906 905 Patronorum
975 839 1183 905 minus
1244 840 1692 928 principalium

136 925 545 991 sustineantur
575 973 592 1007 ,
641 928 887 993 etiamsi
936 946 1256 1012 nunquam
1322 928 1561 995 fuerint
1616 932 1690 997 ad

140 1014 360 1100 praxim
404 1013 712 1096 deducta,
747 1015 1030 1100 quinimo
1065 1016 1124 1080 in
1159 1016 1504 1083 Missalibus
1548 1028 1692 1102 post

139 1101 534 1187 Evangelium
568 1103 629 1168 in
655 1102 788 1168 istis
819 1102 1012 1168 Missis
1059 1113 1312 1169 notatus
1340 1103 1421 1168 sit
1456 1105 1695 1170 Credo?

247 1192 319 1253 Et
377 1191 446 1254 S.
495 1192 576 1254 B.
620 1192 725 1271 c.‚
786 1191 1001 1256 audito
1061 1189 1236 1273 prius
1295 1202 1443 1256 voto
1504 1191 1691 1258 unius

140 1295 204 1338 ex
231 1277 783 1342 caeremoniarum
818 1278 1319 1364 Apostolicarum
1357 1278 1688 1364 magistris,

138 1363 352 1427 censuit
397 1364 970 1451 respondendum:

243 1452 330 1516 Ad
385 1454 446 1516 1.
496 1473 539 1514 ‹
573 1454 733 1518 Usus
772 1453 1135 1519 celebrandi
1170 1452 1543 1537 quamplura
1575 1458 1688 1518 Fe-

139 1551 214 1602 sta
254 1540 363 1603 sub
429 1540 565 1604 ritu
611 1539 886 1623 duplicis
953 1540 1226 1620 maioris,
1282 1557 1364 1605 ex
1415 1560 1491 1605 eo
1547 1541 1692 1625 quia

140 1636 262 1689 sunt
318 1625 597 1692 celebria
645 1626 714 1690 in
749 1629 994 1711 populo
1038 1627 1463 1711 cracoviensi,
1512 1629 1692 1693 susti·

141 1712 253 1778 neri
293 1731 422 1779 non
467 1724 690 1799 potest
720 1735 785 1779 ιν.

247 1799 334 1864 Ad
372 1804 440 1866 2.
492 1823 532 1865 ι
569 1806 750 1867 Festa
781 1821 901 1888 per
931 1820 1162 1867 annum
1199 1802 1498 1890 duplicia,
1532 1822 1692 1887 quae

142 1889 485 1954 solemniter
554 1886 970 1955 celebrantur
1011 1910 1044 1953 a
1088 1890 1298 1956 choro
1363 1901 1429 1955 et
1475 1891 1536 1956 in
1585 1910 1694 1977 po-

144 1975 268 2059 pulo
331 1988 479 2042 sunt
552 1977 636 2042 de
683 1988 1022 2063 praecepto
1054 2023 1071 2056 ,
1124 1977 1186 2043 in
1256 1979 1696 2044 concurrentia

144 2081 261 2126 cum
324 2064 697 2147 aequalibus
754 2066 962 2150 quoad
1012 2065 1200 2132 ritum
1269 2067 1522 2150 (ceteris
1588 2084 1694 2150 pa·

143 2147 310 2233 nibus)
385 2163 657 2237 possunt
725 2152 963 2218 habere
1037 2154 1315 2238 integras
1383 2155 1728 2238 vesperas,

143 2237 202 2300 ad
259 2257 514 2304 sensum
575 2239 888 2305 Rubricae
935 2243 1013 2307 Xl
1076 2240 1373 2305 Breviarii
1430 2241 1688 2306 Romani

143 2342 295 2389 num.
329 2330 366 2389 2
401 2348 464 2390 ».
1405 2388 1418 2402 ,
1563 2377 1570 2386 .

249 2413 335 2478 Ad
381 2418 448 2480 3.
497 2436 538 2476 ι
575 2416 713 2479 Non
779 2415 1057 2482 dedecet
1123 2416 1420 2501 assignari
1497 2415 1694 2480 Festis

148 2500 304 2564 etiam
346 2501 908 2585 semiduplicibus,
956 2527 985 2568 a
1035 2503 1286 2589 propria
1323 2501 1424 2568 die
1457 2503 1537 2569 ob
1586 2503 1696 2568 ali-

145 2588 287 2668 quod
346 2587 884 2675 impedimentum
950 2600 1268 2676 perpetuo
1340 2590 1691 2673 translatis,

146 2675 257 2737 dies
298 2674 437 2739 illos
486 2676 649 2741 infra
720 2687 1002 2743 octavam
1047 2697 1172 2743 non
1226 2677 1693 2763 privilegiatam

145 2761 204 2825 ab
261 2761 376 2828 alio
444 2776 831 2829 occurrente
898 2768 1083 2830 Festo
1143 2784 1269 2830 non
1327 2766 1693 2851 impeditos,

146 2848 230 2930 qui
269 2849 404 2914 dies
451 2851 809 2917 habeantur
856 2863 922 2916 et
964 2853 1087 2917 sint
1133 2854 1198 2917 in
1226 2865 1555 2936 posterum
1598 2873 1695 2919 se-

55 2967 56 3005 }
146 2936 239 3001 des
278 2935 394 3002 lixa
441 2937 669 3004 talium
719 2940 1160 3006 translatorum
1194 2961 1260 3004 ».

55 3022 56 3037 ¹
252 3026 340 3090 Ad
388 3028 452 3091 t.
508 3048 548 3090 «t
574 3030 738 3093 cnm
768 3028 1020 3111 aliquod
1055 3032 1312 3094 Festum
1344 3028 1467 3095 iam
1504 3037 1695 3093 trans-

149 3112 314 3177 latum
358 3114 598 3181 iterum
665 3116 906 3181 moveri
961 3114 1301 3200 contigerit
1349 3137 1380 3179 a
1427 3116 1530 3181 die
1575 3115 1696 3180 sibi

55 3254 96 3285 ‚‚
147 3202 318 3265 semel
362 3203 702 3287 assignata,
735 3222 862 3269 non
895 3214 1184 3289 est‘opus
1215 3214 1284 3267 ut
1330 3215 1539 3269 cetera
1581 3203 1696 3268 alia

55 3300 56 3317 ¹
151 3290 300 3350 Festa
325 3301 466 3373 post
515 3290 726 3374 ipsum
781 3292 1069 3357 translata
1115 3310 1146 3355 a
1177 3290 1403 3356 diebus
1445 3289 1565 3355 sibi
1599 3310 1696 3355 re-

149 3377 397 3458 spective
440 3378 772 3461 assignatis
818 3379 1030 3445 denuo
1101 3389 1583 3454 removeantur3
1632 3376 1696 3443 ni

153 3460 286 3525 [erte
327 3483 485 3530 nova
519 3465 875 3532 calendarii
923 3466 1303 3531 constructio
1337 3484 1416 3530 ex
1451 3465 1696 3550 integro

152 3563 551 3618 assumeretur
589 3576 654 3617 ν.

256 3640 341 3704 Ad
388 3644 452 3705 ὅ.
504 3662 547 3703 ‹
584 3641 994 3723 Affirmative,
1045 3660 1190 3707 cum
1243 3641 1694 3741 approbatione

55 3770 58 3777 »
154 3732 337 3791 tamen
400 3730 542 3794 Rmi
601 3730 895 3816 Episcopi
967 3731 1088 3795 loci
1156 3729 1466 3797 ordinarii
1533 3730 1695 3795 circa

154 3813 501 3883 electionem
550 3817 682 3883 diei
717 3841 779 3883 ».

258 3904 346 3968 Ad
394 3907 459 3970 6.
513 3928 553 3970 ι
587 3909 841 3972 Festum
888 3909 1258 3973 Sanctorum
1324 3908 1582 3973 cosmae
1630 3916 1698 3971 et

155 3991 392 4058 Damiani
463 3995 590 4059 iam
636 3994 782 4059 alias
824 4014 857 4058 a
906 3993 1163 4079 propria
1227 3994 1332 4060 die
1381 4005 1696 4081 perpetuo

55 4158 56 4161 Ἴ
155 4090 401 4145 amotum
446 4081 762 4148 celebrari
811 4082 1116 4165 deinceps
1178 4080 1414 4166 poterit
1460 4092 1585 4147 tam
1632 4080 1700 4146 in

55 4198 56 4253 i
156 4166 477 4235 (kathedrali
525 4188 716 4254 quam
763 4171 828 4234 in
857 4168 1138 4236 Dioecesi
1170 4168 1562 4236 cracoviensi
1592 4169 1700 4234 die

159 4258 188 4315 3
211 4254 514 4333 Octobris;
552 4257 660 4322 die
695 4267 905 4323 autem
940 4254 1140 4343 prima
1171 4268 1391 4343 agatur
1421 4257 1485 4321 in
1517 4256 1699 4321 Dioe·

55 4338 56 4359 ¹
161 4341 258 4403 cesi
303 4344 384 4408 de
433 4348 498 4411 S.
552 4343 840 4429 Remigio
887 4346 964 4411 ad
1012 4344 1283 4427 libitum,
1333 4345 1415 4410 de
1461 4363 1586 4429 quo
1635 4343 1699 4410 in

159 4430 479 4496 cathedrali
511 4431 726 4497 haberi
755 4432 986 4518 poterit
1012 4432 1525 4498 commemoratio
1553 4443 1702 4496 tam·

160 4532 316 4607 quam
359 4521 441 4585 de
487 4520 765 4605 simplici
824 4520 1142 4597 in,0fficio
1204 4523 1285 4586 de
1331 4529 1547 4604 quarta
1594 4521 1697 4586 die

162 4603 288 4667 infra
351 4618 635 4673 octavam
691 4612 755 4675 S.
815 4607 1165 4675 wenceslai
1240 4608 1386 4675 inibi
1458 4617 1699 4675 tantum

164 4707 507 4761 occurrente
543 4718 636 4781 ’·.

267 4782 353 4844 Ad
386 4786 446 4849 7.
499 4805 540 4845 ‹
567 4784 844 4849 Tolerari
881 4794 1089 4871 potest
1120 4787 1292 4851 Missa
1328 4784 1534 4848 votiva
1560 4803 1699 4850 can-

167 4870 261 4927 tata
289 4871 370 4964 ⁶8.
417 4873 497 4936 M.
554 4875 631 4937 V.
684 4883 813 4938 toto
864 4885 1150 4958 tempore
1194 4875 1543 4955 AdventuS,
1595 4892 1704 4937 ex-

165 4963 336 5034 ceptis
396 4960 885 5037 solemnioribus
950 4959 1412 5025 Festivitatibus
1442 5007 1459 5041 ‚
1520 4960 1703 5025 dum,-

169 5038 330 5105 modo
372 5059 628 5112 canatur
669 5047 803 5113 sine
841 5048 1065 5114 Gloria
1112 5052 1392 5134 (praeter
1422 5066 1607 5134 quam
1639 5047 1706 5114 in

169 5126 412 5197 Sabbatis
458 5146 525 5200 et
580 5135 738 5201 infra
801 5146 1078 5202 octavam
1136 5136 1419 5202 eiusdem
1468 5140 1543 5201 B.
1591 5137 1702 5219 M.)

171 5224 222 5361 {it
257 5216 378 5368 {sine
429 5224 660 5305 Credo,
724 5242 849 5289 non
907 5225 1131 5289 omissa
1190 5223 1362 5290 Missa
1415 5227 1702 5290 conven-

191 5319 253 5363 ua
280 5325 296 5368 ι
327 5327 392 5372 ›.

1924 406 2017 470 Ad
2069 409 2132 472 8.
2186 426 2223 468 ‹
2256 408 2322 471 In
2357 406 2653 471 Ecclesiis
2685 405 3059 490 minoribus,
3095 409 3198 473 ubi
3235 408 3371 473 uni-

1797 492 2273 558 cacelebratm·
2316 493 2519 575 Missa,
2569 514 2695 560 non
2744 505 2954 581 potest
3011 495 3214 559 omitti
3265 494 3371 560 illa

1795 582 2191 646 occurrentis
2223 582 2382 646 Festi
2432 581 2514 648 de
2571 593 2941 667 praecepto,
2977 593 3047 647 ut
3081 592 3373 647 cantetur

1795 679 2004 732 votiva
2038 689 2105 733 ι.

1926 756 2020 821 Ad
2052 760 2117 823 9.
2168 775 2205 818 ‹
2238 758 2630 841 Exequenda
2663 768 2809 822 sunt
2848 761 3109 822 Decreta
3154 756 3217 822 in
3250 775 3373 822 una

1793 843 2034 909 Licien.
2090 845 2169 907 15
2214 846 2609 929 Septembris
2646 848 2836 926 1691,
2888 854 2955 908 et
2998 843 3064 908 in
3109 844 3364 910 curien.

1795 932 1872 996 ad
1920 935 1961 995 ὃ
1993 929 2113 996 sub
2158 929 2262 995 die
2301 935 2379 998 19
2415 933 2570 997 lunii
2611 935 2802 1013 1700,
2838 930 3071 1015 quibus
3100 932 3371 996 vetitum

1797 1030 1892 1083 est
1939 1018 2155 1083 dicere
2209 1019 2401 1083 Credo
2449 1019 2513 1084 in
2559 1021 2753 1085 Missis
2800 1023 3217 1085 Patronorum
3260 1019 3373 1084 mi-

1794 1125 1911 1170 nus
1958 1105 2428 1191 principalium,
2481 1107 2717 1172 etiamsi
2767 1125 3086 1191 nunquam
3131 1105 3372 1171 fuerint

1795 1193 1869 1258 ad
1926 1194 2172 1278 praxim
2241 1192 2555 1272 deducta3
2618 1205 2684 1260 et
2731 1215 2763 1260 a
2809 1194 3197 1275 Missalibus,
3260 1193 3367 1258 ubi

1795 1281 2178 1345 contrarium
2237 1291 2511 1364 notatur,
2560 1283 2830 1348 verbum
2881 1282 3076 1348 Credo
3125 1300 3370 1367 expun-

1795 1376 1982 1452 gatur
2013 1389 2076 1431 ι.

1926 1458 2004 1520 Et
2053 1457 2134 1520 ita
2180 1456 2552 1521 declaravit.
2597 1458 2709 1522 Die
2755 1461 2840 1522 22
2873 1457 3136 1540 Augusti
3175 1458 3367 1523 1744.

1800 1595 2049 1662 2379.
2433 1600 2740 1663 R1PANA.
3144 1599 3369 1685 (4164)

1929 1725 2160 1784 Exorta
2228 1720 2395 1785 intei-
2462 1720 2824 1806 capitulum
2893 1731 2957 1785 et
3026 1722 3372 1787 canonicos

1796 1806 2117 1871 Ecclesiae
2177 1806 2567 1872 cathedralis
2633 1806 2913 1873 Civitatis
2971 1808 3242 1892 Ripanae
3292 1829 3370 1873 ex

1798 1913 1962 1975 una,
2014 1904 2080 1957 et
2126 1894 2721 1961 confraternitatem
2766 1895 2937 1960 SSmi
2987 1895 3371 1961 sacramenti

1794 1980 1928 2044 sive
1978 1983 2041 2046 S.
2088 1980 2325 2046 loannis
2381 1981 2681 2046 eiusdem
2749 1982 3029 2049 Civitatis
3085 1983 3373 2067 partibus

1799 2086 1874 2132 ex
1923 2068 2120 2133 altera
2149 2117 2166 2151 ,
2216 2070 2643 2134 controversia
2686 2087 2758 2133 su
2812 2087 2882 2133 er
2928 2070 3373 2156 praecedentia

1797 2154 1872 2220 ab
1901 2154 2282 2221 officialibus
2306 2154 2592 2220 eiusdem
2619 2157 2750 2222 con
2780 2157 3162 2222 raternitatis
3193 2176 3375 2242 prae·

1799 2252 1972 2306 tensa
2018 2241 2085 2307 in
2128 2242 2534 2307 Processione
2596 2241 2733 2307 fieri
2782 2243 2963 2307 solita
3021 2262 3169 2309 cum
3216 2250 3372 2311 lma-

1795 2328 1943 2414 gine
1991 2348 2104 2394 seu
2149 2339 2348 2394 statua
2396 2334 2583 2396 Bmae
2630 2330 2902 2419 Virginis
2949 2335 3367 2419 Lauretanae;

1799 2416 2032 2500 illaque
2076 2418 2153 2481 ad
2206 2420 2270 2482 S.
2311 2419 2388 2482 tt.
2437 2420 2507 2482 C.
2560 2420 2793 2501 delata,
2844 2422 3035 2484 Emus
3082 2427 3146 2484 et
3179 2424 3372 2487 Rsnus

1796 2507 1979 2568 Dom.
2028 2504 2375 2570 cardinalis
2428 2504 2935 2571 Accorambonus
2978 2506 3372 2594 infrascripta

1797 2590 1982 2655 dubia
2048 2589 2241 2656 inter'
2282 2602 2499 2676 partes
2564 2592 2938 2659 concordata
2993 2595 3371 2660 declaranda

1801 2677 2168 2764 proposuit:

1933 2771 1996 2832 1.
2046 2770 2114 2832 ln
2161 2784 2286 2851 quo
2344 2767 2481 2832 loco
2547 2768 2767 2833 asserti
2821 2768 3128 2835 officiales
3181 2769 3372 2834 maio-

1798 2873 1898 2917 res
1944 2853 2488 2920 confraternitatis
2534 2858 2597 2920 S.
2649 2858 2893 2921 loannis
2956 2856 3228 2939 Ripanae
3273 2857 3371 2924 Ci-

1798 2940 2004 3007 vitatis
2050 2940 2113 3006 in
2160 2941 2561 3009 Processione
2609 2941 2747 3008 fieri
2794 2942 2975 3008 solita
3012 2962 3157 3009 cum
3193 2948 3373 3010 Sacra

1799 3029 2078 3115 imagine
2137 3032 2208 3095 B.
2262 3032 2341 3094 Μ.
2396 3032 2471 3095 V.
2520 3039 2852 3095 coronatae
2908 3031 3208 3097 incedere
3262 3034 3374 3098 de-

1801 3115 2012 3197 beant,
2061 3116 2196 3181 sive
2243 3115 2709 3183 interveniente
2755 3117 2888 3181 sive
2918 3136 3045 3183 non
3097 3118 3372 3184 interve-

1801 3202 2021 3268 niente
2070 3203 2418 3290 Episcopo?

1932 3294 1996 3354 2.
2048 3293 2143 3356 An
2189 3291 2357 3356 dicta
2403 3294 2585 3358 Sacra
2629 3296 2840 3379 imago
2896 3292 3239 3359 deferenda
3295 3293 3375 3357 sit

1799 3380 1917 3444 sub
1965 3376 2383 3443 baldachino?
2427 3390 2489 3443 et
2535 3389 2847 3463 quatenus
2891 3378 3284 3464 affirmative,

1931 3470 1993 3532 3.
2046 3469 2141 3531 An
2179 3466 2364 3530 liceat
2398 3467 2568 3531 illam
2602 3465 2837 3532 deferri
2869 3484 2986 3552 per
3014 3467 3376 3534 confratres

1800 3573 1976 3619 sacco
2023 3554 2124 3619 vel
2161 3555 2368 3640 potius
2403 3572 2517 3640 per
2546 3553 2921 3620 Sacerdotes
2953 3574 3065 3620 seu
3097 3555 3374 3621 clericos

1798 3641 2270 3727 superpelliceo
2321 3637 2624 3707 indutos?

1932 3732 2009 3793 Et
2056 3731 2120 3793 S.
2173 3732 2249 3794 R.
2297 3732 2397 3811 c.‚
2446 3740 2715 3813 utraque
2776 3743 2956 3815 parte
3014 3730 3265 3817 scriptis
3310 3741 3376 3796 et

1799 3835 1956 3882 voce
2007 3816 2384 3882 informante
2430 3816 2663 3897 audita,
2698 3817 3181 3885 rescribendum
3229 3837 3377 3883 cen·

1803 3905 1967 3970 suit:

1930 3992 2025 4058 Ad
2080 3997 2138 4059 1.
2188 4014 2228 4056 ι
2259 3992 2565 4059 Officiales
2611 3992 2853 4058 debere
2900 3992 3199 4060 incedere
3233 4015 3265 4058 a
3297 3993 3378 4058 la-

1803 4090 1940 4145 tere
1994 4084 2248 4147 Statuae
2283 4101 2349 4145 ›.

1933 4167 2027 4232 Ad
2077 4172 2144 4232 2.
2186 4189 2228 4229 ι
2265 4170 2515 4235 Sacram
2548 4167 2889 4252 imaginem
2929 4189 3055 4236 non
3091 4189 3228 4235 esse
3263 4170 3375 4235 de·

1802 4254 2129 4321 ferendam
2175 4257 2292 4320 sub
2339 4255 2708 4321 baldachino
2743 4276 2804 4319 ιν.

1932 4343 2028 4408 Ad
2085 4346 2145 4408 3.
2195 4363 2232 4405 ‹
2266 4343 2483 4408 Licere
2542 4342 2783 4408 deferri
2843 4343 3076 4409 dictam
3124 4347 3373 4410 Sacram

1802 4428 2149 4514 imaginem
2181 4449 2300 4515 per
2331 4430 2689 4496 confratres
2720 4450 2897 4496 sacco
2932 4432 3185 4497 indutos
3219 4452 3284 4494 ».

1932 4522 2010 4581 Et
2043 4517 2126 4583 ita
2157 4518 2499 4585 declaravit
2530 4537 2599 4583 ac
2632 4518 2945 4583 decrevit.
2990 4518 3101 4583 Die
3134 4522 3217 4583 22
3249 4525 3373 4582 Au-

1805 4603 1974 4692 gusti
2027 4606 2222 4670 1744.

1809 4747 2069 4814 2380.
2367 4746 2838 4814 ippoancim.
3149 4746 3372 4830 (4167)

1935 4877 2194 4937 loannes
2242 4871 2474 4937 Perotti
2522 4872 2750 4934 cantor
2780 4868 3126 4933 canonicus
3156 4868 3378 4933 Eccle-

1807 4961 1930 5023 siae
1976 4958 2362 5026 cathedralis
2408 4957 2812 5043 ipporegien.
2860 4973 3057 5041 penes
3090 4957 3157 5021 S.
3191 4959 3264 5022 R.
3301 4958 3373 5021 c.

1808 5047 1993 5144 enixe
2040 5045 2419 5145 supplicavit
2461 5064 2576 5130 pro
2624 5043 3046 5110 declaratione
3103 5062 3377 5127 sequen-

1810 5143 1885 5197 us
1932 5134 2294 5308 {liliblprima
2355 5219 2461 5286 die
2507 5220 2736 5286 mensis
2784 5218 3088 5305 impedita
3132 5217 3375 5303 duplici

1805 5319 1912 5374 aut
1967 5308 2420 5395 semiduplici,
2469 5309 2619 5374 cum'
2660 5324 2741 5373 ex
2798 5304 3188 5392 praescripto
3252 5309 3379 5372 Ru-
