4042 5950
1560 293 1685 337 —.
1715 248 1874 327 405
1927 292 2034 308 .-

38 476 41 491 ,
166 406 412 493 ridiem,
462 408 756 497 exceptis
802 406 1051 495 Vigiliis
1097 417 1162 474 et
1208 407 1439 476 diebus
1497 407 1751 475 Adven-

38 502 53 515 “
167 508 284 581 tus,
333 497 861 585 Quadragesimae
909 507 974 562 et
1017 498 1299 574 Quatuor
1329 500 1748 583 Temporum‚

166 584 226 651 in
270 584 501 670 quibus
547 595 693 673 post
737 582 1079 652 meridiem
1124 583 1495 653 absolvitur.
1554 585 1750 662 Quae·

38 664 51 749 ‚²
166 672 368 739 ritur:
442 676 538 740 An
607 672 707 740 bis
775 672 1047 756 diebus,
1122 673 1186 741 in
1244 672 1477 757 quibus
1544 671 1751 757 aliqua

164 761 332 827 mssa
396 780 525 829 non
585 759 1103 848 correspondens
1161 759 1380 828 Officio
1440 758 1751 827 celebrari

164 849 382 933 debet,
429 859 669 917 attenta
718 847 1039 949 praedicta
1087 848 1577 931 consuetudine,
1614 847 1753 914 talis

38 948 41 959 ·
165 936 334 1004 Missa
381 948 527 1024 post
571 937 861 1007 Officium
909 937 1298 1005 matutinum
1343 945 1747 1018 consuetum,

38 1042 43 1103 ί
168 1024 327 1091 idest
371 1039 517 1113 post
564 1030 821 1095 Sextam
867 1023 1068 1112 possit
1101 1025 1372 1105 cantari;
1425 1024 1526 1091 vel
1564 1024 1753 1091 etiam

38 1130 43 1139 ·
166 1115 334 1178 Nona
382 1126 529 1181 ante
577 1113 916 1181 meridiem
963 1112 1359 1200 anticipanda
1390 1112 1497 1197 sit,
1531 1123 1603 1180 ut
1632 1117 1754 1180 Ru-

43 1200 57 1229 ·“·
168 1200 328 1267 brica
359 1202 445 1269 de
473 1206 636 1270 Hora
669 1201 1039 1269 celebrandi
1074 1200 1312 1268 nissam
1347 1201 1424 1268 ad
1476 1201 1750 1277 litteram

168 1299 463 1356 servetur
479 1289 515 1358 ⁴?

290 1379 452 1446 xm.
490 1383 719 1446 Utrum
743 1378 1282 1445 concurrentibus
1304 1378 1607 1445 secundis
1634 1379 1754 1444 Ve-

40 1488 53 1499 ·
163 1466 366 1553 speris
381 1467 580 1534 Officii
601 1464 809 1535 Votivi
834 1465 1280 1533 Immaculatae
1303 1464 1756 1553 conceptionis

166 1573 304 1621 cum
355 1555 657 1642 vesperis
705 1553 1070 1623 Dominicae
1114 1554 1358 1640 primae
1381 1553 1753 1635 Adventus,

168 1641 301 1710 fieri
346 1642 581 1711 debeat
624 1662 830 1729 usque
875 1642 953 1709 ad
1002 1642 1365 1728 Capitulum
1415 1642 1499 1709 de
1537 1641 1755 1710 Officio

166 1730 415 1814 Votivo,
440 1744 507 1798 et
538 1755 573 1798 a
602 1731 900 1819 Capitulo
932 1732 1013 1799 de
1045 1730 1367 1797 Dominica
1400 1751 1549 1798 cum
1583 1749 1754 1797 com·

48 1822 53 1831 '
168 1820 626 1888 memoratione
657 1819 1099 1888 Immaculatae
1146 1819 1629 1907 Conceptionis3
1680 1837 1757 1884 an

168 1927 308 1975 cum
359 1908 444 1975 de
482 1906 853 1977 huiusmodi
883 1906 1100 1975 Officio
1134 1905 1361 1974 Votivo
1394 1926 1522 1973 non
1555 1906 1660 1973 fiat
1694 1906 1757 1973 in

48 2004 55 2013 '
165 1997 500 2080 Adventu,
551 1999 874 2082 vesperae
935 1993 1211 2063 debeant
1273 2013 1413 2061 esse
1468 1994 1759 2081 integrae

33 2101 46 2121 ¹
168 2085 247 2150 de
295 2083 594 2170 Sabbato,
630 2096 694 2151 et
739 2086 977 2170 absque
1023 2080 1696 2150 Commemoratione?

233 2261 246 2274 ο
291 2176 459 2241 XIV·
515 2172 805 2272 Ecclesia·
845 2173 1000 2239 olim
1061 2170 1407 2271 collegiata
1456 2171 1586 2272 ,sub
1645 2190 1757 2238 no·

169 2280 337 2329 mine
385 2265 613 2328 Beatae
661 2264 887 2327 Mariae
935 2263 1211 2357 Virginis
1245 2278 1308 2325 1n
1338 2263 1605 2325 Cthale
1641 2264 1760 2327 hlo-

170 2349 397 2417 lineusi
444 2349 565 2416 fuit
611 2348 972 2417 aedificata:
1022 2347 1281 2414 videtur
1328 2357 1539 2414 tamen
1586 2347 1759 2416 illam

42 2450 47 2459 ’
170 2457 292 2505 non
349 2437 549 2505 fuisse
607 2446 1073 2517 consecratam,
1124 2436 1271 2521 quia
1327 2436 1518 2503 aedes
1572 2455 1759 2505 num·

168 2545 354 2613 quam
403 2524 733 2593 absolutae
780 2524 1062 2592 fuerunt.
1127 2528 1226 2590 Ex
1271 2523 1566 2591 omnibus
1624 2543 1759 2591 mo-

170 2615 492 2682 numentis
549 2614 825 2683 credere
872 2623 969 2679 est
1016 2616 1271 2679 Festum
1320 2612 1760 2680 Annuntiatio-

173 2703 262 2768 nis
331 2722 453 2790 pro
522 2701 871 2788 praecipuo
945 2710 1008 2769 et
1067 2700 1328 2768 Titulari
1399 2699 1593 2768 fuisse
1655 2703 1763 2769 ha-

174 2790 402 2859 bitum.
462 2794 607 2856 Post
668 2788 1216 2876 perturbationem
1262 2799 1476 2856 autem
1538 2790 1763 2856 Gallia-

176 2897 337 2962 rum,
374 2877 752 2947 Parochialis
781 2879 940 2945 lacta
970 2877 1091 2947 luit
1135 2874 1494 2963 supradicta
1543 2880 1764 2945 Eccle-

40 3005 50 3015 ·
172 2967 294 3048 sia;
344 2978 414 3034 et
473 2965 645 3034 Festi
705 2966 1216 3035 Annuntiationis
1275 2964 1651 3034 celebritate
1699 2966 1762 3034 in

175 3055 563 3124 oblivionem
624 3057 935 3139 abeunte,
984 3059 1244 3122 Festum
1300 3055 1766 3140 Assumptionis

174 3164 286 3232 pro
331 3144 648 3231 patronali
709 3143 924 3231 coepit
984 3142 1415 3212 solemnizari.
1482 3143 1762 3211 Tandem

177 3233 560 3334 Episcopatu
606 3232 940 3300 Molinensi
989 3243 1209 3298 erecto
1240 3253 1271 3298 a
1306 3230 1412 3298 Pio
1445 3234 1575 3315 Vll,
1610 3233 1765 3299 baec

175 3322 455 3388 Ecclesia
501 3320 567 3388 in
611 3320 1063 3388 Catbedralem
1110 3319 1232 3387 luit
1279 3330 1494 3386 erecta
1539 3320 1657 3387 sub
1691 3319 1765 3385 ti-

179 3411 310 3476 tulo
357 3413 584 3475 Beatae
634 3409 866 3476 Mariae
914 3408 1216 3497 Virginis.
1282 3407 1527 3476 Primus
1593 3408 1765 3475 Moli-

174 3498 388 3566 nensis
433 3501 811 3586 Episcopus,
861 3495 1261 3584 possessione
1296 3495 1481 3565 Sedis
1509 3515 1658 3563 suae
1703 3496 1765 3562 in

178 3590 363 3654 Festo
407 3585 758 3652 Nativitatis
802 3588 1028 3653 Beatae
1074 3586 1299 3652 Mariae
1345 3584 1622 3670 Virginis
1658 3603 1766 3651 an·

176 3694 257 3742 no
309 3676 479 3743 1823
523 3684 809 3761 accepta,
856 3673 1148 3740 decrevit
1195 3674 1314 3741 hoc
1361 3677 1621 3739 Festum
1651 3674 1763 3739 Na-

182 3764 441 3830 tivitatis
470 3761 595 3827 iam
629 3781 744 3850 pro
778 3761 1037 3830 Titulari
1088 3760 1393 3847 deinceps
1441 3760 1768 3829 celebran-

181 3854 362 3936 dum,
395 3850 572 3918 nulla
607 3862 815 3918 tamen
862 3849 1203 3938 peculiaris
1247 3848 1368 3916 sibi
1413 3869 1609 3936 super
1649 3850 1768 3917 boc

179 3962 210 4007 a
266 3943 548 4008 Romano
608 3938 913 4005 Pontifice
973 3940 1157 4007 datae
1214 3940 1545 4030 potestatis
1607 3939 1767 4004 lacta

180 4026 534 4098 mentione.
582 4028 760 4093 Nunc
808 4027 1185 4112 quaeritur:

316 4122 379 4183 1.
428 4119 526 4182 An
584 4114 970 4182 sustineatur
1036 4115 1321 4185 edictum
1381 4113 1571 4201 primi
1620 4116 1768 4215 Epi-

183 4205 358 4293 scopi
416 4201 719 4270 Molinen.
784 4204 1187 4271 Nativitatem
1252 4206 1481 4270 Beatae
1546 4207 1772 4271 Martae

184 4292 459 4380 Virginis
492 4309 624 4379 spro
670 4294 857 4358 Festo
905 4291 1168 4359 Titulari
1212 4289 1633 4380 assignantis?

312 4387 380 4449 2.
431 4383 527 4446 An
576 4385 833 4448 Festum
878 4377 1386 4448 Annuntiationis
1429 4391 1623 4465 prout
1668 4398 1772 4445 an-

185 4471 376 4557 tiquis
424 4467 823 4556 temporibus
867 4486 988 4624 pro
1027 4466 1285 4535 Titulari
1331 4466 1523 4534 buius
1552 4467 1775 4536 Eccle-

185 4558 312 4626 siae
358 4557 438 4625 sit
484 4556 852 4625 babendum

321 4651 386 4715 3.
448 4649 545 4712 An
606 4644 876 4732 qualitas
937 4643 1230 4711 Titularis
1282 4647 1469 4711 Festo
1524 4647 1776 4712 Assum·

190 4736 421 4824 ptionis
469 4730 857 4802 conveniat?

320 4827 382 4890 4.
430 4827 527 4890 An
559 4821 873 4909 quatenus
904 4841 1033 4890 non
1067 4821 1255 4887 liceat
1284 4820 1596 4887 moderno
1630 4820 1776 4907 Epi·

188 4931 380 5002 scopo
451 4911 712 4979 titulum
781 4906 1292 4980 Annuntiationis
1357 4927 1529 4976 nunc
1602 4910 1779 4975 resti-

193 5012 402 5084 tuere,
449 4998 514 5067 id
566 4999 625 5066 ei
671 4999 1104 5086 permittatur,
1138 5007 1282 5083 post
1319 4997 1781 5064 absolutionem

191 5087 460 5157 aedificii
507 5088 589 5156 de
650 5105 815 5153 novo
877 5095 1263 5172 susceptam,
1327 5083 1391 5152 in
1451 5103 1781 5151 consecra-

196 5177 368 5244 tione
412 5173 790 5244 Ecclesiae'?
838 5174 932 5264 (1)

333 5369 412 5444 (l)
448 5371 508 5429 E.
548 5370 693 5428 nub.
730 5367 1062 5444 xv„xv11,
1102 5367 1231 5426 xlx
1276 5373 1332 5426 el
1367 5366 1519 5426 xxL

1986 409 2127 475 XV.
2177 409 2403 475 Utrum
2454 405 2516 473 in
2549 406 2830 474 Ecclesia
2862 408 3301 475 tantummodo
3332 407 3442 474 be-

1855 494 2106 564 nedicta
2153 496 2368 563 Altare
2419 495 2614 584 possit
2666 495 3049 579 consecrari,
3082 495 3238 582 quin
3271 495 3446 583 prius

1854 581 1983 671 ipsa
2036 583 2312 650 Ecclesia
2358 582 2825 651 consecretur?

1984 675 2150 740 XVI.
2201 673 2546 758 Pleraeque
2592 672 2890 739 Moniales
2923 671 2987 739 in
3019 672 3215 739 Gallia
3261 683 3448 739 utun-

1855 771 1960 827 tur
2007 759 2186 826 libris
2230 761 2366 826 sive
2412 758 2914 848 antiquioribus,
2967 771 3034 827 ut
3080 759 3446 829 carmelita·

1855 867 1998 933 nae,
2049 848 2491 917 Dominicanae
2540 858 2697 925 etc.;
2745 848 2879 915 sive
2926 848 3250 917 recentius
3300 866 3446 914 con·

1856 935 2159 1019 cinnatis,
2211 935 2275 1003 in
2323 936 2555 1021 quibus
2601 936 2808 1002 variae
2855 936 3274 1025 reperiuntur
3333 936 3444 1003 be·

1857 1024 2257 1093 nedictiones
2307 1036 2371 1091 et
2418 1043 2672 1112 preces,
2723 1045 2827 1092 ex.
2881 1042 3023 1111 gr.:
3120 1020 3191 1091 ro
3241 1024 3444 1095 Vesti-

1856 1111 2028 1178 tione
2063 1123 2127 1179 et
2157 1112 2509 1183 Emissione
2557 1115 2897 1181 Votorum.
2945 1114 3068 1180 Nul
3096 1132 3197 1180 am
3229 1123 3448 1180 autem

1856 1199 1921 1267 hi
1972 1199 2116 1266 libri
2163 1202 2605 1302 praeseferunt
2651 1204 2874 1269 Sacrae
2922 1199 3447 1303 congregationis

1856 1287 2408 1376 approbationem.
2454 1289 2586 1355 Nec
2631 1290 2867 1357 desunt
2911 1290 2978 1356 in
3026 1309 3116 1355 eis
3178 1286 3447 1356 admira-

1857 1376 2100 1443 tionem
2135 1378 2475 1460 moventia,
2512 1395 2622 1444 ex.
2647 1396 2777 1465 gr.:
2804 1379 2972 1467 apud
3007 1377 3192 1445 Filias
3222 1381 3446 1443 Beatae

1857 1464 2084 1531 Mariae
2109 1464 2384 1552 Virginis
2416 1486 2446 1530 a
2473 1464 2742 1532 Caritate
2776 1465 2931 1533 Boni
2962 1464 3251 1548 Pastoris,
3287 1483 3448 1551 quae

1861 1566 2127 1621 tuentur
2172 1573 2320 1620 suos
2369 1553 2563 1621 libros
2623 1554 2965 1621 asserendo
3028 1572 3137 1620 eos
3198 1572 3337 1625 esse
3383 1552 3450 1619 in

1859 1661 1979 1708 usu
2029 1642 2093 1708 in
2137 1642 2513 1709 monasterio
2559 1641 2810 1709 Ordinis
2840 1642 2938 1709 sui
2973 1643 3036 1709 in
3066 1642 3250 1708 Alma
3279 1641 3449 1709 Urbe

1860 1729 2205 1814 existente,
2254 1730 2658 1798 declarantur
2705 1729 2768 1795 in
2815 1730 3084 1816 quadam
3152 1728 3449 1797 Oratione

1861 1827 2118 1887 aeterna
2164 1819 2273 1886 Dei
2326 1817 2583 1884 consilia
2630 1836 2829 1903 snper
2875 1817 3196 1887 electione
3240 1827 3304 1884 et
3336 1835 3447 1883 no-

1864 1904 2034 1972 mine
2055 1906 2246 1974 buius
2271 1905 2415 1973 lnsti
2426 1906 2568 1973 tuti.
2588 1904 2691 1973 Sic
2715 1906 2963 1973 canitur
2986 1906 3264 1974 Psalmus
3279 1908 3445 1973 xlx:

1862 1996 2205 2063 Eoeaudiat
2268 2005 2325 2060 te
2383 1997 2695 2061 Dominus
2740 2000 2814 2061 iu
2858 1995 2960 2061 die
2998 1996 3445 2080 professionis,

1855 2093 2148 2168 prethat
2205 2095 2263 2151 te
2305 2092 2425 2149 etc.
2476 2086 2545 2149 ln
2598 2082 3021 2169 Responsorio
3087 2083 3310 2150 Libora
3357 2102 3453 2148 me

1863 2174 2130 2238 Domine
2174 2170 2262 2238 sic
2309 2171 2502 2239 verba
2557 2170 2878 2236 variantur
2931 2173 3220 2239 Tremens
3263 2173 3451 2256 fucta

1861 2278 2005 2328 sum
2049 2279 2154 2344 09⁰
2199 2270 2323 2326 etc.
2371 2259 2555 2327 Hisce
2601 2258 2843 2345 positis,
2892 2258 3260 2344 quaeritura

2002 2353 2064 2417 1.
2114 2351 2337 2416 Utrum
2388 2348 2636 2415 licitum
2683 2347 2765 2414 sit
2810 2346 2997 2415 alicui
3030 2346 3356 2415 Sacerdoti
3390 2345 3453 2414 in

1866 2438 2196 2506 iunctione
2243 2436 2668 2505 ecclesiastica
2714 2436 2805 2502 uti
2855 2434 3216 2503 huiusmodi
3279 2435 3455 2502 libris

1862 2547 1898 2594 a
1944 2529 2129 2593 Sacra
2174 2526 2684 2612 congregatione
2745 2542 2874 2590 non
2926 2518 3346 2612 approbatis?
3391 2532 3456 2590 et

1865 2625 2177 2702 quatenus
2222 2611 2621 2695 affirmative,
2821 2624 2838 2641 ¹

1994 2706 2063 2768 2.
2113 2704 2342 2768 Utrum
2405 2701 2560 2768 baec
2620 2699 2862 2770 decisio
2925 2700 3140 2768 locum
3199 2700 3451 2782 babeat,

1868 2790 2115 2858 etiamsi
2183 2789 2247 2855 in
2309 2789 2404 2856 bis
2464 2788 2642 2856 libris
2701 2807 2930 2875 preces
2989 2787 3456 2855 ecclesiasticae

1866 2878 2079 2946 forent
2126 2878 2424 2945 alteratae
2471 2887 2543 2943 ut
2586 2874 2832 2966 supra?

1997 2970 2187 3036 XVll.
2238 2967 2728 3033 consueverunt
2774 2965 3083 3033 mulieres
3130 2978 3274 3052 post
3318 2983 3457 3052 par-

1871 3068 2009 3125 tum
2056 3073 2266 3122 coram
2316 3054 2660 3122 Sacerdote
2707 3073 2776 3121 se
2821 3053 3049 3120 sistere
3093 3073 3212 3156 pro
3260 3053 3457 3121 bene-

1868 3144 2147 3214 dictione
2191 3140 2586 3229 accipienda‚
2636 3140 2883 3208 etiamsi
2930 3140 3146 3229 proles
3209 3150 3458 3208 mortua

1869 3232 2065 3300 fuerit
2109 3230 2494 3316 quandoque
2540 3230 2677 3296 sine
2721 3229 3065 3316 Baptismo.
3119 3233 3185 3298 ln
3219 3229 3329 3297 illo
3372 3239 3459 3294 ta-

1870 3340 2019 3387 men
2066 3338 2212 3386 casu
2260 3319 2450 3386 verba
2497 3318 2856 3384 orationum
2899 3315 3165 3384 Ritualis
3197 3314 3458 3390 Romani

1870 3427 2041 3476 nunc
2075 3407 2139 3474 in
2170 3408 2284 3474 hac
2331 3405 2616 3473 Dioecesi
2663 3404 2935 3491 vigentis
2983 3404 3299 3476 verificari
3329 3423 3458 3472 non

1869 3506 2159 3584 possunt,
2195 3505 2262 3562 et
2292 3493 2550 3562 aliunde
2585 3493 2952 3561 benedictio
2984 3494 3192 3561 omitti
3234 3491 3461 3579 nequit

1869 3587 2006 3653 sine
2055 3584 2262 3670 aliqua
2308 3582 2725 3650 admiratione
2772 3582 2978 3668 plebis
3041 3593 3106 3650 et
3170 3581 3311 3652 sine
3355 3597 3459 3667 ag·

1870 3673 2238 3760 gravatione
2300 3670 2610 3738 moeroris
2671 3670 3018 3740 mulierum
3065 3670 3456 3742 huiusmodi.
3517 3713 3524 3722 ·

1828 3760 2207 3840 ,Quaeritur
2261 3760 2414 3846 quid
2472 3757 2849 3845 agendum?
2907 3770 2972 3826 et
3037 3776 3192 3828 num
3251 3759 3459 3842 liceat,

1873 3848 2156 3938 demptis
2185 3848 2260 3915 iis
2290 3866 2455 3934 quae
2484 3865 2612 3914 non
2660 3848 3090 3931 verificantur,
3125 3859 3462 3936 postquam

1873 3939 2110 4005 mulier
2157 3938 2222 4004 in
2267 3936 2620 4004 Ecclesiam
2669 3935 3030 4004 introducta
3077 3935 3267 4021 foret,
3317 3935 3464 4003 sub·

1870 4025 2139 4094 stituere
2199 4024 2473 4110 aliquam
2536 4024 2886 4091 orationem
2934 4042 3010 4089 ex
3057 4023 3134 4090 iis
3188 4042 3354 4110 quae
3401 4023 3464 4092 in

1874 4114 2100 4183 Missali
2148 4116 2557 4181 continentur
2588 4122 2654 4179 et
2695 4110 3240 4196 benedictionem,
3272 4120 3463 4197 prout

1874 4204 1939 4273 in
1983 4202 2246 4286 Rituali,
2295 4199 2666 4288 impertiri?

2007 4294 2223 4360 XVlll.
2281 4293 2447 4356 Num
2507 4288 2743 4355 servari
2807 4289 3006 4372 possit
3067 4288 3465 4358 consuetudo

1878 4378 2304 4447 benedicendi
2377 4394 2523 4444 cum
2593 4375 3000 4443 sanctissimo
3058 4378 3465 4446 sacramento

1877 4467 2398 4534 retrocedentem
2458 4466 2775 4564 populum
2836 4461 2913 4530 ab
2971 4482 3229 4533 accessu
3286 4473 3466 4530 extra

1877 4566 2091 4643 portas
2114 4554 2420 4637 Civitatis,
2447 4550 2753 4639 regionis,
2781 4551 3012 4619 domus
3039 4549 3273 4619 infirmi
3307 4562 3465 4635 etc„

1879 4642 2133 4729 quando
2181 4643 2386 4709 fertur
2432 4639 2743 4708 Viaticum
2778 4636 3102 4727 aegrotis?
3128 4642 3208 4704 Et
3247 4649 3468 4724 quate-

1877 4751 2000 4799 nus
2051 4729 2169 4796 nisi
2221 4729 2305 4796 de
2363 4727 2621 4817 speciali
2685 4728 2883 4816 gratia
2945 4727 3010 4797 id
3076 4726 3287 4811 liceat,
3353 4745 3469 4813 pro

1879 4829 2064 4907 parte
2085 4817 2224 4883 mni
2258 4817 2552 4906 Episcopi
2584 4817 2983 4905 supplicatur
3013 4816 3091 4883 ad
3124 4815 3299 4884 illam
3331 4833 3472 4901 gra·

1877 4909 2030 4975 tiam
2064 4904 2505 4990 obtinendam,
2533 4916 2726 4994 prout
2757 4905 2822 4971 in
2853 4925 2977 4972 una
3010 4908 3237 4972 nassae
3268 4914 3336 4971 et
3359 4908 3473 4971 Po-

1882 4993 2179 5082 puloniae
2226 4992 2355 5060 diei
2407 4997 2442 5060 7
2491 4993 2724 5080 Aprilis
2779 4997 2969 5061 1832.

2010 5083 2177 5149 XIX.
2225 5083 2419 5166 Num,
2461 5093 2730 5183 propter
2773 5082 3020 5149 viar-um
3066 5080 3471 5168 asperitatem

1888 5191 1958 5239 ac
2002 5180 2370 5255 ventorum,
2416 5169 2662 5236 mvium
2708 5169 3190 5257 glacierumque
3234 5168 3476 5238 incon·
