4042 5950
1992 263 2465 366 ..163-

588 423 1146 494 Caeremoniarum
1196 395 1555 510 ιΜεςίεηνίει,
1628 423 1846 511 praelo
1914 440 2178 507 quoque
2271 421 2520 490 2575.

591 532 783 598 cusa;
837 512 1072 600 placuit
1117 509 1287 579 Emis
1325 514 1467 594 PP.,
1500 512 1578 578 ad
1629 510 2003 577 relationem
2036 507 2178 577 Emi

593 611 659 666 et
706 601 844 666 Rsni
893 604 962 666 D.
999 601 1287 684 Bardaxi,
1329 619 1525 687 super
1577 599 1767 666 tertio
1811 618 1893 664 ex
1941 617 2178 685 propo-

591 687 727 753 sitis
773 687 983 756 dubiis
1029 688 1334 788 ampliare
1391 706 1793 775 responsum,
1845 691 1930 753 et‘
1956 698 2176 752 votum

584 777 937 861 ‚exquirere
980 778 1244 843 alterius
1290 795 1371 843 ex
1416 775 1924 862 Apostolicarum
1955 778 2183 840 caere·

596 862 950 945 moniarum
1011 863 1339 951 magistris.
1397 866 1558 942 Cum
1617 862 1833 949 itaque
1880 861 1956 946 is,
2005 862 2180 928 iussu

597 955 661 1018 S.
698 954 767 1017 C.
807 952 1173 1038 deputatuS,
1210 970 1466 1018 sensum
1500 970 1690 1019 suum
1720 947 2048 1038 aperuerit
2078 970 2181 1015 su-

598 1058 717 1127 per
761 1038 1043 1127 praefato
1092 1039 1314 1124 dubio,
1364 1038 1717 1107 videlicet:
1764 1041 1994 1106 Utrum
2040 1039 2182 1105 Plu-

595 1126 759 1192 viale
818 1147 937 1214 pro
1001 1127 1284 1193 canendo
1344 1126 1792 1213 Martyrologio
1846 1124 1913 1192 iu
1958 1123 2185 1212 Vigilia

596 1213 944 1281 Nativitatis
984 1214 1254 1298 Domini,
1287 1213 1519 1282 debeat
1566 1234 1705 1281 esse
1754 1212 1985 1280 coloris
2014 1212 2181 1292 albi3

597 1301 965 1390 vel‘potius
1012 1301 1331 1370 violacei?

729 1391 871 1456 Emi
917 1395 1034 1458 PP.
1075 1390 1275 1458 Sacris
1320 1389 1568 1460 Ritibus
1627 1389 2008 1479 praepositi,
2061 1409 2187 1455 ma·

601 1492 745 1547 ture
798 1479 1210 1547 consideratis
1265 1498 1426 1563 quae
1487 1478 1551 1545 in
1616 1488 1762 1545 voto
1822 1501 1856 1546 a
1904 1479 2184 1567 praefato

598 1567 1154 1634 caeremoniarum
1201 1567 1495 1654 Magistro
1528 1567 1695 1656 typis
1740 1567 2051 1655 impresso
2097 1566 2185 1631 al-

603 1656 807 1740 legata
854 1654 1139 1738 fuerunt,
1174 1674 1244 1721 ac
1275 1654 1625 1722 referente·
1650 1656 1883 1722 eodem
1908 1655 1909 1662 ’
1933 1659 2089 1720 Ειῑιο
2124 1665 2188 1720 et

600 1746 759 1809 Rffio
813 1746 997 1810 Dom.
1055 1743 1239 1809 Card.
1299 1743 1594 1828 Bardaxi,
1662 1742 2190 1829 respondendum

603 1831 976 1896 duxerunt:
1026 1853 1065 1895 ι
1097 1830 1426 1917 Negative,
1461 1831 1538 1896 ad
1587 1831 1856 1919 primam
1896 1845 2185 1915 partem;

604 1915 1021 2002 Affirmative,
1070 1919 1147 1985 ad
1203 1918 1588 1987 secundam:
1651 1919 1770 1986 hoc
1834 1928 1955 2002 est,
2012 1918 2190 1985 adhi-

599 1993 890 2074 bendum
927 2007 1224 2093 pluviale,
1253 2005 1483 2072 coloris
1529 2006 1894 2083 violacei».
1944 2007 2060 2074 Die
2105 2011 2190 2075 22

610 2093 812 2161 Martii
838 2161 845 2164 „
867 2098 1061 2163 1817.
1674 2141 1693 2152 =

738 2186 919 2247 Facta
978 2194 1195 2252 autem
1254 2183 1339 2250 de
1399 2183 1761 2270 praemissis
1820 2188 2012 2252 88ῶο
2075 2191 2192 2252 Do-

605 2269 779 2338 mino
812 2272 1039 2338 Nostro
1073 2271 1407 2355 relatione,
1435 2271 1542 2338 die
1575 2276 1660 2338 25
1693 2273 1984 2339 eiusdem
2019 2293 2196 2340 men·

603 2358 691 2425 sis
737 2368 803 2424 et
848 2360 1020 2443 anni,
1067 2379 1187 2448 per
1232 2377 1337 2425 me
1385 2358 1856 2446 infrascriptum
1905 2362 2194 2428 Secreta-

608 2448 799 2529 rium,
850 2447 1157 2514 Sanctitas
1209 2450 1331 2514 Sua
1385 2450 1608 2515 Sacrae
1668 2448 2198 2536 congregationis

605 2553 985 2621 responsum
1018 2533 1415 2621 approbavit,
1439 2533 1835 2602 confirmavit
1866 2556 1936 2601 ac
1967 2541 2196 2604 Decre-

611 2632 774 2706 tum,
810 2622 896 2688 de
942 2641 1068 2707 quo
1112 2641 1328 2709 supra,
1381 2623 1548 2711 typis
1610 2623 1768 2690 tradi
1823 2623 2195 2711 publicique

611 2709 765 2776 iuris
810 2708 948 2777 fieri
996 2710 1340 2777 mandavit.

612 2867 868 2937 2574.
938 2849 945 2856 ’
1290 2871 1515 2935 uasts

904 2974 1909 3044 ARCfflCONFRATERNl'rA'rtS

1055 3082 1224 3147 sac.
1278 3082 1755 3149 s'rlcua‘ruu.

1966 2872 2194 2961 (4529)

744 3242 995 3309 Rituale
1052 3241 1778 3310 Arcbiconfraternitatis
1837 3247 1976 3312 Sao.
2031 3247 2197 3332 Stig-

502 3396 505 3407 ,
616 3341 857 3398 matum
904 3329 1113 3414 Urbis,
1165 3330 1279 3396 lib.
1311 3333 1378 3414 t,
1428 3351 1568 3431 cap.
1610 3336 1712 3416 ¹2,
1766 3333 2078 3421 praecipit
2129 3346 2199 3400 ut

617 3418 796 3486 Feria
826 3422 880 3485 V
912 3418 977 3483 in
1023 3423 1233 3487 coena
1281 3419 1553 3503 Domini,
1604 3421 1857 3507 expleta
1903 3421 2202 3489 ecclesia-

616 3508 769 3572 stica
814 3506 1171 3589 functione,
1220 3507 1527 3573 Sacerdos
1581 3526 1704 3573 una
1763 3527 1912 3574 cum
1958 3509 2203 3576 Sodali-

618 3594 760 3659 tatis
811 3591 1316 3659 Moderatoribus
1377 3595 1734 3663 Mandatum
1789 3615 1905 3662 seu
1960 3597 2202 3683 pedum

618 3680 926 3748 lotionem
988 3680 1188 3747 iaciat.
1252 3683 1489 3750 Verum
1544 3683 1900 3749 novissimis
1956 3697 2202 3772 tempo-

619 3767 819 3853 ribus,
869 3785 1015 3834 cum
1064 3769 1387 3836 nonnullis
1436 3771 1536 3837 hic
1583 3772 1744 3836 ritus
1793 3772 1964 3838 visus
2006 3773 2201 3840 fuerit

621 3856 862 3925 discors
902 3857 984 3925 ab
1032 3875 1109 3922 eo
1157 3876 1351 3943 quem
1398 3858 1708 3925 Rubricae
1762 3862 2022 3926 Missalis
2083 3864 2202 3926 Ro-

621 3944 788 4015 mani
852 3943 1325 4032 praescribunt,
1390 3946 1537 4012 hinc
1600 3947 2206 4015 Archiconfraterni·

622 4030 764 4099 tatis
808 4031 1234 4099 Moderatores
1279 4034 1635 4121 supplicem
1681 4037 1752 4111 S.
1785 4039 1864 4102 R.
1900 4039 1973 4103 c.
2025 4035 2209 4103 libel-

619 4120 760 4186 lum
804 4134 1261 4207 porrexerunt,
1313 4122 1726 4210 efflagitantes
1773 4124 1930 4190 nihil
1979 4124 2045 4191 in
2093 4143 2207 4212 po·

620 4218 863 4362 {terum
914 4223 1047 4277 esse
1096 4208 1527 4280 innovandum
1576 4210 1742 4277 circa
1789 4213 1984 4279 ritum
2023 4231 2207 4299 prae-

647 4305 847 4363 alum.

754 4388 833 4450 Et
894 4388 960 4453 S.
1012 4391 1088 4454 R.
1137 4389 1240 4472 c.,
1310 4389 1541 4455 auditis
1612 4400 1989 4476 matureque
2061 4388 2205 4478 per‘-

621 4473 837 4562 pensis
863 4475 1178 4541 rationum
1204 4477 1544 4543 momentis
1570 4478 1646 4545 ab
1669 4476 2210 4545 Arcbiconl'rater·

621 4561 835 4628 nitatis
878 4563 1160 4628 Patronis
1204 4563 1429 4647 allatis,
1465 4585 1534 4630 ac
1580 4567 1907 4633 referente
1953 4569 2113 4632 Emo
2147 4578 2211 4632 et

625 4653 781 4716 Rmo
833 4653 901 4715 l).
938 4649 1129 4717 card.
1168 4650 1323 4716 lulio
1356 4653 1541 4718 Maria
1588 4654 1670 4721 de
1720 4649 1990 4721 Somalia
2019 4658 2086 4723 S.
2123 4655 2211 4720 ei·

625 4736 777 4803 dem
837 4739 1325 4824 congregationi
1390 4743 1714 4809 Praefecto
1778 4755 1844 4809 et
1897 4747 2206 4828 Ponente‚

624 4825 874 4891 censuit
920 4825 1454 4894 rescribendum:
2027 4896 2034 4903 .

757 4935 796 4977 ι
830 4915 1401 5001 consuetudinem,
1466 4920 1547 4985 de
1603 4939 1726 5006 qua
1773 4919 1837 4984 in
1882 4922 2207 5023 precibuS,

625 5019 765 5067 esse
813 5000 1286 5089 eliminandam,
1335 5009 1840 5095 servandamque
1889 5031 1953 5078 tn
1998 5021 2208 5099 poste-

626 5106 771 5154 rum
803 5089 1143 5156 Rubrioam
1165 5092 1422 5158 Missalis
1447 5097 1708 5164 Romani
1739 5098 1816 5165 ad
1849 5099 2213 5167 faciendum

627 5176 1014 5261 Mandatum,
1064 5175 1245 5244 firma
1292 5199 1550 5267 semper
1597 5196 1891 5255 manente
1930 5189 2212 5273 prohibi·

628 5262 803 5330 tione
849 5265 1195 5353 peragendi
1245 5266 1553 5335 lotionem
1595 5272 1834 5356 pedum
1882 5274 1945 5340 in
1992 5274 2214 5341 Eccle—

627 5354 717 5422 sia
750 5374 816 5420 ι.
864 5351 977 5419 Die
1023 5356 1109 5423 22
1156 5353 1356 5420 Martii
1410 5359 1599 5424 1817.

2702 421 3414 488 cacaravsaousa.
3637 419 3852 506 (tasi)

2409 598 2638 664 SSmus
2702 595 3001 662 Dominus
3064 597 3292 661 Noster
3337 593 3479 661 Pius
3528 596 3636 662 vu
3683 597 3852 660 Pont.

2278 690 2473 769 Max„
2507 684 2910 772 supplicante
2942 680 3358 751 Serenissimo
3392 680 3690 767 Principe
3718 683 3851 749 Fer·

2280 774 2555 842 dinando
2604 776 2683 840 tv
2728 773 3063 858 utriusque
3112 769 3366 839 Siciliae
3411 772 3621 856 Rege,
3656 766 3861 837 divisis

2281 883 2349 928 ac
2372 860 2842 929 dismembratis
2867 859 3242 945 quindecim
3266 858 3476 925 Terris
3505 857 3587 923 ab
3618 866 3862 924 extensa

2282 950 2467 1017 nimis
2516 952 2899 1035 Syracusana
2950 947 3260 1031 Dioecesi,
3309 945 3753 1013 Decretalibus
3777 944 3863 1011 Li-

2286 1039 2437 1103 teris
2483 1037 2644 1105 datis
2691 1035 2899 1104 idibus
2944 1034 3342 1122 Septembris
3387 1033 3534 1101 anni
3582 1032 3864 1121 proxime

2285 1126 2482 1213 elapsi
2531 1126 3167 1211 calatayeronensem
3213 1122 3574 1189 Dioecesim
3608 1121 3864 1188 eremita

2285 1213 2554 1280 civitate
2604 1213 2895 1281 eiusdem
2941 1212 3237 1279 nominis.
3288 1210 3478 1277 Binae
3528 1228 3683 1277 cum
3715 1229 3783 1275 ea
3812 1209 3866 1275 in

2285 1302 2552 1368 civitate
2597 1301 2895 1368 adessent
2926 1301 3318 1385 collegiatae
3351 1298 3709 1381 Ecclesiae,
3742 1316 3865 1363 cer·

2291 1399 2488 1457 tatum
2536 1401 2636 1456 est
2681 1388 2745 1456 in
2791 1398 3219 1472 antecessum,
3255 1388 3509 1458 cuinam
3544 1386 3646 1452 ius
3675 1395 3740 1452 et
3768 1386 3866 1452 bo-

2290 1497 2408 1544 nor
2437 1477 2945 1546 cathedralitatis
2993 1487 3444 1564 competeret;
3496 1493 3731 1541 verum
3762 1473 3868 1541 loci

2295 1565 2710 1634 commoditas
2756 1564 3011 1634 dissidia
3060 1563 3419 1652 composuit
3465 1574 3536 1630 et
3567 1565 3637 1629 S.
3666 1561 3867 1629 Iuliani
3971 1603 3972 1606 =

2293 1654 2631 1742 Templum
2691 1652 2832 1720 iure
2891 1665 2956 1720 et
3001 1654 3246 1720 honore
3305 1651 3609 1739 praefatis
3667 1649 3868 1718 excel·

2295 1741 2441 1808 luit.
2493 1741 2972 1820 Ecclesiavero
3021 1741 3126 1807 cui
3171 1762 3206 1807 a
3253 1744 3320 1808 S.
3354 1739 3581 1807 Iacobo
3633 1737 3866 1822 titulus,
3971 1735 3972 1786 ἐ

2293 1840 2532 1898 attenta
2578 1829 2873 1895 eiusdem
2930 1829 3321 1916 insignitate,
3367 1843 3616 1898 nomen
3670 1845 3869 1894 conso-
3971 1857 3972 1896 ÷

2295 1930 2436 1983 cuta
2467 1916 2764 1984 Basilicas
2813 1916 3378 2001 minoris-ordinis,
3415 1927 3481 1983 et
3510 1916 3594 1994 ad
3624 1925 3868 1996 statum,
3971 1919 3972 1926 ’

2295 2006 2569 2096 gradum
2602 2015 2668 2071 et
2705 2005 3140 2073 conditionem
3186 2003 3558 2074 huiusmodi
3603 1997 3870 2072 Basilica·

2295 2113 2442 2162 rum
2474 2105 2696 2161 evecta
2744 2102 2864 2160 est.
2918 2092 3073 2162 Hinc
3119 2093 3290 2161 inter
3318 2093 3613 2180 capitula
3649 2091 3872 2179 praeia-

2297 2192 2506 2254 tarum
2560 2180 2988 2249 Ecclesiarum
3051 2182 3457 2250 dubitatum-2
3524 2186 3626 2248 An
3687 2200 3765 2248 ex
3818 2177 3872 2243 vi

2298 2270 2727 2337 Decretalium
2771 2269 3126 2338 Literarum
3158 2270 3705 2358 Apostolicarum,
3749 2265 3876 2351 qui·

2300 2358 2416 2425 bus
2439 2358 2784 2446 collegiata
2810 2359 3089 2426 Ecclesia
3122 2363 3190 2427 S.
3216 2358 3419 2426 lacobi
3444 2359 3870 2444 calatayeron.

2296 2447 2375 2513 ad
2411 2456 2682 2530 statum,
2705 2447 2973 2540 gradum
3008 2459 3073 2514 et
3105 2447 3545 2514 conditionem
3588 2443 3875 2513 Basilicas

2299 2534 2560 2602 minoris
2607 2545 2830 2601 evecta
2859 2547 2982 2620 est,
3020 2536 3218 2625 possit
3248 2536 3404 2604 haec
3435 2535 3574 2623 ipsa
3609 2531 3877 2600 Ecclesia

2298 2628 2707 2712 conopaeum
2759 2625 2980 2711 (vulgo
3027 2622 3433 2710 Padiyliono)
3473 2633 3539 2690 et
3570 2620 3877 2690 'tintinna-

2302 2712 2527 2781 bulum
2574 2723 2859 2798 gestare,
2909 2715 3200 2798 quamvis
3257 2713 3342 2779 de
3404 2712 3526 2778 hoc
3581 2705 3877 2798 peculiari

2300 2799 2643 2889 privilegio
2690 2801 2916 2868 sileant
2961 2801 3363 2888 Apostolicae
3411 2795 3723 2867 Literae?

2436 2892 2514 2954 Et
2537 2891 2605 2957 S.
2626 2892 2700 2957 ll.
2720 2893 2823 2973 c.,
2850 2889 3354 2979 supplicantibus
3384 2907 3500 2975 pro
3525 2881 3880 2956 huiusmodi
3971 2955 3972 2958 ,

2301 2977 2478 3046 dubii
2513 2978 2939 3046 declaratione
2977 2977 3374 3046 cathedralis
3419 2976 3748 3043 Ecclesiae
3778 2978 3880 3042 Ca·
3971 2965 3972 3003 ³

2304 3069 2738 3152 latayeronen.
2794 3067 3121 3134 canonicis
3141 3116 3158 3151 ,
3217 3077 3282 3131 et
3334 3066 3662 3153 exquisito
3717 3061 3881 3152 prius
3971 3064 3972 3149 ζ

2300 3165 2450 3222 voto
2476 3154 2663 3220 unius
2694 3174 2772 3222 ex
2796 3154 3304 3243 Apostolicarum
3330 3153 3879 3221 caeremoniarum
3949 3186 3972 3207 m

2304 3242 2613 3331 Magistris
2642 3244 2880 3331 scripto
2913 3242 3141 3311 tradito
3173 3243 3523 3329 praeloque
3563 3241 3877 3326 evulgato,
3971 3272 3972 3311 1

2305 3334 2383 3399 ad
2410 3330 2785 3399 relationem
2819 3333 2957 3398 Emi
2993 3342 3058 3398 et
3088 3330 3232 3399 Rmi
3263 3329 3510 3397 Domini
3541 3325 3881 3397 cardinalis
3971 3336 3972 3375 1

2304 3419 2694 3499 Quarantotti
2741 3421 2881 3488 loco
2929 3421 3067 3487 Emi
3117 3431 3182 3486 et
3226 3418 3368 3486 ani
3400 3423 3472 3485 D.
3507 3418 3705 3486 card.
3737 3416 3881 3481 Litta
3971 3416 3972 3487 i

2306 3507 2630 3589 Ponentis,
2656 3509 2903 3575 censuit
2935 3507 3454 3575 rescribendum:
3490 3527 3531 3571 «ι
3555 3508 3658 3573 Ad
3689 3509 3761 3572 D.
3787 3505 3884 3570 Se-

2307 3595 2648 3661 cretarium
2681 3613 2827 3662 cum
2861 3600 3054 3665 88ῶο
3082 3617 3146 3661 ι.
3181 3595 3292 3662 Die
3327 3599 3410 3662 22
3443 3594 3648 3661 Martii
3701 3592 3874 3660 1817.

2435 3686 2615 3748 Facta
2660 3696 2904 3769 autem,
2938 3685 3044 3752 die
3094 3689 3178 3751 25
3226 3685 3517 3753 eiusdem
3562 3681 3798 3751 mensis
3825 3687 3881 3743 et
3971 3692 3972 3703 ¹

2304 3772 2475 3855 anni,
2510 3791 2628 3861 per
2675 3792 2778 3839 me
2811 3773 3282 3863 infrascriptum
3331 3777 3555 3842 Sacrae
3601 3769 3879 3868 eiusdem

2306 3860 2829 3947 congregationis
2895 3862 3330 3930 Secretarium
3389 3861 3474 3928 de
3536 3857 3882 3948 praemissis

2310 3952 2424 4018 88.
2470 3950 2738 4017 Domino
2785 3952 3011 4017 Nostro
3071 3951 3421 4030 relatione;
3474 3950 3700 4017 eadem
3745 3950 3879 4016 San·

2309 4039 2489 4103 ctitas
2521 4041 2644 4104 Sua
2677 4038 3020 4106 declaravit
3052 4051 3244 4126 atque
3276 4038 3609 4115 decrevit:
3653 4058 3694 4102 ι
3720 4040 3881 4103 {uxta

2310 4126 2834 4214 Congregationis
2865 4137 3110 4212 votum,
3137 4147 3324 4216 posse
3356 4125 3724 4212 Capitulum
3754 4124 3879 4192 col-

2311 4213 2579 4300 legiatae
2627 4213 2947 4282 Ecclesiae
2993 4218 3057 4283 S.
3088 4215 3289 4283 iacobi
3336 4214 3619 4281 Civitatis
3665 4212 3881 4281 calata-

2308 4321 2617 4389 yeronen.
2651 4304 2870 4388 vigore
2912 4304 3335 4391 praefatarum
3381 4305 3737 4372 Literarum
3777 4303 3879 4368 Co·

2310 4409 2628 4478 nopaeum
2676 4403 2738 4457 et
2785 4392 3302 4459 Tintinnabulum
3337 4403 3632 4478 gestare;
3671 4404 3883 4457 verum

2316 4480 2378 4545 in
2432 4478 2507 4543 iis
2560 4488 2805 4546 tantum
2858 4479 3058 4546 solitis
3114 4492 3176 4547 et
3230 4479 3548 4548 consuetis
3603 4477 3882 4545 ecclesia·

2312 4566 2486 4633 sticis
2532 4565 2964 4635 functionibus
3010 4568 3072 4635 in
3119 4568 3348 4656 quibus
3401 4587 3530 4636 non
3576 4563 3883 4634 concurrit

2316 4674 2462 4721 cum
2507 4656 2708 4721 altero
2755 4656 3147 4725 cathedralis
3194 4655 3516 4725 Ecclesiae
3562 4652 3881 4741 capitulo-2

2315 4743 2509 4828 idque
2557 4743 2621 4809 in
2662 4744 2986 4813 Ecclesiae
3030 4746 3296 4828 ambitu,
3329 4745 3432 4811 vel
3467 4746 3630 4811 intra
3662 4741 3882 4811 limites

2313 4841 2559 4917 tantum
2607 4832 2897 4898 eiusdem
2945 4834 3300 4917 Paroeciae,
3338 4843 3605 4919 excepta
3651 4834 3881 4901 dumta-

2316 4930 2417 4984 xat
2450 4920 2526 4987 ab
2559 4922 2671 4988 hac
2705 4921 3081 4991 limitatione
3126 4923 3395 4991 solemni
3435 4920 3880 5010 supplicatione

2313 5009 2393 5074 ab
2439 5011 2666 5077 eadem
2724 5011 3069 5101 collegiata
3127 5011 3265 5078 fieri
3327 5011 3663 5100 quotannis
3718 5007 3884 5077 solita

2319 5117 2435 5186 per
2468 5097 2595 5164 vias
2632 5099 2918 5167 Civitatis
2949 5102 3010 5166 in
3043 5103 3148 5168 die
3181 5102 3368 5169 Festo
3409 5106 3478 5170 S.
3504 5101 3706 5170 lacobi
3736 5098 3882 5165 eius-

2318 5187 2471 5251 dem
2532 5188 2852 5253 Ecclesiae
2922 5186 3213 5256 Titularis
3252 5213 3318 5257 v.
3380 5196 3591 5277 Atque
3651 5189 3728 5254 ita
3783 5185 3883 5252 de·

2318 5272 2547 5426 grevtit,
2596 5276 2813 5341 statuit
2858 5288 2923 5342 et
2971 5278 3035 5344 in
3079 5290 3412 5365 posterum
3453 5278 3689 5346 servari
3729 5292 3880 5345 man·

2363 5379 2458 5426 avi
2495 5407 2512 5426 .
