4042 5950
2002 292 2418 371 ...46-

589 462 770 522 textu
815 452 986 541 quod
1031 474 1064 518 a
1109 451 1439 521 canonicis
1498 461 1568 518 et
1612 449 2008 517 Beneficiatis
2068 450 2161 516 di-

590 555 726 608 ctae
772 540 1284 627 Metropolitanae
1333 540 1647 606 testatoris
1676 537 2001 624 dispositio
2033 556 2162 603 non

589 631 782 718 plene
826 629 1327 715 adimplebatur-3
1390 625 1545 693 dum
1605 626 1758 713 ipsi,
1831 625 2156 690 occasione

587 717 1050 797 benedictionis
1103 715 1275 784 Ssmi
1329 712 1710 782 sacramenti
1743 725 1831 796 et,
1889 713 1964 776 ad
2014 730 2160 798 pre-

587 826 692 872 ces
725 823 931 870 coram
979 803 1088 868 illo
1134 802 1484 870 fundendas
1514 801 1775 887 singulis
1820 800 2159 865 Dominicis

586 902 729 979 post
752 890 1276 976 completorium,
1305 910 1337 955 a
1367 891 1572 957 Choro
1598 888 1858 956 minime
1889 886 2157 953 descen-

586 980 849 1062 dissent,
886 996 1088 1062 eaque
1133 977 1209 1043 ad
1260 981 1327 1044 S.
1360 982 1433 1045 R.
1469 982 1542 1045 C.
1576 978 1820 1053 delata3
1872 979 2061 1041 Emus
2092 986 2156 1040 et

585 1072 777 1134 Rmus
823 1071 895 1132 D.
947 1067 1132 1131 Card.
1184 1065 1349 1131 Gotti
1390 1064 1857 1151 infrascriptum
1888 1062 2155 1129 dubium

587 1156 764 1254 inter·
782 1165 993 1240 partes
1026 1154 1475 1221 concordatum
1517 1152 1965 1219 declarandum
2006 1169 2153 1236 pro-

635 1254 837 1309 osuit:

585 1265 629 1331 P
715 1336 808 1396 An
864 1329 1155 1397 Canonici
1208 1339 1269 1393 et
1315 1327 1718 1410 Beneficiati,
1766 1328 1920 1393 dum
1980 1346 2152 1392 occa·

584 1420 758 1485 sione
807 1413 1269 1485 benedictionis
1295 1415 1736 1502 Augustissimi
1770 1413 2154 1480 Sacramenti

585 1505 844 1592 singulis
890 1502 1226 1569 Dominicis
1274 1514 1415 1589 post
1462 1503 1967 1588 completorium
2010 1521 2152 1566 can-

585 1604 753 1661 tatur
798 1599 1117 1680 Hymnus:
1168 1593 1381 1676 Pauyc
1425 1592 1657 1675 linqua
1702 1601 1849 1669 etc„
1904 1599 2154 1655 tenean-

588 1694 690 1748 tur
750 1680 1141 1747 descendere
1187 1700 1220 1743 a
1265 1680 1472 1745 Choro
1533 1689 1598 1746 et
1650 1677 1831 1743 flexis
1888 1675 2155 1763 genibus

587 1788 814 1835 canere
847 1785 1057 1832 coram
1102 1767 1494 1845 Venerabili3
1545 1765 1645 1831 vel
1698 1764 1905 1852 potius
1950 1783 2151 1829 rema-

586 1876 741 1923 nere
806 1854 1042 1943 possint
1101 1855 1165 1919 in
1222 1872 1444 1920 eorum
1504 1853 1698 1919 stallis
1760 1848 2158 1919 choralibus?

716 1948 795 2013 ,Et
838 1946 906 2009 S.
939 1946 1016 2009 R.
1049 1944 1151 2025 C.,
1199 1942 1274 2008 ad
1321 1942 1695 2008 relationem
1742 1940 1880 2006 Emi
1910 1950 1975 2006 et
2015 1939 2154 2005 Rmi

586 2036 659 2097 D.
695 2032 884 2097 Card.
919 2028 1112 2112 Gotti,
1148 2048 1459 2117 perpensa
1488 2029 1664 2116 prius
1710 2027 2150 2093 informatione

588 2119 725 2185 tuni
772 2116 1277 2203 Archiepiscopi,
1315 2137 1434 2184 nec
1465 2136 1593 2183 non
1623 2116 1869 2200 scriptis
1903 2124 1967 2179 et
1996 2132 2154 2179 voce

586 2218 856 2292 utraque
919 2215 1100 2291 parte
1169 2206 1546 2272 informante
1616 2206 1859 2283 audita,
1931 2202 2152 2266 rescri-

588 2296 867 2362 bendum
901 2292 1175 2357 censuit:
1225 2316 1262 2358 ‹
1289 2291 1613 2378 Negative,
1648 2292 1854 2376 quoad
1888 2288 2153 2376 primam

585 2393 872 2468 partem;
921 2378 1335 2461 Affirmative,
1369 2378 1575 2464 quoad
1609 2378 1947 2444 secundam
1979 2399 2041 2441 ν.
2080 2381 2157 2442 Et

587 2471 669 2535 ita
730 2467 1013 2535 decrevit
1073 2488 1141 2532 ac
1201 2468 1434 2533 servari
1498 2466 1836 2532 mandavit.
1899 2464 2008 2530 Die
2071 2466 2152 2528 26

588 2557 873 2644 Augusti.
905 2558 1092 2621 1730.

589 2697 845 2766 2292.

719 2822 931 2905 Super
968 2819 1107 2884 iure
1152 2818 1578 2905 praecedendi
1610 2820 1673 2886 in
1719 2819 1971 2905 Synodo
1995 2817 2159 2882 aliis-

589 2928 715 2994 que
757 2906 1027 2993 publicis
1071 2904 1498 2973 functionibus
1564 2907 1626 2973 in
1672 2906 1937 2974 civitate
2001 2909 2158 2971 Nea-

593 2995 754 3083 polis
785 2994 1188 3083 peragendis,
1221 2994 1391 3060 inter
1412 2994 1769 3082 Capitulum
1802 3006 1867 3060 et
1898 2995 2158 3061 Clerum

594 3084 905 3150 Ecclesiae
953 3086 1021 3150 S.
1055 3082 1246 3148 Mauri
1290 3082 1519 3147 Casalis
1561 3082 1958 3165 Casoriae,jn
2011 3081 2157 3147 insi-

590 3187 783 3256 gnem
827 3170 1235 3257 collegiatam
1289 3180 1541 3235 erectae
1605 3187 1809 3253 usque
1875 3170 1952 3234 ab
1996 3187 2157 3235 anno

597 3263 786 3342 1702,
833 3279 867 3323 a
911 3259 1063 3325 clar.
1121 3276 1316 3323 mem.
1363 3257 1581 3324 Carolo
1605 3257 1790 3322 Card.
1825 3256 2157 3322 Barbarino

591 3349 800 3433 legato
847 3368 878 3412 a
926 3349 1122 3412 latere
1153 3345 1228 3411 ad
1262 3346 1433 3411 illam
1464 3344 1795 3410 Civitatem
1840 3344 2161 3410 transmis-

591 3456 685 3518 so,
738 3455 813 3501 ex
861 3454 1008 3515 una,
1060 3444 1122 3498 et
1168 3433 1474 3498 Parochos
1534 3431 1818 3497 eiusdem
1881 3432 2162 3499 Civitatis

592 3523 873 3612 partibus
921 3540 999 3586 ex
1044 3520 1263 3602 altera,
1312 3519 1466 3585 ortis
1512 3519 1955 3585 controversiis
2007 3519 2161 3584 illis-

592 3628 720 3697 que
763 3609 839 3674 ad
889 3612 951 3673 S.
988 3612 1060 3673 R.
1097 3610 1166 3672 G.
1210 3605 1463 3686 delatiS,
1512 3610 1706 3670 Emus
1751 3616 1816 3671 et
1860 3612 2053 3674 Rffius
2077 3609 2156 3670 1).

593 3697 776 3764 Card.
824 3697 1085 3779 Belluga
1144 3692 1608 3776 infrascriptum
1663 3691 1929 3758 dubium
1998 3695 2165 3758 inter

595 3794 803 3873 partes
836 3782 1283 3849 concordatum
1317 3779 1768 3847 declarandum
1798 3779 2161 3867 proposuit:

723 3875 818 3937 An
865 3871 929 3936 in
991 3869 1246 3954 Synodo
1312 3866 1718 3953 Neapolitana
1789 3879 1854 3932 et
1924 3869 1986 3931 in
2033 3866 2165 3931 aliis

593 3959 864 4048 publicis
909 3954 1331 4023 functionibus
1400 3954 1699 4019 faciendis
1746 3953 1809 4020 in
1854 3953 2023 4019 dicta
2067 3954 2163 4018 Ci-

594 4049 784 4115 vitate
829 4046 1140 4112 debeatur
1192 4040 1635 4129 praecedentia
1691 4039 2052 4125 Praeposito
2100 4053 2164 4104 et

593 4132 917 4202 Canonicis
940 4129 1326 4215 collegiatae
1373 4128 1690 4193 Ecclesiae
1739 4130 1806 4192 S.
1834 4127 2027 4192 Mauri
2056 4131 2165 4193 Ca-

592 4223 737 4287 salis
780 4218 1098 4286 Casoriae:
1147 4216 1249 4281 vel
1300 4217 1511 4302 potius
1556 4215 1846 4280 Parochis
1887 4214 2165 4279 Civitatis

594 4304 926 4395 Neapolis?
968 4309 1045 4369 Et
1088 4306 1153 4370 S.
1201 4308 1278 4370 R.
1321 4309 1427 4385 C.,
1474 4312 1741 4386 utraque
1784 4312 1963 4386 parte
2015 4300 2167 4366 scri-

595 4397 719 4485 ptis
774 4407 837 4460 et
880 4411 1037 4457 voce
1084 4391 1459 4456 informante
1502 4388 1738 4469 audita,
1802 4388 2162 4472 rescripsit:

596 4507 635 4548 «
669 4482 896 4558 Dilata;
947 4491 1011 4544 et
1057 4481 1132 4545 ad
1164 4488 1484 4554 mentem;
1526 4486 1590 4539 et
1622 4494 1798 4539 mens
1832 4475 1951 4538 fuit
1993 4474 2161 4558 quod

598 4572 1046 4656 exquireretur
1122 4563 1515 4632 observantia
1584 4561 1843 4627 aliarum
1912 4561 2168 4624 Dioece-

595 4661 787 4740 sium,
824 4667 887 4722 et
931 4656 1158 4722 modus
1205 4654 1392 4720 etiam
1440 4669 1567 4736 quo
1616 4650 1676 4713 in
1723 4649 1987 4713 civitate
2018 4650 2170 4712 Nea-

596 4745 760 4831 polis
806 4744 1179 4810 ordinantur
1223 4739 1661 4807 Processiones
1682 4755 1745 4799 ».
1797 4736 2028 4820 vigore
2062 4736 2170 4799 ita-

598 4849 727 4916 que
758 4830 1119 4895 huiusmodi
1151 4824 1487 4914 Rescripti,
1521 4823 1848 4911 perventis
1879 4820 2170 4906 pluribus

598 4915 909 4981 variarum
956 4918 1157 5000 Regni
1190 4915 1582 4997 aliarumque
1627 4908 2049 4976 Ecclesiamm
2079 4909 2168 4972 in·

599 5001 1080 5069 formationibus
1142 5020 1340 5086 super
1408 5001 1510 5066 tali
1574 4994 2033 5063 consuetudine
2093 4995 2168 5058 ab

600 5095 758 5156 Emo
804 5091 1080 5152 Ponente
1127 5087 1468 5169 requisitis,
1517 5085 2006 5169 supradictoque
2053 5082 2170 5146 du-

602 5177 704 5244 bio
749 5176 815 5242 in
860 5177 924 5243 S.
959 5176 1134 5239 R.C.
1171 5173 1399 5236 iterum
1448 5168 1818 5256 proposit03
1892 5221 1895 5230 ,
2155 5248 2167 5260 ·

731 5269 798 5332 S.
849 5262 1071 5327 eadem
1096 5263 1169 5323 R.
1190 5263 1290 5339 C.,
1325 5259 1399 5320 ad
1428 5254 1799 5320 relationem
1822 5253 2012 5334 ipsius
2031 5253 2169 5312 Em·

601 5351 918 5433 Ponentis,
951 5339 1233 5436 partibus
1275 5361 1432 5406 voce
1466 5349 1531 5404 et
1561 5336 1808 5418 scriptis
1838 5337 2049 5398 denuo
2084 5336 2169 5398 in-

1110 2695 1667 2760 NEAPomANA.
1932 2694 2151 2778 (3993)

2257 450 2670 517 formantibus
2711 450 2963 533 auditis,
3012 450 3493 517 rescribendum
3538 450 3818 515 censuit:

2258 560 2296 603 ‹
2329 535 2742 620 Affirmative,
2777 538 2851 604 ad
2883 538 3149 623 primam
3182 547 3457 626 partem:
3491 538 3821 622 Negative,

2257 628 2332 692 ad
2378 627 2724 691 secundam
2751 646 2814 690 ».
2863 629 2941 690 Et
2988 625 3068 690 ita
3114 624 3403 692 decrevit
3463 644 3530 689 ac
3583 624 3824 690 servari

2258 713 2599 779 mandavit.
2635 712 2747 778 Die
2793 716 2832 779 9
2878 712 3245 778 Decembris
3298 714 3485 778 1730.

2259 854 2515 923 2293.
2869 854 3254 920 TERULEN.

2384 980 2543 1044 Cum
2608 978 2670 1043 in
2715 996 2896 1043 causa
2952 975 3252 1041 Terulen.
3299 975 3830 1060 praeeminentia-

2257 1083 2398 1130 rum
2429 1075 2723 1131 vertente
2758 1064 2925 1130 inter
2954 1066 3186 1129 Rmum
3216 1063 3602 1150 Episcopum
3630 1067 3833 1128 'reru-

2258 1152 2387 1217 len.
2440 1172 2520 1217 ex
2569 1172 2715 1235 una,
2750 1164 2940 1236 atque
2985 1150 3330 1236 Dignitates
3377 1163 3441 1216 et
3486 1149 3836 1217 canonicos

2257 1239 2429 1305 illius
2472 1240 2864 1305 Catbedralis
2910 1238 3193 1326 partibus
3239 1258 3321 1303 ex
3353 1239 3573 1322 altera,
3605 1259 3680 1303 ac
3709 1256 3837 1323 per

2253 1333 2483 1394 Emum
2530 1339 2596 1393 et
2637 1331 2864 1393 Rffium
2913 1328 3120 1392 Duum
3168 1325 3351 1392 Gard.
3404 1327 3665 1411 Belluga
3724 1328 3838 1389 Po·

2254 1426 2516 1482 nentem
2561 1415 2907 1503 proposita,
2940 1433 3138 1500 super
3164 1413 3446 1479 secundo
3476 1412 3703 1479 dubio:
3741 1414 3834 1475 An

2255 1502 2441 1569 liceat
2483 1505 2712 1590 apponi
2765 1513 2976 1587 tapete
3007 1520 3150 1568 cum
3182 1501 3496 1587 pulvinari
3541 1512 3692 1567 ante
3723 1517 3838 1586 pe-

2252 1591 2364 1656 des
2409 1591 2818 1657 praebendati
2851 1589 3255 1671 celebrantis,
3282 1589 3533 1674 quando
3564 1589 3840 1654 descen·

2254 1679 2342 1746 dit
2377 1698 2492 1764 pro
2519 1679 2922 1765 impositione
2953 1679 3269 1758 cinerum,
3301 1696 3415 1762 pro
3448 1675 3844 1742 distributio-

2253 1787 2337 1832 ne
2374 1768 2719 1852 palmarum
2754 1776 2818 1831 et
2849 1764 3259 1830 candelarum
3294 1773 3357 1827 et
3379 1782 3497 1849 pro
3534 1780 3840 1848 quacum-

2253 1874 2378 1940 que
2423 1854 2538 1919 alia
2586 1853 2907 1918 functione
2957 1851 3406 1932 ecclesiastica,
3457 1851 3702 1916 etiamsi
3742 1868 3839 1914 se-

2252 1954 2481 2028 quatur
2503 1960 2682 2006 casus
2705 1941 2877 2024 quod
2904 1939 3296 2025 Magistratus
3314 1936 3617 2021 civitatis,
3636 1939 3840 2020 vulgo

2255 2029 2610 2112 flagitiores,
2661 2037 2917 2093 utantur
2963 2027 3195 2092 eodem
3242 2034 3458 2110 tapete
3503 2036 3567 2090 et
3625 2023 3838 2112 pulvi-

2256 2116 2387 2183 nari
2436 2116 2497 2181 in
2546 2116 2784 2180 eisdem
2836 2111 3318 2179 functionibus?
3359 2134 3392 2177 a
3423 2115 3491 2179 S.
3516 2115 3699 2180 R.C.
3735 2111 3843 2176 die

2255 2208 2338 2271 20
2384 2203 2651 2290 Augusti
2704 2206 2869 2269 1729
2914 2219 3294 2286 responsum
3326 2199 3558 2265 fuerit:
3608 2200 3704 2266 Ad
3741 2217 3842 2264 se-

2255 2293 2530 2358 cundum
2577 2308 2692 2376 pro
2762 2289 3221 2356 reformatione.
3279 2287 3495 2372 dubii3
3552 2304 3842 2371 cumque

2255 2380 2658 2479 postmodum
2728 2377 2898 2442 idem
2957 2376 3347 2467 EpiscopuS‚
3397 2376 3477 2442 de
3540 2374 3842 2440 mandato

2253 2467 2448 2551 tpsius
2491 2470 2556 2532 S.
2593 2469 2692 2548 C.,
2740 2483 2856 2551 pro
2905 2463 3155 2529 meliori
3187 2464 3347 2529 -facti
3379 2461 3844 2528 dilucidatione

2255 2572 2450 2640 super
2494 2553 2854 2620 huiusmodi
2904 2552 3101 2618 abusu
3135 2561 3429 2638 tempore
3459 2550 3643 2616 Sedis
3695 2548 3844 2635 Epi·

2255 2641 2523 2729 scopalis
2563 2639 2836 2705 vacantis
2863 2639 3149 2721 inducto,
3183 2639 3384 2724 magis
3412 2649 3842 2723 opportunam

2257 2730 2673 2793 transmiserit
2700 2725 3233 2810 informationem
3258 2744 3428 2791 nunc
3454 2726 3625 2792 idem
3645 2730 3846 2790 Emus

2257 2815 2519 2900 Belluga
2567 2814 2963 2901 praedictum
3011 2813 3279 2880 dubium
3323 2834 3356 2877 a
3402 2814 3471 2878 S.
3502 2816 3580 2878 R.
3614 2815 3686 2878 C.
3733 2811 3846 2877 de·

2260 2903 2624 2969 clarandum
2671 2901 3042 2989 proposuit:

2391 2996 2468 3056 Et
2501 2994 2566 3056 S.
2597 2991 2817 3056 eadem
2843 2995 2916 3057 R.
2936 2993 3038 3070 G„
3071 2992 3484 3055 Procuratore
3515 2988 3654 3054 Rmi
3693 2986 3844 3073 Epi-

2256 3079 2430 3162 scopi
2488 3077 2742 3163 scriptis
2799 3088 2863 3142 et
2924 3095 3081 3141 voce
3138 3076 3520 3144 informante
3576 3076 3836 3155 audito,

2258 3185 2328 3231 ac
2386 3185 2544 3231 nova
2605 3165 2798 3249 ipsius
2859 3163 3152 3250 Episcopi
3214 3163 3526 3229 relatione
3586 3174 3837 3227 mature

2261 3272 2616 3341 perpensa,
2687 3250 3172 3316 rescribendum
3219 3251 3510 3317 censuit:
3561 3272 3600 3311 ‹
3633 3253 3837 3335 Nega-

2262 3342 2388 3406 tive
2434 3364 2499 3405 ».
2552 3345 2627 3405 Et
2671 3338 2756 3402 ita
2802 3337 3089 3404 decrevit
3122 3347 3186 3401 et
3215 3337 3453 3402 servari
3485 3337 3832 3403 mandavit.

2259 3429 2370 3493 Die
2414 3432 2454 3495 9
2499 3425 2866 3492 Decembris
2919 3427 3108 3490 1730.

2263 3566 2518 3636 2294.
2834 3567 3296 3632 AsrumcssN.
3607 3563 3836 3651 (3995)

2392 3694 2487 3755 Ex
2532 3700 2712 3776 parte
2769 3687 3056 3754 moderni
3116 3687 3410 3775 Episcopi
3471 3691 3835 3755 Asturicen.

2268 3778 2623 3863 expositum
2683 3775 2839 3857 fuit,
2887 3776 3057 3859 quod
3116 3774 3373 3840 cumin
3437 3777 3841 3863 temporibus

2264 3865 2734 3929 ordinationum
2760 3883 2791 3926 a
2817 3863 2956 3946 iure
2978 3863 3223 3927 statutis
3244 3863 3574 3927 multoties
3593 3864 3844 3928 contin-

2265 3960 2371 4036 gat
2415 3968 2746 4016 occurrere
2793 3949 3018 4014 eadem
3065 3949 3168 4014 die
3214 3948 3499 4032 Sabbati,
3562 3962 3839 4034 quatuor

2267 4051 2622 4123 temporum
2669 4037 2772 4101 vel
2830 4045 2973 4100 ante
3033 4035 3418 4101 Dominicam
3492 4037 3836 4118 Passionis,

2264 4129 2438 4190 Festa
2494 4123 2765 4209 duplicia
2823 4133 2928 4186 aut
2984 4121 3458 4207 semiduplicia,
3493 4133 3708 4207 ‘atque
3757 4125 3837 4190 de

2265 4211 2371 4275 tali
2424 4209 2814 4275 occurrentia
2856 4208 3012 4273 nihil
3049 4207 3109 4273 in
3143 4208 3490 4274 Pontificali
3551 4211 3650 4276 dis
3704 4211 3838 4275 oni-

2267 4308 2370 4362 tur
2416 4297 2576 4361 circa
2610 4296 2850 4362 Missam
2882 4295 2942 4358 in
2972 4294 3479 4361 ordinationibus
3512 4297 3654 4360 cele
3707 4317 3840 4362 ran-

3593 851 3826 939 (aaut)

2266 4385 2433 4466 dam,
2467 4384 2619 4449 alios
2665 4383 2986 4447 Antistites
3011 4380 3438 4446 diversimode
3468 4400 3537 4446 se
3561 4384 3840 4469 gessisse

2266 4471 2543 4546 audivit3
2597 4470 2767 4553 quo‘d
2814 4468 3056 4532 scilicet
3105 4469 3396 4533 nonnulli
3451 4469 3692 4534 Missam
3759 4471 3838 4535 de

2269 4562 2479 4635 Festo,
2528 4557 2628 4620 alii
2676 4555 2914 4619 Missam
2976 4555 3056 4618 de
3119 4563 3244 4617 tem
3295 4574 3408 4620 ore
3470 4555 3840 4622 celebrave-

2268 4643 2420 4707 rint:
2470 4651 2862 4727 quapropter
2905 4641 2978 4706 ad
3032 4640 3230 4704 tollen
3278 4660 3377 4705 am
3423 4661 3623 4728 super
3651 4662 3840 4729 prae-

2268 4729 2469 4793 missis
2531 4744 2782 4792 omnem
2839 4727 3260 4808 dubietatem,
3312 4748 3342 4791 a
3390 4731 3456 4794 S.
3491 4733 3563 4794 R.
3601 4733 3676 4795 C.
3721 4732 3838 4796 bu·

2267 4814 2536 4881 millime
2581 4813 2956 4898 supplicavit
3013 4812 3339 4896 sequentia
3385 4814 3575 4880 dubia
3624 4818 3841 4882 decla-

2269 4920 2429 4965 rari:
3353 4939 3364 4950 -

2403 4991 2466 5051 1.
2515 4989 2632 5069 An,
2682 4996 3052 5052 occurrente
3098 4987 3279 5050 Festo
3325 4986 3566 5072 duplici
3625 4994 3840 5059 cuius-

2270 5089 2546 5156 cumque
2603 5073 2812 5134 classis
2861 5082 2966 5134 aut
3009 5072 3423 5137 solemnitatis
3454 5074 3517 5139 in
3564 5079 3838 5145 Sabbato

2270 5169 2543 5238 quatuor
2572 5160 2952 5240 Temporum
2979 5167 3248 5221 autante
3271 5161 3666 5229 Dominicam
3699 5172 3838 5233 Pas-

2269 5242 2485 5323 sionis,
2533 5241 2706 5303 Missa
2749 5260 2865 5323 pro
2912 5242 3222 5323 explenda
3269 5245 3676 5316 ordinatione
3726 5255 3838 5318 de·

2275 5324 2415 5386 beat
2441 5322 2741 5387 celebrari
2769 5326 2848 5387 de
2871 5328 3079 5407 Fest0,
3105 5345 3179 5389 an
3204 5347 3357 5391 vero
3387 5331 3472 5396 de
3506 5337 3841 5423 tempore?
