<?xml version="1.0" encoding="UTF-8"?>
<!DOCTYPE html PUBLIC "-//W3C//DTD XHTML 1.0 Transitional//EN"
    "http://www.w3.org/TR/xhtml1/DTD/xhtml1-transitional.dtd">
<html xmlns="http://www.w3.org/1999/xhtml" xml:lang="en" lang="en">
 <head>
  <title>
</title>
<meta http-equiv="Content-Type" content="text/html;charset=utf-8" />
  <meta name='ocr-system' content='tesseract 3.04.00' />
  <meta name='ocr-capabilities' content='ocr_page ocr_carea ocr_par ocr_line ocrx_word'/>
</head>
<body>
  <div class='ocr_page' id='page_1' title='image "./decretaauthenti00ritugoog_0073.png"; bbox 0 0 4042 5950; ppageno 0'>
   <div class='ocr_carea' id='block_1_1' title="bbox 1682 279 2097 357">
    <p class='ocr_par' dir='ltr' id='par_1_1' title="bbox 1682 279 2097 357">
     <span class='ocr_line' id='line_1_1' title="bbox 1682 279 2097 357; baseline 0 -19"><span class='ocrx_word' id='word_1_1' title='bbox 1682 279 2097 357; x_wconf 79' lang='lat'><strong>-43-</strong></span> 
     </span>
    </p>
   </div>
   <div class='ocr_carea' id='block_1_2' title="bbox 219 433 1826 5254">
    <p class='ocr_par' dir='ltr' id='par_1_2' title="bbox 252 433 1825 1746">
     <span class='ocr_line' id='line_1_2' title="bbox 260 433 1821 521; baseline 0.001 -22"><span class='ocrx_word' id='word_1_2' title='bbox 260 434 487 499; x_wconf 88' lang='lat' dir='ltr'><strong>clesiae</strong></span> <span class='ocrx_word' id='word_1_3' title='bbox 552 435 921 501; x_wconf 79' lang='lat' dir='ltr'><strong>Parochiatis</strong></span> <span class='ocrx_word' id='word_1_4' title='bbox 988 433 1050 501; x_wconf 87' lang='lat' dir='ltr'><strong>S.</strong></span> <span class='ocrx_word' id='word_1_5' title='bbox 1129 436 1293 502; x_wconf 88' lang='lat' dir='ltr'><strong>Petri</strong></span> <span class='ocrx_word' id='word_1_6' title='bbox 1373 434 1597 521; x_wconf 81' lang='lat' dir='ltr'><strong>Oppidi</strong></span> <span class='ocrx_word' id='word_1_7' title='bbox 1680 436 1821 501; x_wconf 77' lang='lat' dir='ltr'><strong>Feri</strong></span> 
     </span>
     <span class='ocr_line' id='line_1_3' title="bbox 260 520 1824 610; baseline 0.002 -25"><span class='ocrx_word' id='word_1_8' title='bbox 260 520 548 606; x_wconf 83' lang='lat' dir='ltr'><strong>Pompilii</strong></span> <span class='ocrx_word' id='word_1_9' title='bbox 579 522 862 606; x_wconf 87' lang='lat' dir='ltr'><strong>partibus</strong></span> <span class='ocrx_word' id='word_1_10' title='bbox 894 541 973 587; x_wconf 84' lang='lat' dir='ltr'><strong>ex</strong></span> <span class='ocrx_word' id='word_1_11' title='bbox 1004 522 1235 608; x_wconf 79' lang='lat' dir='ltr'><strong>altera3</strong></span> <span class='ocrx_word' id='word_1_12' title='bbox 1275 523 1423 589; x_wconf 89' lang='lat' dir='ltr'><strong>inita</strong></span> <span class='ocrx_word' id='word_1_13' title='bbox 1458 523 1623 588; x_wconf 91' lang='lat' dir='ltr'><strong>inter</strong></span> <span class='ocrx_word' id='word_1_14' title='bbox 1656 524 1824 610; x_wconf 88' lang='lat' dir='ltr'><strong>ipsos</strong></span> 
     </span>
     <span class='ocr_line' id='line_1_4' title="bbox 257 608 1825 695; baseline 0.002 -23"><span class='ocrx_word' id='word_1_15' title='bbox 257 608 335 672; x_wconf 90' lang='lat' dir='ltr'><strong>ab</strong></span> <span class='ocrx_word' id='word_1_16' title='bbox 393 609 570 674; x_wconf 90' lang='lat' dir='ltr'><strong>annis</strong></span> <span class='ocrx_word' id='word_1_17' title='bbox 635 611 796 674; x_wconf 99' lang='grc'><strong>1641</strong></span> <span class='ocrx_word' id='word_1_18' title='bbox 848 620 912 674; x_wconf 90' lang='lat' dir='ltr'><strong>et</strong></span> <span class='ocrx_word' id='word_1_19' title='bbox 978 613 1140 677; x_wconf 86' lang='grc'><strong>1682</strong></span> <span class='ocrx_word' id='word_1_20' title='bbox 1190 610 1574 692; x_wconf 90' lang='lat' dir='ltr'><strong>concordia,</strong></span> <span class='ocrx_word' id='word_1_21' title='bbox 1625 629 1825 695; x_wconf 90' lang='lat' dir='ltr'><strong>eaque</strong></span> 
     </span>
     <span class='ocr_line' id='line_1_5' title="bbox 260 692 1820 780; baseline 0.002 -21"><span class='ocrx_word' id='word_1_22' title='bbox 260 714 463 780; x_wconf 88' lang='lat' dir='ltr'><strong>usque</strong></span> <span class='ocrx_word' id='word_1_23' title='bbox 523 696 598 760; x_wconf 93' lang='lat' dir='ltr'><strong>ad</strong></span> <span class='ocrx_word' id='word_1_24' title='bbox 648 715 881 762; x_wconf 90' lang='lat' dir='ltr'><strong>annum</strong></span> <span class='ocrx_word' id='word_1_25' title='bbox 942 701 1105 764; x_wconf 88' lang='grc'><strong>1726</strong></span> <span class='ocrx_word' id='word_1_26' title='bbox 1155 697 1298 762; x_wconf 90' lang='lat' dir='ltr'><strong>binc</strong></span> <span class='ocrx_word' id='word_1_27' title='bbox 1346 692 1492 764; x_wconf 86' lang='lat' dir='ltr'><strong>inde</strong></span> <span class='ocrx_word' id='word_1_28' title='bbox 1541 692 1820 775; x_wconf 80' lang='lat' dir='ltr'><strong>servata3</strong></span> 
     </span>
     <span class='ocr_line' id='line_1_6' title="bbox 258 782 1824 870; baseline 0.002 -22"><span class='ocrx_word' id='word_1_29' title='bbox 258 782 392 870; x_wconf 90' lang='lat' dir='ltr'><strong>ipsa</strong></span> <span class='ocrx_word' id='word_1_30' title='bbox 428 794 637 849; x_wconf 89' lang='lat' dir='ltr'><strong>tamen</strong></span> <span class='ocrx_word' id='word_1_31' title='bbox 668 802 794 848; x_wconf 92' lang='lat' dir='ltr'><strong>non</strong></span> <span class='ocrx_word' id='word_1_32' title='bbox 826 785 1139 868; x_wconf 89' lang='lat' dir='ltr'><strong>obstante,</strong></span> <span class='ocrx_word' id='word_1_33' title='bbox 1175 803 1392 851; x_wconf 90' lang='lat' dir='ltr'><strong>mense</strong></span> <span class='ocrx_word' id='word_1_34' title='bbox 1426 784 1625 870; x_wconf 84' lang='lat' dir='ltr'><strong>Aprili</strong></span> <span class='ocrx_word' id='word_1_35' title='bbox 1660 785 1824 863; x_wconf 55' lang='lat' dir='ltr'><strong>eiusf</strong></span> 
     </span>
     <span class='ocr_line' id='line_1_7' title="bbox 255 870 1823 958; baseline 0 -22"><span class='ocrx_word' id='word_1_36' title='bbox 255 871 409 936; x_wconf 89' lang='lat' dir='ltr'><strong>dem</strong></span> <span class='ocrx_word' id='word_1_37' title='bbox 440 870 609 954; x_wconf 89' lang='lat' dir='ltr'><strong>anni,</strong></span> <span class='ocrx_word' id='word_1_38' title='bbox 647 882 786 956; x_wconf 89' lang='lat' dir='ltr'><strong>post</strong></span> <span class='ocrx_word' id='word_1_39' title='bbox 816 870 1108 940; x_wconf 79' lang='lat' dir='ltr'><strong>indictam</strong></span> <span class='ocrx_word' id='word_1_40' title='bbox 1145 895 1174 937; x_wconf 93' lang='lat' dir='ltr'><strong>a</strong></span> <span class='ocrx_word' id='word_1_41' title='bbox 1210 873 1501 958; x_wconf 88' lang='lat' dir='ltr'><strong>capitulo</strong></span> <span class='ocrx_word' id='word_1_42' title='bbox 1542 884 1606 937; x_wconf 89' lang='lat' dir='ltr'><strong>et</strong></span> <span class='ocrx_word' id='word_1_43' title='bbox 1639 874 1823 938; x_wconf 87' lang='lat' dir='ltr'><strong>Clero</strong></span> 
     </span>
     <span class='ocr_line' id='line_1_8' title="bbox 257 958 1825 1046; baseline 0 -22"><span class='ocrx_word' id='word_1_44' title='bbox 257 962 320 1024; x_wconf 91' lang='lat' dir='ltr'><strong>S.</strong></span> <span class='ocrx_word' id='word_1_45' title='bbox 358 958 594 1024; x_wconf 84' lang='lat' dir='ltr'><strong>Ruffilli</strong></span> <span class='ocrx_word' id='word_1_46' title='bbox 637 960 854 1024; x_wconf 88' lang='lat' dir='ltr'><strong>horam</strong></span> <span class='ocrx_word' id='word_1_47' title='bbox 885 978 1000 1045; x_wconf 88' lang='lat' dir='ltr'><strong>pro</strong></span> <span class='ocrx_word' id='word_1_48' title='bbox 1032 961 1392 1046; x_wconf 87' lang='lat' dir='ltr'><strong>peragenda</strong></span> <span class='ocrx_word' id='word_1_49' title='bbox 1424 959 1825 1025; x_wconf 88' lang='lat' dir='ltr'><strong>Processione</strong></span> 
     </span>
     <span class='ocr_line' id='line_1_9' title="bbox 257 1045 1824 1130; baseline -0.001 -17"><span class='ocrx_word' id='word_1_50' title='bbox 257 1050 321 1113; x_wconf 90' lang='lat' dir='ltr'><strong>S.</strong></span> <span class='ocrx_word' id='word_1_51' title='bbox 374 1045 585 1129; x_wconf 82' lang='lat' dir='ltr'><strong>Marci,</strong></span> <span class='ocrx_word' id='word_1_52' title='bbox 619 1045 693 1112; x_wconf 93' lang='lat' dir='ltr'><strong>ad</strong></span> <span class='ocrx_word' id='word_1_53' title='bbox 726 1064 915 1130; x_wconf 88' lang='lat' dir='ltr'><strong>quam</strong></span> <span class='ocrx_word' id='word_1_54' title='bbox 945 1046 1169 1114; x_wconf 89' lang='lat' dir='ltr'><strong>clerus</strong></span> <span class='ocrx_word' id='word_1_55' title='bbox 1208 1046 1411 1113; x_wconf 89' lang='lat' dir='ltr'><strong>dictae</strong></span> <span class='ocrx_word' id='word_1_56' title='bbox 1457 1047 1824 1113; x_wconf 87' lang='lat' dir='ltr'><strong>Parocbialis</strong></span> 
     </span>
     <span class='ocr_line' id='line_1_10' title="bbox 258 1134 1823 1217; baseline -0.001 -18"><span class='ocrx_word' id='word_1_57' title='bbox 258 1136 326 1199; x_wconf 89' lang='lat' dir='ltr'><strong>S.</strong></span> <span class='ocrx_word' id='word_1_58' title='bbox 373 1134 542 1199; x_wconf 90' lang='lat' dir='ltr'><strong>Petri</strong></span> <span class='ocrx_word' id='word_1_59' title='bbox 587 1134 894 1200; x_wconf 88' lang='lat' dir='ltr'><strong>accedere</strong></span> <span class='ocrx_word' id='word_1_60' title='bbox 967 1136 1334 1217; x_wconf 88' lang='lat' dir='ltr'><strong>tenebatur,</strong></span> <span class='ocrx_word' id='word_1_61' title='bbox 1383 1135 1554 1201; x_wconf 88' lang='lat' dir='ltr'><strong>idem</strong></span> <span class='ocrx_word' id='word_1_62' title='bbox 1602 1135 1823 1201; x_wconf 89' lang='lat' dir='ltr'><strong>Clerus</strong></span> 
     </span>
     <span class='ocr_line' id='line_1_11' title="bbox 258 1222 1823 1289; baseline -0.001 -2"><span class='ocrx_word' id='word_1_63' title='bbox 258 1225 326 1288; x_wconf 88' lang='lat' dir='ltr'><strong>S.</strong></span> <span class='ocrx_word' id='word_1_64' title='bbox 365 1222 529 1286; x_wconf 89' lang='lat' dir='ltr'><strong>Petri</strong></span> <span class='ocrx_word' id='word_1_65' title='bbox 575 1222 849 1287; x_wconf 79' lang='lat' dir='ltr'><strong>similem</strong></span> <span class='ocrx_word' id='word_1_66' title='bbox 896 1223 1366 1289; x_wconf 89' lang='lat' dir='ltr'><strong>Processionem</strong></span> <span class='ocrx_word' id='word_1_67' title='bbox 1400 1223 1630 1289; x_wconf 82' lang='lat' dir='ltr'><strong>eodem</strong></span> <span class='ocrx_word' id='word_1_68' title='bbox 1661 1233 1823 1286; x_wconf 90' lang='lat' dir='ltr'><strong>tem-</strong></span> 
     </span>
     <span class='ocr_line' id='line_1_12' title="bbox 257 1308 1823 1396; baseline 0 -22"><span class='ocrx_word' id='word_1_69' title='bbox 257 1327 413 1393; x_wconf 89' lang='lat' dir='ltr'><strong>pore</strong></span> <span class='ocrx_word' id='word_1_70' title='bbox 463 1308 714 1376; x_wconf 81' lang='lat' dir='ltr'><strong>indixit.</strong></span> <span class='ocrx_word' id='word_1_71' title='bbox 764 1309 926 1374; x_wconf 88' lang='lat' dir='ltr'><strong>Ortis</strong></span> <span class='ocrx_word' id='word_1_72' title='bbox 957 1310 1225 1396; x_wconf 80' lang='lat' dir='ltr'><strong>proinde</strong></span> <span class='ocrx_word' id='word_1_73' title='bbox 1258 1310 1424 1375; x_wconf 88' lang='lat' dir='ltr'><strong>inter</strong></span> <span class='ocrx_word' id='word_1_74' title='bbox 1466 1312 1630 1395; x_wconf 88' lang='lat' dir='ltr'><strong>ipsos</strong></span> <span class='ocrx_word' id='word_1_75' title='bbox 1661 1309 1823 1376; x_wconf 86' lang='lat' dir='ltr'><strong>mul-</strong></span> 
     </span>
     <span class='ocr_line' id='line_1_13' title="bbox 258 1396 1825 1483; baseline 0.001 -23"><span class='ocrx_word' id='word_1_76' title='bbox 258 1397 332 1460; x_wconf 88' lang='lat' dir='ltr'><strong>tis</strong></span> <span class='ocrx_word' id='word_1_77' title='bbox 394 1396 842 1462; x_wconf 80' lang='lat' dir='ltr'><strong>controversiis</strong></span> <span class='ocrx_word' id='word_1_78' title='bbox 903 1396 1152 1483; x_wconf 86' lang='lat' dir='ltr'><strong>illisque</strong></span> <span class='ocrx_word' id='word_1_79' title='bbox 1212 1399 1287 1465; x_wconf 91' lang='lat' dir='ltr'><strong>ad</strong></span> <span class='ocrx_word' id='word_1_80' title='bbox 1349 1400 1415 1463; x_wconf 90' lang='lat' dir='ltr'><strong>S.</strong></span> <span class='ocrx_word' id='word_1_81' title='bbox 1465 1402 1539 1463; x_wconf 87' lang='lat' dir='ltr'><strong>R.</strong></span> <span class='ocrx_word' id='word_1_82' title='bbox 1589 1401 1661 1463; x_wconf 92' lang='lat' dir='ltr'><strong>C.</strong></span> <span class='ocrx_word' id='word_1_83' title='bbox 1720 1397 1825 1462; x_wconf 89' lang='lat' dir='ltr'><strong>de-</strong></span> 
     </span>
     <span class='ocr_line' id='line_1_14' title="bbox 258 1483 1820 1567; baseline 0 -18"><span class='ocrx_word' id='word_1_84' title='bbox 258 1484 419 1567; x_wconf 78' lang='lat' dir='ltr'><strong>latis,</strong></span> <span class='ocrx_word' id='word_1_85' title='bbox 468 1486 662 1549; x_wconf 74' lang='lat' dir='ltr'><strong>Effius</strong></span> <span class='ocrx_word' id='word_1_86' title='bbox 709 1494 775 1549; x_wconf 92' lang='lat' dir='ltr'><strong>et</strong></span> <span class='ocrx_word' id='word_1_87' title='bbox 818 1487 1010 1552; x_wconf 78' lang='lat' dir='ltr'><strong>Rmus</strong></span> <span class='ocrx_word' id='word_1_88' title='bbox 1055 1490 1126 1551; x_wconf 90' lang='lat' dir='ltr'><strong>D.</strong></span> <span class='ocrx_word' id='word_1_89' title='bbox 1179 1486 1367 1553; x_wconf 91' lang='lat' dir='ltr'><strong>card.</strong></span> <span class='ocrx_word' id='word_1_90' title='bbox 1415 1486 1593 1552; x_wconf 88' lang='lat' dir='ltr'><strong>Picus</strong></span> <span class='ocrx_word' id='word_1_91' title='bbox 1642 1483 1820 1550; x_wconf 88' lang='lat' dir='ltr'><strong>infra·</strong></span> 
     </span>
     <span class='ocr_line' id='line_1_15' title="bbox 253 1569 1820 1659; baseline -0.001 -22"><span class='ocrx_word' id='word_1_92' title='bbox 253 1572 487 1659; x_wconf 88' lang='lat' dir='ltr'><strong>scripta</strong></span> <span class='ocrx_word' id='word_1_93' title='bbox 556 1569 744 1638; x_wconf 87' lang='lat' dir='ltr'><strong>dubia</strong></span> <span class='ocrx_word' id='word_1_94' title='bbox 792 1570 960 1638; x_wconf 89' lang='lat' dir='ltr'><strong>inter</strong></span> <span class='ocrx_word' id='word_1_95' title='bbox 1016 1585 1227 1659; x_wconf 90' lang='lat' dir='ltr'><strong>partes</strong></span> <span class='ocrx_word' id='word_1_96' title='bbox 1279 1572 1652 1640; x_wconf 78' lang='lat' dir='ltr'><strong>concordata</strong></span> <span class='ocrx_word' id='word_1_97' title='bbox 1710 1571 1820 1638; x_wconf 84' lang='lat' dir='ltr'><strong>de-</strong></span> 
     </span>
     <span class='ocr_line' id='line_1_16' title="bbox 252 1658 965 1746; baseline 0.001 -23"><span class='ocrx_word' id='word_1_98' title='bbox 252 1658 547 1725; x_wconf 86' lang='lat' dir='ltr'><strong>claranda</strong></span> <span class='ocrx_word' id='word_1_99' title='bbox 589 1659 965 1746; x_wconf 81' lang='lat' dir='ltr'><strong>proposuit:</strong></span> 
     </span>
    </p>

    <p class='ocr_par' dir='ltr' id='par_1_3' title="bbox 243 1745 1826 2709">
     <span class='ocr_line' id='line_1_17' title="bbox 391 1745 1820 1815; baseline 0 -4"><span class='ocrx_word' id='word_1_100' title='bbox 391 1751 448 1811; x_wconf 82' lang='lat'><strong>1.</strong></span> <span class='ocrx_word' id='word_1_101' title='bbox 500 1751 599 1813; x_wconf 72' lang='lat' dir='ltr'><strong>An</strong></span> <span class='ocrx_word' id='word_1_102' title='bbox 644 1746 813 1812; x_wconf 90' lang='lat' dir='ltr'><strong>inter</strong></span> <span class='ocrx_word' id='word_1_103' title='bbox 856 1748 1114 1815; x_wconf 90' lang='lat' dir='ltr'><strong>clerum</strong></span> <span class='ocrx_word' id='word_1_104' title='bbox 1160 1747 1501 1814; x_wconf 76' lang='lat' dir='ltr'><strong>Abbatialis</strong></span> <span class='ocrx_word' id='word_1_105' title='bbox 1563 1757 1626 1811; x_wconf 86' lang='lat' dir='ltr'><strong>et</strong></span> <span class='ocrx_word' id='word_1_106' title='bbox 1674 1745 1820 1812; x_wconf 86' lang='lat' dir='ltr'><strong>insi·</strong></span> 
     </span>
     <span class='ocr_line' id='line_1_18' title="bbox 250 1833 1820 1920; baseline 0.001 -23"><span class='ocrx_word' id='word_1_107' title='bbox 250 1833 394 1918; x_wconf 78' lang='lat' dir='ltr'><strong>gnis</strong></span> <span class='ocrx_word' id='word_1_108' title='bbox 438 1834 821 1920; x_wconf 88' lang='lat' dir='ltr'><strong>Collegiatae</strong></span> <span class='ocrx_word' id='word_1_109' title='bbox 884 1836 1204 1902; x_wconf 81' lang='lat' dir='ltr'><strong>Ecclesiae</strong></span> <span class='ocrx_word' id='word_1_110' title='bbox 1264 1838 1329 1902; x_wconf 91' lang='lat' dir='ltr'><strong>S.</strong></span> <span class='ocrx_word' id='word_1_111' title='bbox 1388 1833 1621 1901; x_wconf 84' lang='lat' dir='ltr'><strong>Ruffilli</strong></span> <span class='ocrx_word' id='word_1_112' title='bbox 1656 1833 1820 1901; x_wconf 85' lang='lat' dir='ltr'><strong>&#39;Fori</strong></span> 
     </span>
     <span class='ocr_line' id='line_1_19' title="bbox 250 1921 1825 2008; baseline 0 -22"><span class='ocrx_word' id='word_1_113' title='bbox 250 1921 544 2008; x_wconf 85' lang='lat' dir='ltr'><strong>Pompilii</strong></span> <span class='ocrx_word' id='word_1_114' title='bbox 590 1921 837 1988; x_wconf 86' lang='lat' dir='ltr'><strong>Nullius</strong></span> <span class='ocrx_word' id='word_1_115' title='bbox 882 1923 1244 1989; x_wconf 78' lang='lat' dir='ltr'><strong>Provinciae</strong></span> <span class='ocrx_word' id='word_1_116' title='bbox 1273 1927 1705 1989; x_wconf 88' lang='lat' dir='ltr'><strong>Ravennaten.</strong></span> <span class='ocrx_word' id='word_1_117' title='bbox 1742 1934 1825 1986; x_wconf 88' lang='lat' dir='ltr'><strong>at·</strong></span> 
     </span>
     <span class='ocr_line' id='line_1_20' title="bbox 248 2009 1820 2096; baseline 0.001 -23"><span class='ocrx_word' id='word_1_118' title='bbox 248 2027 381 2092; x_wconf 88' lang='lat' dir='ltr'><strong>que</strong></span> <span class='ocrx_word' id='word_1_119' title='bbox 429 2009 689 2075; x_wconf 90' lang='lat' dir='ltr'><strong>clerum</strong></span> <span class='ocrx_word' id='word_1_120' title='bbox 748 2010 1118 2096; x_wconf 86' lang='lat' dir='ltr'><strong>parochialis</strong></span> <span class='ocrx_word' id='word_1_121' title='bbox 1165 2010 1483 2076; x_wconf 86' lang='lat' dir='ltr'><strong>Ecclesiae</strong></span> <span class='ocrx_word' id='word_1_122' title='bbox 1539 2014 1601 2078; x_wconf 91' lang='lat' dir='ltr'><strong>S.</strong></span> <span class='ocrx_word' id='word_1_123' title='bbox 1652 2009 1820 2075; x_wconf 89' lang='lat' dir='ltr'><strong>Petri</strong></span> 
     </span>
     <span class='ocr_line' id='line_1_21' title="bbox 249 2096 1823 2185; baseline 0.002 -24"><span class='ocrx_word' id='word_1_124' title='bbox 249 2096 545 2163; x_wconf 86' lang='lat' dir='ltr'><strong>eiusdem</strong></span> <span class='ocrx_word' id='word_1_125' title='bbox 588 2096 813 2185; x_wconf 84' lang='lat' dir='ltr'><strong>Oppidi</strong></span> <span class='ocrx_word' id='word_1_126' title='bbox 874 2117 995 2164; x_wconf 90' lang='lat' dir='ltr'><strong>seu</strong></span> <span class='ocrx_word' id='word_1_127' title='bbox 1060 2096 1340 2164; x_wconf 83' lang='lat' dir='ltr'><strong>Civitatis</strong></span> <span class='ocrx_word' id='word_1_128' title='bbox 1393 2098 1697 2164; x_wconf 84' lang='lat' dir='ltr'><strong>servanda</strong></span> <span class='ocrx_word' id='word_1_129' title='bbox 1742 2098 1823 2164; x_wconf 88' lang='lat' dir='ltr'><strong>sit</strong></span> 
     </span>
     <span class='ocr_line' id='line_1_22' title="bbox 248 2184 1822 2271; baseline 0.002 -23"><span class='ocrx_word' id='word_1_130' title='bbox 248 2184 587 2250; x_wconf 91' lang='lat' dir='ltr'><strong>concordia</strong></span> <span class='ocrx_word' id='word_1_131' title='bbox 632 2205 826 2271; x_wconf 91' lang='lat' dir='ltr'><strong>super</strong></span> <span class='ocrx_word' id='word_1_132' title='bbox 872 2185 1379 2252; x_wconf 75' lang='lat' dir='ltr'><strong>processionibus</strong></span> <span class='ocrx_word' id='word_1_133' title='bbox 1426 2185 1727 2251; x_wconf 76' lang='lat' dir='ltr'><strong>faciendis</strong></span> <span class='ocrx_word' id='word_1_134' title='bbox 1760 2186 1822 2251; x_wconf 93' lang='lat' dir='ltr'><strong>in</strong></span> 
     </span>
     <span class='ocr_line' id='line_1_23' title="bbox 248 2271 1823 2356; baseline 0.003 -20"><span class='ocrx_word' id='word_1_135' title='bbox 248 2271 506 2337; x_wconf 83' lang='lat' dir='ltr'><strong>Litaniis</strong></span> <span class='ocrx_word' id='word_1_136' title='bbox 562 2271 898 2337; x_wconf 86' lang='lat' dir='ltr'><strong>maioribus</strong></span> <span class='ocrx_word' id='word_1_137' title='bbox 970 2285 1033 2339; x_wconf 92' lang='lat' dir='ltr'><strong>et</strong></span> <span class='ocrx_word' id='word_1_138' title='bbox 1092 2274 1487 2356; x_wconf 63' lang='lat' dir='ltr'><strong>minoribus»,</strong></span> <span class='ocrx_word' id='word_1_139' title='bbox 1537 2274 1602 2339; x_wconf 93' lang='lat' dir='ltr'><strong>in</strong></span> <span class='ocrx_word' id='word_1_140' title='bbox 1649 2275 1823 2341; x_wconf 89' lang='lat' dir='ltr'><strong>Sole-</strong></span> 
     </span>
     <span class='ocr_line' id='line_1_24' title="bbox 248 2357 1821 2445; baseline 0.001 -22"><span class='ocrx_word' id='word_1_141' title='bbox 248 2357 518 2425; x_wconf 85' lang='lat' dir='ltr'><strong>mnitate</strong></span> <span class='ocrx_word' id='word_1_142' title='bbox 586 2360 760 2427; x_wconf 77' lang='lat' dir='ltr'><strong>SSmi</strong></span> <span class='ocrx_word' id='word_1_143' title='bbox 818 2362 1113 2445; x_wconf 84' lang='lat' dir='ltr'><strong>Corporis</strong></span> <span class='ocrx_word' id='word_1_144' title='bbox 1166 2361 1403 2428; x_wconf 87' lang='lat' dir='ltr'><strong>christi</strong></span> <span class='ocrx_word' id='word_1_145' title='bbox 1468 2372 1531 2426; x_wconf 89' lang='lat' dir='ltr'><strong>et</strong></span> <span class='ocrx_word' id='word_1_146' title='bbox 1593 2361 1655 2426; x_wconf 89' lang='lat' dir='ltr'><strong>in</strong></span> <span class='ocrx_word' id='word_1_147' title='bbox 1708 2366 1821 2426; x_wconf 91' lang='lat' dir='ltr'><strong>Do·</strong></span> 
     </span>
     <span class='ocr_line' id='line_1_25' title="bbox 246 2445 1819 2517; baseline 0.001 -6"><span class='ocrx_word' id='word_1_148' title='bbox 246 2445 479 2512; x_wconf 90' lang='lat' dir='ltr'><strong>minica</strong></span> <span class='ocrx_word' id='word_1_149' title='bbox 523 2447 693 2514; x_wconf 73' lang='lat' dir='ltr'><strong>infra⁴</strong></span> <span class='ocrx_word' id='word_1_150' title='bbox 744 2447 879 2513; x_wconf 88' lang='lat' dir='ltr'><strong>eius</strong></span> <span class='ocrx_word' id='word_1_151' title='bbox 941 2459 1221 2515; x_wconf 79' lang='lat' dir='ltr'><strong>octavam</strong></span> <span class='ocrx_word' id='word_1_152' title='bbox 1270 2451 1344 2515; x_wconf 93' lang='lat' dir='ltr'><strong>ad</strong></span> <span class='ocrx_word' id='word_1_153' title='bbox 1407 2450 1673 2517; x_wconf 88' lang='lat' dir='ltr'><strong>formam</strong></span> <span class='ocrx_word' id='word_1_154' title='bbox 1729 2449 1819 2513; x_wconf 91' lang='lat' dir='ltr'><strong>in-</strong></span> 
     </span>
     <span class='ocr_line' id='line_1_26' title="bbox 243 2535 1826 2625; baseline 0.003 -28"><span class='ocrx_word' id='word_1_155' title='bbox 243 2545 753 2601; x_wconf 73' lang='lat' dir='ltr'><strong>strumentorum</strong></span> <span class='ocrx_word' id='word_1_156' title='bbox 812 2535 1095 2621; x_wconf 86' lang='lat' dir='ltr'><strong>desuper</strong></span> <span class='ocrx_word' id='word_1_157' title='bbox 1150 2537 1595 2625; x_wconf 81' lang='lat' dir='ltr'><strong>stipulatorum</strong></span> <span class='ocrx_word' id='word_1_158' title='bbox 1649 2536 1826 2602; x_wconf 88' lang='lat' dir='ltr'><strong>annis</strong></span> 
     </span>
     <span class='ocr_line' id='line_1_27' title="bbox 253 2620 1724 2709; baseline 0.003 -24"><span class='ocrx_word' id='word_1_159' title='bbox 253 2624 419 2687; x_wconf 83' lang='grc'><strong>1641</strong></span> <span class='ocrx_word' id='word_1_160' title='bbox 470 2633 534 2687; x_wconf 93' lang='lat' dir='ltr'><strong>et</strong></span> <span class='ocrx_word' id='word_1_161' title='bbox 585 2620 803 2690; x_wconf 75' lang='lat'><strong>1682?</strong></span> <span class='ocrx_word' id='word_1_162' title='bbox 847 2632 912 2687; x_wconf 90' lang='lat' dir='ltr'><strong>et</strong></span> <span class='ocrx_word' id='word_1_163' title='bbox 956 2634 1267 2709; x_wconf 88' lang='lat' dir='ltr'><strong>quatenus</strong></span> <span class='ocrx_word' id='word_1_164' title='bbox 1311 2624 1724 2706; x_wconf 84' lang='lat' dir='ltr'><strong>affirmative,</strong></span> 
     </span>
    </p>

    <p class='ocr_par' dir='ltr' id='par_1_4' title="bbox 245 2710 1826 2867">
     <span class='ocr_line' id='line_1_28' title="bbox 336 2710 1826 2799; baseline 0.002 -25"><span class='ocrx_word' id='word_1_165' title='bbox 336 2790 345 2799; x_wconf 26' lang='grc' dir='ltr'><strong><em>Ι</em></strong></span> <span class='ocrx_word' id='word_1_166' title='bbox 384 2713 449 2775; x_wconf 89' lang='grc'><strong>2.</strong></span> <span class='ocrx_word' id='word_1_167' title='bbox 499 2712 592 2776; x_wconf 84' lang='lat' dir='ltr'><strong>An</strong></span> <span class='ocrx_word' id='word_1_168' title='bbox 624 2711 971 2797; x_wconf 85' lang='lat' dir='ltr'><strong>Regulares</strong></span> <span class='ocrx_word' id='word_1_169' title='bbox 1006 2710 1311 2778; x_wconf 88' lang='lat' dir='ltr'><strong>interesse</strong></span> <span class='ocrx_word' id='word_1_170' title='bbox 1341 2712 1621 2778; x_wconf 88' lang='lat' dir='ltr'><strong>debeant</strong></span> <span class='ocrx_word' id='word_1_171' title='bbox 1648 2731 1826 2798; x_wconf 90' lang='lat' dir='ltr'><strong>prae·</strong></span> 
     </span>
     <span class='ocr_line' id='line_1_29' title="bbox 245 2797 1380 2867; baseline 0.001 -4"><span class='ocrx_word' id='word_1_172' title='bbox 245 2797 437 2863; x_wconf 87' lang='lat' dir='ltr'><strong>dictis</strong></span> <span class='ocrx_word' id='word_1_173' title='bbox 483 2800 778 2865; x_wconf 90' lang='lat' dir='ltr'><strong>omnibus</strong></span> <span class='ocrx_word' id='word_1_174' title='bbox 824 2797 1380 2867; x_wconf 72' lang='lat' dir='ltr'><strong>Processionibus?</strong></span> 
     </span>
    </p>

    <p class='ocr_par' dir='ltr' id='par_1_5' title="bbox 248 2886 1823 3237">
     <span class='ocr_line' id='line_1_30' title="bbox 384 2886 1823 2968; baseline 0 -17"><span class='ocrx_word' id='word_1_175' title='bbox 384 2889 446 2952; x_wconf 81' lang='lat'><strong>3.</strong></span> <span class='ocrx_word' id='word_1_176' title='bbox 496 2888 594 2951; x_wconf 77' lang='lat' dir='ltr'><strong>An</strong></span> <span class='ocrx_word' id='word_1_177' title='bbox 652 2886 1063 2968; x_wconf 87' lang='lat' dir='ltr'><strong>convocati0,</strong></span> <span class='ocrx_word' id='word_1_178' title='bbox 1132 2887 1444 2952; x_wconf 90' lang='lat' dir='ltr'><strong>ordinatio</strong></span> <span class='ocrx_word' id='word_1_179' title='bbox 1511 2899 1573 2953; x_wconf 89' lang='lat' dir='ltr'><strong>et</strong></span> <span class='ocrx_word' id='word_1_180' title='bbox 1631 2888 1823 2953; x_wconf 88' lang='lat' dir='ltr'><strong>borae</strong></span> 
     </span>
     <span class='ocr_line' id='line_1_31' title="bbox 248 2973 1821 3070; baseline 0.001 -32"><span class='ocrx_word' id='word_1_181' title='bbox 248 2974 608 3070; x_wconf 66' lang='lat' dir='ltr'><strong>praefinitio</strong></span> <span class='ocrx_word' id='word_1_182' title='bbox 641 2975 704 3040; x_wconf 90' lang='lat' dir='ltr'><strong>in</strong></span> <span class='ocrx_word' id='word_1_183' title='bbox 748 2975 1015 3059; x_wconf 87' lang='lat' dir='ltr'><strong>singulis</strong></span> <span class='ocrx_word' id='word_1_184' title='bbox 1061 2976 1354 3061; x_wconf 87' lang='lat' dir='ltr'><strong>praefatis</strong></span> <span class='ocrx_word' id='word_1_185' title='bbox 1405 2973 1821 3042; x_wconf 88' lang='lat' dir='ltr'><strong>Processioni-</strong></span> 
     </span>
     <span class='ocr_line' id='line_1_32' title="bbox 248 3063 1819 3149; baseline 0.003 -24"><span class='ocrx_word' id='word_1_186' title='bbox 248 3063 370 3125; x_wconf 88' lang='lat' dir='ltr'><strong>bus</strong></span> <span class='ocrx_word' id='word_1_187' title='bbox 434 3073 681 3148; x_wconf 88' lang='lat' dir='ltr'><strong>spectet</strong></span> <span class='ocrx_word' id='word_1_188' title='bbox 723 3064 801 3128; x_wconf 91' lang='lat' dir='ltr'><strong>ad</strong></span> <span class='ocrx_word' id='word_1_189' title='bbox 848 3063 1208 3149; x_wconf 82' lang='lat' dir='ltr'><strong>Capitulum</strong></span> <span class='ocrx_word' id='word_1_190' title='bbox 1277 3063 1637 3149; x_wconf 86' lang='lat' dir='ltr'><strong>praedictae</strong></span> <span class='ocrx_word' id='word_1_191' title='bbox 1699 3064 1819 3129; x_wconf 77' lang='lat' dir='ltr'><strong>Ab·</strong></span> 
     </span>
     <span class='ocr_line' id='line_1_33' title="bbox 248 3147 1822 3237; baseline 0.001 -25"><span class='ocrx_word' id='word_1_192' title='bbox 248 3147 491 3213; x_wconf 88' lang='lat' dir='ltr'><strong>batialis</strong></span> <span class='ocrx_word' id='word_1_193' title='bbox 536 3160 601 3215; x_wconf 88' lang='lat' dir='ltr'><strong>et</strong></span> <span class='ocrx_word' id='word_1_194' title='bbox 645 3148 1029 3237; x_wconf 76' lang='lat' dir='ltr'><strong>collegiatae</strong></span> <span class='ocrx_word' id='word_1_195' title='bbox 1078 3151 1395 3215; x_wconf 86' lang='lat' dir='ltr'><strong>Ecclesiae</strong></span> <span class='ocrx_word' id='word_1_196' title='bbox 1427 3155 1490 3216; x_wconf 92' lang='lat' dir='ltr'><strong>S.</strong></span> <span class='ocrx_word' id='word_1_197' title='bbox 1526 3148 1822 3217; x_wconf 78' lang='lat' dir='ltr'><strong>Ruffilli‘?</strong></span> 
     </span>
    </p>

    <p class='ocr_par' dir='ltr' id='par_1_6' title="bbox 236 3237 1819 3480">
     <span class='ocr_line' id='line_1_34' title="bbox 381 3237 1817 3325; baseline -0.001 -23"><span class='ocrx_word' id='word_1_198' title='bbox 381 3241 443 3302; x_wconf 87' lang='grc'><strong>4.</strong></span> <span class='ocrx_word' id='word_1_199' title='bbox 491 3239 589 3303; x_wconf 80' lang='lat' dir='ltr'><strong>An</strong></span> <span class='ocrx_word' id='word_1_200' title='bbox 622 3237 835 3304; x_wconf 89' lang='lat' dir='ltr'><strong>eidem</strong></span> <span class='ocrx_word' id='word_1_201' title='bbox 868 3237 1158 3324; x_wconf 88' lang='lat' dir='ltr'><strong>capitulo</strong></span> <span class='ocrx_word' id='word_1_202' title='bbox 1205 3238 1390 3304; x_wconf 89' lang='lat' dir='ltr'><strong>liceat</strong></span> <span class='ocrx_word' id='word_1_203' title='bbox 1416 3239 1534 3304; x_wconf 90' lang='lat' dir='ltr'><strong>sub</strong></span> <span class='ocrx_word' id='word_1_204' title='bbox 1566 3238 1817 3325; x_wconf 90' lang='lat' dir='ltr'><strong>propria</strong></span> 
     </span>
     <span class='ocr_line' id='line_1_35' title="bbox 238 3325 1819 3393; baseline 0.002 -5"><span class='ocrx_word' id='word_1_205' title='bbox 238 3327 449 3389; x_wconf 88' lang='lat' dir='ltr'><strong>cruce</strong></span> <span class='ocrx_word' id='word_1_206' title='bbox 492 3327 568 3392; x_wconf 90' lang='lat' dir='ltr'><strong>ad</strong></span> <span class='ocrx_word' id='word_1_207' title='bbox 614 3325 813 3391; x_wconf 87' lang='lat' dir='ltr'><strong>dictas</strong></span> <span class='ocrx_word' id='word_1_208' title='bbox 880 3326 1317 3391; x_wconf 86' lang='lat' dir='ltr'><strong>Processiones</strong></span> <span class='ocrx_word' id='word_1_209' title='bbox 1381 3327 1688 3393; x_wconf 86' lang='lat' dir='ltr'><strong>accedere</strong></span> <span class='ocrx_word' id='word_1_210' title='bbox 1749 3345 1819 3391; x_wconf 90' lang='lat' dir='ltr'><strong>ac</strong></span> 
     </span>
     <span class='ocr_line' id='line_1_36' title="bbox 236 3410 1242 3480; baseline 0.002 -5"><span class='ocrx_word' id='word_1_211' title='bbox 236 3411 365 3476; x_wconf 89' lang='lat' dir='ltr'><strong>sub</strong></span> <span class='ocrx_word' id='word_1_212' title='bbox 409 3431 480 3477; x_wconf 88' lang='lat' dir='ltr'><strong>ea</strong></span> <span class='ocrx_word' id='word_1_213' title='bbox 525 3412 590 3478; x_wconf 89' lang='lat' dir='ltr'><strong>in</strong></span> <span class='ocrx_word' id='word_1_214' title='bbox 622 3412 847 3480; x_wconf 89' lang='lat' dir='ltr'><strong>iisdem</strong></span> <span class='ocrx_word' id='word_1_215' title='bbox 895 3410 1242 3480; x_wconf 76' lang='lat' dir='ltr'><strong>incedere?</strong></span> 
     </span>
    </p>

    <p class='ocr_par' dir='ltr' id='par_1_7' title="bbox 236 3499 1814 3762">
     <span class='ocr_line' id='line_1_37' title="bbox 374 3499 1814 3600; baseline 0.001 -35"><span class='ocrx_word' id='word_1_216' title='bbox 374 3504 440 3565; x_wconf 78' lang='lat'><strong>5.</strong></span> <span class='ocrx_word' id='word_1_217' title='bbox 489 3503 585 3565; x_wconf 83' lang='lat' dir='ltr'><strong>An</strong></span> <span class='ocrx_word' id='word_1_218' title='bbox 630 3499 748 3565; x_wconf 89' lang='lat' dir='ltr'><strong>sub</strong></span> <span class='ocrx_word' id='word_1_219' title='bbox 805 3502 984 3567; x_wconf 83' lang='lat' dir='ltr'><strong>unica</strong></span> <span class='ocrx_word' id='word_1_220' title='bbox 1031 3503 1233 3566; x_wconf 90' lang='lat' dir='ltr'><strong>cruce</strong></span> <span class='ocrx_word' id='word_1_221' title='bbox 1302 3501 1586 3566; x_wconf 88' lang='lat' dir='ltr'><strong>eiusdem</strong></span> <span class='ocrx_word' id='word_1_222' title='bbox 1636 3502 1814 3600; x_wconf 85' lang='lat' dir='ltr'><strong>capi·</strong></span> 
     </span>
     <span class='ocr_line' id='line_1_38' title="bbox 239 3585 1814 3672; baseline 0.003 -23"><span class='ocrx_word' id='word_1_223' title='bbox 239 3585 360 3650; x_wconf 89' lang='lat' dir='ltr'><strong>tuli</strong></span> <span class='ocrx_word' id='word_1_224' title='bbox 404 3586 707 3655; x_wconf 88' lang='lat' dir='ltr'><strong>incedere</strong></span> <span class='ocrx_word' id='word_1_225' title='bbox 755 3588 1029 3655; x_wconf 87' lang='lat' dir='ltr'><strong>debeant</strong></span> <span class='ocrx_word' id='word_1_226' title='bbox 1095 3587 1428 3672; x_wconf 87' lang='lat' dir='ltr'><strong>utriusque</strong></span> <span class='ocrx_word' id='word_1_227' title='bbox 1487 3590 1814 3655; x_wconf 75' lang='lat' dir='ltr'><strong>Parochiae</strong></span> 
     </span>
     <span class='ocr_line' id='line_1_39' title="bbox 236 3671 598 3762; baseline 0.006 -24"><span class='ocrx_word' id='word_1_228' title='bbox 236 3671 457 3738; x_wconf 75' lang='lat' dir='ltr'><strong>Cleri?</strong></span> <span class='ocrx_word' id='word_1_229' title='bbox 502 3676 598 3762; x_wconf 83' lang='lat'><strong>(1)</strong></span> 
     </span>
    </p>

    <p class='ocr_par' dir='ltr' id='par_1_8' title="bbox 230 3763 1814 4005">
     <span class='ocr_line' id='line_1_40' title="bbox 371 3763 1814 3850; baseline 0.003 -25"><span class='ocrx_word' id='word_1_230' title='bbox 371 3766 449 3826; x_wconf 88' lang='lat' dir='ltr'><strong>Et</strong></span> <span class='ocrx_word' id='word_1_231' title='bbox 497 3767 562 3829; x_wconf 86' lang='lat' dir='ltr'><strong>S.</strong></span> <span class='ocrx_word' id='word_1_232' title='bbox 603 3767 678 3829; x_wconf 84' lang='lat' dir='ltr'><strong>R.</strong></span> <span class='ocrx_word' id='word_1_233' title='bbox 720 3767 822 3847; x_wconf 89' lang='lat' dir='ltr'><strong>c.,</strong></span> <span class='ocrx_word' id='word_1_234' title='bbox 873 3773 1139 3848; x_wconf 87' lang='lat' dir='ltr'><strong>utraque</strong></span> <span class='ocrx_word' id='word_1_235' title='bbox 1202 3777 1382 3848; x_wconf 86' lang='lat' dir='ltr'><strong>parte</strong></span> <span class='ocrx_word' id='word_1_236' title='bbox 1428 3763 1681 3850; x_wconf 88' lang='lat' dir='ltr'><strong>scriptis</strong></span> <span class='ocrx_word' id='word_1_237' title='bbox 1723 3777 1814 3830; x_wconf 92' lang='lat' dir='ltr'><strong>at-</strong></span> 
     </span>
     <span class='ocr_line' id='line_1_41' title="bbox 230 3850 1811 3936; baseline 0.003 -23"><span class='ocrx_word' id='word_1_238' title='bbox 230 3868 364 3933; x_wconf 88' lang='lat' dir='ltr'><strong>que</strong></span> <span class='ocrx_word' id='word_1_239' title='bbox 414 3870 567 3916; x_wconf 86' lang='lat' dir='ltr'><strong>voce</strong></span> <span class='ocrx_word' id='word_1_240' title='bbox 613 3851 989 3917; x_wconf 80' lang='lat' dir='ltr'><strong>informante</strong></span> <span class='ocrx_word' id='word_1_241' title='bbox 1041 3852 1277 3936; x_wconf 87' lang='lat' dir='ltr'><strong>audita,</strong></span> <span class='ocrx_word' id='word_1_242' title='bbox 1331 3850 1811 3919; x_wconf 83' lang='lat' dir='ltr'><strong>rescribendum</strong></span> 
     </span>
     <span class='ocr_line' id='line_1_42' title="bbox 240 3939 530 4005; baseline 0.017 -5"><span class='ocrx_word' id='word_1_243' title='bbox 240 3939 530 4005; x_wconf 83' lang='lat' dir='ltr'><strong>censuit:</strong></span> 
     </span>
    </p>

    <p class='ocr_par' dir='ltr' id='par_1_9' title="bbox 230 4026 1814 4373">
     <span class='ocr_line' id='line_1_43' title="bbox 367 4026 1813 4113; baseline 0.001 -23"><span class='ocrx_word' id='word_1_244' title='bbox 367 4026 461 4091; x_wconf 84' lang='lat' dir='ltr'><strong>Ad</strong></span> <span class='ocrx_word' id='word_1_245' title='bbox 517 4031 665 4091; x_wconf 83' lang='lat'><strong>1.-‹</strong></span> <span class='ocrx_word' id='word_1_246' title='bbox 704 4027 1045 4113; x_wconf 80' lang='lat' dir='ltr'><strong>Negative3</strong></span> <span class='ocrx_word' id='word_1_247' title='bbox 1097 4028 1211 4093; x_wconf 87' lang='lat' dir='ltr'><strong>sed</strong></span> <span class='ocrx_word' id='word_1_248' title='bbox 1256 4029 1332 4092; x_wconf 87' lang='lat' dir='ltr'><strong>ab</strong></span> <span class='ocrx_word' id='word_1_249' title='bbox 1378 4039 1646 4112; x_wconf 84' lang='lat' dir='ltr'><strong>utraque</strong></span> <span class='ocrx_word' id='word_1_250' title='bbox 1699 4031 1813 4092; x_wconf 87' lang='lat' dir='ltr'><strong>Ec-</strong></span> 
     </span>
     <span class='ocr_line' id='line_1_44' title="bbox 230 4112 1813 4200; baseline 0.001 -24"><span class='ocrx_word' id='word_1_251' title='bbox 230 4112 424 4177; x_wconf 87' lang='lat' dir='ltr'><strong>clesia</strong></span> <span class='ocrx_word' id='word_1_252' title='bbox 472 4132 615 4179; x_wconf 86' lang='lat' dir='ltr'><strong>cnm</strong></span> <span class='ocrx_word' id='word_1_253' title='bbox 662 4134 776 4180; x_wconf 87' lang='lat' dir='ltr'><strong>suo</strong></span> <span class='ocrx_word' id='word_1_254' title='bbox 847 4115 1206 4200; x_wconf 83' lang='lat' dir='ltr'><strong>respective</strong></span> <span class='ocrx_word' id='word_1_255' title='bbox 1258 4115 1446 4181; x_wconf 85' lang='lat' dir='ltr'><strong>Clero</strong></span> <span class='ocrx_word' id='word_1_256' title='bbox 1495 4114 1813 4182; x_wconf 87' lang='lat' dir='ltr'><strong>Saeculari</strong></span> 
     </span>
     <span class='ocr_line' id='line_1_45' title="bbox 230 4201 1814 4286; baseline 0.002 -22"><span class='ocrx_word' id='word_1_257' title='bbox 230 4211 302 4264; x_wconf 87' lang='lat' dir='ltr'><strong>et</strong></span> <span class='ocrx_word' id='word_1_258' title='bbox 346 4201 640 4286; x_wconf 81' lang='lat' dir='ltr'><strong>Regulari</strong></span> <span class='ocrx_word' id='word_1_259' title='bbox 688 4222 756 4266; x_wconf 91' lang='lat' dir='ltr'><strong>ac</strong></span> <span class='ocrx_word' id='word_1_260' title='bbox 801 4201 1433 4269; x_wconf 76' lang='lat' dir='ltr'><strong>confraternitatibus</strong></span> <span class='ocrx_word' id='word_1_261' title='bbox 1466 4202 1814 4268; x_wconf 88' lang='lat' dir='ltr'><strong>Processio-</strong></span> 
     </span>
     <span class='ocr_line' id='line_1_46' title="bbox 230 4288 1811 4373; baseline 0.003 -23"><span class='ocrx_word' id='word_1_262' title='bbox 230 4306 381 4352; x_wconf 90' lang='lat' dir='ltr'><strong>nem</strong></span> <span class='ocrx_word' id='word_1_263' title='bbox 438 4288 615 4355; x_wconf 77' lang='lat' dir='ltr'><strong>SSffli</strong></span> <span class='ocrx_word' id='word_1_264' title='bbox 659 4288 955 4373; x_wconf 88' lang='lat' dir='ltr'><strong>Corporis</strong></span> <span class='ocrx_word' id='word_1_265' title='bbox 1001 4289 1230 4355; x_wconf 86' lang='lat' dir='ltr'><strong>Christi</strong></span> <span class='ocrx_word' id='word_1_266' title='bbox 1276 4290 1627 4355; x_wconf 86' lang='lat' dir='ltr'><strong>faciendam</strong></span> <span class='ocrx_word' id='word_1_267' title='bbox 1677 4307 1811 4354; x_wconf 85' lang='lat' dir='ltr'><strong>esse</strong></span> 
     </span>
    </p>

    <p class='ocr_par' dir='ltr' id='par_1_10' title="bbox 219 4376 1812 5254">
     <span class='ocr_line' id='line_1_47' title="bbox 283 4376 1812 4463; baseline 0.001 -24"><span class='ocrx_word' id='word_1_268' title='bbox 283 4394 350 4438; x_wconf 89' lang='lat' dir='ltr'><strong>er</strong></span> <span class='ocrx_word' id='word_1_269' title='bbox 394 4376 651 4441; x_wconf 89' lang='lat' dir='ltr'><strong>easdem</strong></span> <span class='ocrx_word' id='word_1_270' title='bbox 699 4377 846 4463; x_wconf 80' lang='lat' dir='ltr'><strong>viaS,</strong></span> <span class='ocrx_word' id='word_1_271' title='bbox 899 4377 1018 4461; x_wconf 82' lang='lat' dir='ltr'><strong>p&#39;er</strong></span> <span class='ocrx_word' id='word_1_272' title='bbox 1063 4395 1215 4462; x_wconf 90' lang='lat' dir='ltr'><strong>quas</strong></span> <span class='ocrx_word' id='word_1_273' title='bbox 1256 4378 1560 4444; x_wconf 86' lang='lat' dir='ltr'><strong>hactenus</strong></span> <span class='ocrx_word' id='word_1_274' title='bbox 1607 4378 1812 4444; x_wconf 79' lang='lat' dir='ltr'><strong>habita</strong></span> 
     </span>
     <span class='ocr_line' id='line_1_48' title="bbox 258 4463 1811 4551; baseline 0.003 -24"><span class='ocrx_word' id='word_1_275' title='bbox 258 4463 373 4546; x_wconf 86' lang='lat' dir='ltr'><strong>uit,</strong></span> <span class='ocrx_word' id='word_1_276' title='bbox 423 4475 669 4529; x_wconf 85' lang='lat' dir='ltr'><strong>servata</strong></span> <span class='ocrx_word' id='word_1_277' title='bbox 713 4463 1124 4542; x_wconf 78' lang='lat' dir='ltr'><strong>alternativa3</strong></span> <span class='ocrx_word' id='word_1_278' title='bbox 1177 4463 1260 4530; x_wconf 88' lang='lat' dir='ltr'><strong>ita</strong></span> <span class='ocrx_word' id='word_1_279' title='bbox 1306 4477 1378 4530; x_wconf 92' lang='lat' dir='ltr'><strong>nt</strong></span> <span class='ocrx_word' id='word_1_280' title='bbox 1425 4467 1623 4551; x_wconf 87' lang='lat' dir='ltr'><strong>prima</strong></span> <span class='ocrx_word' id='word_1_281' title='bbox 1672 4467 1811 4532; x_wconf 88' lang='lat' dir='ltr'><strong>vice</strong></span> 
     </span>
     <span class='ocr_line' id='line_1_49' title="bbox 228 4551 1812 4636; baseline 0.003 -20"><span class='ocrx_word' id='word_1_282' title='bbox 228 4551 334 4616; x_wconf 81' lang='lat' dir='ltr'><strong>liat</strong></span> <span class='ocrx_word' id='word_1_283' title='bbox 378 4573 411 4616; x_wconf 89' lang='lat' dir='ltr'><strong>a</strong></span> <span class='ocrx_word' id='word_1_284' title='bbox 459 4551 803 4636; x_wconf 88' lang='lat' dir='ltr'><strong>collegiata</strong></span> <span class='ocrx_word' id='word_1_285' title='bbox 854 4555 920 4618; x_wconf 91' lang='lat' dir='ltr'><strong>S.</strong></span> <span class='ocrx_word' id='word_1_286' title='bbox 968 4552 1205 4618; x_wconf 82' lang='lat' dir='ltr'><strong>Ruffilli</strong></span> <span class='ocrx_word' id='word_1_287' title='bbox 1253 4552 1316 4618; x_wconf 92' lang='lat' dir='ltr'><strong>in</strong></span> <span class='ocrx_word' id='word_1_288' title='bbox 1366 4553 1471 4619; x_wconf 88' lang='lat' dir='ltr'><strong>die</strong></span> <span class='ocrx_word' id='word_1_289' title='bbox 1514 4558 1697 4620; x_wconf 90' lang='lat' dir='ltr'><strong>Festo</strong></span> <span class='ocrx_word' id='word_1_290' title='bbox 1730 4555 1812 4620; x_wconf 88' lang='lat' dir='ltr'><strong>de</strong></span> 
     </span>
     <span class='ocr_line' id='line_1_50' title="bbox 228 4639 1809 4720; baseline 0.002 -17"><span class='ocrx_word' id='word_1_291' title='bbox 228 4657 454 4720; x_wconf 90' lang='lat' dir='ltr'><strong>mane,</strong></span> <span class='ocrx_word' id='word_1_292' title='bbox 504 4658 538 4702; x_wconf 88' lang='lat' dir='ltr'><strong>a</strong></span> <span class='ocrx_word' id='word_1_293' title='bbox 587 4639 878 4706; x_wconf 88' lang='lat' dir='ltr'><strong>Parecbia</strong></span> <span class='ocrx_word' id='word_1_294' title='bbox 926 4659 1081 4705; x_wconf 81' lang='lat' dir='ltr'><strong>vero</strong></span> <span class='ocrx_word' id='word_1_295' title='bbox 1129 4644 1194 4706; x_wconf 91' lang='lat' dir='ltr'><strong>S.</strong></span> <span class='ocrx_word' id='word_1_296' title='bbox 1232 4643 1398 4704; x_wconf 87' lang='lat' dir='ltr'><strong>Petri</strong></span> <span class='ocrx_word' id='word_1_297' title='bbox 1446 4643 1510 4706; x_wconf 90' lang='lat' dir='ltr'><strong>in</strong></span> <span class='ocrx_word' id='word_1_298' title='bbox 1542 4643 1646 4708; x_wconf 88' lang='lat' dir='ltr'><strong>die</strong></span> <span class='ocrx_word' id='word_1_299' title='bbox 1693 4648 1809 4708; x_wconf 90' lang='lat' dir='ltr'><strong>Do·</strong></span> 
     </span>
     <span class='ocr_line' id='line_1_51' title="bbox 228 4725 1812 4807; baseline 0.004 -18"><span class='ocrx_word' id='word_1_300' title='bbox 228 4725 457 4792; x_wconf 87' lang='lat' dir='ltr'><strong>minica</strong></span> <span class='ocrx_word' id='word_1_301' title='bbox 504 4726 662 4792; x_wconf 88' lang='lat' dir='ltr'><strong>infra</strong></span> <span class='ocrx_word' id='word_1_302' title='bbox 712 4738 993 4793; x_wconf 85' lang='lat' dir='ltr'><strong>octavam</strong></span> <span class='ocrx_word' id='word_1_303' title='bbox 1089 4726 1281 4792; x_wconf 83' lang='lat' dir='ltr'><strong>ariter</strong></span> <span class='ocrx_word' id='word_1_304' title='bbox 1326 4726 1410 4793; x_wconf 90' lang='lat' dir='ltr'><strong>de</strong></span> <span class='ocrx_word' id='word_1_305' title='bbox 1458 4745 1680 4807; x_wconf 88' lang='lat' dir='ltr'><strong>mane;</strong></span> <span class='ocrx_word' id='word_1_306' title='bbox 1748 4742 1812 4795; x_wconf 88' lang='lat' dir='ltr'><strong>et</strong></span> 
     </span>
     <span class='ocr_line' id='line_1_52' title="bbox 222 4813 1806 4898; baseline 0.001 -20"><span class='ocrx_word' id='word_1_307' title='bbox 222 4832 388 4879; x_wconf 87' lang='lat' dir='ltr'><strong>anno</strong></span> <span class='ocrx_word' id='word_1_308' title='bbox 436 4815 732 4898; x_wconf 86' lang='lat' dir='ltr'><strong>sequenti</strong></span> <span class='ocrx_word' id='word_1_309' title='bbox 785 4813 891 4880; x_wconf 86' lang='lat' dir='ltr'><strong>fiat</strong></span> <span class='ocrx_word' id='word_1_310' title='bbox 921 4815 987 4880; x_wconf 88' lang='lat' dir='ltr'><strong>in</strong></span> <span class='ocrx_word' id='word_1_311' title='bbox 1083 4816 1143 4880; x_wconf 91' lang='lat' dir='ltr'><strong>ie</strong></span> <span class='ocrx_word' id='word_1_312' title='bbox 1173 4819 1360 4880; x_wconf 84' lang='lat' dir='ltr'><strong>Festo</strong></span> <span class='ocrx_word' id='word_1_313' title='bbox 1393 4837 1425 4878; x_wconf 89' lang='lat' dir='ltr'><strong>a</strong></span> <span class='ocrx_word' id='word_1_314' title='bbox 1464 4817 1806 4882; x_wconf 87' lang='lat' dir='ltr'><strong>Parochiali</strong></span> 
     </span>
     <span class='ocr_line' id='line_1_53' title="bbox 222 4900 1809 4988; baseline 0.001 -21"><span class='ocrx_word' id='word_1_315' title='bbox 222 4913 290 4967; x_wconf 89' lang='lat' dir='ltr'><strong>et</strong></span> <span class='ocrx_word' id='word_1_316' title='bbox 336 4900 400 4965; x_wconf 90' lang='lat' dir='ltr'><strong>in</strong></span> <span class='ocrx_word' id='word_1_317' title='bbox 449 4901 552 4967; x_wconf 88' lang='lat' dir='ltr'><strong>die</strong></span> <span class='ocrx_word' id='word_1_318' title='bbox 600 4902 915 4967; x_wconf 88' lang='lat' dir='ltr'><strong>Dominica</strong></span> <span class='ocrx_word' id='word_1_319' title='bbox 950 4923 982 4967; x_wconf 89' lang='lat' dir='ltr'><strong>a</strong></span> <span class='ocrx_word' id='word_1_320' title='bbox 1013 4901 1383 4988; x_wconf 76' lang='lat' dir='ltr'><strong>collegiata.</strong></span> <span class='ocrx_word' id='word_1_321' title='bbox 1434 4904 1609 4979; x_wconf 90' lang='lat' dir='ltr'><strong>Quod</strong></span> <span class='ocrx_word' id='word_1_322' title='bbox 1645 4904 1693 4968; x_wconf 88' lang='lat' dir='ltr'><strong>si</strong></span> <span class='ocrx_word' id='word_1_323' title='bbox 1728 4903 1809 4968; x_wconf 91' lang='lat' dir='ltr'><strong>ob</strong></span> 
     </span>
     <span class='ocr_line' id='line_1_54' title="bbox 219 4988 1808 5076; baseline 0.003 -24"><span class='ocrx_word' id='word_1_324' title='bbox 219 4989 480 5073; x_wconf 84' lang='lat' dir='ltr'><strong>aliquod</strong></span> <span class='ocrx_word' id='word_1_325' title='bbox 534 4988 895 5074; x_wconf 86' lang='lat' dir='ltr'><strong>legitimum</strong></span> <span class='ocrx_word' id='word_1_326' title='bbox 960 4990 1498 5076; x_wconf 85' lang='lat' dir='ltr'><strong>impedimentum</strong></span> <span class='ocrx_word' id='word_1_327' title='bbox 1559 4991 1637 5056; x_wconf 92' lang='lat' dir='ltr'><strong>ab</strong></span> <span class='ocrx_word' id='word_1_328' title='bbox 1696 4996 1808 5056; x_wconf 87' lang='lat' dir='ltr'><strong>Ec-</strong></span> 
     </span>
     <span class='ocr_line' id='line_1_55' title="bbox 222 5076 1808 5165; baseline 0.003 -24"><span class='ocrx_word' id='word_1_329' title='bbox 222 5076 434 5160; x_wconf 86' lang='lat' dir='ltr'><strong>clesia,</strong></span> <span class='ocrx_word' id='word_1_330' title='bbox 464 5076 540 5141; x_wconf 86' lang='lat' dir='ltr'><strong>ad</strong></span> <span class='ocrx_word' id='word_1_331' title='bbox 576 5095 765 5162; x_wconf 87' lang='lat' dir='ltr'><strong>quam</strong></span> <span class='ocrx_word' id='word_1_332' title='bbox 797 5078 969 5143; x_wconf 84' lang='lat' dir='ltr'><strong>iuxta</strong></span> <span class='ocrx_word' id='word_1_333' title='bbox 995 5079 1337 5165; x_wconf 85' lang='lat' dir='ltr'><strong>praefatam</strong></span> <span class='ocrx_word' id='word_1_334' title='bbox 1370 5079 1808 5145; x_wconf 85' lang='lat' dir='ltr'><strong>alternativam</strong></span> 
     </span>
     <span class='ocr_line' id='line_1_56' title="bbox 220 5168 1801 5254; baseline 0.004 -28"><span class='ocrx_word' id='word_1_335' title='bbox 220 5173 570 5250; x_wconf 87' lang='lat' dir='ltr'><strong>spectaret,</strong></span> <span class='ocrx_word' id='word_1_336' title='bbox 620 5183 838 5250; x_wconf 88' lang='lat' dir='ltr'><strong>neque</strong></span> <span class='ocrx_word' id='word_1_337' title='bbox 883 5168 964 5232; x_wconf 89' lang='lat' dir='ltr'><strong>de</strong></span> <span class='ocrx_word' id='word_1_338' title='bbox 1015 5185 1198 5232; x_wconf 91' lang='lat' dir='ltr'><strong>mane</strong></span> <span class='ocrx_word' id='word_1_339' title='bbox 1245 5185 1457 5251; x_wconf 89' lang='lat' dir='ltr'><strong>neque</strong></span> <span class='ocrx_word' id='word_1_340' title='bbox 1502 5178 1649 5254; x_wconf 89' lang='lat' dir='ltr'><strong>post</strong></span> <span class='ocrx_word' id='word_1_341' title='bbox 1681 5170 1801 5233; x_wconf 81' lang='lat' dir='ltr'><strong>Ve-</strong></span> 
     </span>
    </p>
   </div>
   <div class='ocr_carea' id='block_1_3' title="bbox 358 5357 1252 5430">
    <p class='ocr_par' dir='ltr' id='par_1_11' title="bbox 358 5357 1252 5430">
     <span class='ocr_line' id='line_1_57' title="bbox 358 5357 1252 5430; baseline 0.003 -16"><span class='ocrx_word' id='word_1_342' title='bbox 358 5357 441 5430; x_wconf 81' lang='grc'><strong>(1)</strong></span> <span class='ocrx_word' id='word_1_343' title='bbox 474 5360 540 5416; x_wconf 75' lang='lat' dir='ltr'><strong>E.</strong></span> <span class='ocrx_word' id='word_1_344' title='bbox 575 5361 715 5418; x_wconf 76' lang='lat' dir='ltr'><strong>ouh.</strong></span> <span class='ocrx_word' id='word_1_345' title='bbox 750 5360 800 5426; x_wconf 80' lang='lat' dir='ltr'><strong>c,</strong></span> <span class='ocrx_word' id='word_1_346' title='bbox 838 5361 887 5426; x_wconf 90' lang='lat'><strong>7,</strong></span> <span class='ocrx_word' id='word_1_347' title='bbox 923 5361 973 5426; x_wconf 89' lang='lat' dir='ltr'><strong>s,</strong></span> <span class='ocrx_word' id='word_1_348' title='bbox 1008 5362 1042 5415; x_wconf 79' lang='lat' dir='ltr'><strong>s</strong></span> <span class='ocrx_word' id='word_1_349' title='bbox 1079 5367 1133 5417; x_wconf 80' lang='lat' dir='ltr'><strong>et</strong></span> <span class='ocrx_word' id='word_1_350' title='bbox 1172 5361 1252 5417; x_wconf 75' lang='grc' dir='ltr'><strong>ιο.</strong></span> 
     </span>
    </p>
   </div>
   <div class='ocr_carea' id='block_1_4' title="bbox 1902 1574 2183 1643">
    <p class='ocr_par' dir='ltr' id='par_1_12' title="bbox 1902 1574 2183 1643">
     <span class='ocr_line' id='line_1_58' title="bbox 1902 1574 2183 1643; baseline 0 -2"><span class='ocrx_word' id='word_1_351' title='bbox 1902 1612 1910 1620; x_wconf 87' lang='grc'>·</span> <span class='ocrx_word' id='word_1_352' title='bbox 1927 1574 2156 1643; x_wconf 79' lang='lat'>2285</span> <span class='ocrx_word' id='word_1_353' title='bbox 2167 1624 2183 1641; x_wconf 93' lang='lat'><strong>.</strong></span> 
     </span>
    </p>
   </div>
   <div class='ocr_carea' id='block_1_5' title="bbox 1923 436 3497 1491">
    <p class='ocr_par' dir='ltr' id='par_1_13' title="bbox 1923 436 3497 1113">
     <span class='ocr_line' id='line_1_59' title="bbox 1923 436 3486 524; baseline 0.003 -25"><span class='ocrx_word' id='word_1_354' title='bbox 1923 455 2138 522; x_wconf 88' lang='lat' dir='ltr'><strong>speras</strong></span> <span class='ocrx_word' id='word_1_355' title='bbox 2182 436 2333 503; x_wconf 91' lang='lat' dir='ltr'><strong>dicti</strong></span> <span class='ocrx_word' id='word_1_356' title='bbox 2367 436 2494 504; x_wconf 89' lang='lat' dir='ltr'><strong>diei</strong></span> <span class='ocrx_word' id='word_1_357' title='bbox 2529 436 2670 503; x_wconf 87' lang='lat' dir='ltr'><strong>festi</strong></span> <span class='ocrx_word' id='word_1_358' title='bbox 2704 437 3021 504; x_wconf 91' lang='lat' dir='ltr'><strong>Processio</strong></span> <span class='ocrx_word' id='word_1_359' title='bbox 3052 437 3191 504; x_wconf 86' lang='lat' dir='ltr'><strong>fieri</strong></span> <span class='ocrx_word' id='word_1_360' title='bbox 3227 438 3486 524; x_wconf 90' lang='lat' dir='ltr'><strong>poterit,</strong></span> 
     </span>
     <span class='ocr_line' id='line_1_60' title="bbox 1932 523 3495 592; baseline 0.003 -5"><span class='ocrx_word' id='word_1_361' title='bbox 1932 523 1994 590; x_wconf 90' lang='lat' dir='ltr'><strong>in</strong></span> <span class='ocrx_word' id='word_1_362' title='bbox 2042 524 2160 589; x_wconf 89' lang='lat' dir='ltr'><strong>hoc</strong></span> <span class='ocrx_word' id='word_1_363' title='bbox 2208 544 2352 590; x_wconf 87' lang='lat' dir='ltr'><strong>casu</strong></span> <span class='ocrx_word' id='word_1_364' title='bbox 2399 546 2431 589; x_wconf 91' lang='lat' dir='ltr'><strong>a</strong></span> <span class='ocrx_word' id='word_1_365' title='bbox 2478 524 2640 591; x_wconf 90' lang='lat' dir='ltr'><strong>dicta</strong></span> <span class='ocrx_word' id='word_1_366' title='bbox 2703 524 2976 591; x_wconf 87' lang='lat' dir='ltr'><strong>Ecclesia</strong></span> <span class='ocrx_word' id='word_1_367' title='bbox 3026 526 3137 591; x_wconf 88' lang='lat' dir='ltr'><strong>fiet</strong></span> <span class='ocrx_word' id='word_1_368' title='bbox 3183 526 3267 592; x_wconf 90' lang='lat' dir='ltr'><strong>de</strong></span> <span class='ocrx_word' id='word_1_369' title='bbox 3312 544 3495 591; x_wconf 91' lang='lat' dir='ltr'><strong>mane</strong></span> 
     </span>
     <span class='ocr_line' id='line_1_61' title="bbox 1926 610 3497 699; baseline 0.001 -24"><span class='ocrx_word' id='word_1_370' title='bbox 1926 610 2287 678; x_wconf 90' lang='lat' dir='ltr'><strong>Dominicae</strong></span> <span class='ocrx_word' id='word_1_371' title='bbox 2336 611 2492 678; x_wconf 88' lang='lat' dir='ltr'><strong>infra</strong></span> <span class='ocrx_word' id='word_1_372' title='bbox 2538 623 2846 695; x_wconf 84' lang='lat' dir='ltr'><strong>octavam,</strong></span> <span class='ocrx_word' id='word_1_373' title='bbox 2899 621 2960 678; x_wconf 91' lang='lat' dir='ltr'><strong>et</strong></span> <span class='ocrx_word' id='word_1_374' title='bbox 3005 614 3080 679; x_wconf 93' lang='lat' dir='ltr'><strong>ab</strong></span> <span class='ocrx_word' id='word_1_375' title='bbox 3111 614 3307 679; x_wconf 87' lang='lat' dir='ltr'><strong>altera</strong></span> <span class='ocrx_word' id='word_1_376' title='bbox 3353 624 3497 699; x_wconf 88' lang='lat' dir='ltr'><strong>post</strong></span> 
     </span>
     <span class='ocr_line' id='line_1_62' title="bbox 1928 699 3493 786; baseline 0.001 -23"><span class='ocrx_word' id='word_1_377' title='bbox 1928 701 2270 786; x_wconf 77' lang='lat' dir='ltr'><strong>vesperas:</strong></span> <span class='ocrx_word' id='word_1_378' title='bbox 2320 699 2756 765; x_wconf 88' lang='lat' dir='ltr'><strong>Processiones</strong></span> <span class='ocrx_word' id='word_1_379' title='bbox 2786 700 3202 785; x_wconf 87' lang='lat' dir='ltr'><strong>Rogationum</strong></span> <span class='ocrx_word' id='word_1_380' title='bbox 3250 700 3400 766; x_wconf 88' lang='lat' dir='ltr'><strong>fiant</strong></span> <span class='ocrx_word' id='word_1_381' title='bbox 3430 700 3493 765; x_wconf 92' lang='lat' dir='ltr'><strong>in</strong></span> 
     </span>
     <span class='ocr_line' id='line_1_63' title="bbox 1931 786 3496 872; baseline 0.001 -22"><span class='ocrx_word' id='word_1_382' title='bbox 1931 787 2154 851; x_wconf 88' lang='lat' dir='ltr'><strong>eadem</strong></span> <span class='ocrx_word' id='word_1_383' title='bbox 2200 786 2306 853; x_wconf 90' lang='lat' dir='ltr'><strong>die</strong></span> <span class='ocrx_word' id='word_1_384' title='bbox 2336 786 2409 852; x_wconf 89' lang='lat' dir='ltr'><strong>ab</strong></span> <span class='ocrx_word' id='word_1_385' title='bbox 2456 798 2725 872; x_wconf 87' lang='lat' dir='ltr'><strong>utraque</strong></span> <span class='ocrx_word' id='word_1_386' title='bbox 2760 787 3031 854; x_wconf 86' lang='lat' dir='ltr'><strong>Ecclesia</strong></span> <span class='ocrx_word' id='word_1_387' title='bbox 3065 807 3211 854; x_wconf 89' lang='lat' dir='ltr'><strong>cum</strong></span> <span class='ocrx_word' id='word_1_388' title='bbox 3255 807 3369 853; x_wconf 89' lang='lat' dir='ltr'><strong>suo</strong></span> <span class='ocrx_word' id='word_1_389' title='bbox 3403 808 3496 852; x_wconf 91' lang='lat' dir='ltr'><strong>re-</strong></span> 
     </span>
     <span class='ocr_line' id='line_1_64' title="bbox 1926 873 3494 961; baseline 0.001 -24"><span class='ocrx_word' id='word_1_390' title='bbox 1926 875 2212 960; x_wconf 84' lang='lat' dir='ltr'><strong>spective</strong></span> <span class='ocrx_word' id='word_1_391' title='bbox 2259 876 2492 957; x_wconf 87' lang='lat' dir='ltr'><strong>clere,</strong></span> <span class='ocrx_word' id='word_1_392' title='bbox 2542 884 2614 939; x_wconf 89' lang='lat' dir='ltr'><strong>ut</strong></span> <span class='ocrx_word' id='word_1_393' title='bbox 2657 893 2890 961; x_wconf 88' lang='lat' dir='ltr'><strong>supra,</strong></span> <span class='ocrx_word' id='word_1_394' title='bbox 2941 894 3057 961; x_wconf 88' lang='lat' dir='ltr'><strong>per</strong></span> <span class='ocrx_word' id='word_1_395' title='bbox 3115 874 3242 939; x_wconf 83' lang='lat' dir='ltr'><strong>vias</strong></span> <span class='ocrx_word' id='word_1_396' title='bbox 3297 873 3494 959; x_wconf 89' lang='lat' dir='ltr'><strong>magis</strong></span> 
     </span>
     <span class='ocr_line' id='line_1_65' title="bbox 1926 961 3492 1060; baseline 0.001 -35"><span class='ocrx_word' id='word_1_397' title='bbox 1926 972 2099 1060; x_wconf 67' lang='lat' dir='ltr'><strong>aptas</strong></span> <span class='ocrx_word' id='word_1_398' title='bbox 2168 963 2513 1027; x_wconf 83' lang='lat' dir='ltr'><strong>existentes</strong></span> <span class='ocrx_word' id='word_1_399' title='bbox 2557 961 2620 1027; x_wconf 93' lang='lat' dir='ltr'><strong>in</strong></span> <span class='ocrx_word' id='word_1_400' title='bbox 2681 962 2809 1027; x_wconf 89' lang='lat' dir='ltr'><strong>suis</strong></span> <span class='ocrx_word' id='word_1_401' title='bbox 2875 961 3238 1049; x_wconf 85' lang='lat' dir='ltr'><strong>respective</strong></span> <span class='ocrx_word' id='word_1_402' title='bbox 3310 962 3492 1027; x_wconf 88' lang='lat' dir='ltr'><strong>terri-</strong></span> 
     </span>
     <span class='ocr_line' id='line_1_66' title="bbox 1931 1054 2372 1113; baseline -0.002 0"><span class='ocrx_word' id='word_1_403' title='bbox 1931 1060 2105 1113; x_wconf 87' lang='lat' dir='ltr'><strong>torus</strong></span> <span class='ocrx_word' id='word_1_404' title='bbox 2136 1072 2198 1113; x_wconf 82' lang='lat'><strong>».</strong></span> <span class='ocrx_word' id='word_1_405' title='bbox 2365 1054 2372 1063; x_wconf 90' lang='lat'>&#39;</span> 
     </span>
    </p>

    <p class='ocr_par' dir='ltr' id='par_1_14' title="bbox 1929 1135 3492 1309">
     <span class='ocr_line' id='line_1_67' title="bbox 2058 1135 3492 1224; baseline 0.001 -22"><span class='ocrx_word' id='word_1_406' title='bbox 2058 1137 2152 1203; x_wconf 75' lang='lat' dir='ltr'><strong>Ad</strong></span> <span class='ocrx_word' id='word_1_407' title='bbox 2198 1140 2263 1202; x_wconf 93' lang='grc'><strong>2.</strong></span> <span class='ocrx_word' id='word_1_408' title='bbox 2314 1142 2381 1205; x_wconf 79' lang='grc'><strong>3.</strong></span> <span class='ocrx_word' id='word_1_409' title='bbox 2431 1140 2496 1203; x_wconf 90' lang='grc'><strong>4.</strong></span> <span class='ocrx_word' id='word_1_410' title='bbox 2546 1147 2611 1203; x_wconf 90' lang='lat' dir='ltr'><strong>et</strong></span> <span class='ocrx_word' id='word_1_411' title='bbox 2658 1141 2724 1201; x_wconf 77' lang='grc' dir='ltr'><strong>ὅ.</strong></span> <span class='ocrx_word' id='word_1_412' title='bbox 2786 1159 2823 1201; x_wconf 85' lang='lat'>‹</span> <span class='ocrx_word' id='word_1_413' title='bbox 2856 1143 2980 1205; x_wconf 88' lang='lat' dir='ltr'><strong>lam</strong></span> <span class='ocrx_word' id='word_1_414' title='bbox 3039 1136 3366 1224; x_wconf 84' lang='lat' dir='ltr'><strong>provisum</strong></span> <span class='ocrx_word' id='word_1_415' title='bbox 3428 1135 3492 1203; x_wconf 93' lang='lat' dir='ltr'><strong>in</strong></span> 
     </span>
     <span class='ocr_line' id='line_1_68' title="bbox 1929 1223 2234 1309; baseline 0.013 -23"><span class='ocrx_word' id='word_1_416' title='bbox 1929 1223 2137 1309; x_wconf 92' lang='lat' dir='ltr'><strong>primo</strong></span> <span class='ocrx_word' id='word_1_417' title='bbox 2172 1245 2234 1290; x_wconf 63' lang='grc' dir='ltr'><strong>ν.</strong></span> 
     </span>
    </p>

    <p class='ocr_par' dir='ltr' id='par_1_15' title="bbox 1933 1310 3493 1491">
     <span class='ocr_line' id='line_1_69' title="bbox 2061 1310 3493 1378; baseline 0.001 -3"><span class='ocrx_word' id='word_1_418' title='bbox 2061 1316 2134 1376; x_wconf 89' lang='lat' dir='ltr'><strong>Et</strong></span> <span class='ocrx_word' id='word_1_419' title='bbox 2182 1312 2263 1377; x_wconf 87' lang='lat' dir='ltr'><strong>ita</strong></span> <span class='ocrx_word' id='word_1_420' title='bbox 2294 1311 2583 1378; x_wconf 89' lang='lat' dir='ltr'><strong>decrevit</strong></span> <span class='ocrx_word' id='word_1_421' title='bbox 2609 1332 2679 1377; x_wconf 89' lang='lat' dir='ltr'><strong>ac</strong></span> <span class='ocrx_word' id='word_1_422' title='bbox 2711 1313 2943 1377; x_wconf 76' lang='lat' dir='ltr'><strong>servari</strong></span> <span class='ocrx_word' id='word_1_423' title='bbox 2991 1312 3334 1378; x_wconf 77' lang='lat' dir='ltr'><strong>mandavit:</strong></span> <span class='ocrx_word' id='word_1_424' title='bbox 3383 1310 3493 1377; x_wconf 88' lang='lat' dir='ltr'><strong>Die</strong></span> 
     </span>
     <span class='ocr_line' id='line_1_70' title="bbox 1933 1397 2534 1491; baseline 0.007 -28"><span class='ocrx_word' id='word_1_425' title='bbox 1933 1400 2011 1464; x_wconf 87' lang='grc'><strong>10</strong></span> <span class='ocrx_word' id='word_1_426' title='bbox 2058 1397 2291 1491; x_wconf 83' lang='lat' dir='ltr'><strong>Aprilis</strong></span> <span class='ocrx_word' id='word_1_427' title='bbox 2343 1403 2534 1469; x_wconf 82' lang='grc'><strong>1728.</strong></span> 
     </span>
    </p>
   </div>
   <div class='ocr_carea' id='block_1_6' title="bbox 2478 1575 3490 1661">
    <p class='ocr_par' dir='ltr' id='par_1_16' title="bbox 2478 1575 3490 1661">
     <span class='ocr_line' id='line_1_71' title="bbox 2478 1575 3490 1661; baseline 0 -19"><span class='ocrx_word' id='word_1_428' title='bbox 2478 1579 2951 1643; x_wconf 60' lang='lat' dir='ltr'><strong>causatum.</strong></span> <span class='ocrx_word' id='word_1_429' title='bbox 3266 1575 3490 1661; x_wconf 79' lang='lat'>(3978)</span> 
     </span>
    </p>
   </div>
   <div class='ocr_carea' id='block_1_7' title="bbox 2053 1750 3486 1837">
    <p class='ocr_par' dir='ltr' id='par_1_17' title="bbox 2053 1750 3486 1837">
     <span class='ocr_line' id='line_1_72' title="bbox 2053 1750 3486 1837; baseline -0.001 -23"><span class='ocrx_word' id='word_1_430' title='bbox 2053 1750 2616 1817; x_wconf 88' lang='lat' dir='ltr'><strong>Praetendentibus</strong></span> <span class='ocrx_word' id='word_1_431' title='bbox 2660 1750 3080 1837; x_wconf 81' lang='lat' dir='ltr'><strong>Dignitatibus</strong></span> <span class='ocrx_word' id='word_1_432' title='bbox 3127 1761 3193 1815; x_wconf 89' lang='lat' dir='ltr'><strong>et</strong></span> <span class='ocrx_word' id='word_1_433' title='bbox 3223 1750 3486 1816; x_wconf 92' lang='lat' dir='ltr'><strong>Canoni-</strong></span> 
     </span>
    </p>
   </div>
   <div class='ocr_carea' id='block_1_8' title="bbox 1924 1834 3624 1918">
    <p class='ocr_par' dir='ltr' id='par_1_18' title="bbox 1924 1834 3624 1918">
     <span class='ocr_line' id='line_1_73' title="bbox 1924 1834 3624 1918; baseline -0.001 -15"><span class='ocrx_word' id='word_1_434' title='bbox 1924 1837 2012 1903; x_wconf 89' lang='lat' dir='ltr'><strong>cis</strong></span> <span class='ocrx_word' id='word_1_435' title='bbox 2041 1837 2360 1903; x_wconf 88' lang='lat' dir='ltr'><strong>Ecclesiae</strong></span> <span class='ocrx_word' id='word_1_436' title='bbox 2405 1839 2793 1905; x_wconf 85' lang='lat' dir='ltr'><strong>cathedralis</strong></span> <span class='ocrx_word' id='word_1_437' title='bbox 2837 1838 3197 1918; x_wconf 89' lang='lat' dir='ltr'><strong>Camerini,</strong></span> <span class='ocrx_word' id='word_1_438' title='bbox 3248 1838 3488 1903; x_wconf 89' lang='lat' dir='ltr'><strong>nedum</strong></span> <span class='ocrx_word' id='word_1_439' title='bbox 3609 1834 3624 1845; x_wconf 81' lang='grc'><strong>“</strong></span> 
     </span>
    </p>
   </div>
   <div class='ocr_carea' id='block_1_9' title="bbox 1923 1924 3494 2538">
    <p class='ocr_par' dir='ltr' id='par_1_19' title="bbox 1923 1924 3494 2538">
     <span class='ocr_line' id='line_1_74' title="bbox 1924 1924 3494 2011; baseline -0.001 -21"><span class='ocrx_word' id='word_1_440' title='bbox 1924 1924 2074 2011; x_wconf 88' lang='lat' dir='ltr'><strong>ipsis</strong></span> <span class='ocrx_word' id='word_1_441' title='bbox 2120 1936 2490 2010; x_wconf 85' lang='lat' dir='ltr'><strong>competere</strong></span> <span class='ocrx_word' id='word_1_442' title='bbox 2536 1936 2859 2011; x_wconf 89' lang='lat' dir='ltr'><strong>praestare</strong></span> <span class='ocrx_word' id='word_1_443' title='bbox 2889 1926 3301 2005; x_wconf 83' lang='lat' dir='ltr'><strong>assistentiam</strong></span> <span class='ocrx_word' id='word_1_444' title='bbox 3352 1924 3494 2011; x_wconf 89' lang='lat' dir='ltr'><strong>Epi-</strong></span> 
     </span>
     <span class='ocr_line' id='line_1_75' title="bbox 1924 2011 3493 2096; baseline -0.001 -19"><span class='ocrx_word' id='word_1_445' title='bbox 1924 2030 2115 2096; x_wconf 88' lang='lat' dir='ltr'><strong>scopo</strong></span> <span class='ocrx_word' id='word_1_446' title='bbox 2161 2012 2539 2080; x_wconf 82' lang='lat' dir='ltr'><strong>Pontificalia</strong></span> <span class='ocrx_word' id='word_1_447' title='bbox 2574 2012 2902 2078; x_wconf 83' lang='lat' dir='ltr'><strong>exercenti</strong></span> <span class='ocrx_word' id='word_1_448' title='bbox 2945 2011 3009 2078; x_wconf 89' lang='lat' dir='ltr'><strong>in</strong></span> <span class='ocrx_word' id='word_1_449' title='bbox 3044 2012 3317 2080; x_wconf 89' lang='lat' dir='ltr'><strong>Ecclesia</strong></span> <span class='ocrx_word' id='word_1_450' title='bbox 3351 2013 3493 2077; x_wconf 84' lang='lat' dir='ltr'><strong>col-</strong></span> 
     </span>
     <span class='ocr_line' id='line_1_76' title="bbox 1927 2099 3490 2186; baseline 0.001 -22"><span class='ocrx_word' id='word_1_451' title='bbox 1927 2101 2152 2186; x_wconf 87' lang='lat' dir='ltr'><strong>legiata</strong></span> <span class='ocrx_word' id='word_1_452' title='bbox 2186 2104 2247 2167; x_wconf 91' lang='lat' dir='ltr'><strong>S.</strong></span> <span class='ocrx_word' id='word_1_453' title='bbox 2286 2100 2575 2168; x_wconf 83' lang='lat' dir='ltr'><strong>Venantii</strong></span> <span class='ocrx_word' id='word_1_454' title='bbox 2610 2101 2897 2167; x_wconf 88' lang='lat' dir='ltr'><strong>eiusdem</strong></span> <span class='ocrx_word' id='word_1_455' title='bbox 2933 2099 3238 2184; x_wconf 76' lang='lat' dir='ltr'><strong>CivitatiS‚</strong></span> <span class='ocrx_word' id='word_1_456' title='bbox 3273 2117 3490 2185; x_wconf 87' lang='lat' dir='ltr'><strong>quam-</strong></span> 
     </span>
     <span class='ocr_line' id='line_1_77' title="bbox 1923 2186 3493 2275; baseline 0.002 -24"><span class='ocrx_word' id='word_1_457' title='bbox 1923 2186 2016 2252; x_wconf 82' lang='lat' dir='ltr'><strong>vis</strong></span> <span class='ocrx_word' id='word_1_458' title='bbox 2061 2186 2408 2275; x_wconf 89' lang='lat' dir='ltr'><strong>Dignitates</strong></span> <span class='ocrx_word' id='word_1_459' title='bbox 2456 2199 2520 2253; x_wconf 87' lang='lat' dir='ltr'><strong>et</strong></span> <span class='ocrx_word' id='word_1_460' title='bbox 2564 2187 2858 2255; x_wconf 88' lang='lat' dir='ltr'><strong>canonici</strong></span> <span class='ocrx_word' id='word_1_461' title='bbox 2907 2189 3222 2274; x_wconf 86' lang='lat' dir='ltr'><strong>praefatae</strong></span> <span class='ocrx_word' id='word_1_462' title='bbox 3267 2189 3493 2255; x_wconf 90' lang='lat' dir='ltr'><strong>cathe-</strong></span> 
     </span>
     <span class='ocr_line' id='line_1_78' title="bbox 1924 2274 3490 2363; baseline 0.001 -24"><span class='ocrx_word' id='word_1_463' title='bbox 1924 2275 2115 2340; x_wconf 89' lang='lat' dir='ltr'><strong>dralis</strong></span> <span class='ocrx_word' id='word_1_464' title='bbox 2161 2294 2287 2341; x_wconf 90' lang='lat' dir='ltr'><strong>non</strong></span> <span class='ocrx_word' id='word_1_465' title='bbox 2336 2274 2758 2361; x_wconf 89' lang='lat' dir='ltr'><strong>collegialiter</strong></span> <span class='ocrx_word' id='word_1_466' title='bbox 2786 2292 2998 2360; x_wconf 88' lang='lat' dir='ltr'><strong>neque</strong></span> <span class='ocrx_word' id='word_1_467' title='bbox 3036 2275 3490 2363; x_wconf 88' lang='lat' dir='ltr'><strong>capitulariter,</strong></span> 
     </span>
     <span class='ocr_line' id='line_1_79' title="bbox 1923 2362 3492 2449; baseline 0 -23"><span class='ocrx_word' id='word_1_468' title='bbox 1923 2362 2035 2428; x_wconf 87' lang='lat' dir='ltr'><strong>sed</strong></span> <span class='ocrx_word' id='word_1_469' title='bbox 2085 2363 2177 2427; x_wconf 88' lang='lat' dir='ltr'><strong>uti</strong></span> <span class='ocrx_word' id='word_1_470' title='bbox 2222 2363 2483 2449; x_wconf 87' lang='lat' dir='ltr'><strong>singuli,</strong></span> <span class='ocrx_word' id='word_1_471' title='bbox 2516 2362 2850 2440; x_wconf 90' lang='lat' dir='ltr'><strong>accedant;</strong></span> <span class='ocrx_word' id='word_1_472' title='bbox 2902 2380 3124 2427; x_wconf 84' lang='lat' dir='ltr'><strong>verum</strong></span> <span class='ocrx_word' id='word_1_473' title='bbox 3158 2364 3347 2428; x_wconf 89' lang='lat' dir='ltr'><strong>etiam</strong></span> <span class='ocrx_word' id='word_1_474' title='bbox 3380 2363 3492 2428; x_wconf 80' lang='lat' dir='ltr'><strong>de·</strong></span> 
     </span>
     <span class='ocr_line' id='line_1_80' title="bbox 1925 2447 3493 2538; baseline 0 -24"><span class='ocrx_word' id='word_1_475' title='bbox 1925 2465 2159 2534; x_wconf 86' lang='lat' dir='ltr'><strong>negare</strong></span> <span class='ocrx_word' id='word_1_476' title='bbox 2215 2451 2502 2538; x_wconf 89' lang='lat' dir='ltr'><strong>capitulo</strong></span> <span class='ocrx_word' id='word_1_477' title='bbox 2569 2447 2775 2515; x_wconf 90' lang='lat' dir='ltr'><strong>dictae</strong></span> <span class='ocrx_word' id='word_1_478' title='bbox 2835 2449 3255 2534; x_wconf 81' lang='lat' dir='ltr'><strong>collegiatae,</strong></span> <span class='ocrx_word' id='word_1_479' title='bbox 3317 2469 3493 2516; x_wconf 85' lang='lat' dir='ltr'><strong>occa·</strong></span> 
     </span>
    </p>
   </div>
   <div class='ocr_carea' id='block_1_10' title="bbox 1904 2538 3491 2624">
    <p class='ocr_par' dir='ltr' id='par_1_20' title="bbox 1904 2538 3491 2624">
     <span class='ocr_line' id='line_1_81' title="bbox 1904 2538 3491 2624; baseline 0.001 -22"><span class='ocrx_word' id='word_1_480' title='bbox 1904 2538 2099 2603; x_wconf 60' lang='lat' dir='ltr'><strong>‘sione</strong></span> <span class='ocrx_word' id='word_1_481' title='bbox 2145 2538 2408 2624; x_wconf 81' lang='lat' dir='ltr'><strong>Synodi,</strong></span> <span class='ocrx_word' id='word_1_482' title='bbox 2465 2541 2687 2605; x_wconf 55' lang='lat' dir='ltr'><strong>locum&lt;</strong></span> <span class='ocrx_word' id='word_1_483' title='bbox 2723 2541 2788 2604; x_wconf 91' lang='lat' dir='ltr'><strong>in</strong></span> <span class='ocrx_word' id='word_1_484' title='bbox 2833 2538 3054 2603; x_wconf 90' lang='lat' dir='ltr'><strong>eadem</strong></span> <span class='ocrx_word' id='word_1_485' title='bbox 3122 2539 3286 2604; x_wconf 91' lang='lat' dir='ltr'><strong>linea</strong></span> <span class='ocrx_word' id='word_1_486' title='bbox 3347 2557 3491 2603; x_wconf 90' lang='lat' dir='ltr'><strong>cum</strong></span> 
     </span>
    </p>
   </div>
   <div class='ocr_carea' id='block_1_11' title="bbox 1924 2623 3491 2725">
    <p class='ocr_par' dir='ltr' id='par_1_21' title="bbox 1924 2623 3491 2725">
     <span class='ocr_line' id='line_1_82' title="bbox 1924 2623 3491 2725; baseline -0.001 -33"><span class='ocrx_word' id='word_1_487' title='bbox 1924 2625 2213 2710; x_wconf 86' lang='lat' dir='ltr'><strong>Capitulo</strong></span> <span class='ocrx_word' id='word_1_488' title='bbox 2281 2626 2715 2709; x_wconf 76' lang='lat' dir='ltr'><strong>cathedraliS,</strong></span> <span class='ocrx_word' id='word_1_489' title='bbox 2778 2623 3061 2710; x_wconf 83' lang='lat' dir='ltr'><strong>quamvis</strong></span> <span class='ocrx_word' id='word_1_490' title='bbox 3130 2624 3491 2725; x_wconf 78' lang='lat' dir='ltr'><strong>capitulum</strong></span> 
     </span>
    </p>
   </div>
   <div class='ocr_carea' id='block_1_12' title="bbox 1892 2712 3489 2813">
    <p class='ocr_par' dir='ltr' id='par_1_22' title="bbox 1892 2712 3489 2813">
     <span class='ocr_line' id='line_1_83' title="bbox 1892 2712 3489 2813; baseline -0.001 -35"><span class='ocrx_word' id='word_1_491' title='bbox 1892 2712 2351 2798; x_wconf 87' lang='lat' dir='ltr'><strong>Collegiatae,</strong></span> <span class='ocrx_word' id='word_1_492' title='bbox 2407 2712 2629 2799; x_wconf 84' lang='lat' dir='ltr'><strong>vigore</strong></span> <span class='ocrx_word' id='word_1_493' title='bbox 2698 2724 2907 2779; x_wconf 87' lang='lat' dir='ltr'><strong>motus</strong></span> <span class='ocrx_word' id='word_1_494' title='bbox 2959 2716 3212 2813; x_wconf 34' lang='lat' dir='ltr'><strong>’proprii</strong></span> <span class='ocrx_word' id='word_1_495' title='bbox 3279 2734 3331 2777; x_wconf 89' lang='lat' dir='ltr'><strong>s.</strong></span> <span class='ocrx_word' id='word_1_496' title='bbox 3401 2732 3489 2778; x_wconf 89' lang='lat' dir='ltr'><strong>m.</strong></span> 
     </span>
    </p>
   </div>
   <div class='ocr_carea' id='block_1_13' title="bbox 1920 2798 3493 3675">
    <p class='ocr_par' dir='ltr' id='par_1_23' title="bbox 1920 2798 3493 3675">
     <span class='ocr_line' id='line_1_84' title="bbox 1923 2798 3492 2886; baseline -0.001 -20"><span class='ocrx_word' id='word_1_497' title='bbox 1923 2801 2093 2866; x_wconf 89' lang='lat' dir='ltr'><strong>Pauli</strong></span> <span class='ocrx_word' id='word_1_498' title='bbox 2126 2803 2224 2884; x_wconf 86' lang='grc' dir='ltr'><strong>ΙΙΙ,</strong></span> <span class='ocrx_word' id='word_1_499' title='bbox 2261 2801 2322 2866; x_wconf 89' lang='lat' dir='ltr'><strong>in</strong></span> <span class='ocrx_word' id='word_1_500' title='bbox 2355 2798 2859 2866; x_wconf 89' lang='lat' dir='ltr'><strong>Processionibus</strong></span> <span class='ocrx_word' id='word_1_501' title='bbox 2896 2802 3158 2886; x_wconf 80' lang='lat' dir='ltr'><strong>aliisque</strong></span> <span class='ocrx_word' id='word_1_502' title='bbox 3200 2800 3492 2867; x_wconf 86' lang='lat' dir='ltr'><strong>ecclesia·</strong></span> 
     </span>
     <span class='ocr_line' id='line_1_85' title="bbox 1924 2887 3493 2978; baseline 0.001 -27"><span class='ocrx_word' id='word_1_503' title='bbox 1924 2887 2093 2953; x_wconf 91' lang='lat' dir='ltr'><strong>sticis</strong></span> <span class='ocrx_word' id='word_1_504' title='bbox 2139 2887 2567 2953; x_wconf 90' lang='lat' dir='ltr'><strong>functionibus</strong></span> <span class='ocrx_word' id='word_1_505' title='bbox 2612 2905 2810 2953; x_wconf 89' lang='lat' dir='ltr'><strong>unum</strong></span> <span class='ocrx_word' id='word_1_506' title='bbox 2852 2907 3081 2978; x_wconf 86' lang='lat' dir='ltr'><strong>corpus</strong></span> <span class='ocrx_word' id='word_1_507' title='bbox 3128 2890 3262 2955; x_wconf 83' lang='lat' dir='ltr'><strong>fere</strong></span> <span class='ocrx_word' id='word_1_508' title='bbox 3309 2888 3493 2953; x_wconf 79' lang='lat' dir='ltr'><strong>effor-</strong></span> 
     </span>
     <span class='ocr_line' id='line_1_86' title="bbox 1925 2975 3493 3064; baseline -0.001 -24"><span class='ocrx_word' id='word_1_509' title='bbox 1925 2975 2193 3058; x_wconf 86' lang='lat' dir='ltr'><strong>mand0‚</strong></span> <span class='ocrx_word' id='word_1_510' title='bbox 2243 2977 2305 3042; x_wconf 92' lang='lat' dir='ltr'><strong>in</strong></span> <span class='ocrx_word' id='word_1_511' title='bbox 2352 2977 2570 3042; x_wconf 89' lang='lat' dir='ltr'><strong>eadem</strong></span> <span class='ocrx_word' id='word_1_512' title='bbox 2604 2977 2767 3041; x_wconf 90' lang='lat' dir='ltr'><strong>linea</strong></span> <span class='ocrx_word' id='word_1_513' title='bbox 2815 2994 2959 3042; x_wconf 91' lang='lat' dir='ltr'><strong>cum</strong></span> <span class='ocrx_word' id='word_1_514' title='bbox 3006 2975 3142 3063; x_wconf 90' lang='lat' dir='ltr'><strong>ipso</strong></span> <span class='ocrx_word' id='word_1_515' title='bbox 3203 2976 3493 3064; x_wconf 89' lang='lat' dir='ltr'><strong>Capitulo</strong></span> 
     </span>
     <span class='ocr_line' id='line_1_87' title="bbox 1923 3062 3492 3146; baseline -0.001 -17"><span class='ocrx_word' id='word_1_516' title='bbox 1923 3063 2312 3131; x_wconf 88' lang='lat' dir='ltr'><strong>Catbedralis</strong></span> <span class='ocrx_word' id='word_1_517' title='bbox 2372 3062 2671 3130; x_wconf 89' lang='lat' dir='ltr'><strong>incedere</strong></span> <span class='ocrx_word' id='word_1_518' title='bbox 2715 3065 2953 3146; x_wconf 88' lang='lat' dir='ltr'><strong>soleat,</strong></span> <span class='ocrx_word' id='word_1_519' title='bbox 3003 3064 3296 3130; x_wconf 91' lang='lat' dir='ltr'><strong>cedendo</strong></span> <span class='ocrx_word' id='word_1_520' title='bbox 3363 3076 3492 3129; x_wconf 87' lang='lat' dir='ltr'><strong>tan-</strong></span> 
     </span>
     <span class='ocr_line' id='line_1_88' title="bbox 1926 3150 3491 3236; baseline -0.001 -20"><span class='ocrx_word' id='word_1_521' title='bbox 1926 3162 2058 3216; x_wconf 90' lang='lat' dir='ltr'><strong>tum</strong></span> <span class='ocrx_word' id='word_1_522' title='bbox 2103 3151 2393 3236; x_wconf 90' lang='lat' dir='ltr'><strong>Capitulo</strong></span> <span class='ocrx_word' id='word_1_523' title='bbox 2418 3150 2806 3217; x_wconf 87' lang='lat' dir='ltr'><strong>cathedralis</strong></span> <span class='ocrx_word' id='word_1_524' title='bbox 2830 3168 3085 3218; x_wconf 90' lang='lat' dir='ltr'><strong>manum</strong></span> <span class='ocrx_word' id='word_1_525' title='bbox 3119 3151 3491 3230; x_wconf 79' lang='lat' dir='ltr'><strong>dexteram;</strong></span> 
     </span>
     <span class='ocr_line' id='line_1_89' title="bbox 1921 3236 3488 3325; baseline -0.001 -22"><span class='ocrx_word' id='word_1_526' title='bbox 1921 3256 2117 3323; x_wconf 90' lang='lat' dir='ltr'><strong>super</strong></span> <span class='ocrx_word' id='word_1_527' title='bbox 2183 3238 2446 3322; x_wconf 88' lang='lat' dir='ltr'><strong>quibus,</strong></span> <span class='ocrx_word' id='word_1_528' title='bbox 2498 3238 2734 3302; x_wconf 81' lang='lat' dir='ltr'><strong>exortis</strong></span> <span class='ocrx_word' id='word_1_529' title='bbox 2794 3236 2960 3303; x_wconf 89' lang='lat' dir='ltr'><strong>inter</strong></span> <span class='ocrx_word' id='word_1_530' title='bbox 3016 3239 3144 3304; x_wconf 92' lang='lat' dir='ltr'><strong>duo</strong></span> <span class='ocrx_word' id='word_1_531' title='bbox 3203 3239 3488 3325; x_wconf 89' lang='lat' dir='ltr'><strong>capitula</strong></span> 
     </span>
     <span class='ocr_line' id='line_1_90' title="bbox 1922 3324 3482 3410; baseline -0.001 -20"><span class='ocrx_word' id='word_1_532' title='bbox 1922 3325 2367 3391; x_wconf 80' lang='lat' dir='ltr'><strong>controversiis</strong></span> <span class='ocrx_word' id='word_1_533' title='bbox 2413 3325 2667 3410; x_wconf 87' lang='lat' dir='ltr'><strong>illisque</strong></span> <span class='ocrx_word' id='word_1_534' title='bbox 2710 3324 2785 3390; x_wconf 90' lang='lat' dir='ltr'><strong>ad</strong></span> <span class='ocrx_word' id='word_1_535' title='bbox 2836 3329 2899 3392; x_wconf 93' lang='lat' dir='ltr'><strong>S.</strong></span> <span class='ocrx_word' id='word_1_536' title='bbox 2958 3329 3031 3391; x_wconf 89' lang='lat' dir='ltr'><strong>R.</strong></span> <span class='ocrx_word' id='word_1_537' title='bbox 3094 3329 3167 3393; x_wconf 86' lang='lat' dir='ltr'><strong>c.</strong></span> <span class='ocrx_word' id='word_1_538' title='bbox 3231 3326 3482 3408; x_wconf 90' lang='lat' dir='ltr'><strong>delatis,</strong></span> 
     </span>
     <span class='ocr_line' id='line_1_91' title="bbox 1920 3411 3488 3496; baseline 0.001 -19"><span class='ocrx_word' id='word_1_539' title='bbox 1920 3434 1951 3477; x_wconf 92' lang='lat' dir='ltr'><strong>a</strong></span> <span class='ocrx_word' id='word_1_540' title='bbox 2015 3412 2099 3477; x_wconf 93' lang='lat' dir='ltr'><strong>cl.</strong></span> <span class='ocrx_word' id='word_1_541' title='bbox 2163 3431 2357 3478; x_wconf 86' lang='lat' dir='ltr'><strong>mem.</strong></span> <span class='ocrx_word' id='word_1_542' title='bbox 2415 3413 2597 3478; x_wconf 87' lang='lat' dir='ltr'><strong>Card.</strong></span> <span class='ocrx_word' id='word_1_543' title='bbox 2657 3411 2876 3478; x_wconf 90' lang='lat' dir='ltr'><strong>Casino</strong></span> <span class='ocrx_word' id='word_1_544' title='bbox 2937 3416 3261 3496; x_wconf 92' lang='lat' dir='ltr'><strong>Ponente,</strong></span> <span class='ocrx_word' id='word_1_545' title='bbox 3324 3432 3488 3480; x_wconf 90' lang='lat' dir='ltr'><strong>anno</strong></span> 
     </span>
     <span class='ocr_line' id='line_1_92' title="bbox 1925 3498 3489 3589; baseline -0.001 -24"><span class='ocrx_word' id='word_1_546' title='bbox 1925 3504 2118 3582; x_wconf 91' lang='grc'><strong>1714,</strong></span> <span class='ocrx_word' id='word_1_547' title='bbox 2165 3498 2246 3565; x_wconf 93' lang='lat' dir='ltr'><strong>ob</strong></span> <span class='ocrx_word' id='word_1_548' title='bbox 2292 3499 2730 3566; x_wconf 88' lang='lat' dir='ltr'><strong>imminentem</strong></span> <span class='ocrx_word' id='word_1_549' title='bbox 2753 3500 3259 3566; x_wconf 80' lang='lat' dir='ltr'><strong>&#39;celebrationem</strong></span> <span class='ocrx_word' id='word_1_550' title='bbox 3293 3504 3489 3589; x_wconf 81' lang='lat' dir='ltr'><strong>Syno-</strong></span> 
     </span>
     <span class='ocr_line' id='line_1_93' title="bbox 1922 3585 3490 3675; baseline -0.003 -20"><span class='ocrx_word' id='word_1_551' title='bbox 1922 3587 1984 3656; x_wconf 92' lang='lat' dir='ltr'><strong>di</strong></span> <span class='ocrx_word' id='word_1_552' title='bbox 2031 3593 2370 3654; x_wconf 85' lang='lat' dir='ltr'><strong>Decretum</strong></span> <span class='ocrx_word' id='word_1_553' title='bbox 2416 3585 2837 3675; x_wconf 80' lang='lat' dir='ltr'><strong>provisionale</strong></span> <span class='ocrx_word' id='word_1_554' title='bbox 2877 3587 3124 3653; x_wconf 90' lang='lat' dir='ltr'><strong>editum</strong></span> <span class='ocrx_word' id='word_1_555' title='bbox 3173 3587 3313 3671; x_wconf 91' lang='lat' dir='ltr'><strong>fuit,</strong></span> <span class='ocrx_word' id='word_1_556' title='bbox 3362 3607 3490 3672; x_wconf 91' lang='lat' dir='ltr'><strong>quo</strong></span> 
     </span>
    </p>
   </div>
   <div class='ocr_carea' id='block_1_14' title="bbox 1888 3674 3488 3761">
    <p class='ocr_par' dir='ltr' id='par_1_24' title="bbox 1888 3674 3488 3761">
     <span class='ocr_line' id='line_1_94' title="bbox 1888 3674 3488 3761; baseline -0.002 -20"><span class='ocrx_word' id='word_1_557' title='bbox 1888 3676 2231 3756; x_wconf 57' lang='lat' dir='ltr'><strong>„mandavit</strong></span> <span class='ocrx_word' id='word_1_558' title='bbox 2278 3677 2445 3742; x_wconf 80' lang='lat' dir='ltr'><strong>dicta</strong></span> <span class='ocrx_word' id='word_1_559' title='bbox 2502 3674 2787 3761; x_wconf 86' lang='lat' dir='ltr'><strong>Capitula</strong></span> <span class='ocrx_word' id='word_1_560' title='bbox 2840 3675 3072 3741; x_wconf 87' lang='lat' dir='ltr'><strong>sedere</strong></span> <span class='ocrx_word' id='word_1_561' title='bbox 3131 3676 3371 3742; x_wconf 87' lang='lat' dir='ltr'><strong>debere</strong></span> <span class='ocrx_word' id='word_1_562' title='bbox 3426 3674 3488 3739; x_wconf 93' lang='lat' dir='ltr'><strong>in</strong></span> 
     </span>
    </p>
   </div>
   <div class='ocr_carea' id='block_1_15' title="bbox 1913 3763 3488 3849">
    <p class='ocr_par' dir='ltr' id='par_1_25' title="bbox 1913 3763 3488 3849">
     <span class='ocr_line' id='line_1_95' title="bbox 1913 3763 3488 3849; baseline -0.002 -21"><span class='ocrx_word' id='word_1_563' title='bbox 1913 3763 2182 3829; x_wconf 89' lang='lat' dir='ltr'><strong>scamnis</strong></span> <span class='ocrx_word' id='word_1_564' title='bbox 2248 3763 2609 3849; x_wconf 87' lang='lat' dir='ltr'><strong>aequalibus</strong></span> <span class='ocrx_word' id='word_1_565' title='bbox 2655 3773 2721 3828; x_wconf 88' lang='lat' dir='ltr'><strong>et</strong></span> <span class='ocrx_word' id='word_1_566' title='bbox 2774 3782 2974 3848; x_wconf 90' lang='lat' dir='ltr'><strong>aeque</strong></span> <span class='ocrx_word' id='word_1_567' title='bbox 3035 3763 3411 3830; x_wconf 86' lang='lat' dir='ltr'><strong>distantibus</strong></span> <span class='ocrx_word' id='word_1_568' title='bbox 3457 3783 3488 3826; x_wconf 90' lang='lat' dir='ltr'><strong>a</strong></span> 
     </span>
    </p>
   </div>
   <div class='ocr_carea' id='block_1_16' title="bbox 1914 3850 3608 3939">
    <p class='ocr_par' dir='ltr' id='par_1_26' title="bbox 1914 3850 3608 3939">
     <span class='ocr_line' id='line_1_96' title="bbox 1914 3850 3608 3939; baseline -0.001 -22"><span class='ocrx_word' id='word_1_569' title='bbox 1914 3852 2079 3917; x_wconf 91' lang='lat' dir='ltr'><strong>Sede</strong></span> <span class='ocrx_word' id='word_1_570' title='bbox 2111 3851 2491 3939; x_wconf 79' lang='lat' dir='ltr'><strong>Episcopati,</strong></span> <span class='ocrx_word' id='word_1_571' title='bbox 2521 3868 2719 3917; x_wconf 90' lang='lat' dir='ltr'><strong>unum</strong></span> <span class='ocrx_word' id='word_1_572' title='bbox 2751 3850 2826 3916; x_wconf 91' lang='lat' dir='ltr'><strong>ad</strong></span> <span class='ocrx_word' id='word_1_573' title='bbox 2863 3850 3223 3934; x_wconf 79' lang='lat' dir='ltr'><strong>dexteram,</strong></span> <span class='ocrx_word' id='word_1_574' title='bbox 3251 3869 3488 3937; x_wconf 87' lang='lat' dir='ltr'><strong>nempe</strong></span> <span class='ocrx_word' id='word_1_575' title='bbox 3601 3901 3608 3908; x_wconf 90' lang='lat'><strong>.</strong></span> 
     </span>
    </p>
   </div>
   <div class='ocr_carea' id='block_1_17' title="bbox 1906 3938 3492 5250">
    <p class='ocr_par' dir='ltr' id='par_1_27' title="bbox 1912 3938 3492 4463">
     <span class='ocr_line' id='line_1_97' title="bbox 1915 3938 3489 4024; baseline 0 -20"><span class='ocrx_word' id='word_1_576' title='bbox 1915 3940 2274 4024; x_wconf 86' lang='lat' dir='ltr'><strong>Capitulum</strong></span> <span class='ocrx_word' id='word_1_577' title='bbox 2332 3938 2767 4021; x_wconf 88' lang='lat' dir='ltr'><strong>Cathedralis,</strong></span> <span class='ocrx_word' id='word_1_578' title='bbox 2827 3949 2892 4003; x_wconf 93' lang='lat' dir='ltr'><strong>et</strong></span> <span class='ocrx_word' id='word_1_579' title='bbox 2943 3939 3217 4004; x_wconf 90' lang='lat' dir='ltr'><strong>alterum</strong></span> <span class='ocrx_word' id='word_1_580' title='bbox 3264 3959 3293 4002; x_wconf 89' lang='lat' dir='ltr'><strong>a</strong></span> <span class='ocrx_word' id='word_1_581' title='bbox 3339 3939 3489 4004; x_wconf 89' lang='lat' dir='ltr'><strong>sini-</strong></span> 
     </span>
     <span class='ocr_line' id='line_1_98' title="bbox 1912 4024 3486 4114; baseline 0.001 -24"><span class='ocrx_word' id='word_1_582' title='bbox 1912 4027 2098 4109; x_wconf 77' lang='lat' dir='ltr'><strong>striS,</strong></span> <span class='ocrx_word' id='word_1_583' title='bbox 2154 4045 2389 4113; x_wconf 91' lang='lat' dir='ltr'><strong>nempe</strong></span> <span class='ocrx_word' id='word_1_584' title='bbox 2457 4024 2819 4113; x_wconf 87' lang='lat' dir='ltr'><strong>capitulum</strong></span> <span class='ocrx_word' id='word_1_585' title='bbox 2885 4025 3311 4114; x_wconf 87' lang='lat' dir='ltr'><strong>collegiatae;</strong></span> <span class='ocrx_word' id='word_1_586' title='bbox 3372 4027 3486 4092; x_wconf 90' lang='lat' dir='ltr'><strong>sed</strong></span> 
     </span>
     <span class='ocr_line' id='line_1_99' title="bbox 1959 4114 3492 4201; baseline 0 -22"><span class='ocrx_word' id='word_1_587' title='bbox 1959 4116 2359 4198; x_wconf 89' lang='lat' dir='ltr'><strong>ostmodum,</strong></span> <span class='ocrx_word' id='word_1_588' title='bbox 2408 4124 2795 4198; x_wconf 88' lang='lat' dir='ltr'><strong>reassumpta</strong></span> <span class='ocrx_word' id='word_1_589' title='bbox 2855 4114 3317 4197; x_wconf 84' lang='lat' dir='ltr'><strong>controversia,</strong></span> <span class='ocrx_word' id='word_1_590' title='bbox 3377 4132 3492 4201; x_wconf 90' lang='lat' dir='ltr'><strong>per</strong></span> 
     </span>
     <span class='ocr_line' id='line_1_100' title="bbox 1971 4200 3488 4267; baseline -0.001 0"><span class='ocrx_word' id='word_1_591' title='bbox 1971 4207 2146 4267; x_wconf 76' lang='lat' dir='ltr'><strong>mum</strong></span> <span class='ocrx_word' id='word_1_592' title='bbox 2194 4212 2258 4266; x_wconf 88' lang='lat' dir='ltr'><strong>et</strong></span> <span class='ocrx_word' id='word_1_593' title='bbox 2304 4206 2530 4267; x_wconf 78' lang='lat' dir='ltr'><strong>Rfiium</strong></span> <span class='ocrx_word' id='word_1_594' title='bbox 2562 4205 2633 4266; x_wconf 90' lang='lat' dir='ltr'><strong>D.</strong></span> <span class='ocrx_word' id='word_1_595' title='bbox 2670 4201 2855 4267; x_wconf 89' lang='lat' dir='ltr'><strong>Card.</strong></span> <span class='ocrx_word' id='word_1_596' title='bbox 2893 4200 3352 4267; x_wconf 86' lang='lat' dir='ltr'><strong>Zondadarium</strong></span> <span class='ocrx_word' id='word_1_597' title='bbox 3398 4202 3488 4266; x_wconf 90' lang='lat' dir='ltr'><strong>in·</strong></span> 
     </span>
     <span class='ocr_line' id='line_1_101' title="bbox 1912 4287 3489 4376; baseline 0 -22"><span class='ocrx_word' id='word_1_598' title='bbox 1912 4289 2234 4376; x_wconf 76' lang='lat' dir='ltr'><strong>frascripta</strong></span> <span class='ocrx_word' id='word_1_599' title='bbox 2280 4287 2469 4355; x_wconf 89' lang='lat' dir='ltr'><strong>dubia</strong></span> <span class='ocrx_word' id='word_1_600' title='bbox 2515 4288 2680 4353; x_wconf 90' lang='lat' dir='ltr'><strong>inter</strong></span> <span class='ocrx_word' id='word_1_601' title='bbox 2710 4298 2922 4373; x_wconf 88' lang='lat' dir='ltr'><strong>partes</strong></span> <span class='ocrx_word' id='word_1_602' title='bbox 2969 4290 3396 4374; x_wconf 50' lang='lat' dir='ltr'><strong>concordata„</strong></span> <span class='ocrx_word' id='word_1_603' title='bbox 3425 4288 3489 4354; x_wconf 92' lang='lat' dir='ltr'><strong>in</strong></span> 
     </span>
     <span class='ocr_line' id='line_1_102' title="bbox 1914 4375 3377 4463; baseline -0.001 -20"><span class='ocrx_word' id='word_1_604' title='bbox 1914 4381 1977 4443; x_wconf 91' lang='lat' dir='ltr'><strong>S.</strong></span> <span class='ocrx_word' id='word_1_605' title='bbox 2014 4380 2087 4442; x_wconf 87' lang='lat' dir='ltr'><strong>R.</strong></span> <span class='ocrx_word' id='word_1_606' title='bbox 2131 4382 2201 4445; x_wconf 90' lang='lat' dir='ltr'><strong>c.</strong></span> <span class='ocrx_word' id='word_1_607' title='bbox 2253 4376 2652 4460; x_wconf 88' lang='lat' dir='ltr'><strong>declaranda,</strong></span> <span class='ocrx_word' id='word_1_608' title='bbox 2700 4375 3024 4463; x_wconf 89' lang='lat' dir='ltr'><strong>proposita</strong></span> <span class='ocrx_word' id='word_1_609' title='bbox 3074 4376 3377 4442; x_wconf 80' lang='lat' dir='ltr'><strong>fuerunt:</strong></span> 
     </span>
    </p>

    <p class='ocr_par' dir='ltr' id='par_1_28' title="bbox 1907 4461 3488 4900">
     <span class='ocr_line' id='line_1_103' title="bbox 2043 4461 3483 4551; baseline -0.003 -20"><span class='ocrx_word' id='word_1_610' title='bbox 2043 4471 2101 4531; x_wconf 93' lang='grc'><strong>1.</strong></span> <span class='ocrx_word' id='word_1_611' title='bbox 2160 4468 2254 4532; x_wconf 77' lang='lat' dir='ltr'><strong>An</strong></span> <span class='ocrx_word' id='word_1_612' title='bbox 2324 4466 2636 4551; x_wconf 85' lang='lat' dir='ltr'><strong>Episcopo</strong></span> <span class='ocrx_word' id='word_1_613' title='bbox 2704 4461 3083 4530; x_wconf 80' lang='lat' dir='ltr'><strong>Pontificalia</strong></span> <span class='ocrx_word' id='word_1_614' title='bbox 3155 4463 3483 4529; x_wconf 83' lang='lat' dir='ltr'><strong>exercenti</strong></span> 
     </span>
     <span class='ocr_line' id='line_1_104' title="bbox 1907 4549 3488 4640; baseline -0.003 -22"><span class='ocrx_word' id='word_1_615' title='bbox 1907 4554 1973 4619; x_wconf 90' lang='lat' dir='ltr'><strong>in</strong></span> <span class='ocrx_word' id='word_1_616' title='bbox 2016 4554 2363 4640; x_wconf 86' lang='lat' dir='ltr'><strong>Collegiata</strong></span> <span class='ocrx_word' id='word_1_617' title='bbox 2411 4556 2475 4619; x_wconf 91' lang='lat' dir='ltr'><strong>S.</strong></span> <span class='ocrx_word' id='word_1_618' title='bbox 2512 4550 2802 4619; x_wconf 85' lang='lat' dir='ltr'><strong>Venantii</strong></span> <span class='ocrx_word' id='word_1_619' title='bbox 2844 4550 3156 4616; x_wconf 90' lang='lat' dir='ltr'><strong>debeatur</strong></span> <span class='ocrx_word' id='word_1_620' title='bbox 3199 4549 3488 4616; x_wconf 86' lang='lat' dir='ltr'><strong>assisten-</strong></span> 
     </span>
     <span class='ocr_line' id='line_1_105' title="bbox 1913 4636 3488 4726; baseline -0.002 -21"><span class='ocrx_word' id='word_1_621' title='bbox 1913 4642 1992 4706; x_wconf 83' lang='lat' dir='ltr'><strong>tia</strong></span> <span class='ocrx_word' id='word_1_622' title='bbox 2038 4663 2069 4705; x_wconf 92' lang='lat' dir='ltr'><strong>a</strong></span> <span class='ocrx_word' id='word_1_623' title='bbox 2118 4640 2532 4726; x_wconf 87' lang='lat' dir='ltr'><strong>Dignitatibus</strong></span> <span class='ocrx_word' id='word_1_624' title='bbox 2568 4651 2632 4704; x_wconf 87' lang='lat' dir='ltr'><strong>et</strong></span> <span class='ocrx_word' id='word_1_625' title='bbox 2663 4636 2988 4706; x_wconf 90' lang='lat' dir='ltr'><strong>canonicis</strong></span> <span class='ocrx_word' id='word_1_626' title='bbox 3027 4637 3346 4703; x_wconf 88' lang='lat' dir='ltr'><strong>Ecclesiae</strong></span> <span class='ocrx_word' id='word_1_627' title='bbox 3375 4641 3488 4705; x_wconf 89' lang='lat' dir='ltr'><strong>Ca-</strong></span> 
     </span>
     <span class='ocr_line' id='line_1_106' title="bbox 1914 4723 3488 4813; baseline -0.003 -20"><span class='ocrx_word' id='word_1_628' title='bbox 1914 4729 2250 4805; x_wconf 80' lang='lat' dir='ltr'><strong>thedralis3</strong></span> <span class='ocrx_word' id='word_1_629' title='bbox 2298 4746 2411 4793; x_wconf 93' lang='lat' dir='ltr'><strong>seu</strong></span> <span class='ocrx_word' id='word_1_630' title='bbox 2457 4727 2667 4813; x_wconf 84' lang='lat' dir='ltr'><strong>potius</strong></span> <span class='ocrx_word' id='word_1_631' title='bbox 2714 4749 2746 4792; x_wconf 89' lang='lat' dir='ltr'><strong>a</strong></span> <span class='ocrx_word' id='word_1_632' title='bbox 2792 4726 3006 4791; x_wconf 91' lang='lat' dir='ltr'><strong>Priore</strong></span> <span class='ocrx_word' id='word_1_633' title='bbox 3055 4736 3120 4790; x_wconf 91' lang='lat' dir='ltr'><strong>et</strong></span> <span class='ocrx_word' id='word_1_634' title='bbox 3160 4723 3488 4792; x_wconf 90' lang='lat' dir='ltr'><strong>canonicis</strong></span> 
     </span>
     <span class='ocr_line' id='line_1_107' title="bbox 1912 4812 2924 4900; baseline -0.009 -19"><span class='ocrx_word' id='word_1_635' title='bbox 1912 4816 2198 4881; x_wconf 85' lang='lat' dir='ltr'><strong>eiusdem</strong></span> <span class='ocrx_word' id='word_1_636' title='bbox 2247 4812 2681 4900; x_wconf 75' lang='lat' dir='ltr'><strong>collegiatae?</strong></span> <span class='ocrx_word' id='word_1_637' title='bbox 2921 4861 2924 4872; x_wconf 83' lang='lat'><strong>.</strong></span> 
     </span>
    </p>

    <p class='ocr_par' dir='ltr' id='par_1_29' title="bbox 1906 4895 3487 5145">
     <span class='ocr_line' id='line_1_108' title="bbox 2039 4895 3478 4987; baseline -0.002 -20"><span class='ocrx_word' id='word_1_638' title='bbox 2039 4907 2102 4967; x_wconf 86' lang='grc'><strong>2.</strong></span> <span class='ocrx_word' id='word_1_639' title='bbox 2154 4902 2270 4968; x_wconf 91' lang='lat' dir='ltr'><strong>Ubi</strong></span> <span class='ocrx_word' id='word_1_640' title='bbox 2330 4913 2394 4965; x_wconf 89' lang='lat' dir='ltr'><strong>et</strong></span> <span class='ocrx_word' id='word_1_641' title='bbox 2451 4903 2773 4987; x_wconf 89' lang='lat' dir='ltr'><strong>quomodo</strong></span> <span class='ocrx_word' id='word_1_642' title='bbox 2845 4900 3171 4966; x_wconf 90' lang='lat' dir='ltr'><strong>occasione</strong></span> <span class='ocrx_word' id='word_1_643' title='bbox 3239 4895 3478 4987; x_wconf 79' lang='lat' dir='ltr'><strong>Synodi</strong></span> 
     </span>
     <span class='ocr_line' id='line_1_109' title="bbox 1906 4987 3487 5057; baseline -0.002 -1"><span class='ocrx_word' id='word_1_644' title='bbox 1906 4991 2135 5057; x_wconf 89' lang='lat' dir='ltr'><strong>sedere</strong></span> <span class='ocrx_word' id='word_1_645' title='bbox 2182 4990 2452 5056; x_wconf 88' lang='lat' dir='ltr'><strong>debeant</strong></span> <span class='ocrx_word' id='word_1_646' title='bbox 2508 4988 2577 5053; x_wconf 90' lang='lat' dir='ltr'><strong>Di</strong></span> <span class='ocrx_word' id='word_1_647' title='bbox 2627 4990 2852 5056; x_wconf 88' lang='lat' dir='ltr'><strong>nitates</strong></span> <span class='ocrx_word' id='word_1_648' title='bbox 2911 4998 2977 5053; x_wconf 88' lang='lat' dir='ltr'><strong>et</strong></span> <span class='ocrx_word' id='word_1_649' title='bbox 3019 4987 3315 5055; x_wconf 89' lang='lat' dir='ltr'><strong>Canonici</strong></span> <span class='ocrx_word' id='word_1_650' title='bbox 3374 4992 3487 5054; x_wconf 89' lang='lat' dir='ltr'><strong>Ec-</strong></span> 
     </span>
     <span class='ocr_line' id='line_1_110' title="bbox 1909 5076 2569 5145; baseline -0.006 -1"><span class='ocrx_word' id='word_1_651' title='bbox 1909 5079 2137 5145; x_wconf 89' lang='lat' dir='ltr'><strong>clesiae</strong></span> <span class='ocrx_word' id='word_1_652' title='bbox 2181 5076 2569 5144; x_wconf 88' lang='lat' dir='ltr'><strong>cathedralis</strong></span> 
     </span>
    </p>

    <p class='ocr_par' dir='ltr' id='par_1_30' title="bbox 2041 5161 3485 5250">
     <span class='ocr_line' id='line_1_111' title="bbox 2041 5161 3485 5250; baseline -0.003 -20"><span class='ocrx_word' id='word_1_653' title='bbox 2041 5169 2119 5231; x_wconf 89' lang='lat' dir='ltr'><strong>Et</strong></span> <span class='ocrx_word' id='word_1_654' title='bbox 2188 5169 2250 5231; x_wconf 90' lang='lat' dir='ltr'><strong>S.</strong></span> <span class='ocrx_word' id='word_1_655' title='bbox 2319 5170 2393 5231; x_wconf 82' lang='lat' dir='ltr'><strong>R.</strong></span> <span class='ocrx_word' id='word_1_656' title='bbox 2463 5167 2582 5248; x_wconf 90' lang='lat' dir='ltr'><strong>c.,</strong></span> <span class='ocrx_word' id='word_1_657' title='bbox 2653 5176 2922 5249; x_wconf 84' lang='lat' dir='ltr'><strong>utraque</strong></span> <span class='ocrx_word' id='word_1_658' title='bbox 2988 5177 3168 5250; x_wconf 88' lang='lat' dir='ltr'><strong>parte</strong></span> <span class='ocrx_word' id='word_1_659' title='bbox 3235 5161 3485 5249; x_wconf 85' lang='lat' dir='ltr'><strong>scriptis</strong></span> 
     </span>
    </p>
   </div>
  </div>
 </body>
</html>
