4042 5950
1584 303 2055 381 -453—

320 462 403 525 Et
451 461 634 525 Sacra
681 457 814 547 ipsa
859 458 1307 547 congregatio,
1356 458 1566 527 audita
1616 459 1774 526 rela-

189 545 363 612 tione
418 567 450 612 a
504 545 860 633 subscripto
919 547 1272 614 Secretario
1319 548 1512 632 facta,
1547 546 1773 615 rescri-

193 632 341 701 bere
410 644 540 699 rata
609 646 754 701 est:
828 657 865 700 a
900 637 1208 703 Servetur
1276 637 1670 704 consuetudo
1705 656 1766 701 ».

300 727 522 809 ‘Atque
557 722 639 788 ita
673 722 997 811 rescripsit
1045 735 1108 790 et
1153 724 1390 790 servari
1423 723 1765 790 mandavit.

316 813 430 877 Die
483 813 558 877 13
607 809 844 898 Aprilis
896 814 1086 878 1867.

185 949 422 1019 3157.
716 951 1216 1018 ΜΕΟΗΙᾸΝΙΕΝ.

312 1072 711 1159 Praepositus
756 1071 1078 1139 Generalis
1127 1071 1453 1139 Societatis
1497 1072 1766 1139 Sanctis-

185 1159 323 1225 simi
373 1160 790 1244 Sacramenti,
824 1160 1043 1247 paucis
1087 1159 1313 1232 abhinc
1345 1160 1521 1228 annis
1551 1182 1584 1225 a
1617 1164 1764 1229 San-

183 1257 280 1312 cta
308 1246 477 1316 Sede
509 1247 813 1314 canonice
838 1246 1245 1335 approbatae,
1281 1246 1585 1316 nonnulla
1616 1265 1764 1334 pro-

184 1336 390 1420 posuit
438 1335 629 1402 dubia
675 1337 884 1421 quoad
928 1335 1126 1404 Officii
1174 1347 1237 1403 et
1281 1335 1496 1404 Missae
1548 1337 1762 1424 dispo-

181 1421 498 1508 sitionem,
547 1442 668 1489 nec
713 1443 843 1490 non
889 1423 1043 1490 alios
1088 1443 1294 1491 sacros
1340 1423 1497 1491 ritus
1530 1433 1597 1490 et
1627 1444 1764 1491 cae-

180 1511 522 1595 remonias,
557 1525 829 1597 quorum
869 1510 1319 1579 enodationem
1363 1532 1395 1577 a
1445 1516 1628 1580 Sacra
1660 1512 1763 1580 Ri-

181 1610 363 1665 tuum
424 1598 929 1687 Congregatione
998 1599 1328 1667 humiliter
1395 1600 1759 1689 postulavit.

179 1687 377 1754 Dubia
438 1699 650 1756 autem
698 1697 872 1771 sunt,
922 1704 1086 1773 quae
1130 1699 1527 1774 sequuntur3
1576 1688 1759 1755 nimi-

181 1793 373 1842 rum:
430 1808 435 1811 ·

311 1869 357 1930 Ι.
409 1867 501 1931 Ex
536 1862 792 1931 indulto
823 1867 864 1933 9
895 1863 1056 1931 lunii
1097 1867 1287 1949 1863,
1321 1883 1449 1951 quo
1481 1865 1759 1951 benigne

179 1955 401 2019 Sancta
470 1952 672 2019 Sedes
737 1952 1034 2019 Societati
1105 1952 1483 2020 sanctissimi
1553 1956 1762 2020 Sacra-

176 2040 378 2107 menti
414 2038 724 2107 concessit
753 2040 1124 2107 calendario
1159 2041 1376 2107 Almae
1412 2041 1591 2108 Urbis
1639 2040 1757 2126 uti,

175 2127 539 2195 declaratur
570 2128 741 2214 quod
790 2127 881 2194 illi
927 2128 1295 2195 addendum
1343 2128 1425 2195 sit
1468 2127 1754 2197 Officium

175 2216 502 2303 praecipui
549 2216 793 2281 Patroni
844 2216 991 2282 loci.
1038 2215 1416 2296 Quaeritur:

315 2307 371 2370 1.
436 2307 664 2372 Utrum
721 2323 840 2391 per
882 2302 1155 2371 verbum
1213 2305 1339 2372 Ioci
1397 2304 1756 2390 intelligen-

173 2393 333 2459 dum
362 2391 576 2459 veniat
604 2402 849 2459 tantum
894 2396 1249 2475 Dioecest's5
1295 2414 1371 2461 an
1416 2394 1601 2460 simul
1654 2395 1758 2460 ci-

170 2485 405 2547 vitatis
453 2490 519 2547 et
567 2484 790 2565 Regni,
851 2479 1119 2548 admisso
1167 2483 1338 2567 quod
1387 2482 1596 2548 omnia
1642 2482 1755 2548 ista

174 2569 313 2637 loca
359 2567 628 2636 habeant
659 2570 1166 2654 unumquodque
1202 2589 1387 2636 suum
1418 2571 1755 2637 Patronum

166 2655 588 2744 praecipuum
647 2658 945 2724 canonice
992 2656 1275 2724 electum
1328 2667 1396 2723 et
1448 2657 1753 2745 approba-

172 2741 359 2811 tum?
404 2753 468 2812 et
514 2755 823 2830 quatenus
868 2744 1272 2829 affirmative,

306 2835 376 2899 2.
422 2837 519 2899 An
581 2834 749 2900 inter
802 2831 1108 2918 Suffragia
1168 2833 1525 2901 communia
1583 2853 1753 2900 com-

165 2920 549 3076 memgraetio
572 2919 1049 3010 praedictorum
1071 2924 1483 2989 Patronorum
1508 2920 1589 2988 sit
1613 2941 1755 3011 per-

169 3030 198 3075 a
250 3028 338 3076 en
385 3029 417 3074 a

202 3028 244 3096 ⁸
305 3102 372 3166 3.
407 3102 502 3164 An
532 3097 970 3164 adhibendum
1000 3097 1081 3162 sit
1104 3096 1386 3164 Officium
1421 3097 1754 3186 proprium

166 3185 540 3272 specialiter
595 3206 710 3274 pro
768 3185 901 3250 istis
964 3184 1118 3251 locis
1170 3201 1591 3265 concessum3
1649 3187 1753 3251 vel

167 3274 641 3340 recurrendum
707 3274 812 3358 sit,
878 3272 1013 3339 sive
1057 3291 1175 3360 pro
1221 3273 1396 3339 mssa
1455 3273 1591 3339 sive
1636 3292 1754 3361 pro

164 3358 414 3446 Officio,
462 3361 539 3429 ad
584 3365 941 3429 Commune
988 3363 1356 3427 Sanctorum
1382 3359 1415 3427 'i‘
1456 3360 1549 3448 (1)

305 3454 380 3517 11.
430 3454 607 3516 quta
653 3450 981 3517 lndultum
1040 3467 1157 3536 pro
1217 3448 1591 3516 reductione
1640 3452 1755 3515 Fe-

165 3550 415 3607 storum
462 3537 526 3602 in
572 3538 910 3605 Galliarum
958 3535 1227 3622 imperio
1262 3540 1520 3603 Festum
1565 3536 1754 3604 Dedi·

166 3625 434 3693 cationis
500 3627 924 3693 Ecclesiamm
992 3635 1500 3692 consecratarum
1556 3643 1748 3711 agen-

165 3717 326 3783 dum
384 3723 479 3779 est
536 3714 855 3781 Dominica
912 3723 1055 3800 post
1114 3722 1395 3779 octavam
1461 3715 1747 3781 omnium

166 3806 571 3871 sanctorum.
620 3802 998 3880 Quaeritur:
1385 3850 1392 3863 .

306 3894 367 3957 1.
427 3895 521 3956 An
584 3889 977 3978 praedictum
1023 3889 1371 3956 ‘indultum
1438 3889 1749 3956 Ecclesias

163 3976 578 4046 Gathedrales
614 3988 681 4044 et
712 3976 1103 4044 Parocbiales
1141 3987 1386 4043 tantum
1419 3977 1747 4064 respiciat;

164 4067 276 4135 vel
327 4066 517 4132 etiam
549 4065 960 4153 Regularium
981 4062 1015 4132 ἲ)
1045 4074 1112 4131 et
1140 4074 1452 4152 quatenus
1486 4064 1751 4132 affirma·

167 4155 301 4222 tive
348 4155 425 4221 ad
471 4153 818 4222 secundam
863 4163 1108 4241 partem

300 4245 366 4309 2.
400 4249 496 4309 An
544 4243 888 4327 Regulares
932 4240 1445 4308 Anniversarinm
1487 4240 1748 4308 Dedica-

166 4331 358 4398 tionis
413 4330 727 4399 Ecclesiae
774 4328 1161 4397 cathedralis
1216 4329 1592 4414 transserr03
1642 4330 1747 4396 vel

165 4417 429 4486 omnino
476 4417 775 4486 omittere
805 4413 1127 4485 debeant?
1158 4418 1418 4505 optaret
1449 4416 1755 4503 Superior

164 4504 520 4590 Generalis,
575 4505 903 4604 supposito
950 4504 1121 4590 quod
1170 4504 1233 4571 in
1279 4504 1454 4570 dicto
1500 4503 1752 4570 lndulto

163 4595 360 4663 etiam
392 4593 801 4683 Regularium
834 4591 1264 4660 Ecclesiamm
1303 4591 1624 4659 Dedicatio
1658 4590 1749 4658 in·

165 4682 492 4766 cludatur,
543 4692 611 4749 ut
670 4681 855 4749 liceat
899 4681 1187 4748 Alumnis
1232 4697 1381 4745 suae
1423 4677 1750 4746 Societatis

162 4769 684 4840 anniversarium
731 4768 1154 4837 Dedicationis
1216 4784 1473 4834 suarum
1530 4769 1748 4835 Eccle-

162 4858 399 4925 siarum
450 4869 953 4926 consecratarum
999 4871 1339 4943 peragere,
1387 4866 1577 4944 prout
1623 4854 1751 4923 fert

161 4947 266 5014 ius
298 4964 659 5030 commune,
709 4946 872 5013 idest
918 4954 1297 5011 recurrente
1327 4942 1434 5010 die
1465 4943 1600 5023 ipso
1649 4962 1748 5008 ea·

163 5034 470 5103 rumdem
523 5032 1046 5100 consecrationis.

298 5125 403 5189 111.
438 5120 683 5188 Titulus
714 5121 777 5186 in
807 5132 951 5187 actu
1000 5118 1486 5189 consecrationis
1529 5119 1751 5185 Eccle-

164 5209 329 5293 siae,
379 5227 567 5297 quam
621 5209 1044 5296 congregatio
1097 5207 1477 5275 sanctissimi
1539 5210 1750 5274 Sacra-

1535 950 1760 1039 (assi)

306 5404 386 5477 (ι)
421 5404 480 5461 Ε.
518 5404 658 5462 nub.
695 5403 760 5460 11.
796 5410 852 5460 et
887 5404 957 5461 x.

1877 459 2078 526 menti
2123 459 2441 527 Bruxellis
2473 462 2538 527 in
2567 460 2784 548 Belgio
2832 458 3048 545 habet,
3097 460 3217 528 fuit
3262 473 3463 527 enun-

1877 546 2117 614 ciatus:
2168 550 2426 615 Festum
2459 549 2872 616 sanctissimi
2902 548 3312 615 Sacramenti
3343 551 3461 614 mi·

1877 635 2189 712 ravulosi,
2226 635 2397 721 quod
2446 636 2762 703 Dominica
2808 637 3007 737 prima
3055 635 3289 703 mensis
3320 634 3463 703 lulii

1875 723 2192 789 Bruxellis
2240 724 2598 793 celebratur
2628 723 2747 790 sub
2778 733 2906 790 ritu
2937 723 3191 813 duplici
3217 724 3457 811 primae

1874 810 2084 877 classis
2128 828 2274 878 cum
2321 822 2563 896 octava,
2610 811 2887 898 repetito
2932 811 3145 879 Officio
3192 810 3458 880 Sanctis·

1873 898 2015 964 simi
2065 899 2479 966 sacramenti.
2530 902 2686 967 Cum
2735 899 2915 966 nullo
2969 900 3163 966 modo
3210 908 3458 966 constet

1871 988 1955 1053 de
1999 987 2294 1054 canonica
2341 987 2741 1054 institutione
2771 987 2939 1054 Festi
2971 986 3304 1076 praedicti,
3339 986 3458 1052 sal·

1873 1084 2006 1141 tem
2077 1088 2220 1163 post
2285 1074 2528 1142 Bullam
2602 1075 2850 1142 Christi
2917 1078 3182 1143 Domini
3247 1093 3300 1141 s.
3358 1092 3454 1141 m.

1870 1162 1960 1228 Pii
1989 1165 2119 1246 vn,
2155 1163 2335 1229 cuius
2368 1172 2592 1230 tenore
2623 1164 2884 1230 fuerunt
2931 1163 3209 1230 extincta
3243 1161 3453 1229 omnia

1872 1248 2004 1316 iura
2054 1263 2119 1317 et
2165 1251 2500 1339 privilegia
2543 1250 2968 1319 Ecclesiarum
3016 1251 3081 1318 in
3129 1250 3453 1318 territorio

1870 1338 2225 1405 Gallicanae
2269 1339 2677 1427 Reipublicae
2723 1339 3030 1418 sitarum3
3075 1340 3450 1426 quaeritur:

2006 1431 2065 1494 1.
2116 1432 2211 1493 An
2256 1427 2460 1492 valeat
2507 1427 2868 1514 praedictus
2913 1424 3193 1494 titulus?

2001 1518 2067 1582 2.
2119 1518 2214 1581 An
2260 1515 2436 1581 idem
2484 1517 2595 1582 SS.
2637 1514 3020 1582 Sacramenti
3052 1514 3338 1583 Officium
3372 1514 3451 1580 sit

1867 1601 2300 1671 adhibendum
2348 1604 2413 1668 in
2459 1601 2629 1670 illius
2672 1601 3156 1671 celebratione?

2000 1694 2103 1757 IV.
2140 1694 2376 1757 Cruces
2404 1690 2482 1757 ad
2512 1710 2715 1757 sacras
2759 1692 3091 1758 unctiones
3134 1689 3448 1778 praescri-

1865 1791 2013 1867 ptae
2077 1779 2139 1844 in
2198 1778 2605 1846 Dedicatione
2672 1789 3061 1845 memoratae
3127 1779 3449 1846 Ecclesiae

1867 1887 1994 1934 non
2029 1867 2289 1934 fuerunt
2319 1866 2416 1933 dis
2466 1868 2659 1940 ositae
2691 1876 2883 1952 prout
2922 1866 3050 1932 lert
3080 1867 3446 1934 Pontificale

1864 1959 2252 2033 Romanum;
2287 1964 2352 2019 et
2383 1974 2412 2019 a
2447 1953 2669 2039 iunde,
2704 1954 2944 2022 incuria
2977 1954 3166 2040 plane
3194 1955 3444 2040 supina,

1865 2042 2176 2129 quaedam
2223 2042 2486 2110 luerunt
2530 2042 2892 2110 destructae
2946 2041 3173 2110 effosso
3231 2060 3444 2108 muro.

1863 2131 2241 2209 Quaeritur:
2293 2131 2387 2195 An
2436 2130 2614 2196 novis
2659 2129 2994 2215 Crucibus,
3046 2131 3185 2197 loco
3233 2141 3299 2197 et
3344 2148 3445 2195 or-

1865 2218 2013 2288 dine
2063 2217 2381 2304 requisitis
2429 2238 2498 2284 ac
2545 2217 2844 2308 depictis,
2891 2217 3184 2306 suppleri
3216 2217 3444 2285 debeat

1863 2307 2116 2373 illarum
2162 2304 2474 2374 unctionis
2519 2305 2914 2373 caeremonia
2959 2307 3131 2373 iuxta
3177 2306 3442 2374 formam

1863 2394 2240 2462 pontificatis
2261 2390 2295 2459 ⁴?

1994 2485 2070 2550 V.
2105 2482 2283 2549 Licet
2313 2503 2396 2550 ne
2434 2493 2682 2571 partem
2727 2481 3055 2565 adbibere,
3090 2502 3248 2569 quae
3282 2483 3442 2549 iacet

1861 2574 2086 2640 subter
2159 2573 2592 2659 pavimentum
2669 2571 2989 2638 Ecclesiae
3064 2571 3443 2672 praesertim

1861 2670 2300 2744 consecratae,
2359 2669 2430 2726 ut
2491 2659 2833 2726 cellarium
2898 2669 2963 2725 et
3006 2658 3177 2725 aliud
3225 2658 3440 2726 buius-

1862 2749 2062 2831 modi,
2112 2748 2186 2814 ad
2236 2746 2647 2813 retinendum
2703 2746 2787 2812 ibi
2833 2747 2977 2814 vina
3023 2757 3087 2812 et
3132 2747 3280 2812 alias
3336 2765 3439 2811 res

1861 2855 2041 2904 mere
2084 2835 2400 2921 profanas,
2440 2834 2725 2921 quamvis
2770 2834 2974 2903 aditus
3011 2834 3087 2901 ad
3122 2833 3439 2922 praedicta

1860 2925 1994 2992 loca
2041 2923 2122 2988 sit
2171 2933 2350 2991 extra
2396 2941 2626 3009 corpus
2677 2923 2847 2990 Sacri
2893 2919 3238 2992 aedificii?

1989 3014 2097 3079 Vl.
2147 3012 2334 3101 Viget
2379 3009 2444 3078 in
2491 3010 2804 3096 aliquibus
2866 3012 3019 3078 locis
3064 3030 3216 3077 usus
3260 3009 3438 3076 defe-

1860 3100 2046 3168 rendi
2093 3100 2330 3167 Stolam
2364 3098 2429 3165 in
2458 3097 2652 3166 Verbi
2683 3098 2884 3166 Divini
2934 3096 3434 3180 annuntiatione,

1859 3188 2050 3255 etiam
2105 3197 2283 3253 extra
2336 3186 2658 3254 Missarum
2719 3185 3049 3254 solemnia.
3106 3184 3436 3264 Quaeritur

1857 3275 2056 3343 inde:
2126 3276 2220 3341 An
2273 3274 2355 3341 sit
2398 3273 2605 3341 dictus
2650 3292 2801 3341 usus
2849 3272 3194 3361 legitimus,
3244 3284 3311 3338 et
3357 3289 3435 3337 an

1858 3365 2103 3451 obliget
2146 3361 2496 3448 Regulares
2541 3361 2607 3428 in
2650 3362 2780 3427 suis
2824 3363 3043 3428 saltem
3094 3356 3438 3428 Ecclesiis'?

1860 3462 1925 3519 et
1956 3461 2267 3538 quatenus
2297 3449 2692 3517 affirmative:
2717 3451 2910 3517 Cuius
2941 3449 3171 3516 coloris
3202 3446 3435 3515 debeat

1856 3559 1992 3606 esse
2023 3537 2349 3627 praedicta
2381 3539 2586 3605 Stola:
2621 3557 2699 3604 an
2728 3556 2984 3625 semper
3014 3534 3244 3603 coloris
3274 3533 3427 3622 albi3

1857 3628 1961 3694 vel
2008 3627 2220 3715 potius
2268 3623 2396 3692 diei
2441 3623 2810 3693 currentis?
3118 3642 3121 3647 '

1985 3718 2115 3782 Vll.
2165 3713 2529 3792 Quaeritur:
2579 3717 2674 3781 An
2706 3713 2944 3803 possint
2973 3712 3278 3814 praecipi,
3326 3721 3433 3778 aut

1853 3804 2080 3870 saltem
2144 3801 2428 3890 permitti
2487 3802 2734 3889 aliquae
2787 3820 3017 3890 preces
3073 3801 3430 3868 recitandae

1856 3892 1931 3958 ad
1980 3891 2194 3957 Altare
2239 3898 2384 3977 post
2428 3890 2697 3975 Missam,
2732 3909 2859 3957 non
2896 3889 3199 3977 depositis
3243 3887 3433 3954 sacris

1852 3973 2182 4046 vestibus?
2226 3978 2485 4046 obstare
2514 3978 2775 4047 videtur
2804 3982 3140 4044 Decretum
3175 3976 3238 4044 in
3269 3979 3430 4043 Gon·

1852 4084 2188 4135 versanen.
2238 4065 2363 4134 diei
2414 4069 2493 4134 31
2544 4065 2810 4155 Augusti
2861 4067 3053 4132 1669.

1986 4157 2142 4221 vm.
2191 4153 2567 4231 Quaeritur:
2605 4156 2701 4219 An
2747 4153 2929 4219 liceat
2975 4151 3280 4219 adhibere
3312 4171 3430 4239 pu·

1852 4242 2079 4309 blicam
2102 4241 2516 4327 quarumdam
2539 4259 2805 4329 precum
2834 4239 3265 4307 recitationem
3289 4240 3428 4307 vnl-
3534 4314 3539 4319 ,

1851 4331 1982 4418 gari
2030 4347 2326 4395 sermone
2373 4328 2869 4417 conscriptarum
2916 4346 3126 4396 coram
3160 4327 3427 4395 Sanctis·

1849 4419 2009 4484 simo
2070 4418 2471 4485 Sacramento
2534 4412 2878 4504 exposito?
2935 4419 3015 4483 Et
3069 4434 3143 4483 an
3202 4417 3428 4507 saltem

1852 4504 2048 4593 possit
2100 4504 2346 4571 admitti
2409 4503 2705 4589 exceptio
2797 4522 2869 4571 ro
2914 4502 3201 4570 formulis
3257 4520 3427 4569 com-

1851 4592 2133 4659 muniter
2176 4591 2707 4665 dictisAmendes
2795 4591 3114 4658 onorables
3157 4589 3313 4658 stc}

1981 4682 2089 4746 lx.
2138 4680 2385 4747 Alicubi
2431 4679 2813 4782 supponitur
2854 4680 3150 4767 pulvinar
3185 4677 3305 4746 sub
3344 4681 3425 4746 0-

1850 4767 2162 4835 stensorio
2208 4768 2271 4834 in
2319 4767 2706 4835 sanctissimi
2752 4768 3138 4835 Sacramenti
3184 4765 3428 4855 exposi-

1855 4856 2069 4933 tione;
2104 4867 2171 4921 et
2199 4866 2348 4922 sunt
2394 4856 2502 4943 qui
2549 4867 2834 4922 asserunt
2876 4857 3044 4941 quod
3092 4855 3174 4921 ita
3218 4854 3299 4920 sit
3335 4865 3429 4919 te·

1853 4944 2164 5026 nendum,
2216 4942 2612 5023 erRubrica
2657 4942 2914 5010 missalis
2952 4940 3426 5029 praescribente

1854 5030 2202 5118 pulvinaris
2247 5049 2431 5097 usum
2470 5049 2587 5118 pro
2619 5030 2839 5098 Missali
2890 5030 2952 5097 in
2999 5029 3429 5097 celebratione

1855 5118 2100 5185 Missae.
2145 5119 2524 5197 Quaeritur:
2575 5119 2670 5186 An
2717 5118 3009 5205 pulvinar
3052 5119 3171 5186 sub
3209 5121 3426 5185 Osten-

1853 5207 2017 5273 sorio
2061 5206 2394 5294 ponendus
2437 5202 2570 5272 sit?
