4042 5950
2028 281 2500 360 —414—

620 449 908 505 mentem
950 457 1125 506 suam
1173 438 1424 527 aperire
1473 458 1677 526 eaque
1738 435 2067 507 declarare
2113 438 2208 508 di-

624 536 965 615 gnaretur3
1015 527 1362 594 nimirum:
1812 539 1817 550 ·

752 615 1026 682 Dubium
1062 620 1112 684 1.
1153 614 1486 702 Diaconus,
1521 615 1630 703 qui
1664 635 1747 682 ex
1781 616 2076 683 mandato
2107 613 2205 682 sui

620 701 849 770 Vicarii
872 702 1220 791 Apostolici
1255 703 1465 771 defert
1495 724 1741 771 sacrum
1773 704 2086 772 Viaticum
2121 703 2208 768 in-

621 789 842 871 firmis,
892 802 1102 878 potest
1149 812 1232 859 ne
1279 791 1490 860 facere
1537 793 1971 879 aspersionem
2008 810 2205 878 aquae

617 879 1032 963 benedictae,
1081 881 1347 949 dicere:
1409 883 1818 964 misereatur,
1869 881 2206 966 Indulqen-

622 969 815 1046 tiam‚
882 967 1132 1055 signare
1203 966 1527 1036 infirmum
1587 970 1691 1036 vel
1754 968 2201 1056 semetipsum,

618 1055 884 1122 dicere:
936 1059 1248 1124 Dominus
1295 1057 1614 1125 vobiscum
1673 1077 1817 1124 cum
1880 1056 2202 1139 Oratione,

619 1155 683 1209 et
731 1143 1119 1212 benedicere
1164 1164 1312 1212 cum
1359 1144 1761 1214 Sanctissimo
1794 1149 2204 1214 Sacramento

620 1231 945 1300 infirmum
998 1243 1061 1299 et
1107 1231 1521 1300 assistentes?

750 1321 1022 1388 Dubium
1069 1325 1142 1388 11.
1209 1322 1268 1389 Si
1335 1321 1506 1389 idem
1565 1321 1874 1389 Diaconus
1930 1341 2010 1387 ex
2067 1320 2204 1410 pari

617 1409 908 1476 mandato
971 1429 1235 1497 precans
1298 1429 1413 1498 pro
1477 1411 1789 1480 Defuncto
1859 1409 2027 1477 dicat
2087 1415 2205 1480 Ve-

614 1515 831 1583 speras
876 1508 983 1564 aut
1035 1497 1284 1566 Laudes
1339 1499 1442 1565 vel
1502 1518 1725 1588 preces
1781 1499 2200 1583 exequiarum

619 1585 684 1651 in
729 1585 987 1672 Rituali,
1035 1585 1296 1654 debebit
1339 1606 1421 1653 ne
1458 1608 1559 1654 eas
1589 1584 1891 1656 cantare?
1933 1585 2202 1654 Debebit

600 1692 700 1740 ,ne
747 1676 964 1761 legere
1024 1678 1168 1743 Non
1223 1678 1448 1757 intres,
1514 1686 1770 1743 cantare
1831 1674 2084 1757 Libera,
2138 1685 2204 1741 et

616 1761 1001 1831 circumiens
1032 1763 1344 1830 feretrum
1371 1764 1609 1853 poterit
1633 1782 1714 1830 ne
1739 1781 1972 1851 corpus
1996 1782 2206 1850 asper·

617 1868 776 2006 gere
824 1870 980 1937 aqua
1028 1850 1366 1919 benedicta
1413 1863 1478 1919 et
1519 1852 1871 1936 incensare,
1907 1871 1976 1917 ac
2010 1850 2205 1917 bene-

666 1938 836 2005 icere
900 1940 1269 2026 sepulcrum
1329 1950 1392 2007 et
1447 1941 1660 2008 dicere
1726 1940 1872 2007 alias
1934 1958 2199 2029 preces,

621 2026 906 2114 exceptis
965 2027 1387 2114 excipiendis,
1451 2027 1622 2097 iuxta
1680 2025 1967 2108 Ritu'ale;
2018 2046 2202 2116 prae-

616 2114 841 2271 sertim
876 2116 926 2182 si
961 2115 1141 2183 faciat
1174 2117 1281 2183 bas
1313 2117 1609 2204 privatim
1644 2116 1708 2183 in
1740 2115 2034 2184 domibus
2072 2117 2200 2204 pri·

616 2213 776 2271 vaus
1109 2233 1116 2240 ·

747 2292 1020 2361 Dubium
1061 2297 1161 2361 [ll.
1211 2298 1278 2360 ln
1325 2294 1579 2362 Litaniis
1627 2292 1910 2363 omnium
1945 2297 2202 2360 Sancto-

614 2400 761 2449 rum
807 2392 950 2469 post
995 2400 1304 2451 versum:
1358 2385 1589 2450 Sancto
1635 2382 1940 2469 Βαρὴαοί,
1993 2381 2047 2447 si
2092 2381 2199 2449 ad·

614 2470 804 2537 datur
866 2468 1163 2536 distincta
1238 2470 1550 2537 invocatio
1619 2489 1851 2538 novem
1918 2469 2198 2537 chorum

615 2557 1008 2643 Angelorum
1049 2560 1153 2624 vel
1200 2560 1466 2627 addatur
1514 2559 1829 2626 invocatio
1876 2558 2065 2624 unius
2093 2558 2197 2624 vel

612 2645 900 2732 plurium
962 2648 1338 2714 Sanctorum
1401 2667 1518 2734 pro
1588 2645 1933 2714 devotione
1993 2644 2201 2712 cuius·

616 2752 922 2817 cumque,
955 2734 1330 2802 amittuntur
1376 2754 1457 2801 ne
1507 2755 1728 2803 omnes
1759 2733 2200 2820 indulgentiae

614 2843 649 2887 a
701 2821 983 2888 Summis
1048 2823 1454 2891 Pontificibus
1520 2843 1856 2892 concessae
1916 2822 1980 2890 in
2041 2821 2202 2889 reci-

615 2909 806 2978 tando
872 2910 1143 2981 Litanias
1171 2909 1205 2978 ⁴?
1277 2911 1343 2981 Si
1409 2912 1870 2999 respondeatur
1936 2912 2200 2980 affirma-

619 2999 782 3083 tive,
832 2999 1183 3089 Episcopus
1243 3012 1454 3067 orator
1509 3001 1804 3087 implorat
1850 3000 1926 3067 ab
1971 3000 2198 3067 eadem

617 3090 682 3154 S.
718 3087 915 3172 Sede,
949 3099 1021 3156 ut
1053 3089 1311 3156 easdem
1343 3089 1777 3177 indulgentias
1808 3088 1925 3155 sibi
1960 3089 2198 3156 iterum

615 3176 974 3245 concedere
1020 3176 1347 3264 dignetur.

745 3268 912 3333 Haec
939 3286 1133 3355 porro
1164 3266 1356 3333 dubia
1388 3284 1586 3352 quum
1619 3264 2056 3351 infrascriptus
2088 3267 2201 3332 Se·

616 3353 922 3422 cretarius
976 3358 1040 3421 S.
1090 3359 1165 3422 R.
1215 3350 1739 3443 congregationis
1796 3353 2090 3420 retulerit
2135 3354 2200 3422 in

614 3442 960 3509 Ordinariis
1027 3441 1311 3511 comitiis
1371 3446 1704 3510 Sacrorum
1766 3441 2028 3510 Rituum
2089 3442 2200 3508 ho·

615 3529 837 3596 dierna
883 3531 989 3598 die
1034 3531 1113 3598 ad
1151 3533 1519 3599 Vaticanum
1571 3529 1829 3618 habitis3
1882 3532 2067 3597 Sacra
2101 3549 2200 3596 ea-

616 3618 767 3686 dem
822 3619 1243 3707 Congregatio
1305 3630 1446 3708 post
1499 3630 1861 3687 accuratum
1909 3618 2198 3685 omnium

615 3723 884 3773 examen
931 3706 1417 3776 rescribendum
1465 3706 1755 3775 censuit:

747 3794 845 3863 Ad
891 3798 938 3861 l.
988 3817 1027 3861 α
1062 3795 1412 3864 Deficiente
1458 3793 1830 3880 Presbytero
1876 3804 1938 3861 et
1972 3793 2199 3862 Vicarii

615 3882 961 3969 Apostolici
1008 3897 1434 3952 concurrente
1482 3883 1759 3969 licentia,
1805 3883 2200 3951 Affirmative

615 3969 681 4037 in
728 3971 1022 4040 omnibus
1056 3995 1122 4040 ».

746 4060 842 4128 Ad
890 4065 966 4129 11.
1013 4084 1051 4127 ‹
1085 4065 1165 4129 Ut
1210 4063 1288 4130 ad
1334 4063 1615 4149 primum
1649 4082 1713 4126 ›.
1984 4116 1987 4120 r

744 4149 839 4216 Ad
889 4154 990 4217 ill.
1043 4173 1082 4215 ι
1112 4150 1513 4218 Observanda
1559 4154 1858 4233 Decreta,
1922 4167 2083 4235 quae
2132 4167 2197 4214 o·

615 4257 832 4305 mnem
878 4248 1096 4306 vetant
1145 4241 1207 4305 in
1254 4237 1507 4306 Litaniis
1552 4237 1941 4306 additionem
1976 4260 2040 4303 ›.

746 4332 954 4414 Atque
1005 4330 1084 4394 ita
1131 4326 1482 4414 rescripsit.

746 4414 860 4483 Die
912 4420 992 4484 14
1035 4415 1304 4504 Augusti
1354 4419 1546 4484 1858.

615 4573 874 4644 3075.
1119 4575 1691 4640 ULTRAIECTEN.
1968 4570 2194 4660 (5271)

789 4717 1017 4784 —lllme
1065 4726 1128 4783 et
1175 4720 1333 4783 Rffie
1380 4718 1544 4802 Dfie,
1591 4715 1684 4783 uti
1728 4718 1969 4782 Frater.

746 4862 951 4938 Quum
985 4858 1047 4925 in
1077 4856 1418 4926 ordinariis
1462 4855 1747 4947 Comitiis
1781 4861 1844 4925 S.
1878 4862 1955 4926 R.
1984 4859 2054 4925 C.
2082 4858 2196 4926 bo·

616 4946 836 5014 dierna
867 4947 974 5015 die
1006 4947 1085 5015 ad
1119 4945 1487 5014 Vaticanum
1536 4945 1762 5013 habitis
1801 4945 2198 5034 subscriptus

616 5036 1006 5105 Secretarius
1053 5035 1349 5105 retulerit
1377 5035 1619 5101 litteras
1650 5036 1727 5103 ab
1757 5034 2198 5122 Amplitudine

616 5128 744 5190 Tua
788 5126 980 5191 SSmo
1026 5130 1099 5193 D.
1136 5127 1211 5192 N.
1246 5123 1354 5192 Pio
1384 5127 1585 5210 Papae
1615 5127 1723 5209 IX,
1767 5122 1872 5192 die
1919 5127 1958 5190 4
1996 5122 2197 5189 Martii

615 5212 926 5278 vertentis
970 5214 1113 5280 anni
1161 5213 1372 5291 datas;
1405 5211 1548 5279 Emi
1583 5224 1647 5279 et
1677 5211 1818 5281 limi
1851 5215 2063 5278 Patres
2092 5214 2196 5279 Sa-

617 5300 738 5368 cris
769 5299 1024 5367 tuendis
1053 5299 1300 5370 Ritibus
1332 5299 1675 5387 praepositi
1704 5298 2196 5368 saluberrimum

615 5386 1071 5479 Amplitudinis
1113 5392 1283 5453 Tuae
1337 5388 1672 5452 consilium
1729 5386 2075 5470 adoptandi
2134 5387 2197 5450 in

2310 437 2423 505 ista
2454 437 2740 508 Dioecesi
2770 437 3215 507 Ultraiectensi
3239 438 3491 507 Bituale
3513 439 3896 523 numanum,

2315 527 2591 593 exclusis
2613 526 3125 613 quibuscumque
3156 525 3294 593 aliis
3316 526 3675 593 Ritualibus
3696 523 3898 610 libris,

2309 634 2721 702 summopere
2779 615 3346 699 commendarunt,
3402 625 3468 680 et
3523 615 3681 699 quin
3737 613 3901 681 illud

2312 705 2785 794 quamprimum
2832 703 3057 770 eadem
3103 702 3478 790 Amplitudo
3506 706 3639 770 Tua
3669 722 3902 769 execu-

2312 792 2464 859 tioni
2512 793 2964 860 demandatura
3009 791 3091 858 sit
3138 791 3432 859 dubitare
3475 791 3739 856 minime
3788 809 3903 877 po-

2314 890 2601 948 tuerunt.

2437 969 2617 1047 Quod
2649 988 2807 1035 vero
2836 968 3062 1036 attinet
3107 969 3184 1035 ad
3237 985 3466 1034 renum
3497 965 3899 1048 unctionem,

2309 1075 2496 1142 quam
2546 1056 2612 1123 in
2665 1056 3162 1126 administrando
3222 1058 3629 1123 Sacramento
3683 1065 3903 1120 extre·

2310 1164 2449 1211 mae
2519 1145 2845 1213 Unctionis
2909 1163 3232 1231 nunquam
3298 1143 3362 1209 in
3429 1145 3542 1209 ista
3614 1142 3901 1209 Dioecesi

2309 1232 2682 1321 Amplitudo
2714 1237 2841 1300 Tua
2871 1233 3218 1301 adhibitam
3268 1230 3457 1298 fuisse
3498 1242 3802 1315 testatur,
3839 1243 3901 1297 et

2308 1339 2497 1407 quam
2545 1322 2782 1389 idcirco
2814 1321 3119 1410 postulat,
3154 1332 3225 1388 ut
3258 1322 3318 1386 in
3353 1320 3585 1387 Rituali
3619 1323 3903 1387 Romano

2308 1408 2514 1476 omitti
2540 1409 2973 1497 permittatur,
3000 1410 3207 1476 visum
3240 1419 3337 1475 est
3368 1402 3592 1475 Sacrae
3616 1409 3901 1493 Congre-

2307 1498 2539 1585 gationi
2588 1500 2828 1566 nnllam
2875 1517 3160 1583 prorsus,
3193 1497 3328 1562 sive
3376 1496 3439 1562 in
3487 1497 3602 1563 hac
3648 1495 3793 1561 sive
3842 1497 3903 1562 in

2304 1587 2424 1653 alia
2469 1603 2871 1673 quacumque
2916 1606 3015 1671 re,
3048 1583 3572 1672 suppressionem
3621 1584 3731 1650 vel
3785 1585 3901 1650 im-

2306 1678 2726 1742 mutationem
2770 1675 2836 1742 in
2880 1673 3108 1741 Rituali
3156 1672 3371 1740 induci
3419 1684 3756 1759 oportere,
3788 1673 3905 1740 sed

2309 1763 2467 1830 illud
2530 1763 2733 1831 voluit
2802 1764 3055 1849 integre
3114 1774 3179 1828 et
3240 1760 3525 1829 fideliter
3584 1760 3899 1849 imprimi,

2309 1863 2498 1940 prout
2543 1875 2575 1917 a
2621 1852 2809 1918 Paulo
2843 1855 2896 1920 V
2929 1850 3177 1918 editum
3217 1863 3283 1917 et
3311 1869 3343 1914 a
3377 1848 3731 1917 Benedicto
3764 1851 3901 1915 xlv

2306 1940 2708 2028 recognitum
2758 1952 2824 2006 et
2869 1940 3244 2027 castigatum
3291 1935 3437 2004 luit.
3487 1936 3669 2015 Quod
3705 1937 3765 2002 si
3794 1956 3905 2004 un·

2306 2029 2433 2095 ctio
2468 2047 2709 2096 renum
2758 2028 3047 2095 inusitata
3081 2026 3218 2094 istic
3251 2027 3558 2093 hactenus
3604 2025 3759 2108 fuit,
3794 2027 3903 2092 de-

2308 2116 2570 2184 claravit
2614 2119 2681 2184 S.
2717 2116 3140 2205 Congregatio
3176 2114 3503 2215 patienter
3530 2133 3603 2181 se
3633 2114 3904 2199 quidem

2306 2206 2601 2289 laturam,
2635 2204 2688 2272 si
2718 2204 3059 2293 singularia
3106 2204 3289 2270 istius
3318 2201 3643 2269 Dioecesis
3674 2201 3903 2270 adiun-

2305 2305 2403 2362 cta
2434 2292 2787 2382 impediant
2823 2292 3166 2379 quominus
3211 2290 3385 2358 illico
3434 2301 3500 2357 et
3548 2290 3905 2357 universim

2307 2384 2385 2451 ad
2418 2381 2663 2470 praxim
2694 2381 2910 2450 unctio
2947 2380 3183 2448 isthaec
3209 2378 3605 2446 deducatur:
3642 2377 3905 2446 insimul

2306 2482 2520 2538 tamen
2565 2468 3077 2538 ardentissimum
3123 2477 3348 2535 votum
3392 2486 3584 2534 suum
3637 2486 3908 2553 expres·
4006 2499 4007 2528 l

2303 2560 2412 2644 sit,
2462 2571 2559 2643 ut,
2614 2570 2874 2626 curante
2920 2554 3368 2645 Amplitudine
3398 2559 3526 2628 Tua
3559 2564 3629 2621 et
3662 2554 3905 2621 docen-

2305 2647 2473 2714 tibus
2504 2646 2819 2731 Parocbis,
2850 2646 3152 2734 paulatim
3177 2655 3242 2712 et
3265 2644 3503 2711 sensim
3533 2643 3678 2709 sine
3713 2662 3905 2710 sensu

2305 2736 2723 2822 disponantur
2770 2734 2995 2802 fideles
3026 2734 3103 2801 ad
3137 2732 3315 2800 istam
3364 2751 3627 2819 quoque
3660 2733 3905 2819 specia-

2304 2825 2433 2891 lem
2482 2824 2855 2891 unctionem
2902 2823 2966 2889 in
3005 2833 3298 2889 extremo
3336 2839 3542 2908 agone
3576 2822 3904 2909 recipien-

2306 2914 2475 2999 dam,
2528 2913 2698 2979 iuxta
2745 2911 3004 2979 Ritualis
3034 2909 3298 2979 Romani
3333 2908 3902 2998 praescriptiones.

2432 3007 2593 3069 Dum
2657 3021 2776 3089 pro
2835 3001 2963 3067 mei
3024 2998 3308 3067 muneris
3355 2997 3613 3064 ratione.
3652 2997 3905 3085 Ampli-

2305 3090 2507 3159 tudini
2556 3094 2723 3157 Tuae
2767 3091 2990 3156 Sacrae
3036 3084 3562 3175 congregationis
3610 3096 3903 3154 mentem

2302 3177 2729 3262 communico,
2781 3187 2850 3243 ut
2898 3176 3029 3263 ipsa
3077 3177 3188 3244 diu
3239 3174 3392 3242 felix
3442 3185 3512 3239 et
3557 3173 3904 3241 incolumis

2303 3267 2475 3333 vivat
2524 3285 2605 3333 ex
2651 3265 2859 3332 animo
2906 3265 3246 3351 adprecor.

2431 3359 2667 3423 Romae
2714 3354 2823 3421 die
2875 3356 2954 3420 14
2998 3351 3264 3438 Augusti
3321 3353 3513 3417 1858.

2302 3497 2560 3569 30⁷6.
2842 3496 3348 3562 versunam.
3663 3492 3898 3577 (5272)

2434 3627 2503 3689 ln
2549 3622 2816 3689 Civitate
2863 3622 3211 3688 venafrana
3257 3619 3334 3686 ab
3378 3617 3634 3704 antiqua
3687 3628 3901 3684 aetate

2301 3729 2501 3798 penes
2536 3708 2927 3779 coenobium
2961 3711 3335 3775 Sanctorum
3381 3705 3707 3789 Nicandri,
3744 3707 3901 3770 Har-

2302 3800 2460 3867 ciani
2508 3809 2574 3865 et
2619 3798 2833 3865 Dariae
2878 3796 3195 3885 Religiosa
3248 3805 3420 3862 extat
3479 3798 3740 3860 Patrum
3784 3794 3896 3859 Ca·

2303 3887 2726 3975 puccinorum
2785 3885 3082 3971 Familia3
3131 3906 3199 3952 ac
3247 3881 3494 3951 nonnisi
3554 3881 3897 3970 superiore

2302 3996 2464 4042 anno
2514 3978 2681 4043 1857
2708 4022 2726 4059 ,
2775 3972 3169 4041 Coenobium
3217 3975 3481 4040 Sanctae
3526 3971 3759 4037 Mariae
3814 3970 3896 4035 de

2302 4067 2512 4132 Monte
2537 4060 2832 4130 Carmelo
2866 4080 2979 4151 pro
3006 4060 3260 4128 Familia
3285 4060 3382 4127 sui
3406 4058 3655 4127 Ordinis
3680 4062 3897 4125 Patres

2303 4152 2573 4221 Minores
2620 4152 2702 4218 de
2753 4149 3201 4233 observantia,
3265 4147 3657 4236 approbante
3723 4145 3894 4213 Sede

2299 4238 2681 4330 Apostolica,
2717 4250 3136 4326 aperuerunt.
3174 4241 3418 4303 ·Exorta
3462 4234 3678 4302 statim
3726 4231 3897 4300 inter

2298 4342 2636 4414 utramque
2667 4326 3051 4415 Religiosam
3092 4323 3410 4392 Familiam
3458 4322 3894 4391 controversia

2300 4419 2382 4486 de
2410 4418 2547 4484 iure
2573 4416 3003 4501 praecedendi
3036 4415 3100 4482 in
3132 4410 3705 4502 supplicationibus
3736 4408 3897 4476 aliis·
4006 4424 4007 4429 ’

2300 4525 2429 4592 que
2458 4504 2730 4591 publicis
2776 4502 3233 4586 functionibus,
3280 4518 3482 4587 eaque
3512 4519 3545 4565 a
3574 4502 3739 4566 Rmo
3771 4500 3897 4565 Ve-

2300 4593 2556 4660 nafrano
2603 4594 2919 4682 Episcopo
2950 4592 3028 4659 ad
3065 4593 3134 4659 S.
3167 4594 3243 4657 R.
3277 4592 3353 4658 C.
3386 4587 3701 4666 deducta3
3737 4587 3895 4653 baec

2298 4682 2375 4750 ad
2408 4682 2923 4770 impediendum,
2958 4680 3070 4747 lite
3101 4678 3455 4769 pendente,
3481 4675 3893 4745 dissidiorum

2298 4789 2710 4859 progressum
2756 4771 2876 4836 sub
2922 4767 3028 4836 die
3073 4772 3113 4835 6
3165 4767 3360 4855 elapsi
3412 4762 3745 4833 Februarii
3795 4783 3892 4830 re·

2300 4862 2420 4927 scri
2470 4859 2598 4926 sit:

2427 4878 2890 5035 {Exquiratur
2922 4957 3156 5013 ·v0tum
3206 4943 3539 5029 utriusque
3590 4945 3891 5008 Procura-

2303 5036 2455 5104 toris
2500 5035 2826 5103 Generalis
2877 5046 2939 5101 et
2988 5045 3205 5123 postea
3251 5043 3523 5120 ponatur
3569 5029 3634 5096 in
3682 5028 3886 5112 Folio,

2301 5124 2614 5212 exquisito
2662 5134 2811 5190 voto
2859 5123 3123 5190 alicuius
3154 5119 3719 5189 coeremoniarum
3768 5121 3890 5183 ua-

2300 5212 2521 5301 gistri:
2562 5225 2627 5280 et
2660 5212 2916 5279 interim
2948 5212 3188 5297 absque
3221 5205 3614 5298 praeiudicio
3634 5204 3889 5305 *im-ium

2300 5302 2577 5389 partium
2607 5312 2905 5368 servetur
2935 5299 3238 5367 ultimum
3262 5302 3605 5366 Decretum
3633 5314 3701 5361 in
3729 5297 3889 5361 Gon·

2302 5407 2637 5455 versanen.
2690 5388 2820 5454 diei
2853 5392 2936 5454 27
2985 5386 3306 5475 Februarii
3360 5387 3567 5463 1847:
3618 5393 3688 5449 et
3734 5383 3885 5449 haec
