<?xml version="1.0" encoding="UTF-8"?>
<!DOCTYPE html PUBLIC "-//W3C//DTD XHTML 1.0 Transitional//EN"
    "http://www.w3.org/TR/xhtml1/DTD/xhtml1-transitional.dtd">
<html xmlns="http://www.w3.org/1999/xhtml" xml:lang="en" lang="en">
 <head>
  <title>
</title>
<meta http-equiv="Content-Type" content="text/html;charset=utf-8" />
  <meta name='ocr-system' content='tesseract 3.04.00' />
  <meta name='ocr-capabilities' content='ocr_page ocr_carea ocr_par ocr_line ocrx_word'/>
</head>
<body>
  <div class='ocr_page' id='page_1' title='image "./decretaauthenti00ritugoog_0110.png"; bbox 0 0 4042 5950; ppageno 0'>
   <div class='ocr_carea' id='block_1_1' title="bbox 2002 323 2421 409">
    <p class='ocr_par' dir='ltr' id='par_1_1' title="bbox 2002 323 2421 409">
     <span class='ocr_line' id='line_1_1' title="bbox 2002 323 2421 409; baseline 0.002 -20"><span class='ocrx_word' id='word_1_1' title='bbox 2002 323 2421 409; x_wconf 84' lang='lat'>—80—</span> 
     </span>
    </p>
   </div>
   <div class='ocr_carea' id='block_1_2' title="bbox 510 485 2163 5506">
    <p class='ocr_par' dir='ltr' id='par_1_2' title="bbox 576 485 2162 1258">
     <span class='ocr_line' id='line_1_2' title="bbox 717 485 2161 575; baseline -0.002 -20"><span class='ocrx_word' id='word_1_2' title='bbox 717 489 776 555; x_wconf 79' lang='lat' dir='ltr'>l.</span> <span class='ocrx_word' id='word_1_3' title='bbox 829 491 1021 556; x_wconf 79' lang='lat' dir='ltr'>SSfi&#39;io</span> <span class='ocrx_word' id='word_1_4' title='bbox 1059 491 1464 556; x_wconf 83' lang='lat' dir='ltr'>sacramento</span> <span class='ocrx_word' id='word_1_5' title='bbox 1511 487 1828 575; x_wconf 83' lang='lat' dir='ltr'>exposito,</span> <span class='ocrx_word' id='word_1_6' title='bbox 1875 485 2161 553; x_wconf 75' lang='lat' dir='ltr'>debetne</span> 
     </span>
     <span class='ocr_line' id='line_1_3' title="bbox 578 571 2162 663; baseline 0 -23"><span class='ocrx_word' id='word_1_7' title='bbox 578 573 641 641; x_wconf 89' lang='lat' dir='ltr'>in</span> <span class='ocrx_word' id='word_1_8' title='bbox 693 577 886 641; x_wconf 76' lang='lat' dir='ltr'>Altari</span> <span class='ocrx_word' id='word_1_9' title='bbox 935 575 1228 642; x_wconf 89' lang='lat' dir='ltr'>collocari</span> <span class='ocrx_word' id='word_1_10' title='bbox 1275 579 1471 659; x_wconf 82' lang='lat' dir='ltr'>Crux,</span> <span class='ocrx_word' id='word_1_11' title='bbox 1507 571 1697 643; x_wconf 82' lang='lat' dir='ltr'>etiam</span> <span class='ocrx_word' id='word_1_12' title='bbox 1729 585 1871 663; x_wconf 87' lang='lat' dir='ltr'>post</span> <span class='ocrx_word' id='word_1_13' title='bbox 1905 585 2162 662; x_wconf 88' lang='lat' dir='ltr'>tempus</span> 
     </span>
     <span class='ocr_line' id='line_1_4' title="bbox 577 660 2160 731; baseline 0 -3"><span class='ocrx_word' id='word_1_14' title='bbox 577 660 937 730; x_wconf 80' lang='lat' dir='ltr'>Sacrificii’?</span> <span class='ocrx_word' id='word_1_15' title='bbox 977 667 1274 731; x_wconf 82' lang='lat' dir='ltr'>Potestne</span> <span class='ocrx_word' id='word_1_16' title='bbox 1321 662 1460 730; x_wconf 83' lang='lat' dir='ltr'>lieri</span> <span class='ocrx_word' id='word_1_17' title='bbox 1510 663 2029 729; x_wconf 88' lang='lat' dir='ltr'>commemoratio</span> <span class='ocrx_word' id='word_1_18' title='bbox 2076 663 2160 728; x_wconf 92' lang='lat' dir='ltr'>de</span> 
     </span>
     <span class='ocr_line' id='line_1_5' title="bbox 577 749 2158 837; baseline -0.001 -21"><span class='ocrx_word' id='word_1_19' title='bbox 577 753 770 817; x_wconf 79' lang='grc' dir='ltr'>88ῐῖιο</span> <span class='ocrx_word' id='word_1_20' title='bbox 817 754 1222 819; x_wconf 89' lang='lat' dir='ltr'>Sacramento</span> <span class='ocrx_word' id='word_1_21' title='bbox 1270 751 1335 817; x_wconf 91' lang='lat' dir='ltr'>in</span> <span class='ocrx_word' id='word_1_22' title='bbox 1366 751 1543 817; x_wconf 76' lang='lat' dir='ltr'>Missa</span> <span class='ocrx_word' id='word_1_23' title='bbox 1574 751 1657 818; x_wconf 90' lang='lat' dir='ltr'>de</span> <span class='ocrx_word' id='word_1_24' title='bbox 1687 755 1871 818; x_wconf 64' lang='lat' dir='ltr'>Festo</span> <span class='ocrx_word' id='word_1_25' title='bbox 1914 749 2158 837; x_wconf 79' lang='lat' dir='ltr'>duplici</span> 
     </span>
     <span class='ocr_line' id='line_1_6' title="bbox 578 838 2160 928; baseline -0.002 -23"><span class='ocrx_word' id='word_1_26' title='bbox 578 858 786 905; x_wconf 84' lang='lat' dir='ltr'>coram</span> <span class='ocrx_word' id='word_1_27' title='bbox 849 840 984 926; x_wconf 85' lang='lat' dir='ltr'>ipso</span> <span class='ocrx_word' id='word_1_28' title='bbox 1047 840 1340 928; x_wconf 84' lang='lat' dir='ltr'>exposito</span> <span class='ocrx_word' id='word_1_29' title='bbox 1400 838 1749 923; x_wconf 87' lang='lat' dir='ltr'>celebrata,</span> <span class='ocrx_word' id='word_1_30' title='bbox 1807 838 2160 905; x_wconf 89' lang='lat' dir='ltr'>dummodo</span> 
     </span>
     <span class='ocr_line' id='line_1_7' title="bbox 576 925 2160 1014; baseline -0.003 -20"><span class='ocrx_word' id='word_1_31' title='bbox 576 947 703 994; x_wconf 90' lang='lat' dir='ltr'>non</span> <span class='ocrx_word' id='word_1_32' title='bbox 757 931 836 993; x_wconf 90' lang='lat' dir='ltr'>sit</span> <span class='ocrx_word' id='word_1_33' title='bbox 891 931 1149 995; x_wconf 75' lang='lat' dir='ltr'>Festum</span> <span class='ocrx_word' id='word_1_34' title='bbox 1197 927 1441 1014; x_wconf 88' lang='lat' dir='ltr'>primae</span> <span class='ocrx_word' id='word_1_35' title='bbox 1485 930 1588 993; x_wconf 83' lang='lat' dir='ltr'>vel</span> <span class='ocrx_word' id='word_1_36' title='bbox 1635 925 1956 993; x_wconf 85' lang='lat' dir='ltr'>secundae</span> <span class='ocrx_word' id='word_1_37' title='bbox 2005 926 2160 991; x_wconf 86' lang='lat' dir='ltr'>clas·</span> 
     </span>
     <span class='ocr_line' id='line_1_8' title="bbox 576 1012 2159 1100; baseline -0.001 -21"><span class='ocrx_word' id='word_1_38' title='bbox 576 1014 708 1081; x_wconf 77' lang='lat' dir='ltr'>sis?</span> <span class='ocrx_word' id='word_1_39' title='bbox 751 1019 997 1084; x_wconf 90' lang='lat' dir='ltr'>Suntne</span> <span class='ocrx_word' id='word_1_40' title='bbox 1043 1015 1412 1083; x_wconf 89' lang='lat' dir='ltr'>salutandae</span> <span class='ocrx_word' id='word_1_41' title='bbox 1456 1013 1783 1100; x_wconf 76' lang='lat' dir='ltr'>Reliquiae</span> <span class='ocrx_word' id='word_1_42' title='bbox 1833 1014 1895 1080; x_wconf 92' lang='lat' dir='ltr'>in</span> <span class='ocrx_word' id='word_1_43' title='bbox 1935 1012 2159 1095; x_wconf 81' lang='lat' dir='ltr'>Altari,</span> 
     </span>
     <span class='ocr_line' id='line_1_9' title="bbox 578 1101 2156 1258; baseline -0.001 -92"><span class='ocrx_word' id='word_1_44' title='bbox 578 1102 640 1168; x_wconf 89' lang='lat' dir='ltr'>in</span> <span class='ocrx_word' id='word_1_45' title='bbox 688 1123 816 1258; x_wconf 58' lang='lat' dir='ltr'>guo</span> <span class='ocrx_word' id='word_1_46' title='bbox 871 1114 937 1168; x_wconf 89' lang='lat' dir='ltr'>et</span> <span class='ocrx_word' id='word_1_47' title='bbox 991 1103 1199 1190; x_wconf 89' lang='lat' dir='ltr'>ipsum</span> <span class='ocrx_word' id='word_1_48' title='bbox 1258 1106 1733 1171; x_wconf 80' lang='lat' dir='ltr'>Sacramentum</span> <span class='ocrx_word' id='word_1_49' title='bbox 1796 1101 2156 1190; x_wconf 87' lang='lat' dir='ltr'>expositum</span> 
     </span>
     <span class='ocr_line' id='line_1_10' title="bbox 578 1204 677 1257; baseline 0.03 -4"><span class='ocrx_word' id='word_1_50' title='bbox 578 1204 677 1257; x_wconf 90' lang='lat' dir='ltr'>est</span> 
     </span>
    </p>

    <p class='ocr_par' dir='ltr' id='par_1_3' title="bbox 510 1276 2163 1889">
     <span class='ocr_line' id='line_1_11' title="bbox 707 1276 2157 1365; baseline -0.004 -18"><span class='ocrx_word' id='word_1_51' title='bbox 707 1286 771 1348; x_wconf 75' lang='lat'><strong>2.</strong></span> <span class='ocrx_word' id='word_1_52' title='bbox 822 1283 1176 1345; x_wconf 82' lang='lat' dir='ltr'>Possumne</span> <span class='ocrx_word' id='word_1_53' title='bbox 1214 1278 1548 1365; x_wconf 90' lang='lat' dir='ltr'>adimpleri</span> <span class='ocrx_word' id='word_1_54' title='bbox 1581 1278 1902 1364; x_wconf 87' lang='lat' dir='ltr'>quaelibet</span> <span class='ocrx_word' id='word_1_55' title='bbox 1933 1276 2157 1344; x_wconf 85' lang='lat' dir='ltr'>funda-</span> 
     </span>
     <span class='ocr_line' id='line_1_12' title="bbox 510 1366 2158 1454; baseline -0.002 -21"><span class='ocrx_word' id='word_1_56' title='bbox 510 1366 522 1380; x_wconf 87' lang='lat'>&#39;</span> <span class='ocrx_word' id='word_1_57' title='bbox 576 1367 805 1454; x_wconf 91' lang='lat' dir='ltr'>tiones,</span> <span class='ocrx_word' id='word_1_58' title='bbox 839 1368 974 1433; x_wconf 86' lang='lat' dir='ltr'>sive</span> <span class='ocrx_word' id='word_1_59' title='bbox 1023 1368 1087 1433; x_wconf 91' lang='lat' dir='ltr'>in</span> <span class='ocrx_word' id='word_1_60' title='bbox 1126 1369 1437 1434; x_wconf 91' lang='lat' dir='ltr'>honorem</span> <span class='ocrx_word' id='word_1_61' title='bbox 1471 1369 1843 1433; x_wconf 91' lang='lat' dir='ltr'>Sanctorum</span> <span class='ocrx_word' id='word_1_62' title='bbox 1875 1366 2009 1431; x_wconf 88' lang='lat' dir='ltr'>sive</span> <span class='ocrx_word' id='word_1_63' title='bbox 2043 1384 2158 1453; x_wconf 92' lang='lat' dir='ltr'>pro</span> 
     </span>
     <span class='ocr_line' id='line_1_13' title="bbox 575 1453 2163 1538; baseline -0.003 -16"><span class='ocrx_word' id='word_1_64' title='bbox 575 1457 1035 1524; x_wconf 89' lang='lat' dir='ltr'>defunctorum</span> <span class='ocrx_word' id='word_1_65' title='bbox 1081 1455 1482 1538; x_wconf 81' lang='lat' dir='ltr'>liberatione,</span> <span class='ocrx_word' id='word_1_66' title='bbox 1515 1457 1760 1521; x_wconf 75' lang='lat' dir='ltr'>Missam</span> <span class='ocrx_word' id='word_1_67' title='bbox 1806 1455 1889 1520; x_wconf 91' lang='lat' dir='ltr'>de</span> <span class='ocrx_word' id='word_1_68' title='bbox 1919 1453 2025 1521; x_wconf 85' lang='lat' dir='ltr'>die</span> <span class='ocrx_word' id='word_1_69' title='bbox 2058 1473 2163 1518; x_wconf 89' lang='lat' dir='ltr'>ce-</span> 
     </span>
     <span class='ocr_line' id='line_1_14' title="bbox 577 1541 2160 1619; baseline -0.004 -7"><span class='ocrx_word' id='word_1_70' title='bbox 577 1541 941 1612; x_wconf 72' lang='lat' dir='ltr'>lebrando?</span> <span class='ocrx_word' id='word_1_71' title='bbox 982 1542 1241 1619; x_wconf 80' lang='lat' dir='ltr'>Quoties</span> <span class='ocrx_word' id='word_1_72' title='bbox 1286 1544 1349 1608; x_wconf 89' lang='lat' dir='ltr'>in</span> <span class='ocrx_word' id='word_1_73' title='bbox 1395 1543 1572 1608; x_wconf 72' lang='lat' dir='ltr'>Missa</span> <span class='ocrx_word' id='word_1_74' title='bbox 1606 1541 1791 1608; x_wconf 82' lang='lat' dir='ltr'>tertia</span> <span class='ocrx_word' id='word_1_75' title='bbox 1824 1541 2030 1609; x_wconf 86' lang='lat' dir='ltr'>Oratio</span> <span class='ocrx_word' id='word_1_76' title='bbox 2065 1551 2160 1605; x_wconf 89' lang='lat' dir='ltr'>est</span> 
     </span>
     <span class='ocr_line' id='line_1_15' title="bbox 577 1630 2161 1717; baseline -0.004 -19"><span class='ocrx_word' id='word_1_77' title='bbox 577 1633 651 1699; x_wconf 89' lang='lat' dir='ltr'>ad</span> <span class='ocrx_word' id='word_1_78' title='bbox 704 1631 983 1715; x_wconf 89' lang='lat' dir='ltr'>libitum,</span> <span class='ocrx_word' id='word_1_79' title='bbox 1034 1640 1326 1717; x_wconf 90' lang='lat' dir='ltr'>potestne</span> <span class='ocrx_word' id='word_1_80' title='bbox 1371 1630 1496 1697; x_wconf 84' lang='lat' dir='ltr'>dici</span> <span class='ocrx_word' id='word_1_81' title='bbox 1544 1630 1629 1697; x_wconf 89' lang='lat' dir='ltr'>de</span> <span class='ocrx_word' id='word_1_82' title='bbox 1674 1631 1952 1713; x_wconf 88' lang='lat' dir='ltr'>Sanctis,</span> <span class='ocrx_word' id='word_1_83' title='bbox 2002 1647 2161 1714; x_wconf 87' lang='lat' dir='ltr'>quo-</span> 
     </span>
     <span class='ocr_line' id='line_1_16' title="bbox 578 1717 2159 1805; baseline -0.003 -20"><span class='ocrx_word' id='word_1_84' title='bbox 578 1739 722 1786; x_wconf 90' lang='lat' dir='ltr'>rum</span> <span class='ocrx_word' id='word_1_85' title='bbox 770 1719 945 1785; x_wconf 83' lang='lat' dir='ltr'>Missa</span> <span class='ocrx_word' id='word_1_86' title='bbox 995 1726 1090 1783; x_wconf 89' lang='lat' dir='ltr'>est</span> <span class='ocrx_word' id='word_1_87' title='bbox 1137 1717 1201 1786; x_wconf 92' lang='lat' dir='ltr'>in</span> <span class='ocrx_word' id='word_1_88' title='bbox 1249 1719 1497 1805; x_wconf 83' lang='lat' dir='ltr'>Missali,</span> <span class='ocrx_word' id='word_1_89' title='bbox 1546 1720 1651 1785; x_wconf 87' lang='lat' dir='ltr'>vel</span> <span class='ocrx_word' id='word_1_90' title='bbox 1702 1718 1782 1786; x_wconf 91' lang='lat' dir='ltr'>de</span> <span class='ocrx_word' id='word_1_91' title='bbox 1829 1721 2023 1785; x_wconf 77' lang='lat' dir='ltr'>SSmo</span> <span class='ocrx_word' id='word_1_92' title='bbox 2055 1719 2159 1781; x_wconf 90' lang='lat' dir='ltr'>Sa-</span> 
     </span>
     <span class='ocr_line' id='line_1_17' title="bbox 580 1805 1586 1889; baseline 0.002 -16"><span class='ocrx_word' id='word_1_93' title='bbox 580 1818 933 1889; x_wconf 80' lang='lat' dir='ltr'>cramento,</span> <span class='ocrx_word' id='word_1_94' title='bbox 983 1808 1087 1872; x_wconf 83' lang='lat' dir='ltr'>vel</span> <span class='ocrx_word' id='word_1_95' title='bbox 1137 1806 1222 1872; x_wconf 93' lang='lat' dir='ltr'>de</span> <span class='ocrx_word' id='word_1_96' title='bbox 1269 1805 1586 1875; x_wconf 70' lang='lat' dir='ltr'>Patrono?</span> 
     </span>
    </p>

    <p class='ocr_par' dir='ltr' id='par_1_4' title="bbox 577 1892 2163 3110">
     <span class='ocr_line' id='line_1_18' title="bbox 713 1892 2158 1963; baseline -0.001 -1"><span class='ocrx_word' id='word_1_97' title='bbox 713 1901 774 1962; x_wconf 87' lang='lat'>3.</span> <span class='ocrx_word' id='word_1_98' title='bbox 825 1895 1116 1962; x_wconf 88' lang='lat' dir='ltr'>Debetne</span> <span class='ocrx_word' id='word_1_99' title='bbox 1165 1894 1305 1960; x_wconf 85' lang='lat' dir='ltr'>fleri</span> <span class='ocrx_word' id='word_1_100' title='bbox 1370 1896 1431 1963; x_wconf 91' lang='lat' dir='ltr'>in</span> <span class='ocrx_word' id='word_1_101' title='bbox 1486 1906 1618 1962; x_wconf 85' lang='lat' dir='ltr'>tota</span> <span class='ocrx_word' id='word_1_102' title='bbox 1671 1894 1956 1962; x_wconf 85' lang='lat' dir='ltr'>Dioecesi</span> <span class='ocrx_word' id='word_1_103' title='bbox 2014 1892 2158 1961; x_wconf 84' lang='lat' dir='ltr'>offi-</span> 
     </span>
     <span class='ocr_line' id='line_1_19' title="bbox 580 1982 2162 2051; baseline -0.001 -1"><span class='ocrx_word' id='word_1_104' title='bbox 580 1983 747 2051; x_wconf 87' lang='lat' dir='ltr'>cium</span> <span class='ocrx_word' id='word_1_105' title='bbox 794 2003 939 2050; x_wconf 91' lang='lat' dir='ltr'>cum</span> <span class='ocrx_word' id='word_1_106' title='bbox 986 1995 1202 2050; x_wconf 82' lang='lat' dir='ltr'>octava</span> <span class='ocrx_word' id='word_1_107' title='bbox 1248 1983 1544 2051; x_wconf 88' lang='lat' dir='ltr'>Titularis</span> <span class='ocrx_word' id='word_1_108' title='bbox 1588 1983 1909 2050; x_wconf 87' lang='lat' dir='ltr'>Ecclesiae</span> <span class='ocrx_word' id='word_1_109' title='bbox 1940 1982 2162 2049; x_wconf 87' lang='lat' dir='ltr'>Cathe-</span> 
     </span>
     <span class='ocr_line' id='line_1_20' title="bbox 579 2068 2162 2160; baseline -0.003 -21"><span class='ocrx_word' id='word_1_110' title='bbox 579 2072 770 2139; x_wconf 84' lang='lat' dir='ltr'>dralis</span> <span class='ocrx_word' id='word_1_111' title='bbox 816 2082 922 2138; x_wconf 89' lang='lat' dir='ltr'>aut</span> <span class='ocrx_word' id='word_1_112' title='bbox 968 2072 1213 2138; x_wconf 86' lang='lat' dir='ltr'>Patroni</span> <span class='ocrx_word' id='word_1_113' title='bbox 1237 2068 1270 2136; x_wconf 74' lang='lat'>⁶?</span> <span class='ocrx_word' id='word_1_114' title='bbox 1313 2077 1380 2139; x_wconf 89' lang='lat' dir='ltr'>ln</span> <span class='ocrx_word' id='word_1_115' title='bbox 1411 2076 1659 2160; x_wconf 81' lang='lat' dir='ltr'>Hymno</span> <span class='ocrx_word' id='word_1_116' title='bbox 1692 2074 1813 2137; x_wconf 77' lang='lat' dir='ltr'>Iste</span> <span class='ocrx_word' id='word_1_117' title='bbox 1844 2074 2162 2157; x_wconf 76' lang='lat' dir='ltr'>consessor</span> 
     </span>
     <span class='ocr_line' id='line_1_21' title="bbox 578 2161 2161 2245; baseline -0.003 -18"><span class='ocrx_word' id='word_1_118' title='bbox 578 2161 900 2228; x_wconf 81' lang='lat' dir='ltr'>diciturne</span> <span class='ocrx_word' id='word_1_119' title='bbox 949 2161 1082 2227; x_wconf 85' lang='lat' dir='ltr'>Hac</span> <span class='ocrx_word' id='word_1_120' title='bbox 1128 2161 1230 2227; x_wconf 79' lang='lat' dir='ltr'>die</span> <span class='ocrx_word' id='word_1_121' title='bbox 1275 2161 1484 2226; x_wconf 78' lang='lat' dir='ltr'>laetus</span> <span class='ocrx_word' id='word_1_122' title='bbox 1531 2162 1774 2225; x_wconf 76' lang='lat' dir='ltr'>meruit</span> <span class='ocrx_word' id='word_1_123' title='bbox 1838 2178 2161 2245; x_wconf 75' lang='lat' dir='ltr'>supremos</span> 
     </span>
     <span class='ocr_line' id='line_1_22' title="bbox 579 2244 2160 2329; baseline 0 -18"><span class='ocrx_word' id='word_1_124' title='bbox 579 2248 799 2317; x_wconf 79' lang='lat' dir='ltr'>laudis</span> <span class='ocrx_word' id='word_1_125' title='bbox 843 2248 1130 2329; x_wconf 75' lang='lat' dir='ltr'>honores,</span> <span class='ocrx_word' id='word_1_126' title='bbox 1183 2267 1330 2316; x_wconf 89' lang='lat' dir='ltr'>cum</span> <span class='ocrx_word' id='word_1_127' title='bbox 1378 2247 1442 2313; x_wconf 90' lang='lat' dir='ltr'>id</span> <span class='ocrx_word' id='word_1_128' title='bbox 1491 2244 1796 2313; x_wconf 77' lang='lat' dir='ltr'>notatur?</span> <span class='ocrx_word' id='word_1_129' title='bbox 1837 2246 2160 2313; x_wconf 83' lang='lat' dir='ltr'>Praedicta</span> 
     </span>
     <span class='ocr_line' id='line_1_23' title="bbox 579 2334 2158 2403; baseline -0.003 0"><span class='ocrx_word' id='word_1_130' title='bbox 579 2336 842 2403; x_wconf 89' lang='lat' dir='ltr'>mutatio</span> <span class='ocrx_word' id='word_1_131' title='bbox 889 2336 1173 2402; x_wconf 86' lang='lat' dir='ltr'>debetne</span> <span class='ocrx_word' id='word_1_132' title='bbox 1221 2334 1358 2403; x_wconf 82' lang='lat' dir='ltr'>fieri</span> <span class='ocrx_word' id='word_1_133' title='bbox 1406 2353 1553 2403; x_wconf 91' lang='lat' dir='ltr'>cum</span> <span class='ocrx_word' id='word_1_134' title='bbox 1599 2334 1889 2402; x_wconf 88' lang='lat' dir='ltr'>Officium</span> <span class='ocrx_word' id='word_1_135' title='bbox 1948 2335 2158 2402; x_wconf 88' lang='lat' dir='ltr'>Sancti</span> 
     </span>
     <span class='ocr_line' id='line_1_24' title="bbox 579 2421 2163 2508; baseline -0.003 -16"><span class='ocrx_word' id='word_1_136' title='bbox 579 2423 867 2492; x_wconf 82' lang='lat' dir='ltr'>habentis</span> <span class='ocrx_word' id='word_1_137' title='bbox 915 2433 1196 2489; x_wconf 86' lang='lat' dir='ltr'>octavam</span> <span class='ocrx_word' id='word_1_138' title='bbox 1247 2421 1651 2508; x_wconf 78' lang='lat' dir='ltr'>transfertur,</span> <span class='ocrx_word' id='word_1_139' title='bbox 1686 2424 1800 2491; x_wconf 90' lang='lat' dir='ltr'>sed</span> <span class='ocrx_word' id='word_1_140' title='bbox 1834 2442 1961 2490; x_wconf 90' lang='lat' dir='ltr'>non</span> <span class='ocrx_word' id='word_1_141' title='bbox 1995 2426 2163 2490; x_wconf 91' lang='lat' dir='ltr'>ultra</span> 
     </span>
     <span class='ocr_line' id='line_1_25' title="bbox 577 2509 2162 2599; baseline 0 -23"><span class='ocrx_word' id='word_1_142' title='bbox 577 2525 724 2578; x_wconf 89' lang='lat' dir='ltr'>octo</span> <span class='ocrx_word' id='word_1_143' title='bbox 772 2509 953 2578; x_wconf 73' lang='lat' dir='ltr'>dies?</span> <span class='ocrx_word' id='word_1_144' title='bbox 996 2517 1072 2577; x_wconf 86' lang='lat' dir='ltr'>Et</span> <span class='ocrx_word' id='word_1_145' title='bbox 1119 2512 1370 2598; x_wconf 88' lang='lat' dir='ltr'>quando</span> <span class='ocrx_word' id='word_1_146' title='bbox 1419 2522 1572 2577; x_wconf 89' lang='lat' dir='ltr'>tunc</span> <span class='ocrx_word' id='word_1_147' title='bbox 1618 2512 1856 2578; x_wconf 88' lang='lat' dir='ltr'>dicitur</span> <span class='ocrx_word' id='word_1_148' title='bbox 1898 2531 2019 2599; x_wconf 91' lang='lat' dir='ltr'>per</span> <span class='ocrx_word' id='word_1_149' title='bbox 2066 2530 2162 2576; x_wconf 89' lang='lat' dir='ltr'>re·</span> 
     </span>
     <span class='ocr_line' id='line_1_26' title="bbox 580 2598 2159 2686; baseline -0.001 -20"><span class='ocrx_word' id='word_1_150' title='bbox 580 2602 789 2686; x_wconf 85' lang='lat' dir='ltr'>liquos</span> <span class='ocrx_word' id='word_1_151' title='bbox 837 2610 1092 2665; x_wconf 86' lang='lat' dir='ltr'>octavae</span> <span class='ocrx_word' id='word_1_152' title='bbox 1153 2599 1332 2684; x_wconf 91' lang='lat' dir='ltr'>dies,</span> <span class='ocrx_word' id='word_1_153' title='bbox 1393 2598 1868 2666; x_wconf 82' lang='lat' dir='ltr'>dicendumne:</span> <span class='ocrx_word' id='word_1_154' title='bbox 1916 2603 2159 2665; x_wconf 79' lang='lat' dir='ltr'>meruit</span> 
     </span>
     <span class='ocr_line' id='line_1_27' title="bbox 579 2687 2157 2774; baseline -0.001 -21"><span class='ocrx_word' id='word_1_155' title='bbox 579 2691 831 2769; x_wconf 81' lang='lat' dir='ltr'>beatas,</span> <span class='ocrx_word' id='word_1_156' title='bbox 899 2707 974 2753; x_wconf 91' lang='lat' dir='ltr'>an</span> <span class='ocrx_word' id='word_1_157' title='bbox 1036 2690 1278 2754; x_wconf 74' lang='lat' dir='ltr'>meruit</span> <span class='ocrx_word' id='word_1_158' title='bbox 1342 2688 1716 2774; x_wconf 68' lang='lat' dir='ltr'>supremos?</span> <span class='ocrx_word' id='word_1_159' title='bbox 1778 2687 1841 2755; x_wconf 91' lang='lat' dir='ltr'>Si</span> <span class='ocrx_word' id='word_1_160' title='bbox 1901 2691 2157 2754; x_wconf 81' lang='lat' dir='ltr'>Festum</span> 
     </span>
     <span class='ocr_line' id='line_1_28' title="bbox 578 2774 2158 2864; baseline -0.002 -22"><span class='ocrx_word' id='word_1_161' title='bbox 578 2780 979 2864; x_wconf 81' lang='lat' dir='ltr'>stygmatum</span> <span class='ocrx_word' id='word_1_162' title='bbox 1040 2777 1105 2842; x_wconf 90' lang='lat' dir='ltr'>S.</span> <span class='ocrx_word' id='word_1_163' title='bbox 1156 2777 1468 2844; x_wconf 81' lang='lat' dir='ltr'>Francisci</span> <span class='ocrx_word' id='word_1_164' title='bbox 1515 2775 1951 2857; x_wconf 79' lang='lat' dir='ltr'>transferatur,</span> <span class='ocrx_word' id='word_1_165' title='bbox 2001 2774 2158 2843; x_wconf 86' lang='lat' dir='ltr'>fitne</span> 
     </span>
     <span class='ocr_line' id='line_1_29' title="bbox 579 2859 2154 2953; baseline -0.001 -23"><span class='ocrx_word' id='word_1_166' title='bbox 579 2864 643 2931; x_wconf 93' lang='lat' dir='ltr'>in</span> <span class='ocrx_word' id='word_1_167' title='bbox 689 2869 934 2953; x_wconf 84' lang='lat' dir='ltr'>Hymno</span> <span class='ocrx_word' id='word_1_168' title='bbox 982 2862 1187 2950; x_wconf 86' lang='lat' dir='ltr'>aliqua</span> <span class='ocrx_word' id='word_1_169' title='bbox 1231 2859 1550 2931; x_wconf 71' lang='lat' dir='ltr'>mutatio?</span> <span class='ocrx_word' id='word_1_170' title='bbox 1594 2869 1659 2930; x_wconf 92' lang='lat' dir='ltr'>ln</span> <span class='ocrx_word' id='word_1_171' title='bbox 1705 2866 1893 2930; x_wconf 83' lang='lat' dir='ltr'>Festo</span> <span class='ocrx_word' id='word_1_172' title='bbox 1926 2867 1991 2929; x_wconf 87' lang='grc'>8.</span> <span class='ocrx_word' id='word_1_173' title='bbox 2028 2868 2154 2929; x_wconf 87' lang='lat' dir='ltr'>loa·</span> 
     </span>
     <span class='ocr_line' id='line_1_30' title="bbox 579 2952 2157 3039; baseline 0.001 -21"><span class='ocrx_word' id='word_1_174' title='bbox 579 2953 750 3021; x_wconf 86' lang='lat' dir='ltr'>chim</span> <span class='ocrx_word' id='word_1_175' title='bbox 798 2960 1009 3020; x_wconf 85' lang='lat' dir='ltr'>nonne</span> <span class='ocrx_word' id='word_1_176' title='bbox 1056 2952 1404 3021; x_wconf 88' lang='lat' dir='ltr'>dicendum</span> <span class='ocrx_word' id='word_1_177' title='bbox 1459 2960 1595 3019; x_wconf 88' lang='lat' dir='ltr'>est:</span> <span class='ocrx_word' id='word_1_178' title='bbox 1651 2955 1893 3020; x_wconf 68' lang='lat' dir='ltr'>mer-itit</span> <span class='ocrx_word' id='word_1_179' title='bbox 1937 2971 2157 3039; x_wconf 75' lang='lat' dir='ltr'>supre-</span> 
     </span>
     <span class='ocr_line' id='line_1_31' title="bbox 577 3042 932 3110; baseline -0.008 -2"><span class='ocrx_word' id='word_1_180' title='bbox 577 3062 708 3108; x_wconf 76' lang='lat' dir='ltr'>mos</span> <span class='ocrx_word' id='word_1_181' title='bbox 754 3042 932 3110; x_wconf 55' lang='lat' dir='ltr'>eta?</span> 
     </span>
    </p>

    <p class='ocr_par' dir='ltr' id='par_1_5' title="bbox 573 3130 2160 4188">
     <span class='ocr_line' id='line_1_32' title="bbox 711 3130 2156 3198; baseline -0.001 -1"><span class='ocrx_word' id='word_1_182' title='bbox 711 3135 776 3197; x_wconf 73' lang='lat'><strong>4.</strong></span> <span class='ocrx_word' id='word_1_183' title='bbox 838 3131 1062 3198; x_wconf 84' lang='lat' dir='ltr'>Psalmi</span> <span class='ocrx_word' id='word_1_184' title='bbox 1130 3130 1475 3197; x_wconf 84' lang='lat' dir='ltr'>Graduales</span> <span class='ocrx_word' id='word_1_185' title='bbox 1542 3141 1775 3197; x_wconf 88' lang='lat' dir='ltr'>suntne</span> <span class='ocrx_word' id='word_1_186' title='bbox 1842 3149 2012 3197; x_wconf 84' lang='lat' dir='ltr'>nunc</span> <span class='ocrx_word' id='word_1_187' title='bbox 2075 3130 2156 3196; x_wconf 91' lang='lat' dir='ltr'>de</span> 
     </span>
     <span class='ocr_line' id='line_1_33' title="bbox 577 3215 2158 3308; baseline -0.001 -23"><span class='ocrx_word' id='word_1_188' title='bbox 577 3229 921 3308; x_wconf 87' lang='lat' dir='ltr'>praecepto</span> <span class='ocrx_word' id='word_1_189' title='bbox 985 3236 1100 3307; x_wconf 86' lang='lat' dir='ltr'>pro</span> <span class='ocrx_word' id='word_1_190' title='bbox 1161 3215 1422 3285; x_wconf 78' lang='lat' dir='ltr'>Choro’?</span> <span class='ocrx_word' id='word_1_191' title='bbox 1485 3222 1729 3287; x_wconf 87' lang='lat' dir='ltr'>Suntne</span> <span class='ocrx_word' id='word_1_192' title='bbox 1787 3218 2011 3285; x_wconf 88' lang='lat' dir='ltr'>saltem</span> <span class='ocrx_word' id='word_1_193' title='bbox 2074 3218 2158 3283; x_wconf 89' lang='lat' dir='ltr'>de</span> 
     </span>
     <span class='ocr_line' id='line_1_34' title="bbox 573 3305 2160 3394; baseline -0.003 -20"><span class='ocrx_word' id='word_1_194' title='bbox 573 3318 919 3394; x_wconf 89' lang='lat' dir='ltr'>praecepto</span> <span class='ocrx_word' id='word_1_195' title='bbox 966 3325 1084 3393; x_wconf 86' lang='lat' dir='ltr'>pro</span> <span class='ocrx_word' id='word_1_196' title='bbox 1144 3306 1474 3374; x_wconf 79' lang='lat' dir='ltr'>canonicis</span> <span class='ocrx_word' id='word_1_197' title='bbox 1537 3326 1665 3372; x_wconf 91' lang='lat' dir='ltr'>non</span> <span class='ocrx_word' id='word_1_198' title='bbox 1731 3306 2016 3394; x_wconf 80' lang='lat' dir='ltr'>legitime</span> <span class='ocrx_word' id='word_1_199' title='bbox 2063 3305 2160 3372; x_wconf 91' lang='lat' dir='ltr'>di-</span> 
     </span>
     <span class='ocr_line' id='line_1_35' title="bbox 575 3392 2159 3481; baseline -0.001 -22"><span class='ocrx_word' id='word_1_200' title='bbox 575 3396 883 3481; x_wconf 88' lang='lat' dir='ltr'>spensatis</span> <span class='ocrx_word' id='word_1_201' title='bbox 928 3414 960 3459; x_wconf 92' lang='lat' dir='ltr'>a</span> <span class='ocrx_word' id='word_1_202' title='bbox 1008 3392 1272 3461; x_wconf 77' lang='lat' dir='ltr'>Choro&#39;?</span> <span class='ocrx_word' id='word_1_203' title='bbox 1315 3393 1478 3473; x_wconf 85' lang='lat' dir='ltr'>Quid</span> <span class='ocrx_word' id='word_1_204' title='bbox 1525 3393 1575 3459; x_wconf 88' lang='lat' dir='ltr'>si</span> <span class='ocrx_word' id='word_1_205' title='bbox 1625 3413 1704 3459; x_wconf 84' lang='lat' dir='ltr'>ex</span> <span class='ocrx_word' id='word_1_206' title='bbox 1746 3394 2029 3480; x_wconf 90' lang='lat' dir='ltr'>legitima</span> <span class='ocrx_word' id='word_1_207' title='bbox 2063 3393 2159 3460; x_wconf 92' lang='lat' dir='ltr'>di-</span> 
     </span>
     <span class='ocr_line' id='line_1_36' title="bbox 577 3479 2157 3572; baseline 0.001 -27"><span class='ocrx_word' id='word_1_208' title='bbox 577 3482 980 3572; x_wconf 83' lang='lat' dir='ltr'>spensatione</span> <span class='ocrx_word' id='word_1_209' title='bbox 1043 3479 1302 3548; x_wconf 70' lang='lat' dir='ltr'>absint?</span> <span class='ocrx_word' id='word_1_210' title='bbox 1351 3484 1609 3550; x_wconf 86' lang='lat' dir='ltr'>ldemne</span> <span class='ocrx_word' id='word_1_211' title='bbox 1680 3481 2028 3548; x_wconf 88' lang='lat' dir='ltr'>dicendum</span> <span class='ocrx_word' id='word_1_212' title='bbox 2073 3482 2157 3549; x_wconf 89' lang='lat' dir='ltr'>de</span> 
     </span>
     <span class='ocr_line' id='line_1_37' title="bbox 576 3569 2159 3654; baseline -0.001 -18"><span class='ocrx_word' id='word_1_213' title='bbox 576 3570 791 3636; x_wconf 88' lang='lat' dir='ltr'>Officio</span> <span class='ocrx_word' id='word_1_214' title='bbox 818 3569 1297 3654; x_wconf 86' lang='lat' dir='ltr'>defunctorum,</span> <span class='ocrx_word' id='word_1_215' title='bbox 1324 3570 1580 3635; x_wconf 87' lang='lat' dir='ltr'>Psalmis</span> <span class='ocrx_word' id='word_1_216' title='bbox 1598 3569 2159 3637; x_wconf 89' lang='lat' dir='ltr'>Poenitentialibus</span> 
     </span>
     <span class='ocr_line' id='line_1_38' title="bbox 578 3654 2158 3757; baseline -0.001 -33"><span class='ocrx_word' id='word_1_217' title='bbox 578 3670 644 3724; x_wconf 89' lang='lat' dir='ltr'>et</span> <span class='ocrx_word' id='word_1_218' title='bbox 690 3659 773 3724; x_wconf 90' lang='lat' dir='ltr'>de</span> <span class='ocrx_word' id='word_1_219' title='bbox 818 3656 1033 3724; x_wconf 84' lang='lat' dir='ltr'>Officio</span> <span class='ocrx_word' id='word_1_220' title='bbox 1086 3676 1286 3743; x_wconf 89' lang='lat' dir='ltr'>parvo</span> <span class='ocrx_word' id='word_1_221' title='bbox 1333 3661 1404 3723; x_wconf 91' lang='grc' dir='ltr'>Β.</span> <span class='ocrx_word' id='word_1_222' title='bbox 1451 3659 1531 3720; x_wconf 86' lang='grc' dir='ltr'>Μ.</span> <span class='ocrx_word' id='word_1_223' title='bbox 1569 3654 1700 3723; x_wconf 81' lang='lat' dir='ltr'><strong>V.‘?</strong></span> <span class='ocrx_word' id='word_1_224' title='bbox 1745 3662 1815 3723; x_wconf 90' lang='lat' dir='ltr'>ln</span> <span class='ocrx_word' id='word_1_225' title='bbox 1860 3660 2158 3757; x_wconf 72' lang='lat' dir='ltr'>Martyro-</span> 
     </span>
     <span class='ocr_line' id='line_1_39' title="bbox 578 3745 2156 3836; baseline -0.001 -23"><span class='ocrx_word' id='word_1_226' title='bbox 578 3746 749 3836; x_wconf 87' lang='lat' dir='ltr'>logio</span> <span class='ocrx_word' id='word_1_227' title='bbox 780 3748 985 3827; x_wconf 82' lang='lat' dir='ltr'>Festa,</span> <span class='ocrx_word' id='word_1_228' title='bbox 1020 3764 1280 3834; x_wconf 84' lang='lat' dir='ltr'>semper</span> <span class='ocrx_word' id='word_1_229' title='bbox 1323 3747 1401 3812; x_wconf 89' lang='lat' dir='ltr'>ad</span> <span class='ocrx_word' id='word_1_230' title='bbox 1447 3746 1629 3811; x_wconf 88' lang='lat' dir='ltr'>aliam</span> <span class='ocrx_word' id='word_1_231' title='bbox 1665 3745 1838 3811; x_wconf 93' lang='lat' dir='ltr'>diem</span> <span class='ocrx_word' id='word_1_232' title='bbox 1871 3764 2156 3829; x_wconf 80' lang='lat' dir='ltr'>remissa,</span> 
     </span>
     <span class='ocr_line' id='line_1_40' title="bbox 577 3832 2158 3923; baseline -0.001 -23"><span class='ocrx_word' id='word_1_233' title='bbox 577 3834 978 3923; x_wconf 87' lang='lat' dir='ltr'>quandonam</span> <span class='ocrx_word' id='word_1_234' title='bbox 1027 3832 1498 3921; x_wconf 85' lang='lat' dir='ltr'>pronuncianda</span> <span class='ocrx_word' id='word_1_235' title='bbox 1543 3842 1715 3915; x_wconf 88' lang='lat' dir='ltr'>sunt,</span> <span class='ocrx_word' id='word_1_236' title='bbox 1749 3834 1857 3900; x_wconf 90' lang='lat' dir='ltr'>die</span> <span class='ocrx_word' id='word_1_237' title='bbox 1886 3852 2013 3919; x_wconf 86' lang='lat' dir='ltr'>quo</span> <span class='ocrx_word' id='word_1_238' title='bbox 2047 3854 2158 3900; x_wconf 90' lang='lat' dir='ltr'>no·</span> 
     </span>
     <span class='ocr_line' id='line_1_41' title="bbox 582 3919 2155 4010; baseline -0.001 -21"><span class='ocrx_word' id='word_1_239' title='bbox 582 3935 832 4010; x_wconf 90' lang='lat' dir='ltr'>tantur,</span> <span class='ocrx_word' id='word_1_240' title='bbox 881 3940 956 3987; x_wconf 90' lang='lat' dir='ltr'>an</span> <span class='ocrx_word' id='word_1_241' title='bbox 1023 3941 1153 4008; x_wconf 90' lang='lat' dir='ltr'>quo</span> <span class='ocrx_word' id='word_1_242' title='bbox 1221 3919 1677 3988; x_wconf 77' lang='lat' dir='ltr'>celebrantur?</span> <span class='ocrx_word' id='word_1_243' title='bbox 1734 3923 1976 4009; x_wconf 87' lang='lat' dir='ltr'>Organa</span> <span class='ocrx_word' id='word_1_244' title='bbox 2046 3923 2155 3989; x_wconf 90' lang='lat' dir='ltr'>de·</span> 
     </span>
     <span class='ocr_line' id='line_1_42' title="bbox 578 4008 2158 4098; baseline -0.001 -20"><span class='ocrx_word' id='word_1_245' title='bbox 578 4012 816 4078; x_wconf 91' lang='lat' dir='ltr'>bentne</span> <span class='ocrx_word' id='word_1_246' title='bbox 863 4009 1055 4076; x_wconf 88' lang='lat' dir='ltr'>silere</span> <span class='ocrx_word' id='word_1_247' title='bbox 1085 4009 1429 4077; x_wconf 88' lang='lat' dir='ltr'>Dominicis</span> <span class='ocrx_word' id='word_1_248' title='bbox 1459 4008 2005 4098; x_wconf 76' lang='lat' dir='ltr'>septuagesimae,</span> <span class='ocrx_word' id='word_1_249' title='bbox 2046 4012 2158 4076; x_wconf 87' lang='lat' dir='ltr'>Se·</span> 
     </span>
     <span class='ocr_line' id='line_1_43' title="bbox 577 4097 1721 4188; baseline 0.001 -25"><span class='ocrx_word' id='word_1_250' title='bbox 577 4098 941 4188; x_wconf 82' lang='lat' dir='ltr'>xagesimae</span> <span class='ocrx_word' id='word_1_251' title='bbox 987 4113 1052 4166; x_wconf 91' lang='lat' dir='ltr'>et</span> <span class='ocrx_word' id='word_1_252' title='bbox 1097 4097 1721 4185; x_wconf 80' lang='lat' dir='ltr'>Quinquagesimae&#39;?</span> 
     </span>
    </p>

    <p class='ocr_par' dir='ltr' id='par_1_6' title="bbox 576 4189 2163 4804">
     <span class='ocr_line' id='line_1_44' title="bbox 711 4189 2152 4271; baseline -0.001 -17"><span class='ocrx_word' id='word_1_253' title='bbox 711 4192 779 4254; x_wconf 71' lang='lat' dir='ltr'>u.</span> <span class='ocrx_word' id='word_1_254' title='bbox 827 4192 895 4253; x_wconf 92' lang='lat' dir='ltr'>ln</span> <span class='ocrx_word' id='word_1_255' title='bbox 944 4207 1254 4255; x_wconf 89' lang='lat' dir='ltr'>concursu</span> <span class='ocrx_word' id='word_1_256' title='bbox 1302 4190 1564 4271; x_wconf 89' lang='lat' dir='ltr'>Septem</span> <span class='ocrx_word' id='word_1_257' title='bbox 1611 4189 1919 4254; x_wconf 88' lang='lat' dir='ltr'>Dolorum</span> <span class='ocrx_word' id='word_1_258' title='bbox 1964 4191 2033 4252; x_wconf 90' lang='lat' dir='ltr'><strong>B.</strong></span> <span class='ocrx_word' id='word_1_259' title='bbox 2072 4189 2152 4253; x_wconf 76' lang='lat' dir='ltr'><strong>M.</strong></span> 
     </span>
     <span class='ocr_line' id='line_1_45' title="bbox 577 4273 2158 4344; baseline -0.003 -1"><span class='ocrx_word' id='word_1_260' title='bbox 577 4296 720 4344; x_wconf 90' lang='lat' dir='ltr'>cum</span> <span class='ocrx_word' id='word_1_261' title='bbox 757 4277 892 4343; x_wconf 88' lang='lat' dir='ltr'>eius</span> <span class='ocrx_word' id='word_1_262' title='bbox 918 4274 1413 4343; x_wconf 81' lang='lat' dir='ltr'>Annuntiatione</span> <span class='ocrx_word' id='word_1_263' title='bbox 1452 4273 1605 4339; x_wconf 89' lang='lat' dir='ltr'>fitne</span> <span class='ocrx_word' id='word_1_264' title='bbox 1637 4276 2158 4342; x_wconf 87' lang='lat' dir='ltr'>commemoratio</span> 
     </span>
     <span class='ocr_line' id='line_1_46' title="bbox 578 4361 2163 4453; baseline -0.001 -22"><span class='ocrx_word' id='word_1_265' title='bbox 578 4369 840 4453; x_wconf 90' lang='lat' dir='ltr'>Septem</span> <span class='ocrx_word' id='word_1_266' title='bbox 886 4361 1235 4432; x_wconf 80' lang='lat' dir='ltr'>Dolorum‘?</span> <span class='ocrx_word' id='word_1_267' title='bbox 1279 4363 1393 4431; x_wconf 91' lang='lat' dir='ltr'>Ubi</span> <span class='ocrx_word' id='word_1_268' title='bbox 1441 4366 1701 4431; x_wconf 87' lang='lat' dir='ltr'>Festum</span> <span class='ocrx_word' id='word_1_269' title='bbox 1745 4367 1815 4431; x_wconf 91' lang='lat' dir='ltr'>S.</span> <span class='ocrx_word' id='word_1_270' title='bbox 1864 4363 2031 4429; x_wconf 89' lang='lat' dir='ltr'>Petri</span> <span class='ocrx_word' id='word_1_271' title='bbox 2083 4363 2163 4429; x_wconf 89' lang='lat' dir='ltr'>ad</span> 
     </span>
     <span class='ocr_line' id='line_1_47' title="bbox 577 4450 2157 4522; baseline -0.003 0"><span class='ocrx_word' id='word_1_272' title='bbox 577 4454 844 4522; x_wconf 83' lang='lat' dir='ltr'>Vincula</span> <span class='ocrx_word' id='word_1_273' title='bbox 889 4452 991 4518; x_wconf 86' lang='lat' dir='ltr'>vel</span> <span class='ocrx_word' id='word_1_274' title='bbox 1043 4450 1386 4521; x_wconf 83' lang='lat' dir='ltr'>Conversio</span> <span class='ocrx_word' id='word_1_275' title='bbox 1435 4453 1500 4517; x_wconf 91' lang='grc'>8.</span> <span class='ocrx_word' id='word_1_276' title='bbox 1551 4451 1721 4519; x_wconf 88' lang='lat' dir='ltr'>Pauli</span> <span class='ocrx_word' id='word_1_277' title='bbox 1774 4463 1870 4517; x_wconf 89' lang='lat' dir='ltr'>est</span> <span class='ocrx_word' id='word_1_278' title='bbox 1925 4450 2157 4517; x_wconf 88' lang='lat' dir='ltr'>Titula-</span> 
     </span>
     <span class='ocr_line' id='line_1_48' title="bbox 577 4538 2160 4631; baseline -0.003 -23"><span class='ocrx_word' id='word_1_279' title='bbox 577 4542 687 4628; x_wconf 89' lang='lat' dir='ltr'>ris,</span> <span class='ocrx_word' id='word_1_280' title='bbox 721 4561 840 4631; x_wconf 88' lang='lat' dir='ltr'>per</span> <span class='ocrx_word' id='word_1_281' title='bbox 874 4551 1153 4607; x_wconf 86' lang='lat' dir='ltr'>octavam</span> <span class='ocrx_word' id='word_1_282' title='bbox 1188 4540 1342 4607; x_wconf 85' lang='lat' dir='ltr'>fitne</span> <span class='ocrx_word' id='word_1_283' title='bbox 1373 4538 1618 4625; x_wconf 85' lang='lat' dir='ltr'>duplex</span> <span class='ocrx_word' id='word_1_284' title='bbox 1659 4539 1953 4606; x_wconf 89' lang='lat' dir='ltr'>distincta</span> <span class='ocrx_word' id='word_1_285' title='bbox 1988 4557 2160 4604; x_wconf 89' lang='lat' dir='ltr'>com-</span> 
     </span>
     <span class='ocr_line' id='line_1_49' title="bbox 578 4625 2163 4715; baseline -0.003 -18"><span class='ocrx_word' id='word_1_286' title='bbox 578 4630 980 4714; x_wconf 90' lang='lat' dir='ltr'>memoratio,</span> <span class='ocrx_word' id='word_1_287' title='bbox 1013 4650 1089 4696; x_wconf 90' lang='lat' dir='ltr'>an</span> <span class='ocrx_word' id='word_1_288' title='bbox 1134 4630 1319 4696; x_wconf 89' lang='lat' dir='ltr'>unica</span> <span class='ocrx_word' id='word_1_289' title='bbox 1350 4627 1702 4693; x_wconf 88' lang='lat' dir='ltr'>communis</span> <span class='ocrx_word' id='word_1_290' title='bbox 1730 4646 1849 4714; x_wconf 89' lang='lat' dir='ltr'>per</span> <span class='ocrx_word' id='word_1_291' title='bbox 1879 4625 2163 4715; x_wconf 86' lang='lat' dir='ltr'>antipho-</span> 
     </span>
     <span class='ocr_line' id='line_1_50' title="bbox 576 4716 1430 4804; baseline -0.006 -20"><span class='ocrx_word' id='word_1_292' title='bbox 576 4737 721 4786; x_wconf 90' lang='lat' dir='ltr'>nam</span> <span class='ocrx_word' id='word_1_293' title='bbox 768 4721 1002 4785; x_wconf 76' lang='lat' dir='ltr'>Petrus</span> <span class='ocrx_word' id='word_1_294' title='bbox 1047 4716 1430 4804; x_wconf 62' lang='lat' dir='ltr'>Apostolus?</span> 
     </span>
    </p>

    <p class='ocr_par' dir='ltr' id='par_1_7' title="bbox 578 4804 2162 5316">
     <span class='ocr_line' id='line_1_51' title="bbox 708 4804 2161 4894; baseline -0.003 -20"><span class='ocrx_word' id='word_1_295' title='bbox 708 4813 773 4874; x_wconf 80' lang='lat'><strong>6.</strong></span> <span class='ocrx_word' id='word_1_296' title='bbox 827 4806 891 4873; x_wconf 89' lang='lat' dir='ltr'>Si</span> <span class='ocrx_word' id='word_1_297' title='bbox 938 4807 1288 4894; x_wconf 83' lang='lat' dir='ltr'>Episcopus</span> <span class='ocrx_word' id='word_1_298' title='bbox 1319 4825 1448 4873; x_wconf 90' lang='lat' dir='ltr'>non</span> <span class='ocrx_word' id='word_1_299' title='bbox 1485 4804 1567 4877; x_wconf 86' lang='lat' dir='ltr'>sit</span> <span class='ocrx_word' id='word_1_300' title='bbox 1614 4804 1891 4893; x_wconf 89' lang='lat' dir='ltr'>primum</span> <span class='ocrx_word' id='word_1_301' title='bbox 1937 4822 2161 4871; x_wconf 85' lang='lat' dir='ltr'>conse-</span> 
     </span>
     <span class='ocr_line' id='line_1_52' title="bbox 579 4893 2162 4982; baseline -0.003 -21"><span class='ocrx_word' id='word_1_302' title='bbox 579 4907 785 4962; x_wconf 88' lang='lat' dir='ltr'>cratus</span> <span class='ocrx_word' id='word_1_303' title='bbox 849 4914 962 4981; x_wconf 89' lang='lat' dir='ltr'>pro</span> <span class='ocrx_word' id='word_1_304' title='bbox 1024 4895 1307 4961; x_wconf 81' lang='lat' dir='ltr'>Ecclesia</span> <span class='ocrx_word' id='word_1_305' title='bbox 1367 4894 1466 4962; x_wconf 92' lang='lat' dir='ltr'>cui</span> <span class='ocrx_word' id='word_1_306' title='bbox 1529 4905 1817 4982; x_wconf 89' lang='lat' dir='ltr'>praeest,</span> <span class='ocrx_word' id='word_1_307' title='bbox 1866 4893 1979 4959; x_wconf 90' lang='lat' dir='ltr'>sed</span> <span class='ocrx_word' id='word_1_308' title='bbox 2044 4911 2162 4979; x_wconf 92' lang='lat' dir='ltr'>pro</span> 
     </span>
     <span class='ocr_line' id='line_1_53' title="bbox 579 4982 2159 5068; baseline -0.002 -18"><span class='ocrx_word' id='word_1_309' title='bbox 579 4984 694 5050; x_wconf 89' lang='lat' dir='ltr'>alia</span> <span class='ocrx_word' id='word_1_310' title='bbox 741 5003 771 5046; x_wconf 99' lang='lat' dir='ltr'>a</span> <span class='ocrx_word' id='word_1_311' title='bbox 818 5001 939 5067; x_wconf 88' lang='lat' dir='ltr'>qua</span> <span class='ocrx_word' id='word_1_312' title='bbox 987 4982 1063 5048; x_wconf 90' lang='lat' dir='ltr'>ad</span> <span class='ocrx_word' id='word_1_313' title='bbox 1110 4994 1516 5068; x_wconf 86' lang='lat' dir='ltr'>praesentem</span> <span class='ocrx_word' id='word_1_314' title='bbox 1563 4982 1757 5049; x_wconf 86' lang='lat' dir='ltr'>fuerit</span> <span class='ocrx_word' id='word_1_315' title='bbox 1790 4983 2159 5061; x_wconf 81' lang='lat' dir='ltr'>translatus3</span> 
     </span>
     <span class='ocr_line' id='line_1_54' title="bbox 578 5068 2161 5155; baseline -0.003 -17"><span class='ocrx_word' id='word_1_316' title='bbox 578 5071 781 5152; x_wconf 76' lang='lat' dir='ltr'>Missa,</span> <span class='ocrx_word' id='word_1_317' title='bbox 830 5088 991 5155; x_wconf 90' lang='lat' dir='ltr'>quae</span> <span class='ocrx_word' id='word_1_318' title='bbox 1049 5068 1322 5137; x_wconf 87' lang='lat' dir='ltr'>babetur</span> <span class='ocrx_word' id='word_1_319' title='bbox 1377 5070 1438 5138; x_wconf 89' lang='lat' dir='ltr'>in</span> <span class='ocrx_word' id='word_1_320' title='bbox 1500 5069 1752 5154; x_wconf 69' lang='lat' dir='ltr'>Missali,</span> <span class='ocrx_word' id='word_1_321' title='bbox 1812 5069 2161 5137; x_wconf 87' lang='lat' dir='ltr'>dicendane</span> 
     </span>
     <span class='ocr_line' id='line_1_55' title="bbox 580 5155 2160 5243; baseline -0.003 -16"><span class='ocrx_word' id='word_1_322' title='bbox 580 5158 702 5227; x_wconf 89' lang='lat' dir='ltr'>erit</span> <span class='ocrx_word' id='word_1_323' title='bbox 747 5157 852 5225; x_wconf 90' lang='lat' dir='ltr'>die</span> <span class='ocrx_word' id='word_1_324' title='bbox 897 5155 1426 5243; x_wconf 80' lang='lat' dir='ltr'>consecrationis,</span> <span class='ocrx_word' id='word_1_325' title='bbox 1471 5159 1577 5223; x_wconf 83' lang='lat' dir='ltr'>vel</span> <span class='ocrx_word' id='word_1_326' title='bbox 1624 5157 1731 5225; x_wconf 92' lang='lat' dir='ltr'>die</span> <span class='ocrx_word' id='word_1_327' title='bbox 1775 5156 2160 5223; x_wconf 88' lang='lat' dir='ltr'>Nominatio·</span> 
     </span>
     <span class='ocr_line' id='line_1_56' title="bbox 578 5244 1376 5316; baseline -0.004 -1"><span class='ocrx_word' id='word_1_328' title='bbox 578 5248 676 5316; x_wconf 89' lang='lat' dir='ltr'>nis</span> <span class='ocrx_word' id='word_1_329' title='bbox 721 5264 837 5311; x_wconf 87' lang='lat' dir='ltr'>seu</span> <span class='ocrx_word' id='word_1_330' title='bbox 882 5244 1376 5312; x_wconf 71' lang='lat' dir='ltr'>Translationis&#39;?</span> 
     </span>
    </p>

    <p class='ocr_par' dir='ltr' id='par_1_8' title="bbox 579 5331 2162 5506">
     <span class='ocr_line' id='line_1_57' title="bbox 714 5331 2162 5402; baseline -0.003 -1"><span class='ocrx_word' id='word_1_331' title='bbox 714 5338 777 5401; x_wconf 88' lang='grc'>7.</span> <span class='ocrx_word' id='word_1_332' title='bbox 833 5338 899 5402; x_wconf 90' lang='lat' dir='ltr'>ln</span> <span class='ocrx_word' id='word_1_333' title='bbox 943 5336 1128 5400; x_wconf 83' lang='lat' dir='ltr'>Festo</span> <span class='ocrx_word' id='word_1_334' title='bbox 1176 5334 1245 5399; x_wconf 89' lang='lat' dir='ltr'>S.</span> <span class='ocrx_word' id='word_1_335' title='bbox 1280 5332 1570 5401; x_wconf 81' lang='lat' dir='ltr'>Teresiae</span> <span class='ocrx_word' id='word_1_336' title='bbox 1604 5343 1669 5398; x_wconf 93' lang='lat' dir='ltr'>et</span> <span class='ocrx_word' id='word_1_337' title='bbox 1704 5333 1766 5399; x_wconf 92' lang='lat' dir='ltr'>in</span> <span class='ocrx_word' id='word_1_338' title='bbox 1798 5331 1903 5398; x_wconf 91' lang='lat' dir='ltr'>die</span> <span class='ocrx_word' id='word_1_339' title='bbox 1946 5344 2162 5400; x_wconf 80' lang='lat' dir='ltr'>octava</span> 
     </span>
     <span class='ocr_line' id='line_1_58' title="bbox 579 5419 2156 5506; baseline -0.005 -14"><span class='ocrx_word' id='word_1_340' title='bbox 579 5422 1002 5492; x_wconf 87' lang='lat' dir='ltr'>Dedicationis</span> <span class='ocrx_word' id='word_1_341' title='bbox 1047 5421 1368 5490; x_wconf 80' lang='lat' dir='ltr'>Ecclesiae</span> <span class='ocrx_word' id='word_1_342' title='bbox 1412 5420 1747 5487; x_wconf 88' lang='lat' dir='ltr'>Lectiones</span> <span class='ocrx_word' id='word_1_343' title='bbox 1792 5419 1978 5506; x_wconf 87' lang='lat' dir='ltr'>primi</span> <span class='ocrx_word' id='word_1_344' title='bbox 2034 5421 2156 5485; x_wconf 87' lang='lat' dir='ltr'>No·</span> 
     </span>
    </p>
   </div>
   <div class='ocr_carea' id='block_1_3' title="bbox 2259 481 3862 4449">
    <p class='ocr_par' dir='ltr' id='par_1_9' title="bbox 2264 481 3849 661">
     <span class='ocr_line' id='line_1_59' title="bbox 2265 481 3849 575; baseline -0.003 -23"><span class='ocrx_word' id='word_1_345' title='bbox 2265 485 2473 554; x_wconf 89' lang='lat' dir='ltr'>cturni</span> <span class='ocrx_word' id='word_1_346' title='bbox 2530 498 2761 554; x_wconf 89' lang='lat' dir='ltr'>suntne</span> <span class='ocrx_word' id='word_1_347' title='bbox 2825 485 3124 575; x_wconf 88' lang='lat' dir='ltr'>propriae</span> <span class='ocrx_word' id='word_1_348' title='bbox 3178 505 3293 552; x_wconf 89' lang='lat' dir='ltr'>seu</span> <span class='ocrx_word' id='word_1_349' title='bbox 3349 484 3432 553; x_wconf 90' lang='lat' dir='ltr'>de</span> <span class='ocrx_word' id='word_1_350' title='bbox 3478 481 3849 566; x_wconf 83' lang='lat' dir='ltr'>Communi,</span> 
     </span>
     <span class='ocr_line' id='line_1_60' title="bbox 2264 570 3326 661; baseline 0.001 -22"><span class='ocrx_word' id='word_1_351' title='bbox 2264 594 2341 640; x_wconf 92' lang='lat' dir='ltr'>an</span> <span class='ocrx_word' id='word_1_352' title='bbox 2387 575 2472 641; x_wconf 90' lang='lat' dir='ltr'>de</span> <span class='ocrx_word' id='word_1_353' title='bbox 2519 575 2847 661; x_wconf 87' lang='lat' dir='ltr'>Scriptura</span> <span class='ocrx_word' id='word_1_354' title='bbox 2891 570 3326 642; x_wconf 68' lang='lat' dir='ltr'>occurrente?</span> 
     </span>
    </p>

    <p class='ocr_par' dir='ltr' id='par_1_10' title="bbox 2259 660 3859 1608">
     <span class='ocr_line' id='line_1_61' title="bbox 2395 660 3852 748; baseline -0.003 -19"><span class='ocrx_word' id='word_1_355' title='bbox 2395 667 2461 729; x_wconf 84' lang='lat'><strong>8.</strong></span> <span class='ocrx_word' id='word_1_356' title='bbox 2513 667 2863 729; x_wconf 89' lang='lat' dir='ltr'>Possuntne</span> <span class='ocrx_word' id='word_1_357' title='bbox 2927 662 3312 748; x_wconf 74' lang='lat' dir='ltr'>Regulares,</span> <span class='ocrx_word' id='word_1_358' title='bbox 3384 660 3852 746; x_wconf 88' lang='lat' dir='ltr'>cuiuscumque</span> 
     </span>
     <span class='ocr_line' id='line_1_62' title="bbox 2262 747 3852 836; baseline -0.001 -23"><span class='ocrx_word' id='word_1_359' title='bbox 2262 750 2387 815; x_wconf 91' lang='lat' dir='ltr'>sint</span> <span class='ocrx_word' id='word_1_360' title='bbox 2431 749 2706 836; x_wconf 74' lang='lat' dir='ltr'>OrdiniS,</span> <span class='ocrx_word' id='word_1_361' title='bbox 2741 748 2902 816; x_wconf 90' lang='lat' dir='ltr'>intra</span> <span class='ocrx_word' id='word_1_362' title='bbox 2936 750 3169 817; x_wconf 89' lang='lat' dir='ltr'>limites</span> <span class='ocrx_word' id='word_1_363' title='bbox 3200 747 3532 815; x_wconf 86' lang='lat' dir='ltr'>Parochiae</span> <span class='ocrx_word' id='word_1_364' title='bbox 3568 757 3635 814; x_wconf 91' lang='lat' dir='ltr'>et</span> <span class='ocrx_word' id='word_1_365' title='bbox 3668 759 3852 814; x_wconf 77' lang='lat' dir='ltr'>extra</span> 
     </span>
     <span class='ocr_line' id='line_1_63' title="bbox 2261 835 3857 926; baseline -0.001 -24"><span class='ocrx_word' id='word_1_366' title='bbox 2261 837 2568 905; x_wconf 84' lang='lat' dir='ltr'>ambitum</span> <span class='ocrx_word' id='word_1_367' title='bbox 2592 838 2890 926; x_wconf 83' lang='lat' dir='ltr'>propriae</span> <span class='ocrx_word' id='word_1_368' title='bbox 2914 838 3260 922; x_wconf 85' lang='lat' dir='ltr'>Ecclesiae,</span> <span class='ocrx_word' id='word_1_369' title='bbox 3288 835 3718 902; x_wconf 83' lang='lat' dir='ltr'>absolutiones</span> <span class='ocrx_word' id='word_1_370' title='bbox 3743 835 3857 900; x_wconf 89' lang='lat' dir='ltr'>de·</span> 
     </span>
     <span class='ocr_line' id='line_1_64' title="bbox 2262 924 3855 1016; baseline -0.002 -27"><span class='ocrx_word' id='word_1_371' title='bbox 2262 924 2494 1016; x_wconf 75' lang='lat' dir='ltr'>functis</span> <span class='ocrx_word' id='word_1_372' title='bbox 2518 926 2726 992; x_wconf 90' lang='lat' dir='ltr'>facere</span> <span class='ocrx_word' id='word_1_373' title='bbox 2752 945 2991 1014; x_wconf 86' lang='lat' dir='ltr'>eosque</span> <span class='ocrx_word' id='word_1_374' title='bbox 3012 926 3269 992; x_wconf 86' lang='lat' dir='ltr'>incenso</span> <span class='ocrx_word' id='word_1_375' title='bbox 3291 924 3574 1007; x_wconf 90' lang='lat' dir='ltr'>adolere,</span> <span class='ocrx_word' id='word_1_376' title='bbox 3592 924 3855 1010; x_wconf 84' lang='lat' dir='ltr'>quando</span> 
     </span>
     <span class='ocr_line' id='line_1_65' title="bbox 2259 1011 3855 1101; baseline 0 -24"><span class='ocrx_word' id='word_1_377' title='bbox 2259 1012 2338 1077; x_wconf 91' lang='lat' dir='ltr'>ad</span> <span class='ocrx_word' id='word_1_378' title='bbox 2389 1013 2451 1079; x_wconf 92' lang='lat' dir='ltr'>id</span> <span class='ocrx_word' id='word_1_379' title='bbox 2488 1013 2849 1080; x_wconf 87' lang='lat' dir='ltr'>faciendum</span> <span class='ocrx_word' id='word_1_380' title='bbox 2884 1012 3084 1101; x_wconf 89' lang='lat' dir='ltr'>rogati</span> <span class='ocrx_word' id='word_1_381' title='bbox 3114 1013 3240 1078; x_wconf 90' lang='lat' dir='ltr'>sint</span> <span class='ocrx_word' id='word_1_382' title='bbox 3269 1034 3302 1077; x_wconf 91' lang='lat' dir='ltr'>a</span> <span class='ocrx_word' id='word_1_383' title='bbox 3330 1011 3706 1100; x_wconf 88' lang='lat' dir='ltr'>parentibus</span> <span class='ocrx_word' id='word_1_384' title='bbox 3736 1012 3855 1077; x_wconf 87' lang='lat' dir='ltr'>de-</span> 
     </span>
     <span class='ocr_line' id='line_1_66' title="bbox 2263 1099 3859 1190; baseline -0.001 -25"><span class='ocrx_word' id='word_1_385' title='bbox 2263 1100 2489 1184; x_wconf 86' lang='lat' dir='ltr'>functi,</span> <span class='ocrx_word' id='word_1_386' title='bbox 2522 1103 2629 1169; x_wconf 83' lang='lat' dir='ltr'>vel</span> <span class='ocrx_word' id='word_1_387' title='bbox 2663 1124 2693 1167; x_wconf 92' lang='lat' dir='ltr'>a</span> <span class='ocrx_word' id='word_1_388' title='bbox 2726 1102 3186 1190; x_wconf 71' lang='lat' dir='ltr'>Magistratibus</span> <span class='ocrx_word' id='word_1_389' title='bbox 3216 1099 3498 1166; x_wconf 87' lang='lat' dir='ltr'>Civitatis</span> <span class='ocrx_word' id='word_1_390' title='bbox 3527 1100 3579 1164; x_wconf 87' lang='lat' dir='ltr'>si</span> <span class='ocrx_word' id='word_1_391' title='bbox 3627 1111 3859 1186; x_wconf 78' lang='lat' dir='ltr'>agatur</span> 
     </span>
     <span class='ocr_line' id='line_1_67' title="bbox 2263 1187 3854 1276; baseline -0.003 -21"><span class='ocrx_word' id='word_1_392' title='bbox 2263 1189 2345 1255; x_wconf 90' lang='lat' dir='ltr'>de</span> <span class='ocrx_word' id='word_1_393' title='bbox 2394 1189 2721 1256; x_wconf 72' lang='lat' dir='ltr'>funeribus</span> <span class='ocrx_word' id='word_1_394' title='bbox 2786 1191 2975 1256; x_wconf 91' lang='lat' dir='ltr'>unius</span> <span class='ocrx_word' id='word_1_395' title='bbox 3021 1209 3055 1254; x_wconf 92' lang='lat' dir='ltr'>e</span> <span class='ocrx_word' id='word_1_396' title='bbox 3112 1187 3621 1276; x_wconf 71' lang='lat' dir='ltr'>Magistratibus3</span> <span class='ocrx_word' id='word_1_397' title='bbox 3672 1199 3739 1252; x_wconf 90' lang='lat' dir='ltr'>et</span> <span class='ocrx_word' id='word_1_398' title='bbox 3800 1188 3854 1251; x_wconf 84' lang='lat' dir='ltr'>si</span> 
     </span>
     <span class='ocr_line' id='line_1_68' title="bbox 2263 1274 3857 1366; baseline -0.003 -24"><span class='ocrx_word' id='word_1_399' title='bbox 2263 1277 2610 1343; x_wconf 86' lang='lat' dir='ltr'>contraius</span> <span class='ocrx_word' id='word_1_400' title='bbox 2640 1278 3005 1363; x_wconf 85' lang='lat' dir='ltr'>parochiale</span> <span class='ocrx_word' id='word_1_401' title='bbox 3048 1276 3440 1366; x_wconf 88' lang='lat' dir='ltr'>supradictas</span> <span class='ocrx_word' id='word_1_402' title='bbox 3486 1274 3857 1344; x_wconf 83' lang='lat' dir='ltr'>functiones</span> 
     </span>
     <span class='ocr_line' id='line_1_69' title="bbox 2261 1363 3855 1453; baseline -0.002 -23"><span class='ocrx_word' id='word_1_403' title='bbox 2261 1365 2468 1450; x_wconf 90' lang='lat' dir='ltr'>palam</span> <span class='ocrx_word' id='word_1_404' title='bbox 2518 1376 2581 1430; x_wconf 93' lang='lat' dir='ltr'>et</span> <span class='ocrx_word' id='word_1_405' title='bbox 2627 1364 2909 1451; x_wconf 88' lang='lat' dir='ltr'>publice,</span> <span class='ocrx_word' id='word_1_406' title='bbox 2960 1365 3257 1453; x_wconf 85' lang='lat' dir='ltr'>deposito</span> <span class='ocrx_word' id='word_1_407' title='bbox 3306 1364 3547 1431; x_wconf 84' lang='lat' dir='ltr'>feretro</span> <span class='ocrx_word' id='word_1_408' title='bbox 3580 1365 3643 1430; x_wconf 92' lang='lat' dir='ltr'>in</span> <span class='ocrx_word' id='word_1_409' title='bbox 3676 1363 3855 1446; x_wconf 83' lang='lat' dir='ltr'>vico,</span> 
     </span>
     <span class='ocr_line' id='line_1_70' title="bbox 2264 1450 3856 1605; baseline -0.002 -86"><span class='ocrx_word' id='word_1_410' title='bbox 2264 1455 2470 1605; x_wconf 56' lang='lat' dir='ltr'>tanei-3</span> <span class='ocrx_word' id='word_1_411' title='bbox 2516 1462 2947 1540; x_wconf 89' lang='lat' dir='ltr'>praesumant,</span> <span class='ocrx_word' id='word_1_412' title='bbox 2978 1471 3248 1538; x_wconf 88' lang='lat' dir='ltr'>quanam</span> <span class='ocrx_word' id='word_1_413' title='bbox 3281 1472 3484 1542; x_wconf 87' lang='lat' dir='ltr'>poena</span> <span class='ocrx_word' id='word_1_414' title='bbox 3516 1450 3856 1541; x_wconf 86' lang='lat' dir='ltr'>plectendi</span> 
     </span>
     <span class='ocr_line' id='line_1_71' title="bbox 2263 1549 3682 1608; baseline -0.001 -2"><span class='ocrx_word' id='word_1_415' title='bbox 2263 1552 2411 1608; x_wconf 88' lang='lat' dir='ltr'>sunt</span> <span class='ocrx_word' id='word_1_416' title='bbox 3664 1549 3682 1569; x_wconf 79' lang='lat'><em>⁶</em></span> 
     </span>
    </p>

    <p class='ocr_par' dir='ltr' id='par_1_11' title="bbox 2260 1626 3857 1893">
     <span class='ocr_line' id='line_1_72' title="bbox 2392 1626 3855 1715; baseline -0.003 -20"><span class='ocrx_word' id='word_1_417' title='bbox 2392 1633 2473 1695; x_wconf 92' lang='lat' dir='ltr'>Et</span> <span class='ocrx_word' id='word_1_418' title='bbox 2518 1630 2584 1697; x_wconf 88' lang='lat' dir='ltr'>S.</span> <span class='ocrx_word' id='word_1_419' title='bbox 2618 1634 2695 1696; x_wconf 78' lang='lat' dir='ltr'><strong>R.</strong></span> <span class='ocrx_word' id='word_1_420' title='bbox 2731 1632 2834 1713; x_wconf 87' lang='lat' dir='ltr'>C.,</span> <span class='ocrx_word' id='word_1_421' title='bbox 2869 1628 3089 1695; x_wconf 89' lang='lat' dir='ltr'>audito</span> <span class='ocrx_word' id='word_1_422' title='bbox 3133 1628 3312 1715; x_wconf 88' lang='lat' dir='ltr'>prius</span> <span class='ocrx_word' id='word_1_423' title='bbox 3357 1639 3509 1696; x_wconf 80' lang='lat' dir='ltr'>voto</span> <span class='ocrx_word' id='word_1_424' title='bbox 3540 1626 3733 1694; x_wconf 85' lang='lat' dir='ltr'>unius</span> <span class='ocrx_word' id='word_1_425' title='bbox 3766 1646 3855 1691; x_wconf 81' lang='lat' dir='ltr'>ex</span> 
     </span>
     <span class='ocr_line' id='line_1_73' title="bbox 2261 1715 3857 1806; baseline -0.003 -22"><span class='ocrx_word' id='word_1_426' title='bbox 2261 1716 2766 1804; x_wconf 78' lang='lat' dir='ltr'>Apostolicarum</span> <span class='ocrx_word' id='word_1_427' title='bbox 2789 1719 3345 1785; x_wconf 78' lang='lat' dir='ltr'>eaeremoniarum</span> <span class='ocrx_word' id='word_1_428' title='bbox 3381 1715 3712 1806; x_wconf 73' lang='lat' dir='ltr'>MagistriS,</span> <span class='ocrx_word' id='word_1_429' title='bbox 3748 1735 3857 1780; x_wconf 90' lang='lat' dir='ltr'>re-</span> 
     </span>
     <span class='ocr_line' id='line_1_74' title="bbox 2260 1804 3059 1893; baseline -0.001 -23"><span class='ocrx_word' id='word_1_430' title='bbox 2260 1804 2715 1893; x_wconf 87' lang='lat' dir='ltr'>spondendum</span> <span class='ocrx_word' id='word_1_431' title='bbox 2761 1806 3059 1872; x_wconf 80' lang='lat' dir='ltr'>censuit:</span> 
     </span>
    </p>

    <p class='ocr_par' dir='ltr' id='par_1_12' title="bbox 2259 1893 3862 3743">
     <span class='ocr_line' id='line_1_75' title="bbox 2396 1893 3857 1982; baseline -0.002 -22"><span class='ocrx_word' id='word_1_432' title='bbox 2396 1894 2489 1960; x_wconf 82' lang='lat' dir='ltr'>Ad</span> <span class='ocrx_word' id='word_1_433' title='bbox 2545 1897 2603 1959; x_wconf 82' lang='lat'><strong>1.</strong></span> <span class='ocrx_word' id='word_1_434' title='bbox 2653 1915 2693 1957; x_wconf 63' lang='grc' dir='ltr'>ι</span> <span class='ocrx_word' id='word_1_435' title='bbox 2720 1893 2851 1959; x_wconf 87' lang='lat' dir='ltr'>Etsi</span> <span class='ocrx_word' id='word_1_436' title='bbox 2882 1893 3217 1979; x_wconf 90' lang='lat' dir='ltr'>aliquando</span> <span class='ocrx_word' id='word_1_437' title='bbox 3250 1893 3653 1982; x_wconf 88' lang='lat' dir='ltr'>praeceperit</span> <span class='ocrx_word' id='word_1_438' title='bbox 3692 1893 3857 1961; x_wconf 83' lang='lat' dir='ltr'>haec</span> 
     </span>
     <span class='ocr_line' id='line_1_76' title="bbox 2264 1977 3856 2070; baseline -0.002 -22"><span class='ocrx_word' id='word_1_439' title='bbox 2264 1985 2330 2049; x_wconf 90' lang='lat' dir='ltr'>S.</span> <span class='ocrx_word' id='word_1_440' title='bbox 2382 1986 2455 2049; x_wconf 88' lang='lat' dir='ltr'>R.</span> <span class='ocrx_word' id='word_1_441' title='bbox 2507 1977 2585 2049; x_wconf 66' lang='lat' dir='ltr'><strong>C.</strong></span> <span class='ocrx_word' id='word_1_442' title='bbox 2644 1981 2814 2068; x_wconf 89' lang='lat' dir='ltr'>quod</span> <span class='ocrx_word' id='word_1_443' title='bbox 2882 1981 2943 2046; x_wconf 91' lang='lat' dir='ltr'>in</span> <span class='ocrx_word' id='word_1_444' title='bbox 3008 1981 3201 2047; x_wconf 83' lang='lat' dir='ltr'>Altari</span> <span class='ocrx_word' id='word_1_445' title='bbox 3261 1984 3367 2050; x_wconf 91' lang='lat' dir='ltr'>ubi</span> <span class='ocrx_word' id='word_1_446' title='bbox 3435 1994 3529 2048; x_wconf 83' lang='lat' dir='ltr'>est</span> <span class='ocrx_word' id='word_1_447' title='bbox 3584 1981 3856 2070; x_wconf 83' lang='lat' dir='ltr'>publice</span> 
     </span>
     <span class='ocr_line' id='line_1_77' title="bbox 2263 2068 3858 2158; baseline -0.003 -21"><span class='ocrx_word' id='word_1_448' title='bbox 2263 2068 2621 2158; x_wconf 88' lang='lat' dir='ltr'>expositum</span> <span class='ocrx_word' id='word_1_449' title='bbox 2672 2072 2936 2137; x_wconf 75' lang='lat' dir='ltr'>SSfimm</span> <span class='ocrx_word' id='word_1_450' title='bbox 2986 2072 3492 2154; x_wconf 89' lang='lat' dir='ltr'>Sacramentum,</span> <span class='ocrx_word' id='word_1_451' title='bbox 3552 2083 3858 2156; x_wconf 86' lang='lat' dir='ltr'>tempore</span> 
     </span>
     <span class='ocr_line' id='line_1_78' title="bbox 2262 2157 3857 2243; baseline -0.003 -17"><span class='ocrx_word' id='word_1_452' title='bbox 2262 2157 2598 2243; x_wconf 85' lang='lat' dir='ltr'>Sacrificii,</span> <span class='ocrx_word' id='word_1_453' title='bbox 2646 2160 2819 2225; x_wconf 81' lang='lat' dir='ltr'>Crux</span> <span class='ocrx_word' id='word_1_454' title='bbox 2875 2157 2959 2223; x_wconf 90' lang='lat' dir='ltr'>de</span> <span class='ocrx_word' id='word_1_455' title='bbox 3021 2176 3201 2223; x_wconf 90' lang='lat' dir='ltr'>more</span> <span class='ocrx_word' id='word_1_456' title='bbox 3262 2158 3662 2236; x_wconf 82' lang='lat' dir='ltr'>collocetur3</span> <span class='ocrx_word' id='word_1_457' title='bbox 3720 2175 3857 2222; x_wconf 88' lang='lat' dir='ltr'>non</span> 
     </span>
     <span class='ocr_line' id='line_1_79' title="bbox 2268 2245 3862 2314; baseline -0.003 -1"><span class='ocrx_word' id='word_1_458' title='bbox 2268 2260 2364 2314; x_wconf 90' lang='lat' dir='ltr'>est</span> <span class='ocrx_word' id='word_1_459' title='bbox 2424 2255 2636 2311; x_wconf 88' lang='lat' dir='ltr'>tamen</span> <span class='ocrx_word' id='word_1_460' title='bbox 2684 2246 2747 2312; x_wconf 90' lang='lat' dir='ltr'>in</span> <span class='ocrx_word' id='word_1_461' title='bbox 2793 2266 2906 2311; x_wconf 88' lang='lat' dir='ltr'>suo</span> <span class='ocrx_word' id='word_1_462' title='bbox 2970 2245 3203 2311; x_wconf 87' lang='lat' dir='ltr'>robore</span> <span class='ocrx_word' id='word_1_463' title='bbox 3266 2246 3657 2311; x_wconf 86' lang='lat' dir='ltr'>observantia</span> <span class='ocrx_word' id='word_1_464' title='bbox 3710 2245 3862 2310; x_wconf 88' lang='lat' dir='ltr'>talis</span> 
     </span>
     <span class='ocr_line' id='line_1_80' title="bbox 2264 2333 3858 2424; baseline -0.003 -23"><span class='ocrx_word' id='word_1_465' title='bbox 2264 2334 2616 2424; x_wconf 88' lang='lat' dir='ltr'>praecepti.</span> <span class='ocrx_word' id='word_1_466' title='bbox 2683 2337 2761 2400; x_wconf 92' lang='lat' dir='ltr'>Et</span> <span class='ocrx_word' id='word_1_467' title='bbox 2806 2353 2956 2401; x_wconf 87' lang='lat' dir='ltr'>sane</span> <span class='ocrx_word' id='word_1_468' title='bbox 3016 2333 3465 2401; x_wconf 87' lang='lat' dir='ltr'>Patriarchales</span> <span class='ocrx_word' id='word_1_469' title='bbox 3521 2333 3858 2399; x_wconf 82' lang='lat' dir='ltr'>Ecclesiae</span> 
     </span>
     <span class='ocr_line' id='line_1_81' title="bbox 2264 2422 3855 2511; baseline -0.003 -19"><span class='ocrx_word' id='word_1_470' title='bbox 2264 2422 2449 2491; x_wconf 88' lang='lat' dir='ltr'>Urbis</span> <span class='ocrx_word' id='word_1_471' title='bbox 2508 2423 2870 2511; x_wconf 85' lang='lat' dir='ltr'>oppositum</span> <span class='ocrx_word' id='word_1_472' title='bbox 2939 2433 3239 2500; x_wconf 81' lang='lat' dir='ltr'>servant3</span> <span class='ocrx_word' id='word_1_473' title='bbox 3309 2442 3384 2488; x_wconf 87' lang='lat' dir='ltr'>su</span> <span class='ocrx_word' id='word_1_474' title='bbox 3435 2440 3855 2488; x_wconf 85' lang='lat' dir='ltr'>ervacaneam</span> 
     </span>
     <span class='ocr_line' id='line_1_82' title="bbox 2268 2507 3859 2597; baseline -0.003 -17"><span class='ocrx_word' id='word_1_475' title='bbox 2268 2512 2440 2580; x_wconf 88' lang='lat' dir='ltr'>enim</span> <span class='ocrx_word' id='word_1_476' title='bbox 2489 2511 2851 2577; x_wconf 90' lang='lat' dir='ltr'>adiudicant</span> <span class='ocrx_word' id='word_1_477' title='bbox 2896 2509 3187 2597; x_wconf 83' lang='lat' dir='ltr'>Imaginis</span> <span class='ocrx_word' id='word_1_478' title='bbox 3232 2511 3381 2576; x_wconf 85' lang='lat' dir='ltr'>exhi</span> <span class='ocrx_word' id='word_1_479' title='bbox 3432 2507 3693 2576; x_wconf 86' lang='lat' dir='ltr'>itionem</span> <span class='ocrx_word' id='word_1_480' title='bbox 3742 2510 3859 2576; x_wconf 89' lang='lat' dir='ltr'>ubi</span> 
     </span>
     <span class='ocr_line' id='line_1_83' title="bbox 2264 2597 3861 2687; baseline -0.003 -20"><span class='ocrx_word' id='word_1_481' title='bbox 2264 2605 2643 2687; x_wconf 83' lang='lat' dir='ltr'>Prototypus</span> <span class='ocrx_word' id='word_1_482' title='bbox 2686 2597 3005 2664; x_wconf 87' lang='lat' dir='ltr'>adoratur.</span> <span class='ocrx_word' id='word_1_483' title='bbox 3074 2601 3152 2663; x_wconf 87' lang='lat' dir='ltr'>Et</span> <span class='ocrx_word' id='word_1_484' title='bbox 3215 2599 3332 2665; x_wconf 85' lang='lat' dir='ltr'>bac</span> <span class='ocrx_word' id='word_1_485' title='bbox 3377 2599 3459 2667; x_wconf 91' lang='lat' dir='ltr'>de</span> <span class='ocrx_word' id='word_1_486' title='bbox 3521 2618 3705 2664; x_wconf 87' lang='lat' dir='ltr'>causa</span> <span class='ocrx_word' id='word_1_487' title='bbox 3752 2602 3861 2664; x_wconf 89' lang='lat' dir='ltr'>ln-</span> 
     </span>
     <span class='ocr_line' id='line_1_84' title="bbox 2260 2686 3857 2774; baseline 0 -22"><span class='ocrx_word' id='word_1_488' title='bbox 2260 2689 2525 2754; x_wconf 89' lang='lat' dir='ltr'>structio</span> <span class='ocrx_word' id='word_1_489' title='bbox 2570 2705 2688 2774; x_wconf 91' lang='lat' dir='ltr'>pro</span> <span class='ocrx_word' id='word_1_490' title='bbox 2744 2686 3040 2752; x_wconf 85' lang='lat' dir='ltr'>Oratione</span> <span class='ocrx_word' id='word_1_491' title='bbox 3087 2686 3497 2774; x_wconf 89' lang='lat' dir='ltr'>quadraginta</span> <span class='ocrx_word' id='word_1_492' title='bbox 3546 2687 3857 2752; x_wconf 85' lang='lat' dir='ltr'>horarum</span> 
     </span>
     <span class='ocr_line' id='line_1_85' title="bbox 2260 2772 3861 2857; baseline -0.002 -14"><span class='ocrx_word' id='word_1_493' title='bbox 2260 2773 2610 2843; x_wconf 80' lang='lat' dir='ltr'>Clementis</span> <span class='ocrx_word' id='word_1_494' title='bbox 2669 2777 2772 2857; x_wconf 82' lang='lat' dir='ltr'>Xl,</span> <span class='ocrx_word' id='word_1_495' title='bbox 2838 2772 3161 2840; x_wconf 86' lang='lat' dir='ltr'>Benedicti</span> <span class='ocrx_word' id='word_1_496' title='bbox 3224 2778 3358 2841; x_wconf 85' lang='lat' dir='ltr'>Xlll</span> <span class='ocrx_word' id='word_1_497' title='bbox 3423 2785 3489 2840; x_wconf 92' lang='lat' dir='ltr'>et</span> <span class='ocrx_word' id='word_1_498' title='bbox 3546 2774 3861 2841; x_wconf 86' lang='lat' dir='ltr'>Clemen-</span> 
     </span>
     <span class='ocr_line' id='line_1_86' title="bbox 2266 2861 3855 2947; baseline -0.002 -16"><span class='ocrx_word' id='word_1_499' title='bbox 2266 2865 2342 2931; x_wconf 89' lang='lat' dir='ltr'>tis</span> <span class='ocrx_word' id='word_1_500' title='bbox 2387 2867 2496 2931; x_wconf 82' lang='lat' dir='ltr'>Xll</span> <span class='ocrx_word' id='word_1_501' title='bbox 2542 2865 2952 2929; x_wconf 87' lang='lat' dir='ltr'>Summorum</span> <span class='ocrx_word' id='word_1_502' title='bbox 3004 2861 3383 2930; x_wconf 84' lang='lat' dir='ltr'>Pontificum</span> <span class='ocrx_word' id='word_1_503' title='bbox 3430 2863 3603 2929; x_wconf 87' lang='lat' dir='ltr'>iussu</span> <span class='ocrx_word' id='word_1_504' title='bbox 3650 2861 3855 2947; x_wconf 86' lang='lat' dir='ltr'>edita,</span> 
     </span>
     <span class='ocr_line' id='line_1_87' title="bbox 2261 2949 3860 3041; baseline -0.003 -20"><span class='ocrx_word' id='word_1_505' title='bbox 2261 2952 2380 3021; x_wconf 91' lang='lat' dir='ltr'>sub</span> <span class='ocrx_word' id='word_1_506' title='bbox 2424 2952 2678 3018; x_wconf 90' lang='lat' dir='ltr'>silentio</span> <span class='ocrx_word' id='word_1_507' title='bbox 2722 2949 3029 3041; x_wconf 88' lang='lat' dir='ltr'>praeterit</span> <span class='ocrx_word' id='word_1_508' title='bbox 3074 2968 3153 3015; x_wconf 91' lang='lat' dir='ltr'>an</span> <span class='ocrx_word' id='word_1_509' title='bbox 3203 2951 3463 3019; x_wconf 85' lang='lat' dir='ltr'>locanda</span> <span class='ocrx_word' id='word_1_510' title='bbox 3510 2967 3860 3018; x_wconf 87' lang='lat' dir='ltr'>removen-</span> 
     </span>
     <span class='ocr_line' id='line_1_88' title="bbox 2261 3038 3859 3126; baseline -0.002 -16"><span class='ocrx_word' id='word_1_511' title='bbox 2261 3044 2419 3110; x_wconf 89' lang='lat' dir='ltr'>dave</span> <span class='ocrx_word' id='word_1_512' title='bbox 2468 3042 2549 3107; x_wconf 85' lang='lat' dir='ltr'>sit</span> <span class='ocrx_word' id='word_1_513' title='bbox 2588 3038 2954 3108; x_wconf 85' lang='lat' dir='ltr'>huiusmodi</span> <span class='ocrx_word' id='word_1_514' title='bbox 2984 3043 3182 3123; x_wconf 78' lang='lat' dir='ltr'>Crux,</span> <span class='ocrx_word' id='word_1_515' title='bbox 3215 3039 3586 3126; x_wconf 89' lang='lat' dir='ltr'>relinquens</span> <span class='ocrx_word' id='word_1_516' title='bbox 3619 3058 3859 3126; x_wconf 89' lang='lat' dir='ltr'>quem-</span> 
     </span>
     <span class='ocr_line' id='line_1_89' title="bbox 2261 3128 3859 3218; baseline -0.001 -22"><span class='ocrx_word' id='word_1_517' title='bbox 2261 3132 2421 3198; x_wconf 88' lang='lat' dir='ltr'>libet</span> <span class='ocrx_word' id='word_1_518' title='bbox 2468 3130 2533 3196; x_wconf 91' lang='lat' dir='ltr'>in</span> <span class='ocrx_word' id='word_1_519' title='bbox 2577 3149 2687 3195; x_wconf 89' lang='lat' dir='ltr'>sua</span> <span class='ocrx_word' id='word_1_520' title='bbox 2734 3128 2937 3218; x_wconf 81' lang='lat' dir='ltr'>praxi.</span> <span class='ocrx_word' id='word_1_521' title='bbox 2970 3165 3014 3175; x_wconf 89' lang='lat'>—</span> <span class='ocrx_word' id='word_1_522' title='bbox 3042 3128 3730 3195; x_wconf 78' lang='lat' dir='ltr'>commemorationem</span> <span class='ocrx_word' id='word_1_523' title='bbox 3764 3131 3859 3195; x_wconf 88' lang='lat' dir='ltr'>de</span> 
     </span>
     <span class='ocr_line' id='line_1_90' title="bbox 2261 3214 3858 3304; baseline -0.003 -19"><span class='ocrx_word' id='word_1_524' title='bbox 2261 3222 2372 3287; x_wconf 87' lang='grc'>88.</span> <span class='ocrx_word' id='word_1_525' title='bbox 2420 3222 2827 3285; x_wconf 89' lang='lat' dir='ltr'>Sacramento</span> <span class='ocrx_word' id='word_1_526' title='bbox 2874 3235 3059 3304; x_wconf 88' lang='lat' dir='ltr'>posse</span> <span class='ocrx_word' id='word_1_527' title='bbox 3109 3214 3245 3282; x_wconf 82' lang='lat' dir='ltr'>fieri</span> <span class='ocrx_word' id='word_1_528' title='bbox 3295 3215 3360 3282; x_wconf 90' lang='lat' dir='ltr'>in</span> <span class='ocrx_word' id='word_1_529' title='bbox 3404 3216 3581 3283; x_wconf 75' lang='lat' dir='ltr'>Missa</span> <span class='ocrx_word' id='word_1_530' title='bbox 3614 3216 3701 3283; x_wconf 90' lang='lat' dir='ltr'>de</span> <span class='ocrx_word' id='word_1_531' title='bbox 3734 3221 3858 3299; x_wconf 79' lang='lat' dir='ltr'>Fe-</span> 
     </span>
     <span class='ocr_line' id='line_1_91' title="bbox 2259 3303 3856 3393; baseline -0.003 -19"><span class='ocrx_word' id='word_1_532' title='bbox 2259 3318 2357 3374; x_wconf 89' lang='lat' dir='ltr'>sto</span> <span class='ocrx_word' id='word_1_533' title='bbox 2404 3305 2675 3392; x_wconf 88' lang='lat' dir='ltr'>duplici,</span> <span class='ocrx_word' id='word_1_534' title='bbox 2708 3322 2838 3371; x_wconf 91' lang='lat' dir='ltr'>non</span> <span class='ocrx_word' id='word_1_535' title='bbox 2871 3314 3079 3370; x_wconf 90' lang='lat' dir='ltr'>tamen</span> <span class='ocrx_word' id='word_1_536' title='bbox 3113 3303 3353 3393; x_wconf 88' lang='lat' dir='ltr'>primae</span> <span class='ocrx_word' id='word_1_537' title='bbox 3385 3304 3489 3371; x_wconf 89' lang='lat' dir='ltr'>vel</span> <span class='ocrx_word' id='word_1_538' title='bbox 3523 3304 3856 3371; x_wconf 85' lang='lat' dir='ltr'>secundae</span> 
     </span>
     <span class='ocr_line' id='line_1_92' title="bbox 2263 3392 3859 3478; baseline -0.003 -17"><span class='ocrx_word' id='word_1_539' title='bbox 2263 3394 2501 3478; x_wconf 76' lang='lat' dir='ltr'>classiS,</span> <span class='ocrx_word' id='word_1_540' title='bbox 2552 3393 2922 3461; x_wconf 89' lang='lat' dir='ltr'>iamdudum</span> <span class='ocrx_word' id='word_1_541' title='bbox 2971 3395 3040 3461; x_wconf 87' lang='lat' dir='ltr'>S.</span> <span class='ocrx_word' id='word_1_542' title='bbox 3092 3392 3245 3460; x_wconf 87' lang='lat' dir='ltr'>haec</span> <span class='ocrx_word' id='word_1_543' title='bbox 3290 3396 3362 3459; x_wconf 87' lang='lat' dir='ltr'><strong>C.</strong></span> <span class='ocrx_word' id='word_1_544' title='bbox 3399 3392 3768 3459; x_wconf 82' lang='lat' dir='ltr'>declaravit.</span> <span class='ocrx_word' id='word_1_545' title='bbox 3807 3428 3859 3442; x_wconf 89' lang='lat'>-</span> 
     </span>
     <span class='ocr_line' id='line_1_93' title="bbox 2262 3479 3858 3567; baseline -0.003 -17"><span class='ocrx_word' id='word_1_546' title='bbox 2262 3487 2635 3550; x_wconf 88' lang='lat' dir='ltr'>Sanctorum</span> <span class='ocrx_word' id='word_1_547' title='bbox 2690 3479 3015 3567; x_wconf 84' lang='lat' dir='ltr'>Reliquiae</span> <span class='ocrx_word' id='word_1_548' title='bbox 3071 3499 3198 3546; x_wconf 90' lang='lat' dir='ltr'>non</span> <span class='ocrx_word' id='word_1_549' title='bbox 3242 3491 3394 3549; x_wconf 89' lang='lat' dir='ltr'>sunt</span> <span class='ocrx_word' id='word_1_550' title='bbox 3440 3482 3858 3547; x_wconf 89' lang='lat' dir='ltr'>collocandae</span> 
     </span>
     <span class='ocr_line' id='line_1_94' title="bbox 2261 3569 3856 3671; baseline -0.002 -34"><span class='ocrx_word' id='word_1_551' title='bbox 2261 3587 2459 3671; x_wconf 83' lang='lat' dir='ltr'>super</span> <span class='ocrx_word' id='word_1_552' title='bbox 2506 3570 2746 3652; x_wconf 79' lang='lat' dir='ltr'>Altare,</span> <span class='ocrx_word' id='word_1_553' title='bbox 2799 3569 2863 3634; x_wconf 92' lang='lat' dir='ltr'>in</span> <span class='ocrx_word' id='word_1_554' title='bbox 2908 3588 3037 3653; x_wconf 88' lang='lat' dir='ltr'>quo</span> <span class='ocrx_word' id='word_1_555' title='bbox 3069 3571 3184 3635; x_wconf 90' lang='lat' dir='ltr'>SS.</span> <span class='ocrx_word' id='word_1_556' title='bbox 3218 3572 3694 3635; x_wconf 86' lang='lat' dir='ltr'>Sacramentum</span> <span class='ocrx_word' id='word_1_557' title='bbox 3731 3588 3856 3656; x_wconf 91' lang='lat' dir='ltr'>pu-</span> 
     </span>
     <span class='ocr_line' id='line_1_95' title="bbox 2264 3656 3556 3743; baseline -0.003 -19"><span class='ocrx_word' id='word_1_558' title='bbox 2264 3658 2467 3724; x_wconf 81' lang='lat' dir='ltr'>blicae</span> <span class='ocrx_word' id='word_1_559' title='bbox 2512 3657 2907 3724; x_wconf 86' lang='lat' dir='ltr'>venerationi</span> <span class='ocrx_word' id='word_1_560' title='bbox 2956 3669 3051 3722; x_wconf 89' lang='lat' dir='ltr'>est</span> <span class='ocrx_word' id='word_1_561' title='bbox 3098 3656 3458 3743; x_wconf 82' lang='lat' dir='ltr'>expositum</span> <span class='ocrx_word' id='word_1_562' title='bbox 3494 3678 3556 3720; x_wconf 68' lang='grc' dir='ltr'>ιν.</span> 
     </span>
    </p>

    <p class='ocr_par' dir='ltr' id='par_1_13' title="bbox 2262 3743 3855 4095">
     <span class='ocr_line' id='line_1_96' title="bbox 2396 3743 3855 3812; baseline 0 -2"><span class='ocrx_word' id='word_1_563' title='bbox 2396 3746 2491 3812; x_wconf 82' lang='lat' dir='ltr'>Ad</span> <span class='ocrx_word' id='word_1_564' title='bbox 2525 3750 2589 3812; x_wconf 78' lang='lat'><strong>2.</strong></span> <span class='ocrx_word' id='word_1_565' title='bbox 2619 3767 2659 3810; x_wconf 65' lang='grc' dir='ltr'><strong><em>ι</em></strong></span> <span class='ocrx_word' id='word_1_566' title='bbox 2680 3743 3152 3811; x_wconf 76' lang='lat' dir='ltr'>Affirmative.‘—-</span> <span class='ocrx_word' id='word_1_567' title='bbox 3168 3745 3377 3810; x_wconf 83' lang='lat' dir='ltr'>Tertia</span> <span class='ocrx_word' id='word_1_568' title='bbox 3401 3754 3614 3811; x_wconf 89' lang='lat' dir='ltr'>autem</span> <span class='ocrx_word' id='word_1_569' title='bbox 3638 3744 3855 3811; x_wconf 88' lang='lat' dir='ltr'>Oratio</span> 
     </span>
     <span class='ocr_line' id='line_1_97' title="bbox 2262 3831 3855 3920; baseline -0.003 -17"><span class='ocrx_word' id='word_1_570' title='bbox 2262 3835 2527 3903; x_wconf 89' lang='lat' dir='ltr'>dicenda</span> <span class='ocrx_word' id='word_1_571' title='bbox 2561 3834 2638 3901; x_wconf 91' lang='lat' dir='ltr'>ad</span> <span class='ocrx_word' id='word_1_572' title='bbox 2674 3831 2924 3899; x_wconf 89' lang='lat' dir='ltr'>libitum</span> <span class='ocrx_word' id='word_1_573' title='bbox 2950 3831 3308 3899; x_wconf 88' lang='lat' dir='ltr'>Sacerdotis</span> <span class='ocrx_word' id='word_1_574' title='bbox 3330 3842 3543 3920; x_wconf 90' lang='lat' dir='ltr'>potest</span> <span class='ocrx_word' id='word_1_575' title='bbox 3575 3851 3716 3898; x_wconf 87' lang='lat' dir='ltr'>esse</span> <span class='ocrx_word' id='word_1_576' title='bbox 3741 3836 3855 3900; x_wconf 81' lang='lat' dir='ltr'>vel</span> 
     </span>
     <span class='ocr_line' id='line_1_98' title="bbox 2263 3921 3852 4004; baseline -0.001 -15"><span class='ocrx_word' id='word_1_577' title='bbox 2263 3924 2345 3989; x_wconf 91' lang='lat' dir='ltr'>de</span> <span class='ocrx_word' id='word_1_578' title='bbox 2393 3924 2647 4004; x_wconf 86' lang='lat' dir='ltr'>Sancto,</span> <span class='ocrx_word' id='word_1_579' title='bbox 2683 3921 2785 3986; x_wconf 90' lang='lat' dir='ltr'>vel</span> <span class='ocrx_word' id='word_1_580' title='bbox 2822 3921 2905 3986; x_wconf 91' lang='lat' dir='ltr'>de</span> <span class='ocrx_word' id='word_1_581' title='bbox 2938 3923 3130 3987; x_wconf 80' lang='grc' dir='ltr'>88ῶο</span> <span class='ocrx_word' id='word_1_582' title='bbox 3154 3923 3588 4004; x_wconf 84' lang='lat' dir='ltr'>sacramento,</span> <span class='ocrx_word' id='word_1_583' title='bbox 3623 3922 3727 3987; x_wconf 90' lang='lat' dir='ltr'>vel</span> <span class='ocrx_word' id='word_1_584' title='bbox 3765 3921 3852 3987; x_wconf 89' lang='lat' dir='ltr'>de</span> 
     </span>
     <span class='ocr_line' id='line_1_99' title="bbox 2263 4008 3849 4095; baseline -0.002 -18"><span class='ocrx_word' id='word_1_585' title='bbox 2263 4015 2554 4095; x_wconf 89' lang='lat' dir='ltr'>Patrono,</span> <span class='ocrx_word' id='word_1_586' title='bbox 2580 4008 2686 4074; x_wconf 83' lang='lat' dir='ltr'>vel</span> <span class='ocrx_word' id='word_1_587' title='bbox 2715 4010 2799 4075; x_wconf 89' lang='lat' dir='ltr'>de</span> <span class='ocrx_word' id='word_1_588' title='bbox 2824 4009 3135 4091; x_wconf 87' lang='lat' dir='ltr'>Passione,</span> <span class='ocrx_word' id='word_1_589' title='bbox 3163 4009 3266 4073; x_wconf 84' lang='lat' dir='ltr'>vel</span> <span class='ocrx_word' id='word_1_590' title='bbox 3293 4008 3375 4076; x_wconf 90' lang='lat' dir='ltr'>de</span> <span class='ocrx_word' id='word_1_591' title='bbox 3400 4012 3604 4076; x_wconf 87' lang='lat' dir='ltr'>Gruce</span> <span class='ocrx_word' id='word_1_592' title='bbox 3629 4017 3758 4075; x_wconf 88' lang='lat' dir='ltr'>etc.</span> <span class='ocrx_word' id='word_1_593' title='bbox 3782 4031 3849 4074; x_wconf 81' lang='lat'><strong>».</strong></span> 
     </span>
    </p>

    <p class='ocr_par' dir='ltr' id='par_1_14' title="bbox 2261 4096 3856 4449">
     <span class='ocr_line' id='line_1_100' title="bbox 2396 4096 3853 4174; baseline -0.001 -9"><span class='ocrx_word' id='word_1_594' title='bbox 2396 4097 2492 4165; x_wconf 84' lang='lat' dir='ltr'>Ad</span> <span class='ocrx_word' id='word_1_595' title='bbox 2527 4102 2592 4164; x_wconf 81' lang='lat'><strong>3.</strong></span> <span class='ocrx_word' id='word_1_596' title='bbox 2627 4120 2664 4163; x_wconf 83' lang='lat'><strong>‹</strong></span> <span class='ocrx_word' id='word_1_597' title='bbox 2685 4096 3099 4163; x_wconf 76' lang='lat' dir='ltr'>Affirmative.</span> <span class='ocrx_word' id='word_1_598' title='bbox 3122 4132 3167 4145; x_wconf 89' lang='lat'>—·</span> <span class='ocrx_word' id='word_1_599' title='bbox 3188 4097 3402 4174; x_wconf 85' lang='lat' dir='ltr'>Quoad</span> <span class='ocrx_word' id='word_1_600' title='bbox 3427 4096 3853 4163; x_wconf 89' lang='lat' dir='ltr'>mutationem</span> 
     </span>
     <span class='ocr_line' id='line_1_101' title="bbox 2264 4184 3856 4271; baseline -0.001 -17"><span class='ocrx_word' id='word_1_601' title='bbox 2264 4186 2612 4254; x_wconf 81' lang='lat' dir='ltr'>faciendam</span> <span class='ocrx_word' id='word_1_602' title='bbox 2660 4187 2724 4253; x_wconf 93' lang='lat' dir='ltr'>in</span> <span class='ocrx_word' id='word_1_603' title='bbox 2762 4187 3009 4271; x_wconf 80' lang='lat' dir='ltr'>Hymno</span> <span class='ocrx_word' id='word_1_604' title='bbox 3054 4187 3177 4252; x_wconf 80' lang='lat' dir='ltr'>Iste</span> <span class='ocrx_word' id='word_1_605' title='bbox 3213 4187 3539 4271; x_wconf 72' lang='lat' dir='ltr'>Censes-sor</span> <span class='ocrx_word' id='word_1_606' title='bbox 3569 4193 3686 4250; x_wconf 81' lang='lat' dir='ltr'>etc.</span> <span class='ocrx_word' id='word_1_607' title='bbox 3740 4184 3856 4252; x_wconf 87' lang='lat' dir='ltr'>fiat</span> 
     </span>
     <span class='ocr_line' id='line_1_102' title="bbox 2263 4272 3853 4361; baseline -0.003 -18"><span class='ocrx_word' id='word_1_608' title='bbox 2263 4277 2421 4343; x_wconf 88' lang='lat' dir='ltr'>baec</span> <span class='ocrx_word' id='word_1_609' title='bbox 2481 4276 2733 4361; x_wconf 89' lang='lat' dir='ltr'>quando</span> <span class='ocrx_word' id='word_1_610' title='bbox 2792 4293 2823 4337; x_wconf 90' lang='lat' dir='ltr'>a</span> <span class='ocrx_word' id='word_1_611' title='bbox 2871 4272 3170 4339; x_wconf 88' lang='lat' dir='ltr'>Breviarii</span> <span class='ocrx_word' id='word_1_612' title='bbox 3232 4272 3500 4339; x_wconf 83' lang='lat' dir='ltr'>Rubrica</span> <span class='ocrx_word' id='word_1_613' title='bbox 3566 4272 3853 4339; x_wconf 89' lang='lat' dir='ltr'>iniuncta</span> 
     </span>
     <span class='ocr_line' id='line_1_103' title="bbox 2261 4360 3852 4449; baseline -0.002 -19"><span class='ocrx_word' id='word_1_614' title='bbox 2261 4376 2382 4431; x_wconf 89' lang='lat' dir='ltr'>est.</span> <span class='ocrx_word' id='word_1_615' title='bbox 2430 4365 2560 4429; x_wconf 88' lang='lat' dir='ltr'>Nec</span> <span class='ocrx_word' id='word_1_616' title='bbox 2605 4361 2926 4449; x_wconf 88' lang='lat' dir='ltr'>praedicta</span> <span class='ocrx_word' id='word_1_617' title='bbox 2973 4360 3237 4427; x_wconf 89' lang='lat' dir='ltr'>mutatio</span> <span class='ocrx_word' id='word_1_618' title='bbox 3285 4361 3396 4428; x_wconf 88' lang='lat' dir='ltr'>fiet</span> <span class='ocrx_word' id='word_1_619' title='bbox 3442 4362 3693 4447; x_wconf 88' lang='lat' dir='ltr'>quando</span> <span class='ocrx_word' id='word_1_620' title='bbox 3741 4362 3852 4428; x_wconf 85' lang='lat' dir='ltr'>Of-</span> 
     </span>
    </p>
   </div>
   <div class='ocr_carea' id='block_1_4' title="bbox 2212 4449 3849 4521">
    <p class='ocr_par' dir='ltr' id='par_1_15' title="bbox 2212 4449 3849 4521">
     <span class='ocr_line' id='line_1_104' title="bbox 2212 4449 3849 4521; baseline -0.004 0"><span class='ocrx_word' id='word_1_621' title='bbox 2212 4514 2217 4521; x_wconf 89' lang='lat'><strong>.</strong></span> <span class='ocrx_word' id='word_1_622' title='bbox 2264 4451 2477 4519; x_wconf 87' lang='lat' dir='ltr'>ficium</span> <span class='ocrx_word' id='word_1_623' title='bbox 2556 4450 2857 4517; x_wconf 87' lang='lat' dir='ltr'>festivum</span> <span class='ocrx_word' id='word_1_624' title='bbox 2926 4449 3134 4515; x_wconf 86' lang='lat' dir='ltr'>Sancti</span> <span class='ocrx_word' id='word_1_625' title='bbox 3202 4449 3492 4516; x_wconf 88' lang='lat' dir='ltr'>habentis</span> <span class='ocrx_word' id='word_1_626' title='bbox 3559 4460 3849 4516; x_wconf 77' lang='lat' dir='ltr'>octavam</span> 
     </span>
    </p>
   </div>
   <div class='ocr_carea' id='block_1_5' title="bbox 2263 4532 3899 5507">
    <p class='ocr_par' dir='ltr' id='par_1_16' title="bbox 2263 4532 3899 5330">
     <span class='ocr_line' id='line_1_105' title="bbox 2263 4532 3899 4622; baseline -0.003 -15"><span class='ocrx_word' id='word_1_627' title='bbox 2263 4560 2388 4608; x_wconf 92' lang='lat' dir='ltr'>non</span> <span class='ocrx_word' id='word_1_628' title='bbox 2450 4539 2612 4605; x_wconf 88' lang='lat' dir='ltr'>ultra</span> <span class='ocrx_word' id='word_1_629' title='bbox 2675 4548 2958 4604; x_wconf 85' lang='lat' dir='ltr'>octavam</span> <span class='ocrx_word' id='word_1_630' title='bbox 3022 4535 3435 4616; x_wconf 79' lang='lat' dir='ltr'>transfertur3</span> <span class='ocrx_word' id='word_1_631' title='bbox 3499 4532 3642 4622; x_wconf 80' lang='lat' dir='ltr'>qu‘ia</span> <span class='ocrx_word' id='word_1_632' title='bbox 3718 4549 3899 4602; x_wconf 87' lang='lat' dir='ltr'>tota·</span> 
     </span>
     <span class='ocr_line' id='line_1_106' title="bbox 2265 4623 3851 4711; baseline -0.003 -16"><span class='ocrx_word' id='word_1_633' title='bbox 2265 4638 2479 4695; x_wconf 84' lang='lat' dir='ltr'>octava</span> <span class='ocrx_word' id='word_1_634' title='bbox 2526 4624 2683 4692; x_wconf 86' lang='lat' dir='ltr'>nihil</span> <span class='ocrx_word' id='word_1_635' title='bbox 2730 4624 2901 4691; x_wconf 90' lang='lat' dir='ltr'>aliud</span> <span class='ocrx_word' id='word_1_636' title='bbox 2952 4634 3046 4690; x_wconf 90' lang='lat' dir='ltr'>est</span> <span class='ocrx_word' id='word_1_637' title='bbox 3090 4642 3277 4711; x_wconf 85' lang='lat' dir='ltr'>quam</span> <span class='ocrx_word' id='word_1_638' title='bbox 3326 4623 3614 4691; x_wconf 79' lang='lat' dir='ltr'>extensio</span> <span class='ocrx_word' id='word_1_639' title='bbox 3648 4625 3851 4711; x_wconf 88' lang='lat' dir='ltr'>ipsius</span> 
     </span>
     <span class='ocr_line' id='line_1_107' title="bbox 2263 4712 3848 4802; baseline -0.003 -20"><span class='ocrx_word' id='word_1_640' title='bbox 2263 4717 2479 4799; x_wconf 81' lang='lat' dir='ltr'>Festi,</span> <span class='ocrx_word' id='word_1_641' title='bbox 2531 4724 2597 4781; x_wconf 89' lang='lat' dir='ltr'>et</span> <span class='ocrx_word' id='word_1_642' title='bbox 2653 4712 2804 4781; x_wconf 89' lang='lat' dir='ltr'>ideo</span> <span class='ocrx_word' id='word_1_643' title='bbox 2862 4730 3083 4778; x_wconf 88' lang='lat' dir='ltr'>versus</span> <span class='ocrx_word' id='word_1_644' title='bbox 3142 4714 3313 4779; x_wconf 90' lang='lat' dir='ltr'>idem</span> <span class='ocrx_word' id='word_1_645' title='bbox 3383 4732 3502 4802; x_wconf 90' lang='lat' dir='ltr'>per</span> <span class='ocrx_word' id='word_1_646' title='bbox 3563 4714 3848 4800; x_wconf 88' lang='lat' dir='ltr'>reliquos</span> 
     </span>
     <span class='ocr_line' id='line_1_108' title="bbox 2267 4801 3848 4888; baseline -0.001 -18"><span class='ocrx_word' id='word_1_647' title='bbox 2267 4815 2522 4871; x_wconf 82' lang='lat' dir='ltr'>octavae</span> <span class='ocrx_word' id='word_1_648' title='bbox 2555 4801 2718 4885; x_wconf 88' lang='lat' dir='ltr'>dies,</span> <span class='ocrx_word' id='word_1_649' title='bbox 2754 4802 2865 4888; x_wconf 89' lang='lat' dir='ltr'>qui</span> <span class='ocrx_word' id='word_1_650' title='bbox 2896 4801 3061 4866; x_wconf 88' lang='lat' dir='ltr'>forte</span> <span class='ocrx_word' id='word_1_651' title='bbox 3092 4811 3508 4888; x_wconf 83' lang='lat' dir='ltr'>supererunt,</span> <span class='ocrx_word' id='word_1_652' title='bbox 3535 4803 3848 4869; x_wconf 89' lang='lat' dir='ltr'>retinebi-</span> 
     </span>
     <span class='ocr_line' id='line_1_109' title="bbox 2266 4890 3846 4975; baseline -0.001 -18"><span class='ocrx_word' id='word_1_653' title='bbox 2266 4904 2390 4959; x_wconf 89' lang='lat' dir='ltr'>tur.</span> <span class='ocrx_word' id='word_1_654' title='bbox 2418 4928 2466 4943; x_wconf 88' lang='lat'>-</span> <span class='ocrx_word' id='word_1_655' title='bbox 2494 4897 2561 4959; x_wconf 89' lang='lat' dir='ltr'>ln</span> <span class='ocrx_word' id='word_1_656' title='bbox 2596 4894 2780 4956; x_wconf 80' lang='lat' dir='ltr'>Festo</span> <span class='ocrx_word' id='word_1_657' title='bbox 2806 4890 3102 4956; x_wconf 91' lang='lat' dir='ltr'>translato</span> <span class='ocrx_word' id='word_1_658' title='bbox 3125 4891 3525 4975; x_wconf 79' lang='lat' dir='ltr'>Stygmatum</span> <span class='ocrx_word' id='word_1_659' title='bbox 3561 4892 3624 4957; x_wconf 91' lang='lat' dir='ltr'>S.</span> <span class='ocrx_word' id='word_1_660' title='bbox 3655 4893 3846 4956; x_wconf 82' lang='lat' dir='ltr'>Fran-</span> 
     </span>
     <span class='ocr_line' id='line_1_110' title="bbox 2265 4977 3844 5065; baseline -0.004 -19"><span class='ocrx_word' id='word_1_661' title='bbox 2265 4980 2406 5047; x_wconf 89' lang='lat' dir='ltr'>cisci</span> <span class='ocrx_word' id='word_1_662' title='bbox 2453 4979 2628 5046; x_wconf 87' lang='lat' dir='ltr'>nulla</span> <span class='ocrx_word' id='word_1_663' title='bbox 2677 4990 2773 5044; x_wconf 88' lang='lat' dir='ltr'>est</span> <span class='ocrx_word' id='word_1_664' title='bbox 2821 4977 3101 5044; x_wconf 87' lang='lat' dir='ltr'>facienda</span> <span class='ocrx_word' id='word_1_665' title='bbox 3134 4977 3400 5044; x_wconf 83' lang='lat' dir='ltr'>mutatio</span> <span class='ocrx_word' id='word_1_666' title='bbox 3448 4978 3513 5043; x_wconf 89' lang='lat' dir='ltr'>in</span> <span class='ocrx_word' id='word_1_667' title='bbox 3552 4979 3844 5065; x_wconf 73' lang='lat' dir='ltr'>Hymno;</span> 
     </span>
     <span class='ocr_line' id='line_1_111' title="bbox 2267 5065 3847 5155; baseline -0.003 -21"><span class='ocrx_word' id='word_1_668' title='bbox 2267 5088 2425 5155; x_wconf 88' lang='lat' dir='ltr'>quae</span> <span class='ocrx_word' id='word_1_669' title='bbox 2470 5066 2731 5154; x_wconf 88' lang='lat' dir='ltr'>quidem</span> <span class='ocrx_word' id='word_1_670' title='bbox 2780 5066 3046 5134; x_wconf 89' lang='lat' dir='ltr'>mutatio</span> <span class='ocrx_word' id='word_1_671' title='bbox 3093 5066 3401 5131; x_wconf 83' lang='lat' dir='ltr'>servanda</span> <span class='ocrx_word' id='word_1_672' title='bbox 3436 5065 3626 5132; x_wconf 90' lang='lat' dir='ltr'>estin</span> <span class='ocrx_word' id='word_1_673' title='bbox 3658 5069 3847 5132; x_wconf 83' lang='lat' dir='ltr'>Festo</span> 
     </span>
     <span class='ocr_line' id='line_1_112' title="bbox 2266 5152 3845 5222; baseline -0.003 0"><span class='ocrx_word' id='word_1_674' title='bbox 2266 5160 2330 5222; x_wconf 91' lang='lat' dir='ltr'>S.</span> <span class='ocrx_word' id='word_1_675' title='bbox 2382 5154 2653 5222; x_wconf 88' lang='lat' dir='ltr'>loachim</span> <span class='ocrx_word' id='word_1_676' title='bbox 2702 5155 3023 5221; x_wconf 69' lang='lat' dir='ltr'>[lominica</span> <span class='ocrx_word' id='word_1_677' title='bbox 3071 5152 3226 5220; x_wconf 86' lang='lat' dir='ltr'>infra</span> <span class='ocrx_word' id='word_1_678' title='bbox 3276 5165 3558 5221; x_wconf 85' lang='lat' dir='ltr'>octavam</span> <span class='ocrx_word' id='word_1_679' title='bbox 3586 5154 3845 5219; x_wconf 80' lang='lat' dir='ltr'>Assum·</span> 
     </span>
     <span class='ocr_line' id='line_1_113' title="bbox 2265 5240 3028 5330; baseline -0.001 -23"><span class='ocrx_word' id='word_1_680' title='bbox 2265 5243 2498 5330; x_wconf 87' lang='lat' dir='ltr'>ptionis</span> <span class='ocrx_word' id='word_1_681' title='bbox 2545 5240 2928 5308; x_wconf 90' lang='lat' dir='ltr'>celebrando</span> <span class='ocrx_word' id='word_1_682' title='bbox 2963 5264 3028 5307; x_wconf 60' lang='grc' dir='ltr'>ν.</span> 
     </span>
    </p>

    <p class='ocr_par' dir='ltr' id='par_1_17' title="bbox 2266 5329 3843 5507">
     <span class='ocr_line' id='line_1_114' title="bbox 2397 5329 3842 5398; baseline 0.001 -3"><span class='ocrx_word' id='word_1_683' title='bbox 2397 5330 2493 5397; x_wconf 82' lang='lat' dir='ltr'>Ad</span> <span class='ocrx_word' id='word_1_684' title='bbox 2527 5332 2590 5395; x_wconf 80' lang='lat'><strong>4.</strong></span> <span class='ocrx_word' id='word_1_685' title='bbox 2642 5350 2679 5393; x_wconf 82' lang='lat'><strong>‹</strong></span> <span class='ocrx_word' id='word_1_686' title='bbox 2712 5330 3006 5397; x_wconf 83' lang='lat' dir='ltr'>Canonici</span> <span class='ocrx_word' id='word_1_687' title='bbox 3040 5340 3221 5398; x_wconf 82' lang='lat' dir='ltr'>extra</span> <span class='ocrx_word' id='word_1_688' title='bbox 3251 5330 3529 5398; x_wconf 80' lang='lat' dir='ltr'>chorum</span> <span class='ocrx_word' id='word_1_689' title='bbox 3553 5329 3842 5396; x_wconf 88' lang='lat' dir='ltr'>Officium</span> 
     </span>
     <span class='ocr_line' id='line_1_115' title="bbox 2266 5419 3843 5507; baseline -0.001 -23"><span class='ocrx_word' id='word_1_690' title='bbox 2266 5419 2701 5507; x_wconf 84' lang='lat' dir='ltr'>persolventes</span> <span class='ocrx_word' id='word_1_691' title='bbox 2748 5436 2878 5484; x_wconf 88' lang='lat' dir='ltr'>non</span> <span class='ocrx_word' id='word_1_692' title='bbox 2921 5427 3226 5484; x_wconf 89' lang='lat' dir='ltr'>tenentur</span> <span class='ocrx_word' id='word_1_693' title='bbox 3269 5419 3347 5485; x_wconf 90' lang='lat' dir='ltr'>ad</span> <span class='ocrx_word' id='word_1_694' title='bbox 3388 5421 3664 5486; x_wconf 86' lang='lat' dir='ltr'>Psalmos</span> <span class='ocrx_word' id='word_1_695' title='bbox 3694 5420 3843 5483; x_wconf 90' lang='lat' dir='ltr'>Gra-</span> 
     </span>
    </p>
   </div>
  </div>
 </body>
</html>
