4042 5950
1977 167 2447 250 -230-

572 343 769 418 extat,
818 352 945 419 quo
993 333 1126 420 ipse
1172 333 1309 399 iure
1355 331 1770 417 conqueritur
1798 330 1883 397 de
1930 327 2151 395 confu-

570 423 749 489 sione
817 422 1105 488 colorum
1172 417 1239 486 in
1295 418 1680 505 paramentis
1747 421 2152 487 Sacrosancto

574 510 792 577 Missae
837 508 1156 576 Sacrificio
1202 509 1464 595 aliisque
1512 505 1949 574 ecclesiasticis
2009 504 2153 571 l'un-

575 598 887 664 ctionibus
918 595 1453 678 deservientibus,
1480 614 1641 681 quae
1676 593 1919 660 etiamsi
1952 593 2153 658 Sacris

576 684 819 752 Ritibus
852 684 1165 773 opposita,
1217 685 1279 752 in
1325 684 1489 752 dicta
1540 694 1747 749 tamen
1792 680 2057 748 civitate
2093 688 2157 746 et

578 773 640 838 in
687 773 917 840 ceteris
962 773 1378 860 Episcopatus
1406 770 1709 838 Ecclesiis
1740 766 2151 868 conspicitur.

577 861 735 928 Huic
781 870 1122 949 propterea
1181 861 1407 928 abusui
1465 858 1850 946 providere,
1900 874 2027 922 imo
2076 855 2157 922 116

512 992 523 1005 ·
578 949 793 1015 medio
828 949 1014 1014 illum
1059 949 1294 1015 tollere
1334 948 1583 1030 velena,
1619 943 1980 1012 humillime
2010 963 2160 1031 sup-

578 1034 838 1190 1111οέ111
885 1036 1057 1104 idem
1100 1035 1452 1125 Episcopus
1496 1043 1614 1122 pre
1652 1042 2014 1121 opportuno
2060 1050 2161 1097 re-

585 1141 690 1190 me
741 1143 824 1190 10.

716 1218 793 1278 Et
837 1215 901 1279 S.
937 1217 1011 1279 R.
1049 1216 1151 1295 G.,
1189 1213 1251 1279 in
1296 1207 1624 1279 Ordinatio
1672 1211 1875 1277 coetu
1919 1209 1998 1276 ad
2044 1209 2163 1275 Va-

585 1300 862 1367 ticanum
905 1299 1025 1367 sub
1070 1300 1462 1386 infrascripta
1493 1298 1599 1364 die
1627 1308 1871 1379 coacte,
1906 1314 2168 1384 respou-

584 1388 870 1455 dendum
929 1388 1221 1454 censuit:
1269 1408 1308 1452 (
1341 1389 1693 1455 Serventur
1740 1384 1995 1451 omniuo
2040 1388 2165 1451 Ru-

586 1474 796 1543 bricae
836 1475 1204 1560 Generales,
1239 1476 1398 1541 16616
1428 1484 1642 1541 tamen
1671 1482 1987 1575 potestate
2020 1471 2166 1558 Epi-

585 1583 780 1651 scopo
810 1563 1215 1648 indulgendi,
1252 1574 1321 1630 ut
1354 1562 1417 1630 in
1448 1563 1747 1630 Ecclesiis
1780 1559 2169 1650 pauperibus

588 1652 912 1739 permittat
966 1650 1091 1717 illis
1151 1649 1279 1736 uti,
1342 1651 1549 1718 donec
1606 1646 2067 1717 consumentur
2097 1667 2161 1713 ».

588 1737 702 1805 Die
756 1742 834 1805 19
879 1738 1245 1806 Decembris
1296 1742 1489 1807 1829.

592 1875 848 1944 2676.
1148 1880 1595 1946 6666116611.
1934 1878 2161 1966 (1666)

721 2004 913 2067 Rmus
958 2000 1306 2089 Episcopus
1351 2001 1723 2069 Gerunden.
1755 2000 1820 2066 in
1860 2000 2171 2067 relatione

589 2096 787 2154 status
830 2108 979 2155 suae
1027 2090 1348 2157 Ecclesiae
1394 2089 1472 2156 ad
1519 2092 1770 2157 Sacram
1810 2090 2169 2174 Congrega-

595 2175 834 2242 tionem
878 2176 1142 2243 concilii
1190 2177 1548 2245 transmissa
1606 2195 1882 2262 sequens
1934 2195 2172 2264 propo-

592 2263 719 2329 suit
762 2266 1197 2332 Postulatum:
1260 2270 1475 2352 Usque
1528 2265 1606 2331 ab
1658 2266 1840 2331 Anno
1892 2267 2058 2331 1308
2104 2264 2171 2330 16

591 2352 706 2418 1166
751 2353 1034 2420 Ecclesia
1091 2354 1449 2420 cathedrali
1509 2353 1899 2419 Matutinum'
1936 2350 2170 2418 Nativi-

592 2438 736 2505 tatis
795 2439 1040 2507 Domini
1091 2441 1302 2506 Nostri
1364 2445 1508 2507 Iesu
1565 2439 1834 2523 christi,
1897 2457 2171 2528 vespere

595 2526 796 2613 prima
854 2527 1083 2614 Vigilia
1140 2528 1354 2595 Noctis
1415 2529 1824 2614 decantatur,
1883 2538 1947 2594 et
2008 2527 2172 2594 circa

594 2633 886 2681 auroram
943 2615 1179 2682 dicitur
1230 2617 1435 2704 prima
1504 2616 1720 2699 Missa,
1777 2635 1939 2702 quae
2000 2616 2172 2682 iuxta

596 2703 918 2768 Ecclesiae
965 2702 1160 2769 ritum
1207 2704 1465 2771 videtur
1510 2702 1664 2771 mihi
1697 2703 1997 2770 continuo
2032 2713 2173 2792 post

597 2788 967 2857 Matutinum
999 2789 1241 2857 debere
1275 2791 1606 2859 celebrari.
1649 2797 2000 2879 Eapropter
2031 2809 2176 2891 pre-

600 2895 710 2944 cor
748 2881 881 2946 VV.
928 2882 1057 2944 EE.
1102 2890 1174 2945 ut
1228 2878 1520 2948 indicetis
1580 2879 1736 2947 mihi
1793 2879 1948 2966 quid
2009 2898 2172 2946 circa

598 2966 758 3034 hanc
803 2966 1051 3054 praxim
1096 2965 1636 3036 decernendum?

728 3060 797 3122 In
842 3056 1347 3144 congregatione
1396 3059 1733 3125 Sacrorum
1772 3055 2035 3123 Rituum
2064 3059 2174 3123 Or-

599 3143 838 3211 dinaria
870 3163 1247 3232 responsum
1278 3144 1398 3212 fuit
1429 3166 1444 3209 z
1498 3165 1537 3209 ι
1570 3147 1924 3212 Serventur
1953 3143 2178 3211 Rubri-

602 3250 709 3298 cae
743 3232 1032 3312 Missalis;
1070 3242 1134 3297 et
1175 3232 1550 3299 matutinum
1588 3251 1736 3300 cum
1766 3235 1964 3323 prima
1997 3232 2177 3298 Missa

602 3331 668 3386 et
715 3319 1029 3388 Laudibus
1074 3319 1322 3387 dicatur
1367 3339 1617 3388 summo
1663 3341 1871 3407 mane,
1920 3321 1969 3387 si
2018 3318 2180 3387 adsit

598 3407 1135 3494 impedimentum
1181 3409 1446 3477 canendi
1490 3428 1698 3496 prope
1744 3409 2020 3477 mediam
2069 3428 2180 3474 no·

602 3505 774 3561 ctem
805 3517 872 3561 ».
928 3495 1040 3561 Die
1089 3498 1127 3563 3
1172 3494 1406 3582 Aprilis
1459 3499 1647 3564 1830.

600 3633 849 3701 2617.
1244 3638 1527 3704 sanun.
1949 3638 2178 3727 (1667)

730 3759 1025 3835 06616116
1071 3780 1188 3862 per
1232 3766 1576 3831 Decretum
1620 3763 1750 3832 diei
1797 3766 1877 3831 10
1914 3768 2178 3831 Decem-

605 3843 732 3911 bris
775 3846 1119 3934 superioris
1165 3848 1310 3916 anni
1362 3853 1527 3920 1829
1572 3873 1605 3918 6
1651 3856 1718 3921 S.
1754 3854 1828 3919 R.
1863 3853 1934 3918 C.
1972 3853 2180 3940 prola-

603 3941 769 4016 tum,
817 3943 1007 4019 atque
1052 3957 1085 4002 a
1132 3941 1326 4006 881116
1357 3939 1622 4006 Domino
1655 3943 1878 4008 Nostro
1910 3939 2016 4006 Pio
2049 3944 2181 4007 Vlll

602 4021 906 4088 Pontifice
931 4025 1194 4091 Maximo
1228 4025 1346 4091 sub
1369 4025 1476 4092 die
1501 4031 1582 4095 23
1610 4027 1908 4096 recensiti
1942 4027 2179 4093 mensis

604 4118 667 4175 et
713 4110 857 4176 anni
905 4111 1385 4198 confirmatum,
1432 4115 1768 4205 privilegia
1816 4115 2025 4181 omnia
2069 4117 2179 4181 Ga-

602 4197 809 4283 pitulo
857 4202 1375 4288 metropolitanae
1406 4203 1692 4270 Barensis
1723 4200 1992 4271 diversis
2022 4213 2181 4269 tem-

604 4284 864 4375 poribus
893 4307 925 4352 a
956 4289 1232 4355 Summis
1256 4290 1663 4358 Pontificibus
1693 4310 1989 4360 concessa
2019 4301 2182 4357 sarta

607 4380 772 4439 tecta
819 4373 1121 4456 fuissent3
1171 4396 1371 4464 quum
1404 4388 1618 4447 tamen
1650 4381 1943 4471 exceptio
1977 4380 2044 4446 in
2076 4399 2179 4446 eo·

605 4460 758 4529 dem
806 4461 1037 4530 inserta
1083 4466 1292 4551 quoad
1339 4466 1590 4533 mitram
1635 4489 1789 4537 auro
1820 4477 2185 4536 contextam

605 4550 845 4636 aliquid
875 4550 1325 4639 impedimenti
1368 4564 1432 4621 et
1481 4555 1767 4645 06611616
1815 4566 1880 4622 61
1923 4557 2184 4643 privile·

605 4637 723 4724 giis
770 4636 919 4726 ipsis
975 4640 1203 4708 afferre
1260 4641 1625 4729 videretur,
1675 4646 1972 4732 quoniam
2018 4646 2181 4713 eius·

604 4726 757 4825 dem
802 4727 1071 4815 Capituli
1117 4731 1416 4798 canonici
1461 4732 1875 4819 amplioribus
1921 4734 2185 4823 privile-

605 4830 725 4898 gus
771 4823 834 4878 et
878 4816 1093 4901 gratiis
1137 4837 1206 4884 66
1251 4829 1466 4887 auctos
1517 4821 1710 4889 fuisse
1756 4820 2178 4908 arbitrentur;

603 4909 947 4999 propterea
1009 4905 1305 4973 exhibitis
1361 4908 1576 4976 denuo
1639 4910 2013 4998 Apostolicis
2058 4911 2183 4978 Lit-

569 5044 574 5048 .
606 4998 760 5053 teris
804 4987 923 5053 sub
967 4989 1168 5058 forma
1199 4995 1415 5062 Brevis
1447 4998 1766 5084 expeditis
1800 5018 1833 5063 a
1865 5018 1917 5063 s.
1953 5017 2042 5063 m.
2078 5000 2183 5065 Pio

605 5077 765 5227 Papa
810 5079 916 5141 vll
978 5079 1097 5144 sub
1150 5080 1257 5147 die
1310 5086 1389 5149 18
1439 5085 1815 5151 Novembris
1868 5084 2185 5173 1819uab

607 5179 682 5228 66
727 5178 832 5227 6111
877 5167 1060 5231 86616
1119 5167 1380 5234 Rituum
1427 5169 1932 5257 congregatione
1988 5192 2185 5260 expo-

604 5248 923 5319 stularunt
967 5271 1155 5320 666111
1199 5255 1424 5323 mitrae
1468 5277 1619 5324 auro
1667 5260 2031 5341 contextae,
2072 5277 2188 5325 seu

2249 326 2357 393 filo
2403 324 2607 393 serico
2655 325 2815 392 11616
2870 343 3060 392 66166
3112 323 3368 392 lamella
3428 323 3705 389 intextae
3748 341 3804 389 ac

2252 416 2562 481 ormisiuo
2610 414 2802 481 etiam
2834 413 3038 480 serico
3074 412 3364 479 eiusdem
3410 410 3554 478 flavi
3601 411 3808 478 coloris

2251 503 2574 587 subsutae,
2621 501 2739 568 sibi
2788 521 2915 568 non
2962 519 3102 568 esse
3149 500 3632 588 denegandum.

2386 593 2465 655 Et
2512 594 2577 658 8.
2621 593 2695 656 R.
2740 593 2843 674 c.,
2892 589 2969 656 ad
3021 587 3343 667 Quirinale
3398 588 3464 654 in
3515 586 3811 656 Ordinario

2256 684 2457 749 coetu
2482 679 2599 745 sub
2623 677 3019 766 infrascripta
3041 677 3149 743 die
3174 677 3549 760 coadunata,
3576 677 3654 743 ad
3681 675 3812 740 rela-

2256 769 2496 835 tionem
2541 767 2679 832 Emi
2715 777 2779 833 et
2816 765 2956 833 limi
3002 770 3078 832 D.
3103 765 3293 833 card.
3319 763 3488 831 Petri
3535 762 3815 830 Francisci

2256 851 2500 924 Galle'ffi
2547 853 2866 939 Ponentis,
2919 854 3159 920 iuribus
3189 852 3276 920 de
3307 872 3472 919 novo
3513 852 3816 939 productis

2258 945 2336 1011 ad
2387 944 2669 1010 tramites
2714 940 3237 1009 constitutionis:
3291 945 3473 1007 Decet
3530 943 3818 1007 Romam

2263 1033 2601 1117 Pontifices
2649 1030 2938 1097 eiusdem
2986 1030 3071 1095 Pii
3105 1034 3303 1116 Papae
3334 1033 3437 1097 Vll
3478 1038 3720 1097 attente
3745 1028 3819 1095 di-

2261 1120 2669 1206 ligenterque
2723 1117 2997 1201 libratis,
3048 1117 3599 1204 consideratisque
3649 1115 3823 1184 allatis

2263 1206 2687 1291 documentis,
2737 1227 2805 1273 ac
2851 1206 3225 1294 praesertim
3287 1205 3734 1273 informatione
3773 1214 3823 1268 et

2260 1305 2411 1362 voto
2456 1295 2597 1363 Rmi
2655 1300 2882 1361 Baren.
2931 1293 3441 1380 Archiepiscopi,
3495 1293 3825 1360 rescriben-

2267 1385 2424 1450 dum
2456 1382 2740 1450 censuit:
2776 1402 2813 1446 «
2840 1382 2935 1449 Ad
2985 1391 3272 1449 mentem
3295 1397 3359 1460 »3
3394 1392 3462 1448 et
3498 1400 3682 1447 mens
3711 1391 3822 1447 est:

2266 1492 2306 1537 ‹
2327 1483 2398 1538 ut
2428 1472 2602 1538 solus
2632 1471 2973 1538 celebrans
3006 1479 3220 1538 utatur
3251 1471 3432 1537 mitra
3472 1470 3554 1536 ad
3589 1470 3828 1536 formam

2268 1557 2689 1626 concessionis
2747 1578 2798 1625 6.
2849 1577 2938 1626 111.
2989 1559 3078 1625 Ρ11
3138 1562 3333 1644 Papae
3381 1559 3524 1642 Vll,
3591 1559 3830 1626 absente

2268 1647 2582 1735 Episcopo
2620 1670 2682 1713 ›.
2746 1649 2954 1734 Atque
3010 1647 3090 1713 ita
3143 1644 3431 1713 decrevit
3489 1656 3559 1712 et
3613 1644 3830 1713 serrari

2265 1734 2610 1802 mandavit.
2663 1736 2774 1802 Die
2827 1738 2903 1801 17
2951 1733 3096 1803 Iulii
3146 1737 3340 1802 1830.

2400 1826 2607 1908 Super
2653 1823 2885 1909 quibus
2924 1823 3219 1891 omnibus
3248 1822 3408 1889 facta
3438 1820 3835 1909 postmodum

2269 1915 2462 1980 881116
2510 1913 2774 1979 Domino
2807 1913 3031 1978 Nostro
3063 1911 3170 1977 Pio
3203 1913 3362 1998 Papa
3395 1912 3529 1978 v111
3565 1909 3833 1977 Pontifici

2271 1999 2536 2068 Maximo
2568 2020 2686 2086 per
2719 1999 3188 2087 infrascriptum
3218 1998 3652 2067 Secretarium
3693 1998 3834 2064 rela-

2275 2089 2481 2172 tione,
2530 2090 2833 2155 Sanctitas
2884 2091 3008 2156 Sua
3053 2089 3279 2155 Sacrae
3329 2085 3835 2174 Congregationis

2271 2175 2671 2276 Rescriptum
2717 2176 2782 2241 in
2826 2175 3118 2243 omnibus
3167 2173 3545 2264 approbavit
3598 2186 3667 2241 et
3711 2191 3837 2241 con·

2274 2265 2568 2331 firmavit.
2619 2264 2729 2331 Die
2777 2267 2860 2330 22
2907 2262 3049 2329 lulii
3101 2266 3291 2332 1830.

2274 2440 2527 2510 2676.
2912 2440 3232 2508 aonam
3628 2437 3836 2525 (1666)

2461 2549 2609 2614 seu
2656 2548 2956 2615 onnmis
3001 2546 3682 2614 cisruncmnsmn.

2406 2704 2676 2792 Spiritus
2726 2704 3187 2792 intelligentiae
3233 2703 3511 2792 replevit
3554 2704 3842 2772 Dominus

2276 2797 2441 2859 Deus
2488 2793 2565 2861 ad
2611 2792 2904 2860 fidelium
2963 2793 3336 2881 exemplum
3383 2802 3447 2859 61
3493 2792 3843 2860 instructio-

2273 2898 2424 2947 nem
2491 2884 2793 2949 Sanctum
2865 2881 3255 2948 Bernardum
3325 2881 3844 2948 claravallensem

2275 2967 2619 3054 Abbatem,
2682 2969 2791 3056 qui
2858 2967 3089 3036 mentis
3157 2968 3488 3055 acumine,
3552 2968 3844 3037 suavitate

2275 3076 2527 3125 morum
2571 3078 2640 3125 ac
2685 3075 3001 3125 sacrarum
3047 3056 3428 3126 Litterarum
3476 3058 3708 3147 peritia
3749 3076 3846 3126 ex·

2282 3146 2548 3231 66116116,
2585 3156 2905 3234 tamquam
2937 3145 3172 3213 imbres
3218 3147 3431 3213 emisit
3475 3146 3733 3234 eloquia
3771 3164 3846 3211 sa·

2279 3234 2558 3322 pientiae
2603 3253 2779 3319 suae,
2824 3252 3026 3320 quum
3057 3242 3151 3300 tot
3182 3234 3504 3301 volumina
3554 3234 3844 3319 ediderit,

2278 3323 2707 3409 Apostolicam
2765 3323 3002 3389 Sedem
3048 3324 3474 3409 summosque
3526 3321 3847 3390 Pontifices

2278 3410 2490 3476 studio
2539 3421 2604 3476 et
2652 3409 2876 3476 ardore
2935 3409 3208 3477 maximo
3272 3420 3491 3477 contra
3552 3411 3847 3481 Schisma·

2280 3499 2437 3563 ticos
2481 3498 2796 3566 adiuverit
2840 3518 2911 3565 ac
2957 3498 3488 3567 debacchantium
3534 3516 3607 3567 ea
3654 3511 3846 3567 aetate

2276 3588 2664 3653 Novatorum
2712 3605 2987 3671 errores,
3035 3606 3196 3654 voce
3241 3598 3308 3655 et
3355 3586 3595 3654 calamo
3658 3605 3846 3677 oppu-

2277 3675 2566 3762 gnaverit
2612 3685 2804 3761 atque
2852 3675 3225 3743 extinxerit.
3291 3676 3470 3743 Licet
3513 3695 3672 3743 1616
3721 3678 3846 3765 plu-

2281 3763 2455 3830 ribus
2503 3763 2727 3831 abhinc
2759 3762 3014 3848 seculis,
3052 3773 3117 3830 et
3146 3763 3372 3850 viginti
3407 3774 3656 3832 tantum
3686 3765 3847 3833 annis

2284 3851 2507 3936 elapsis
2556 3873 2588 3918 a
2636 3851 2908 3940 pretiosa
2962 3851 3133 3918 illius
3179 3862 3413 3935 morte,
3462 3854 3539 3920 ab
3592 3855 3848 3920 Alexan·

2280 3939 2397 4005 dro
2429 3943 2503 4006 111
2536 3940 2865 4006 sanctitate
2909 3939 3075 4008 vitae
3107 3940 3561 4027 miraculisque
3593 3940 3849 4029 cognitis

2280 4026 2447 4092 inter
2493 4030 2751 4094 Sanctos
2782 4027 3060 4095 Coclites
3090 4027 3445 4115 adscriptus
3475 4029 3851 4097 1661116166-

2282 4133 2406 4205 que
2454 4114 2663 4182 cultus
2709 4115 2773 4181 in
2820 4115 3100 4182 Ecclesia
3162 4114 3606 4203 amplificatus,
3656 4118 3850 4186 adbuc

2281 4215 2495 4271 tamen
2539 4203 2941 4272 desiderabat
2990 4206 3156 4271 inter
3201 4204 3524 4271 Ecclesiae
3562 4210 3854 4274 Doctores
3961 4270 3962 4279 ,

2282 4296 2583 4359 8611616111
2629 4292 3022 4360 Bernardum
3068 4293 3326 4378 referri,
3375 4312 3445 4359 ac
3491 4314 3613 4383 per
3658 4303 3850 4361 totum
3961 4360 3962 4365 ,

2283 4378 2516 4447 Orbem
2561 4379 2802 4465 baberi,
2852 4382 3300 4448 Monacborum
3346 4382 3853 4449 cisterciensium
3961 4372 3962 4445 J

2284 4467 2485 4553 Ordo,
2551 4467 2729 4535 cuius
2787 4480 3169 4556 propagator
3235 4489 3306 4536 ac
3363 4470 3565 4536 decus
3623 4467 3852 4558 praeci·
3961 4488 3962 4515 ;

2287 4575 2488 4644 puum
2535 4559 2797 4623 Sanctus
2843 4555 3046 4623 Abbas
3094 4556 3368 4623 refulsit.
3428 4559 3651 4625 Plures
3699 4558 3853 4625 insu·

2284 4663 2401 4731 per
2447 4644 2809 4712 cardinales
2854 4648 3065 4710 Patres
3112 4644 3404 4712 eiusdem
3448 4664 3601 4734 erga
3649 4644 3853 4713 Eccle-

2283 4732 2436 4798 siam
2482 4732 2707 4799 merita
2754 4744 3160 4799 recensentes
3193 4751 3339 4800 cum
3369 4733 3598 4801 iisdem
3632 4734 3852 4801 cister-

2285 4821 2603 4888 ciensibus
2629 4840 2661 4885 a
2681 4823 2872 4890 Ssmo
2893 4820 3157 4887 Domino
3182 4825 3408 4889 Nostro
3435 4821 3540 4888 Pio
3563 4826 3724 4911 Papa
3737 4823 3852 4889 Vlll

2286 4912 2709 4996 postularunt,
2744 4919 2814 4975 ut
2854 4912 2915 4976 S.
2952 4908 3254 4979 Bernardi
3298 4910 3557 4978 Abbatis
3605 4915 3850 4978 Festum

2288 5017 2431 5067 cum
2465 4997 2681 5065 Officio
2713 5010 2777 5063 et
2809 4998 2984 5064 Missa
3032 4996 3115 5063 de
3154 4998 3490 5064 communi
3523 5003 3851 5066 Doctorum

2290 5085 2745 5154 celebrandum
2791 5085 3196 5152 decerneret.
3248 5087 3619 5155 Huiusmodi
3663 5082 3847 5177 preci-

2287 5175 2428 5258 bus,
2455 5175 2519 5238 in
2541 5170 2866 5238 ordinario
2891 5175 3226 5241 Sacrorum
3249 5174 3506 5241 Rjtuum
3530 5177 3846 5242 conventu

2295 5260 2361 5327 in
2390 5257 2690 5341 Quirinali
2736 5258 2961 5325 Palatio
2995 5259 3207 5328 habito
3235 5261 3343 5328 die
3378 5265 3458 5329 18
3489 5263 3631 5329 Iulii
3669 5264 3844 5343 1829,
