<?xml version="1.0" encoding="UTF-8"?>
<!DOCTYPE html PUBLIC "-//W3C//DTD XHTML 1.0 Transitional//EN"
    "http://www.w3.org/TR/xhtml1/DTD/xhtml1-transitional.dtd">
<html xmlns="http://www.w3.org/1999/xhtml" xml:lang="en" lang="en">
 <head>
  <title>
</title>
<meta http-equiv="Content-Type" content="text/html;charset=utf-8" />
  <meta name='ocr-system' content='tesseract 3.04.00' />
  <meta name='ocr-capabilities' content='ocr_page ocr_carea ocr_par ocr_line ocrx_word'/>
</head>
<body>
  <div class='ocr_page' id='page_1' title='image "./decretaauthenti00ritugoog_0307.png"; bbox 0 0 4042 5950; ppageno 0'>
   <div class='ocr_carea' id='block_1_1' title="bbox 1495 299 1965 378">
    <p class='ocr_par' dir='ltr' id='par_1_1' title="bbox 1495 299 1965 378">
     <span class='ocr_line' id='line_1_1' title="bbox 1495 299 1965 378; baseline -0.004 0"><span class='ocrx_word' id='word_1_1' title='bbox 1495 299 1965 378; x_wconf 82' lang='lat'>—259-</span> 
     </span>
    </p>
   </div>
   <div class='ocr_carea' id='block_1_2' title="bbox 150 453 1691 2557">
    <p class='ocr_par' dir='ltr' id='par_1_2' title="bbox 154 453 1686 898">
     <span class='ocr_line' id='line_1_2' title="bbox 161 453 1684 527; baseline -0.004 0"><span class='ocrx_word' id='word_1_2' title='bbox 161 460 280 527; x_wconf 85' lang='lat' dir='ltr'><strong>hinc</strong></span> <span class='ocrx_word' id='word_1_3' title='bbox 319 457 647 526; x_wconf 75' lang='lat' dir='ltr'><strong>hodiernus</strong></span> <span class='ocrx_word' id='word_1_4' title='bbox 708 453 1098 522; x_wconf 85' lang='lat' dir='ltr'><strong>cuardianus</strong></span> <span class='ocrx_word' id='word_1_5' title='bbox 1162 455 1412 522; x_wconf 81' lang='lat' dir='ltr'>Ordinis</span> <span class='ocrx_word' id='word_1_6' title='bbox 1466 455 1684 523; x_wconf 84' lang='lat' dir='ltr'><strong>Refor-</strong></span> 
     </span>
     <span class='ocr_line' id='line_1_3' title="bbox 156 542 1681 615; baseline -0.003 0"><span class='ocrx_word' id='word_1_7' title='bbox 156 556 430 615; x_wconf 87' lang='lat' dir='ltr'><strong>matorum</strong></span> <span class='ocrx_word' id='word_1_8' title='bbox 472 544 675 612; x_wconf 79' lang='lat' dir='ltr'><strong>Sancti</strong></span> <span class='ocrx_word' id='word_1_9' title='bbox 721 542 1033 613; x_wconf 78' lang='lat' dir='ltr'><strong>Francisci</strong></span> <span class='ocrx_word' id='word_1_10' title='bbox 1061 542 1343 611; x_wconf 84' lang='lat' dir='ltr'><strong>Civitatis</strong></span> <span class='ocrx_word' id='word_1_11' title='bbox 1375 542 1681 611; x_wconf 89' lang='lat' dir='ltr'><strong>Venusin.</strong></span> 
     </span>
     <span class='ocr_line' id='line_1_4' title="bbox 158 631 1683 720; baseline -0.003 -18"><span class='ocrx_word' id='word_1_12' title='bbox 158 637 408 702; x_wconf 84' lang='lat' dir='ltr'><strong>eamdem</strong></span> <span class='ocrx_word' id='word_1_13' title='bbox 470 635 712 703; x_wconf 80' lang='lat' dir='ltr'>Sacram</span> <span class='ocrx_word' id='word_1_14' title='bbox 784 633 1045 699; x_wconf 84' lang='lat' dir='ltr'><strong>Rituum</strong></span> <span class='ocrx_word' id='word_1_15' title='bbox 1106 631 1683 720; x_wconf 76' lang='lat' dir='ltr'><strong>congregationem</strong></span> 
     </span>
     <span class='ocr_line' id='line_1_5' title="bbox 155 719 1686 810; baseline -0.003 -20"><span class='ocrx_word' id='word_1_16' title='bbox 155 722 440 810; x_wconf 78' lang='lat' dir='ltr'><strong>requisivit</strong></span> <span class='ocrx_word' id='word_1_17' title='bbox 505 719 862 788; x_wconf 84' lang='lat' dir='ltr'><strong>humillime</strong></span> <span class='ocrx_word' id='word_1_18' title='bbox 933 740 1051 808; x_wconf 90' lang='lat' dir='ltr'><strong>pro</strong></span> <span class='ocrx_word' id='word_1_19' title='bbox 1120 721 1548 788; x_wconf 76' lang='lat' dir='ltr'><strong>declaratione</strong></span> <span class='ocrx_word' id='word_1_20' title='bbox 1595 720 1686 786; x_wconf 89' lang='lat' dir='ltr'><strong>in-</strong></span> 
     </span>
     <span class='ocr_line' id='line_1_6' title="bbox 154 807 1086 898; baseline -0.002 -20"><span class='ocrx_word' id='word_1_21' title='bbox 154 809 435 898; x_wconf 83' lang='lat' dir='ltr'><strong>sequentis</strong></span> <span class='ocrx_word' id='word_1_22' title='bbox 478 807 691 888; x_wconf 90' lang='lat' dir='ltr'><strong>dubii;</strong></span> <span class='ocrx_word' id='word_1_23' title='bbox 741 807 1086 876; x_wconf 82' lang='lat' dir='ltr'><strong>nimirum:</strong></span> 
     </span>
    </p>

    <p class='ocr_par' dir='ltr' id='par_1_3' title="bbox 153 896 1688 1493">
     <span class='ocr_line' id='line_1_7' title="bbox 264 896 1688 984; baseline -0.001 -20"><span class='ocrx_word' id='word_1_24' title='bbox 264 902 348 964; x_wconf 79' lang='lat' dir='ltr'><strong>An</strong></span> <span class='ocrx_word' id='word_1_25' title='bbox 388 906 606 984; x_wconf 89' lang='lat' dir='ltr'><strong>quarto</strong></span> <span class='ocrx_word' id='word_1_26' title='bbox 652 900 858 964; x_wconf 85' lang='lat' dir='ltr'><strong>Nonas</strong></span> <span class='ocrx_word' id='word_1_27' title='bbox 905 896 1045 963; x_wconf 85' lang='lat' dir='ltr'><strong>Iulii</strong></span> <span class='ocrx_word' id='word_1_28' title='bbox 1093 896 1559 965; x_wconf 89' lang='lat' dir='ltr'><strong>instituendum</strong></span> <span class='ocrx_word' id='word_1_29' title='bbox 1604 897 1688 963; x_wconf 88' lang='lat' dir='ltr'><strong>sit</strong></span> 
     </span>
     <span class='ocr_line' id='line_1_8' title="bbox 154 984 1683 1075; baseline -0.001 -21"><span class='ocrx_word' id='word_1_30' title='bbox 154 985 623 1054; x_wconf 80' lang='lat' dir='ltr'><strong>Anniversarium</strong></span> <span class='ocrx_word' id='word_1_31' title='bbox 668 984 1092 1054; x_wconf 87' lang='lat' dir='ltr'><strong>Dedicationis</strong></span> <span class='ocrx_word' id='word_1_32' title='bbox 1123 986 1420 1075; x_wconf 90' lang='lat' dir='ltr'><strong>propriae</strong></span> <span class='ocrx_word' id='word_1_33' title='bbox 1464 986 1683 1052; x_wconf 80' lang='lat' dir='ltr'><strong>Eccle-</strong></span> 
     </span>
     <span class='ocr_line' id='line_1_9' title="bbox 153 1072 1687 1161; baseline -0.002 -20"><span class='ocrx_word' id='word_1_34' title='bbox 153 1077 281 1160; x_wconf 85' lang='lat' dir='ltr'><strong>siae,</strong></span> <span class='ocrx_word' id='word_1_35' title='bbox 322 1092 509 1161; x_wconf 89' lang='lat' dir='ltr'><strong>quum</strong></span> <span class='ocrx_word' id='word_1_36' title='bbox 540 1084 788 1141; x_wconf 87' lang='lat' dir='ltr'><strong>constet</strong></span> <span class='ocrx_word' id='word_1_37' title='bbox 816 1073 991 1139; x_wconf 88' lang='lat' dir='ltr'><strong>illam</strong></span> <span class='ocrx_word' id='word_1_38' title='bbox 1017 1085 1449 1141; x_wconf 81' lang='lat' dir='ltr'><strong>consecratam</strong></span> <span class='ocrx_word' id='word_1_39' title='bbox 1493 1072 1687 1141; x_wconf 83' lang='lat' dir='ltr'><strong>fuisse</strong></span> 
     </span>
     <span class='ocr_line' id='line_1_10' title="bbox 153 1161 1686 1248; baseline -0.002 -18"><span class='ocrx_word' id='word_1_40' title='bbox 153 1175 305 1230; x_wconf 79' lang='lat' dir='ltr'><strong>sexto</strong></span> <span class='ocrx_word' id='word_1_41' title='bbox 352 1164 492 1230; x_wconf 86' lang='lat' dir='ltr'><strong>Idus</strong></span> <span class='ocrx_word' id='word_1_42' title='bbox 532 1162 815 1229; x_wconf 84' lang='lat' dir='ltr'><strong>Octobris</strong></span> <span class='ocrx_word' id='word_1_43' title='bbox 866 1164 1058 1246; x_wconf 77' lang='grc'><strong>1728,</strong></span> <span class='ocrx_word' id='word_1_44' title='bbox 1099 1181 1220 1247; x_wconf 90' lang='lat' dir='ltr'><strong>qua</strong></span> <span class='ocrx_word' id='word_1_45' title='bbox 1268 1162 1532 1248; x_wconf 90' lang='lat' dir='ltr'><strong>quidem</strong></span> <span class='ocrx_word' id='word_1_46' title='bbox 1581 1161 1686 1229; x_wconf 91' lang='lat' dir='ltr'><strong>die</strong></span> 
     </span>
     <span class='ocr_line' id='line_1_11' title="bbox 155 1249 1686 1335; baseline -0.001 -18"><span class='ocrx_word' id='word_1_47' title='bbox 155 1249 567 1319; x_wconf 81' lang='lat' dir='ltr'><strong>celebrandum</strong></span> <span class='ocrx_word' id='word_1_48' title='bbox 614 1260 780 1318; x_wconf 87' lang='lat' dir='ltr'><strong>esset</strong></span> <span class='ocrx_word' id='word_1_49' title='bbox 826 1251 1158 1335; x_wconf 86' lang='lat' dir='ltr'><strong>quotannis</strong></span> <span class='ocrx_word' id='word_1_50' title='bbox 1204 1253 1463 1318; x_wconf 86' lang='lat' dir='ltr'><strong>Festum</strong></span> <span class='ocrx_word' id='word_1_51' title='bbox 1495 1251 1686 1318; x_wconf 91' lang='lat' dir='ltr'><strong>Dedi-</strong></span> 
     </span>
     <span class='ocr_line' id='line_1_12' title="bbox 155 1338 1685 1492; baseline 0 -87"><span class='ocrx_word' id='word_1_52' title='bbox 155 1339 381 1492; x_wconf 52' lang='lat' dir='ltr'><strong>cationig</strong></span> <span class='ocrx_word' id='word_1_53' title='bbox 410 1338 526 1407; x_wconf 91' lang='lat' dir='ltr'><strong>sub</strong></span> <span class='ocrx_word' id='word_1_54' title='bbox 554 1338 683 1406; x_wconf 90' lang='lat' dir='ltr'><strong>ritu</strong></span> <span class='ocrx_word' id='word_1_55' title='bbox 711 1338 991 1427; x_wconf 90' lang='lat' dir='ltr'><strong>duplicis</strong></span> <span class='ocrx_word' id='word_1_56' title='bbox 1020 1338 1265 1426; x_wconf 84' lang='lat' dir='ltr'><strong>primae</strong></span> <span class='ocrx_word' id='word_1_57' title='bbox 1296 1338 1505 1405; x_wconf 91' lang='lat' dir='ltr'><strong>classis</strong></span> <span class='ocrx_word' id='word_1_58' title='bbox 1539 1358 1685 1406; x_wconf 93' lang='lat' dir='ltr'><strong>cum</strong></span> 
     </span>
     <span class='ocr_line' id='line_1_13' title="bbox 158 1438 337 1493; baseline 0.006 -1"><span class='ocrx_word' id='word_1_59' title='bbox 158 1438 337 1493; x_wconf 83' lang='lat' dir='ltr'><strong>octava</strong></span> 
     </span>
    </p>

    <p class='ocr_par' dir='ltr' id='par_1_4' title="bbox 150 1515 1690 2404">
     <span class='ocr_line' id='line_1_14' title="bbox 259 1515 1688 1584; baseline 0 -2"><span class='ocrx_word' id='word_1_60' title='bbox 259 1515 737 1584; x_wconf 82' lang='lat' dir='ltr'><strong>Eminentissimi</strong></span> <span class='ocrx_word' id='word_1_61' title='bbox 782 1535 854 1583; x_wconf 90' lang='lat' dir='ltr'><strong>ac</strong></span> <span class='ocrx_word' id='word_1_62' title='bbox 894 1515 1432 1583; x_wconf 85' lang='lat' dir='ltr'><strong>Revereudissimi</strong></span> <span class='ocrx_word' id='word_1_63' title='bbox 1476 1520 1688 1582; x_wconf 87' lang='lat' dir='ltr'><strong>Patres</strong></span> 
     </span>
     <span class='ocr_line' id='line_1_15' title="bbox 154 1602 1686 1693; baseline 0 -23"><span class='ocrx_word' id='word_1_64' title='bbox 154 1603 325 1670; x_wconf 85' lang='lat' dir='ltr'><strong>Sacris</strong></span> <span class='ocrx_word' id='word_1_65' title='bbox 369 1604 616 1673; x_wconf 84' lang='lat' dir='ltr'><strong>tuendis</strong></span> <span class='ocrx_word' id='word_1_66' title='bbox 674 1603 918 1671; x_wconf 82' lang='lat' dir='ltr'><strong>Ritibus</strong></span> <span class='ocrx_word' id='word_1_67' title='bbox 980 1602 1348 1693; x_wconf 86' lang='lat' dir='ltr'><strong>praepositi,</strong></span> <span class='ocrx_word' id='word_1_68' title='bbox 1398 1604 1460 1669; x_wconf 88' lang='lat' dir='ltr'><strong>in</strong></span> <span class='ocrx_word' id='word_1_69' title='bbox 1506 1604 1686 1672; x_wconf 92' lang='lat' dir='ltr'><strong>Ordi-</strong></span> 
     </span>
     <span class='ocr_line' id='line_1_16' title="bbox 153 1691 1690 1761; baseline 0.001 -5"><span class='ocrx_word' id='word_1_70' title='bbox 153 1691 296 1758; x_wconf 86' lang='lat' dir='ltr'><strong>nario</strong></span> <span class='ocrx_word' id='word_1_71' title='bbox 354 1696 552 1760; x_wconf 90' lang='lat' dir='ltr'><strong>coetu</strong></span> <span class='ocrx_word' id='word_1_72' title='bbox 621 1693 698 1760; x_wconf 90' lang='lat' dir='ltr'><strong>ad</strong></span> <span class='ocrx_word' id='word_1_73' title='bbox 766 1693 1138 1759; x_wconf 79' lang='lat' dir='ltr'><strong>Vaticanum</strong></span> <span class='ocrx_word' id='word_1_74' title='bbox 1205 1692 1511 1761; x_wconf 89' lang='lat' dir='ltr'><strong>hodierna</strong></span> <span class='ocrx_word' id='word_1_75' title='bbox 1580 1692 1690 1759; x_wconf 88' lang='lat' dir='ltr'><strong>die</strong></span> 
     </span>
     <span class='ocr_line' id='line_1_17' title="bbox 153 1779 1686 1867; baseline 0 -21"><span class='ocrx_word' id='word_1_76' title='bbox 153 1780 468 1865; x_wconf 83' lang='lat' dir='ltr'><strong>coadunati,</strong></span> <span class='ocrx_word' id='word_1_77' title='bbox 501 1780 904 1867; x_wconf 74' lang='lat' dir='ltr'><strong>infrascripto</strong></span> <span class='ocrx_word' id='word_1_78' title='bbox 950 1779 1303 1848; x_wconf 79' lang='lat' dir='ltr'><strong>secretario</strong></span> <span class='ocrx_word' id='word_1_79' title='bbox 1334 1780 1686 1866; x_wconf 79' lang='lat' dir='ltr'><strong>referente,</strong></span> 
     </span>
     <span class='ocr_line' id='line_1_18' title="bbox 154 1866 1689 1937; baseline -0.001 -3"><span class='ocrx_word' id='word_1_80' title='bbox 154 1866 694 1937; x_wconf 82' lang='lat' dir='ltr'><strong>animadvertentes</strong></span> <span class='ocrx_word' id='word_1_81' title='bbox 719 1868 795 1936; x_wconf 91' lang='lat' dir='ltr'><strong>ab</strong></span> <span class='ocrx_word' id='word_1_82' title='bbox 823 1870 938 1937; x_wconf 90' lang='lat' dir='ltr'><strong>bac</strong></span> <span class='ocrx_word' id='word_1_83' title='bbox 985 1872 1208 1936; x_wconf 87' lang='lat' dir='ltr'><strong>Sancta</strong></span> <span class='ocrx_word' id='word_1_84' title='bbox 1237 1870 1403 1936; x_wconf 89' lang='lat' dir='ltr'><strong>Sede</strong></span> <span class='ocrx_word' id='word_1_85' title='bbox 1447 1868 1511 1936; x_wconf 92' lang='lat' dir='ltr'><strong>id</strong></span> <span class='ocrx_word' id='word_1_86' title='bbox 1542 1887 1689 1935; x_wconf 90' lang='lat' dir='ltr'><strong>con·</strong></span> 
     </span>
     <span class='ocr_line' id='line_1_19' title="bbox 150 1955 1688 2060; baseline 0.001 -39"><span class='ocrx_word' id='word_1_87' title='bbox 150 1955 251 2022; x_wconf 85' lang='lat' dir='ltr'><strong>silii</strong></span> <span class='ocrx_word' id='word_1_88' title='bbox 291 1957 681 2047; x_wconf 88' lang='lat' dir='ltr'><strong>potissimum</strong></span> <span class='ocrx_word' id='word_1_89' title='bbox 727 1969 982 2060; x_wconf 88' lang='lat' dir='ltr'><strong>captum</strong></span> <span class='ocrx_word' id='word_1_90' title='bbox 1046 1958 1276 2041; x_wconf 78' lang='lat' dir='ltr'><strong>fuisse,</strong></span> <span class='ocrx_word' id='word_1_91' title='bbox 1333 1967 1404 2023; x_wconf 91' lang='lat' dir='ltr'><strong>ut</strong></span> <span class='ocrx_word' id='word_1_92' title='bbox 1453 1956 1688 2023; x_wconf 80' lang='lat' dir='ltr'><strong>unifor-</strong></span> 
     </span>
     <span class='ocr_line' id='line_1_20' title="bbox 150 2043 1685 2133; baseline 0.001 -24"><span class='ocrx_word' id='word_1_93' title='bbox 150 2043 303 2112; x_wconf 84' lang='lat' dir='ltr'><strong>mitas</strong></span> <span class='ocrx_word' id='word_1_94' title='bbox 343 2046 756 2114; x_wconf 88' lang='lat' dir='ltr'><strong>induceretur</strong></span> <span class='ocrx_word' id='word_1_95' title='bbox 799 2066 865 2113; x_wconf 88' lang='lat' dir='ltr'><strong>m</strong></span> <span class='ocrx_word' id='word_1_96' title='bbox 909 2045 1281 2115; x_wconf 90' lang='lat' dir='ltr'><strong>calendario</strong></span> <span class='ocrx_word' id='word_1_97' title='bbox 1317 2045 1685 2133; x_wconf 91' lang='lat' dir='ltr'><strong>Seraphico,</strong></span> 
     </span>
     <span class='ocr_line' id='line_1_21' title="bbox 152 2133 1688 2203; baseline 0.001 -5"><span class='ocrx_word' id='word_1_98' title='bbox 152 2133 608 2202; x_wconf 71' lang='lat' dir='ltr'><strong>rescribendum</strong></span> <span class='ocrx_word' id='word_1_99' title='bbox 638 2147 1063 2203; x_wconf 85' lang='lat' dir='ltr'><strong>censuerunt:</strong></span> <span class='ocrx_word' id='word_1_100' title='bbox 1114 2154 1151 2198; x_wconf 64' lang='grc' dir='ltr'><em>α</em></span> <span class='ocrx_word' id='word_1_101' title='bbox 1182 2134 1468 2203; x_wconf 89' lang='lat' dir='ltr'><strong>Officium</strong></span> <span class='ocrx_word' id='word_1_102' title='bbox 1503 2133 1688 2201; x_wconf 88' lang='lat' dir='ltr'><strong>Dedi·</strong></span> 
     </span>
     <span class='ocr_line' id='line_1_22' title="bbox 151 2221 1689 2312; baseline 0.001 -26"><span class='ocrx_word' id='word_1_103' title='bbox 151 2221 377 2289; x_wconf 84' lang='lat' dir='ltr'><strong>cationis</strong></span> <span class='ocrx_word' id='word_1_104' title='bbox 435 2222 736 2312; x_wconf 88' lang='lat' dir='ltr'><strong>propriae</strong></span> <span class='ocrx_word' id='word_1_105' title='bbox 806 2223 1125 2291; x_wconf 85' lang='lat' dir='ltr'><strong>Ecclesiae</strong></span> <span class='ocrx_word' id='word_1_106' title='bbox 1174 2221 1537 2290; x_wconf 79' lang='lat' dir='ltr'><strong>faciendum</strong></span> <span class='ocrx_word' id='word_1_107' title='bbox 1583 2222 1689 2290; x_wconf 90' lang='lat' dir='ltr'><strong>die</strong></span> 
     </span>
     <span class='ocr_line' id='line_1_23' title="bbox 151 2311 1107 2404; baseline 0.001 -27"><span class='ocrx_word' id='word_1_108' title='bbox 151 2321 337 2395; x_wconf 82' lang='lat' dir='ltr'><strong>quarta</strong></span> <span class='ocrx_word' id='word_1_109' title='bbox 376 2311 517 2379; x_wconf 89' lang='lat' dir='ltr'><strong>lulii</strong></span> <span class='ocrx_word' id='word_1_110' title='bbox 553 2334 622 2378; x_wconf 60' lang='grc' dir='ltr'><strong>ι.</strong></span> <span class='ocrx_word' id='word_1_111' title='bbox 1100 2395 1107 2404; x_wconf 30' lang='lat'>⁸</span> 
     </span>
    </p>

    <p class='ocr_par' dir='ltr' id='par_1_5' title="bbox 152 2397 1691 2557">
     <span class='ocr_line' id='line_1_24' title="bbox 256 2397 1691 2485; baseline 0 -22"><span class='ocrx_word' id='word_1_112' title='bbox 256 2400 452 2485; x_wconf 82' lang='lat' dir='ltr'><strong>Atque</strong></span> <span class='ocrx_word' id='word_1_113' title='bbox 512 2400 600 2467; x_wconf 90' lang='lat' dir='ltr'><strong>ita</strong></span> <span class='ocrx_word' id='word_1_114' title='bbox 662 2400 1044 2468; x_wconf 85' lang='lat' dir='ltr'><strong>servandum</strong></span> <span class='ocrx_word' id='word_1_115' title='bbox 1104 2398 1511 2468; x_wconf 88' lang='lat' dir='ltr'><strong>mandarunt.</strong></span> <span class='ocrx_word' id='word_1_116' title='bbox 1578 2397 1691 2467; x_wconf 84' lang='lat' dir='ltr'><strong>Die</strong></span> 
     </span>
     <span class='ocr_line' id='line_1_25' title="bbox 152 2487 632 2557; baseline 0.006 -5"><span class='ocrx_word' id='word_1_117' title='bbox 152 2487 218 2553; x_wconf 78' lang='lat'><strong>23</strong></span> <span class='ocrx_word' id='word_1_118' title='bbox 257 2488 381 2554; x_wconf 72' lang='lat' dir='ltr'><strong>Haii</strong></span> <span class='ocrx_word' id='word_1_119' title='bbox 435 2492 632 2557; x_wconf 84' lang='grc'><strong>1835.</strong></span> 
     </span>
    </p>
   </div>
   <div class='ocr_carea' id='block_1_3' title="bbox 155 2628 1691 2719">
    <p class='ocr_par' dir='ltr' id='par_1_6' title="bbox 155 2628 1691 2719">
     <span class='ocr_line' id='line_1_26' title="bbox 155 2628 1691 2719; baseline 0.001 -23"><span class='ocrx_word' id='word_1_120' title='bbox 155 2628 365 2697; x_wconf 78' lang='grc'>2727.</span> <span class='ocrx_word' id='word_1_121' title='bbox 674 2632 1123 2699; x_wconf 67' lang='lat' dir='ltr'><strong>mannam.</strong></span> <span class='ocrx_word' id='word_1_122' title='bbox 1466 2629 1691 2719; x_wconf 91' lang='grc'>(4755)</span> 
     </span>
    </p>
   </div>
   <div class='ocr_carea' id='block_1_4' title="bbox 147 2753 1701 3708">
    <p class='ocr_par' dir='ltr' id='par_1_7' title="bbox 148 2753 1700 3265">
     <span class='ocr_line' id='line_1_27' title="bbox 257 2753 1694 2843; baseline 0.001 -22"><span class='ocrx_word' id='word_1_123' title='bbox 257 2753 548 2824; x_wconf 84' lang='lat' dir='ltr'><strong>Precibus</strong></span> <span class='ocrx_word' id='word_1_124' title='bbox 577 2754 875 2822; x_wconf 91' lang='lat' dir='ltr'><strong>canonici</strong></span> <span class='ocrx_word' id='word_1_125' title='bbox 906 2754 1270 2843; x_wconf 79' lang='lat' dir='ltr'><strong>Vespasiani</strong></span> <span class='ocrx_word' id='word_1_126' title='bbox 1308 2755 1694 2843; x_wconf 82' lang='lat' dir='ltr'><strong>collegiatae</strong></span> 
     </span>
     <span class='ocr_line' id='line_1_28' title="bbox 151 2841 1700 2912; baseline 0.003 -5"><span class='ocrx_word' id='word_1_127' title='bbox 151 2841 435 2910; x_wconf 84' lang='lat' dir='ltr'><strong>Ecclesiae</strong></span> <span class='ocrx_word' id='word_1_128' title='bbox 476 2843 825 2912; x_wconf 86' lang='lat' dir='ltr'><strong>Frusinatis</strong></span> <span class='ocrx_word' id='word_1_129' title='bbox 870 2843 1036 2910; x_wconf 90' lang='lat' dir='ltr'><strong>intra</strong></span> <span class='ocrx_word' id='word_1_130' title='bbox 1101 2842 1335 2910; x_wconf 90' lang='lat' dir='ltr'><strong>limites</strong></span> <span class='ocrx_word' id='word_1_131' title='bbox 1380 2843 1700 2911; x_wconf 88' lang='lat' dir='ltr'><strong>Dioecesis</strong></span> 
     </span>
     <span class='ocr_line' id='line_1_29' title="bbox 150 2930 1696 3022; baseline 0.001 -25"><span class='ocrx_word' id='word_1_132' title='bbox 150 2930 493 3018; x_wconf 85' lang='lat' dir='ltr'><strong>Verulanae,</strong></span> <span class='ocrx_word' id='word_1_133' title='bbox 546 2931 977 3019; x_wconf 81' lang='lat' dir='ltr'><strong>exquirentis:</strong></span> <span class='ocrx_word' id='word_1_134' title='bbox 1024 2935 1121 2999; x_wconf 79' lang='lat' dir='ltr'><strong>An</strong></span> <span class='ocrx_word' id='word_1_135' title='bbox 1164 2932 1300 3022; x_wconf 88' lang='lat' dir='ltr'><strong>ipse</strong></span> <span class='ocrx_word' id='word_1_136' title='bbox 1343 2931 1454 3017; x_wconf 90' lang='lat' dir='ltr'><strong>qui</strong></span> <span class='ocrx_word' id='word_1_137' title='bbox 1500 2935 1696 3000; x_wconf 90' lang='lat' dir='ltr'><strong>cano-</strong></span> 
     </span>
     <span class='ocr_line' id='line_1_30' title="bbox 151 3017 1696 3109; baseline 0.003 -26"><span class='ocrx_word' id='word_1_138' title='bbox 151 3017 396 3086; x_wconf 89' lang='lat' dir='ltr'><strong>nicatum</strong></span> <span class='ocrx_word' id='word_1_139' title='bbox 444 3021 511 3088; x_wconf 89' lang='lat' dir='ltr'><strong>in</strong></span> <span class='ocrx_word' id='word_1_140' title='bbox 571 3022 704 3106; x_wconf 90' lang='lat' dir='ltr'><strong>ipsa</strong></span> <span class='ocrx_word' id='word_1_141' title='bbox 761 3020 942 3087; x_wconf 89' lang='lat' dir='ltr'><strong>colle</strong></span> <span class='ocrx_word' id='word_1_142' title='bbox 991 3021 1111 3087; x_wconf 89' lang='lat' dir='ltr'><strong>iata</strong></span> <span class='ocrx_word' id='word_1_143' title='bbox 1163 3020 1545 3109; x_wconf 82' lang='lat' dir='ltr'><strong>resignavit,</strong></span> <span class='ocrx_word' id='word_1_144' title='bbox 1594 3041 1696 3087; x_wconf 89' lang='lat' dir='ltr'><strong>re·</strong></span> 
     </span>
     <span class='ocr_line' id='line_1_31' title="bbox 150 3107 1699 3199; baseline 0.003 -29"><span class='ocrx_word' id='word_1_145' title='bbox 150 3107 314 3174; x_wconf 86' lang='lat' dir='ltr'><strong>tentis</strong></span> <span class='ocrx_word' id='word_1_146' title='bbox 355 3107 710 3198; x_wconf 84' lang='lat' dir='ltr'><strong>insignibus</strong></span> <span class='ocrx_word' id='word_1_147' title='bbox 757 3119 822 3175; x_wconf 92' lang='lat' dir='ltr'><strong>et</strong></span> <span class='ocrx_word' id='word_1_148' title='bbox 865 3117 955 3174; x_wconf 89' lang='lat' dir='ltr'><strong>sta</strong></span> <span class='ocrx_word' id='word_1_149' title='bbox 989 3110 1072 3196; x_wconf 89' lang='lat' dir='ltr'><strong>lo,</strong></span> <span class='ocrx_word' id='word_1_150' title='bbox 1121 3109 1319 3199; x_wconf 87' lang='lat' dir='ltr'><strong>possit</strong></span> <span class='ocrx_word' id='word_1_151' title='bbox 1370 3109 1699 3177; x_wconf 90' lang='lat' dir='ltr'><strong>celebrare</strong></span> 
     </span>
     <span class='ocr_line' id='line_1_32' title="bbox 148 3193 961 3265; baseline 0.002 -5"><span class='ocrx_word' id='word_1_152' title='bbox 148 3195 360 3263; x_wconf 66' lang='lat' dir='ltr'><strong>nissam</strong></span> <span class='ocrx_word' id='word_1_153' title='bbox 402 3193 961 3265; x_wconf 70' lang='lat' dir='ltr'><strong>conventualem?</strong></span> 
     </span>
    </p>

    <p class='ocr_par' dir='ltr' id='par_1_8' title="bbox 147 3285 1701 3708">
     <span class='ocr_line' id='line_1_33' title="bbox 257 3285 1701 3372; baseline 0 -20"><span class='ocrx_word' id='word_1_154' title='bbox 257 3285 430 3352; x_wconf 88' lang='lat' dir='ltr'><strong>Sacra</strong></span> <span class='ocrx_word' id='word_1_155' title='bbox 473 3286 739 3355; x_wconf 83' lang='lat' dir='ltr'><strong>Rituum</strong></span> <span class='ocrx_word' id='word_1_156' title='bbox 776 3288 1028 3372; x_wconf 85' lang='lat' dir='ltr'><strong>congre</strong></span> <span class='ocrx_word' id='word_1_157' title='bbox 1075 3286 1226 3371; x_wconf 92' lang='lat' dir='ltr'><strong>atio,</strong></span> <span class='ocrx_word' id='word_1_158' title='bbox 1262 3286 1327 3354; x_wconf 89' lang='lat' dir='ltr'><strong>in</strong></span> <span class='ocrx_word' id='word_1_159' title='bbox 1370 3286 1701 3355; x_wconf 89' lang='lat' dir='ltr'><strong>Ordinario</strong></span> 
     </span>
     <span class='ocr_line' id='line_1_34' title="bbox 150 3372 1698 3443; baseline 0.002 -4"><span class='ocrx_word' id='word_1_160' title='bbox 150 3374 330 3440; x_wconf 85' lang='lat' dir='ltr'><strong>Coetu</strong></span> <span class='ocrx_word' id='word_1_161' title='bbox 383 3373 460 3440; x_wconf 90' lang='lat' dir='ltr'><strong>ad</strong></span> <span class='ocrx_word' id='word_1_162' title='bbox 506 3373 884 3442; x_wconf 82' lang='lat' dir='ltr'><strong>Vaticanum</strong></span> <span class='ocrx_word' id='word_1_163' title='bbox 942 3375 1023 3440; x_wconf 92' lang='lat' dir='ltr'><strong>ho</strong></span> <span class='ocrx_word' id='word_1_164' title='bbox 1073 3372 1247 3440; x_wconf 88' lang='lat' dir='ltr'><strong>ierna</strong></span> <span class='ocrx_word' id='word_1_165' title='bbox 1304 3374 1411 3442; x_wconf 91' lang='lat' dir='ltr'><strong>die</strong></span> <span class='ocrx_word' id='word_1_166' title='bbox 1471 3375 1698 3443; x_wconf 92' lang='lat' dir='ltr'><strong>coadu-</strong></span> 
     </span>
     <span class='ocr_line' id='line_1_35' title="bbox 150 3460 1696 3549; baseline 0.002 -25"><span class='ocrx_word' id='word_1_167' title='bbox 150 3471 310 3546; x_wconf 85' lang='lat' dir='ltr'><strong>nata,</strong></span> <span class='ocrx_word' id='word_1_168' title='bbox 356 3461 432 3528; x_wconf 90' lang='lat' dir='ltr'><strong>ad</strong></span> <span class='ocrx_word' id='word_1_169' title='bbox 480 3460 861 3529; x_wconf 89' lang='lat' dir='ltr'><strong>relationem</strong></span> <span class='ocrx_word' id='word_1_170' title='bbox 922 3462 1268 3549; x_wconf 87' lang='lat' dir='ltr'><strong>subsignati</strong></span> <span class='ocrx_word' id='word_1_171' title='bbox 1335 3461 1696 3547; x_wconf 90' lang='lat' dir='ltr'><strong>Secretarii,</strong></span> 
     </span>
     <span class='ocr_line' id='line_1_36' title="bbox 147 3549 1700 3636; baseline 0.004 -26"><span class='ocrx_word' id='word_1_172' title='bbox 147 3549 604 3618; x_wconf 70' lang='lat' dir='ltr'><strong>rescribendum</strong></span> <span class='ocrx_word' id='word_1_173' title='bbox 649 3550 935 3618; x_wconf 83' lang='lat' dir='ltr'><strong>censuit:</strong></span> <span class='ocrx_word' id='word_1_174' title='bbox 987 3572 1024 3616; x_wconf 64' lang='grc' dir='ltr'><strong><em>α</em></strong></span> <span class='ocrx_word' id='word_1_175' title='bbox 1055 3554 1267 3636; x_wconf 80' lang='lat' dir='ltr'><strong>Posse,</strong></span> <span class='ocrx_word' id='word_1_176' title='bbox 1303 3551 1700 3620; x_wconf 86' lang='lat' dir='ltr'><strong>consentien-</strong></span> 
     </span>
     <span class='ocr_line' id='line_1_37' title="bbox 150 3633 1443 3708; baseline 0.005 -10"><span class='ocrx_word' id='word_1_177' title='bbox 150 3633 296 3702; x_wconf 89' lang='lat' dir='ltr'><strong>tibus</strong></span> <span class='ocrx_word' id='word_1_178' title='bbox 336 3637 632 3706; x_wconf 87' lang='lat' dir='ltr'><strong>omnibus</strong></span> <span class='ocrx_word' id='word_1_179' title='bbox 663 3660 727 3706; x_wconf 82' lang='lat'><strong>».</strong></span> <span class='ocrx_word' id='word_1_180' title='bbox 773 3637 890 3706; x_wconf 89' lang='lat' dir='ltr'><strong>Die</strong></span> <span class='ocrx_word' id='word_1_181' title='bbox 934 3643 1018 3707; x_wconf 81' lang='lat'><strong>23</strong></span> <span class='ocrx_word' id='word_1_182' title='bbox 1063 3639 1203 3706; x_wconf 84' lang='lat' dir='ltr'><strong>Maii</strong></span> <span class='ocrx_word' id='word_1_183' title='bbox 1256 3643 1443 3708; x_wconf 85' lang='grc'><strong>1835.</strong></span> 
     </span>
    </p>
   </div>
   <div class='ocr_carea' id='block_1_5' title="bbox 149 3783 1144 3852">
    <p class='ocr_par' dir='ltr' id='par_1_9' title="bbox 149 3783 1144 3852">
     <span class='ocr_line' id='line_1_38' title="bbox 149 3783 1144 3852; baseline -0.002 0"><span class='ocrx_word' id='word_1_184' title='bbox 149 3783 370 3852; x_wconf 77' lang='grc'><strong>2728.</strong></span> <span class='ocrx_word' id='word_1_185' title='bbox 680 3784 1144 3852; x_wconf 81' lang='lat' dir='ltr'><strong>CUSENTINA.</strong></span> 
     </span>
    </p>
   </div>
   <div class='ocr_carea' id='block_1_6' title="bbox 146 3904 1719 5496">
    <p class='ocr_par' dir='ltr' id='par_1_10' title="bbox 146 3904 1719 5496">
     <span class='ocr_line' id='line_1_39' title="bbox 259 3904 1704 3997; baseline -0.002 -23"><span class='ocrx_word' id='word_1_186' title='bbox 259 3910 414 3975; x_wconf 88' lang='lat' dir='ltr'><strong>Dum</strong></span> <span class='ocrx_word' id='word_1_187' title='bbox 437 3907 716 3997; x_wconf 90' lang='lat' dir='ltr'><strong>publicis</strong></span> <span class='ocrx_word' id='word_1_188' title='bbox 740 3908 804 3975; x_wconf 91' lang='lat' dir='ltr'><strong>in</strong></span> <span class='ocrx_word' id='word_1_189' title='bbox 833 3904 1422 3996; x_wconf 77' lang='lat' dir='ltr'><strong>supplicationibus,</strong></span> <span class='ocrx_word' id='word_1_190' title='bbox 1449 3906 1704 3973; x_wconf 85' lang='lat' dir='ltr'><strong>cadave-</strong></span> 
     </span>
     <span class='ocr_line' id='line_1_40' title="bbox 148 3993 1708 4064; baseline -0.001 -2"><span class='ocrx_word' id='word_1_191' title='bbox 148 4014 274 4062; x_wconf 92' lang='lat' dir='ltr'><strong>rum</strong></span> <span class='ocrx_word' id='word_1_192' title='bbox 314 3996 724 4064; x_wconf 87' lang='lat' dir='ltr'><strong>associatione</strong></span> <span class='ocrx_word' id='word_1_193' title='bbox 768 3995 905 4062; x_wconf 90' lang='lat' dir='ltr'><strong>aliis</strong></span> <span class='ocrx_word' id='word_1_194' title='bbox 951 4014 1035 4062; x_wconf 92' lang='lat' dir='ltr'><strong>ue</strong></span> <span class='ocrx_word' id='word_1_195' title='bbox 1066 3993 1537 4063; x_wconf 87' lang='lat' dir='ltr'><strong>eccclesiasticis</strong></span> <span class='ocrx_word' id='word_1_196' title='bbox 1567 3994 1708 4061; x_wconf 83' lang='lat' dir='ltr'><strong>fun-</strong></span> 
     </span>
     <span class='ocr_line' id='line_1_41' title="bbox 148 4081 1702 4172; baseline 0 -23"><span class='ocrx_word' id='word_1_197' title='bbox 148 4084 460 4172; x_wconf 89' lang='lat' dir='ltr'><strong>ctionibus,</strong></span> <span class='ocrx_word' id='word_1_198' title='bbox 566 4084 930 4152; x_wconf 90' lang='lat' dir='ltr'><strong>raecedenti</strong></span> <span class='ocrx_word' id='word_1_199' title='bbox 977 4104 1052 4151; x_wconf 88' lang='lat' dir='ltr'><strong>us</strong></span> <span class='ocrx_word' id='word_1_200' title='bbox 1116 4083 1285 4150; x_wconf 88' lang='lat' dir='ltr'><strong>aevis</strong></span> <span class='ocrx_word' id='word_1_201' title='bbox 1347 4081 1702 4149; x_wconf 75' lang='lat' dir='ltr'><strong>interfuere</strong></span> 
     </span>
     <span class='ocr_line' id='line_1_42' title="bbox 146 4169 1704 4242; baseline 0 -5"><span class='ocrx_word' id='word_1_202' title='bbox 146 4172 384 4240; x_wconf 81' lang='lat' dir='ltr'><strong>Alumni</strong></span> <span class='ocrx_word' id='word_1_203' title='bbox 436 4177 523 4242; x_wconf 90' lang='lat' dir='ltr'><strong>Or</strong></span> <span class='ocrx_word' id='word_1_204' title='bbox 573 4174 691 4241; x_wconf 91' lang='lat' dir='ltr'><strong>inis</strong></span> <span class='ocrx_word' id='word_1_205' title='bbox 744 4172 1059 4239; x_wconf 77' lang='lat' dir='ltr'><strong>Minorum</strong></span> <span class='ocrx_word' id='word_1_206' title='bbox 1129 4171 1337 4239; x_wconf 90' lang='lat' dir='ltr'><strong>Sancti</strong></span> <span class='ocrx_word' id='word_1_207' title='bbox 1395 4169 1704 4238; x_wconf 81' lang='lat' dir='ltr'><strong>Francisci</strong></span> 
     </span>
     <span class='ocr_line' id='line_1_43' title="bbox 147 4258 1705 4347; baseline 0 -21"><span class='ocrx_word' id='word_1_208' title='bbox 147 4260 634 4347; x_wconf 86' lang='lat' dir='ltr'><strong>Capuccinorum</strong></span> <span class='ocrx_word' id='word_1_209' title='bbox 697 4259 765 4328; x_wconf 91' lang='lat' dir='ltr'><strong>in</strong></span> <span class='ocrx_word' id='word_1_210' title='bbox 831 4259 1102 4328; x_wconf 86' lang='lat' dir='ltr'><strong>civitate</strong></span> <span class='ocrx_word' id='word_1_211' title='bbox 1168 4258 1508 4328; x_wconf 89' lang='lat' dir='ltr'><strong>cusentina</strong></span> <span class='ocrx_word' id='word_1_212' title='bbox 1582 4277 1705 4326; x_wconf 87' lang='lat' dir='ltr'><strong>una</strong></span> 
     </span>
     <span class='ocr_line' id='line_1_44' title="bbox 151 4345 1707 4417; baseline -0.001 -2"><span class='ocrx_word' id='word_1_213' title='bbox 151 4368 278 4416; x_wconf 86' lang='lat' dir='ltr'><strong>cum</strong></span> <span class='ocrx_word' id='word_1_214' title='bbox 318 4348 613 4417; x_wconf 80' lang='lat' dir='ltr'><strong>Alumnis</strong></span> <span class='ocrx_word' id='word_1_215' title='bbox 669 4347 920 4416; x_wconf 89' lang='lat' dir='ltr'><strong>Ordinis</strong></span> <span class='ocrx_word' id='word_1_216' title='bbox 982 4348 1295 4416; x_wconf 75' lang='lat' dir='ltr'><strong>Minorum</strong></span> <span class='ocrx_word' id='word_1_217' title='bbox 1350 4347 1437 4414; x_wconf 91' lang='lat' dir='ltr'><strong>de</strong></span> <span class='ocrx_word' id='word_1_218' title='bbox 1481 4345 1707 4414; x_wconf 90' lang='lat' dir='ltr'><strong>Obser-</strong></span> 
     </span>
     <span class='ocr_line' id='line_1_45' title="bbox 147 4435 1705 4523; baseline -0.003 -18"><span class='ocrx_word' id='word_1_219' title='bbox 147 4437 333 4505; x_wconf 77' lang='lat' dir='ltr'><strong>varitia</strong></span> <span class='ocrx_word' id='word_1_220' title='bbox 364 4439 909 4521; x_wconf 80' lang='lat' dir='ltr'><strong>Reformatorum,</strong></span> <span class='ocrx_word' id='word_1_221' title='bbox 943 4435 1463 4523; x_wconf 87' lang='lat' dir='ltr'><strong>praecedentiam</strong></span> <span class='ocrx_word' id='word_1_222' title='bbox 1509 4453 1705 4521; x_wconf 89' lang='lat' dir='ltr'><strong>super</strong></span> 
     </span>
     <span class='ocr_line' id='line_1_46' title="bbox 147 4524 1707 4608; baseline -0.001 -17"><span class='ocrx_word' id='word_1_223' title='bbox 147 4524 536 4594; x_wconf 75' lang='lat' dir='ltr'><strong>Reformatos</strong></span> <span class='ocrx_word' id='word_1_224' title='bbox 577 4524 697 4594; x_wconf 86' lang='lat' dir='ltr'><strong>sibi</strong></span> <span class='ocrx_word' id='word_1_225' title='bbox 726 4524 867 4591; x_wconf 89' lang='lat' dir='ltr'><strong>iure</strong></span> <span class='ocrx_word' id='word_1_226' title='bbox 889 4524 1318 4608; x_wconf 89' lang='lat' dir='ltr'><strong>vindicarunt,</strong></span> <span class='ocrx_word' id='word_1_227' title='bbox 1353 4524 1528 4590; x_wconf 87' lang='lat' dir='ltr'><strong>iuxta</strong></span> <span class='ocrx_word' id='word_1_228' title='bbox 1570 4543 1707 4590; x_wconf 87' lang='lat' dir='ltr'><strong>san-</strong></span> 
     </span>
     <span class='ocr_line' id='line_1_47' title="bbox 151 4612 1711 4703; baseline -0.001 -25"><span class='ocrx_word' id='word_1_229' title='bbox 151 4612 285 4681; x_wconf 84' lang='lat' dir='ltr'><strong>citas</strong></span> <span class='ocrx_word' id='word_1_230' title='bbox 326 4619 538 4703; x_wconf 87' lang='lat' dir='ltr'><strong>Leges</strong></span> <span class='ocrx_word' id='word_1_231' title='bbox 581 4634 615 4680; x_wconf 88' lang='lat' dir='ltr'><strong>a</strong></span> <span class='ocrx_word' id='word_1_232' title='bbox 657 4634 714 4680; x_wconf 88' lang='lat' dir='ltr'><strong>s.</strong></span> <span class='ocrx_word' id='word_1_233' title='bbox 744 4631 835 4679; x_wconf 90' lang='lat' dir='ltr'><strong>m.</strong></span> <span class='ocrx_word' id='word_1_234' title='bbox 871 4612 1179 4701; x_wconf 84' lang='lat' dir='ltr'><strong>Gregorio</strong></span> <span class='ocrx_word' id='word_1_235' title='bbox 1209 4616 1367 4699; x_wconf 87' lang='lat' dir='ltr'><strong>Papa</strong></span> <span class='ocrx_word' id='word_1_236' title='bbox 1397 4615 1558 4695; x_wconf 72' lang='lat'><strong>1111,</strong></span> <span class='ocrx_word' id='word_1_237' title='bbox 1590 4630 1711 4699; x_wconf 86' lang='lat' dir='ltr'><strong>per</strong></span> 
     </span>
     <span class='ocr_line' id='line_1_48' title="bbox 149 4700 1712 4791; baseline 0 -25"><span class='ocrx_word' id='word_1_238' title='bbox 149 4702 377 4770; x_wconf 86' lang='lat' dir='ltr'><strong>Bullam</strong></span> <span class='ocrx_word' id='word_1_239' title='bbox 423 4704 734 4791; x_wconf 67' lang='lat' dir='ltr'><strong>Exposuit</strong></span> <span class='ocrx_word' id='word_1_240' title='bbox 781 4701 1137 4788; x_wconf 78' lang='lat' dir='ltr'><strong>pastoralis</strong></span> <span class='ocrx_word' id='word_1_241' title='bbox 1193 4700 1430 4768; x_wconf 89' lang='lat' dir='ltr'><strong>editam</strong></span> <span class='ocrx_word' id='word_1_242' title='bbox 1492 4709 1712 4766; x_wconf 86' lang='lat' dir='ltr'><strong>octavo</strong></span> 
     </span>
     <span class='ocr_line' id='line_1_49' title="bbox 150 4788 1710 4875; baseline 0 -20"><span class='ocrx_word' id='word_1_243' title='bbox 150 4790 437 4860; x_wconf 84' lang='lat' dir='ltr'><strong>Calendas</strong></span> <span class='ocrx_word' id='word_1_244' title='bbox 485 4790 765 4861; x_wconf 82' lang='lat' dir='ltr'><strong>Sextiles</strong></span> <span class='ocrx_word' id='word_1_245' title='bbox 809 4791 991 4857; x_wconf 83' lang='lat' dir='ltr'><strong>Anno</strong></span> <span class='ocrx_word' id='word_1_246' title='bbox 1027 4793 1190 4858; x_wconf 87' lang='grc'><strong>1583</strong></span> <span class='ocrx_word' id='word_1_247' title='bbox 1237 4788 1549 4875; x_wconf 90' lang='lat' dir='ltr'><strong>aliamque</strong></span> <span class='ocrx_word' id='word_1_248' title='bbox 1594 4792 1710 4855; x_wconf 86' lang='lat' dir='ltr'><strong>Ur-</strong></span> 
     </span>
     <span class='ocr_line' id='line_1_50' title="bbox 149 4875 1712 4969; baseline -0.003 -24"><span class='ocrx_word' id='word_1_249' title='bbox 149 4875 278 4946; x_wconf 90' lang='lat' dir='ltr'><strong>bani</strong></span> <span class='ocrx_word' id='word_1_250' title='bbox 328 4884 530 4969; x_wconf 87' lang='lat' dir='ltr'><strong>Papae</strong></span> <span class='ocrx_word' id='word_1_251' title='bbox 575 4883 748 4963; x_wconf 89' lang='lat' dir='ltr'><strong>Vlll,</strong></span> <span class='ocrx_word' id='word_1_252' title='bbox 795 4898 958 4966; x_wconf 91' lang='lat' dir='ltr'><strong>quae</strong></span> <span class='ocrx_word' id='word_1_253' title='bbox 1011 4878 1265 4966; x_wconf 83' lang='lat' dir='ltr'><strong>incipit:</strong></span> <span class='ocrx_word' id='word_1_254' title='bbox 1324 4880 1534 4963; x_wconf 74' lang='lat' dir='ltr'><strong>Nuper</strong></span> <span class='ocrx_word' id='word_1_255' title='bbox 1592 4896 1712 4964; x_wconf 80' lang='lat' dir='ltr'><strong>pro</strong></span> 
     </span>
     <span class='ocr_line' id='line_1_51' title="bbox 147 4965 1713 5056; baseline 0.001 -26"><span class='ocrx_word' id='word_1_256' title='bbox 147 4979 349 5052; x_wconf 78' lang='lat' dir='ltr'><strong>parte,</strong></span> <span class='ocrx_word' id='word_1_257' title='bbox 422 4967 668 5056; x_wconf 89' lang='lat' dir='ltr'><strong>publici</strong></span> <span class='ocrx_word' id='word_1_258' title='bbox 730 4966 887 5034; x_wconf 87' lang='lat' dir='ltr'><strong>iuris</strong></span> <span class='ocrx_word' id='word_1_259' title='bbox 946 4967 1172 5035; x_wconf 79' lang='lat' dir='ltr'><strong>factam</strong></span> <span class='ocrx_word' id='word_1_260' title='bbox 1227 4968 1342 5034; x_wconf 82' lang='lat' dir='ltr'><strong>XV</strong></span> <span class='ocrx_word' id='word_1_261' title='bbox 1408 4965 1713 5034; x_wconf 87' lang='lat' dir='ltr'><strong>calendas</strong></span> 
     </span>
     <span class='ocr_line' id='line_1_52' title="bbox 151 5053 1713 5132; baseline 0.001 -13"><span class='ocrx_word' id='word_1_262' title='bbox 151 5056 444 5124; x_wconf 85' lang='lat' dir='ltr'><strong>lanuarias</strong></span> <span class='ocrx_word' id='word_1_263' title='bbox 489 5076 652 5124; x_wconf 90' lang='lat' dir='ltr'><strong>anno</strong></span> <span class='ocrx_word' id='word_1_264' title='bbox 705 5057 898 5124; x_wconf 82' lang='grc'><strong>1637.</strong></span> <span class='ocrx_word' id='word_1_265' title='bbox 946 5056 1150 5132; x_wconf 86' lang='lat' dir='ltr'><strong>Quum</strong></span> <span class='ocrx_word' id='word_1_266' title='bbox 1194 5064 1409 5121; x_wconf 90' lang='lat' dir='ltr'><strong>autem</strong></span> <span class='ocrx_word' id='word_1_267' title='bbox 1439 5053 1521 5120; x_wconf 94' lang='lat' dir='ltr'><strong>ob</strong></span> <span class='ocrx_word' id='word_1_268' title='bbox 1552 5063 1713 5121; x_wconf 90' lang='lat' dir='ltr'><strong>tem·</strong></span> 
     </span>
     <span class='ocr_line' id='line_1_53' title="bbox 153 5141 1719 5230; baseline 0.001 -22"><span class='ocrx_word' id='word_1_269' title='bbox 153 5160 370 5227; x_wconf 88' lang='lat' dir='ltr'><strong>porum</strong></span> <span class='ocrx_word' id='word_1_270' title='bbox 439 5144 823 5212; x_wconf 88' lang='lat' dir='ltr'><strong>calamitates</strong></span> <span class='ocrx_word' id='word_1_271' title='bbox 890 5143 1346 5230; x_wconf 87' lang='lat' dir='ltr'><strong>aliquantisper</strong></span> <span class='ocrx_word' id='word_1_272' title='bbox 1397 5141 1719 5209; x_wconf 90' lang='lat' dir='ltr'><strong>coenobio</strong></span> 
     </span>
     <span class='ocr_line' id='line_1_54' title="bbox 150 5231 1718 5319; baseline 0 -24"><span class='ocrx_word' id='word_1_273' title='bbox 150 5232 375 5302; x_wconf 88' lang='lat' dir='ltr'><strong>cedere</strong></span> <span class='ocrx_word' id='word_1_274' title='bbox 437 5233 816 5301; x_wconf 87' lang='lat' dir='ltr'><strong>debuissent</strong></span> <span class='ocrx_word' id='word_1_275' title='bbox 869 5231 1241 5319; x_wconf 90' lang='lat' dir='ltr'><strong>capuccini,</strong></span> <span class='ocrx_word' id='word_1_276' title='bbox 1296 5239 1441 5318; x_wconf 91' lang='lat' dir='ltr'><strong>post</strong></span> <span class='ocrx_word' id='word_1_277' title='bbox 1492 5248 1718 5297; x_wconf 91' lang='lat' dir='ltr'><strong>eorum</strong></span> 
     </span>
     <span class='ocr_line' id='line_1_55' title="bbox 150 5317 1718 5410; baseline 0.001 -28"><span class='ocrx_word' id='word_1_278' title='bbox 150 5320 450 5405; x_wconf 88' lang='lat' dir='ltr'><strong>reditum,</strong></span> <span class='ocrx_word' id='word_1_279' title='bbox 505 5320 833 5389; x_wconf 87' lang='lat' dir='ltr'><strong>occasione</strong></span> <span class='ocrx_word' id='word_1_280' title='bbox 895 5330 1073 5410; x_wconf 87' lang='lat' dir='ltr'><strong>capta</strong></span> <span class='ocrx_word' id='word_1_281' title='bbox 1114 5323 1326 5386; x_wconf 87' lang='lat' dir='ltr'><strong>Patres</strong></span> <span class='ocrx_word' id='word_1_282' title='bbox 1377 5317 1718 5386; x_wconf 73' lang='lat' dir='ltr'><strong>Reformati</strong></span> 
     </span>
     <span class='ocr_line' id='line_1_56' title="bbox 150 5405 1715 5496; baseline 0 -24"><span class='ocrx_word' id='word_1_283' title='bbox 150 5407 470 5478; x_wconf 86' lang='lat' dir='ltr'><strong>vindicare</strong></span> <span class='ocrx_word' id='word_1_284' title='bbox 516 5409 635 5478; x_wconf 89' lang='lat' dir='ltr'><strong>sibi</strong></span> <span class='ocrx_word' id='word_1_285' title='bbox 681 5417 1089 5479; x_wconf 89' lang='lat' dir='ltr'><strong>autumarunt</strong></span> <span class='ocrx_word' id='word_1_286' title='bbox 1134 5406 1233 5475; x_wconf 91' lang='lat' dir='ltr'><strong>ius</strong></span> <span class='ocrx_word' id='word_1_287' title='bbox 1287 5405 1715 5496; x_wconf 88' lang='lat' dir='ltr'><strong>praecedendi</strong></span> 
     </span>
    </p>
   </div>
   <div class='ocr_carea' id='block_1_7' title="bbox 1472 3780 1697 3867">
    <p class='ocr_par' dir='ltr' id='par_1_11' title="bbox 1472 3780 1697 3867">
     <span class='ocr_line' id='line_1_57' title="bbox 1472 3780 1697 3867; baseline -0.004 -17"><span class='ocrx_word' id='word_1_288' title='bbox 1472 3780 1697 3867; x_wconf 77' lang='lat'>(4756)</span> 
     </span>
    </p>
   </div>
   <div class='ocr_carea' id='block_1_8' title="bbox 1786 454 3367 549">
    <p class='ocr_par' dir='ltr' id='par_1_12' title="bbox 1786 454 3367 549">
     <span class='ocr_line' id='line_1_58' title="bbox 1786 454 3367 549; baseline 0.006 -28"><span class='ocrx_word' id='word_1_289' title='bbox 1786 454 1852 522; x_wconf 89' lang='lat' dir='ltr'><strong>in</strong></span> <span class='ocrx_word' id='word_1_290' title='bbox 1897 454 2124 523; x_wconf 89' lang='lat' dir='ltr'><strong>iisdem</strong></span> <span class='ocrx_word' id='word_1_291' title='bbox 2189 455 2618 525; x_wconf 78' lang='lat' dir='ltr'><strong>functionibus</strong></span> <span class='ocrx_word' id='word_1_292' title='bbox 2665 458 2746 525; x_wconf 96' lang='lat' dir='ltr'><strong>ob</strong></span> <span class='ocrx_word' id='word_1_293' title='bbox 2792 461 2969 544; x_wconf 89' lang='lat' dir='ltr'><strong>quasi</strong></span> <span class='ocrx_word' id='word_1_294' title='bbox 3024 462 3367 549; x_wconf 87' lang='lat' dir='ltr'><strong>possessio-</strong></span> 
     </span>
    </p>
   </div>
   <div class='ocr_carea' id='block_1_9' title="bbox 1788 544 3367 1160">
    <p class='ocr_par' dir='ltr' id='par_1_13' title="bbox 1788 544 3367 1160">
     <span class='ocr_line' id='line_1_59' title="bbox 1788 544 3367 636; baseline 0.004 -25"><span class='ocrx_word' id='word_1_295' title='bbox 1788 564 1963 611; x_wconf 93' lang='lat' dir='ltr'><strong>nem.</strong></span> <span class='ocrx_word' id='word_1_296' title='bbox 2000 544 2377 623; x_wconf 86' lang='lat' dir='ltr'><strong>Quaestione</strong></span> <span class='ocrx_word' id='word_1_297' title='bbox 2410 557 2624 614; x_wconf 88' lang='lat' dir='ltr'><strong>autem</strong></span> <span class='ocrx_word' id='word_1_298' title='bbox 2656 546 2828 614; x_wconf 88' lang='lat' dir='ltr'><strong>inter</strong></span> <span class='ocrx_word' id='word_1_299' title='bbox 2856 559 3195 636; x_wconf 90' lang='lat' dir='ltr'><strong>utramque</strong></span> <span class='ocrx_word' id='word_1_300' title='bbox 3272 572 3367 618; x_wconf 86' lang='lat' dir='ltr'><strong>ar-</strong></span> 
     </span>
     <span class='ocr_line' id='line_1_60' title="bbox 1789 632 3367 722; baseline 0.005 -24"><span class='ocrx_word' id='word_1_301' title='bbox 1789 642 1922 698; x_wconf 91' lang='lat' dir='ltr'><strong>tem</strong></span> <span class='ocrx_word' id='word_1_302' title='bbox 1956 632 2120 699; x_wconf 89' lang='lat' dir='ltr'><strong>circa</strong></span> <span class='ocrx_word' id='word_1_303' title='bbox 2152 632 2351 722; x_wconf 90' lang='lat' dir='ltr'><strong>ipsam</strong></span> <span class='ocrx_word' id='word_1_304' title='bbox 2380 634 2899 721; x_wconf 87' lang='lat' dir='ltr'><strong>praecedentiam</strong></span> <span class='ocrx_word' id='word_1_305' title='bbox 2933 649 3176 722; x_wconf 83' lang='lat' dir='ltr'><strong>exorta,</strong></span> <span class='ocrx_word' id='word_1_306' title='bbox 3258 659 3367 706; x_wconf 92' lang='lat' dir='ltr'><strong>um</strong></span> 
     </span>
     <span class='ocr_line' id='line_1_61' title="bbox 1790 720 3364 815; baseline 0.005 -30"><span class='ocrx_word' id='word_1_307' title='bbox 1790 720 1966 786; x_wconf 92' lang='lat' dir='ltr'><strong>illam</strong></span> <span class='ocrx_word' id='word_1_308' title='bbox 2012 720 2307 806; x_wconf 85' lang='lat' dir='ltr'><strong>privatim</strong></span> <span class='ocrx_word' id='word_1_309' title='bbox 2356 734 2419 789; x_wconf 86' lang='lat' dir='ltr'><strong>et</strong></span> <span class='ocrx_word' id='word_1_310' title='bbox 2466 722 2904 808; x_wconf 89' lang='lat' dir='ltr'><strong>amicabiliter,</strong></span> <span class='ocrx_word' id='word_1_311' title='bbox 2941 739 3012 793; x_wconf 92' lang='lat' dir='ltr'><strong>ut</strong></span> <span class='ocrx_word' id='word_1_312' title='bbox 3050 747 3161 815; x_wconf 91' lang='lat' dir='ltr'><strong>par</strong></span> <span class='ocrx_word' id='word_1_313' title='bbox 3207 738 3364 814; x_wconf 90' lang='lat' dir='ltr'><strong>erat,</strong></span> 
     </span>
     <span class='ocr_line' id='line_1_62' title="bbox 1789 810 3364 897; baseline 0.005 -23"><span class='ocrx_word' id='word_1_314' title='bbox 1789 826 2178 897; x_wconf 90' lang='lat' dir='ltr'><strong>componere</strong></span> <span class='ocrx_word' id='word_1_315' title='bbox 2212 810 2429 877; x_wconf 87' lang='lat' dir='ltr'><strong>datum</strong></span> <span class='ocrx_word' id='word_1_316' title='bbox 2460 831 2587 878; x_wconf 89' lang='lat' dir='ltr'><strong>non</strong></span> <span class='ocrx_word' id='word_1_317' title='bbox 2619 810 2777 892; x_wconf 76' lang='lat' dir='ltr'><strong>iuit3</strong></span> <span class='ocrx_word' id='word_1_318' title='bbox 2827 814 3075 881; x_wconf 88' lang='lat' dir='ltr'><strong>Sacram</strong></span> <span class='ocrx_word' id='word_1_319' title='bbox 3104 814 3364 882; x_wconf 85' lang='lat' dir='ltr'><strong>Rituum</strong></span> 
     </span>
     <span class='ocr_line' id='line_1_63' title="bbox 1788 896 3366 984; baseline 0.003 -20"><span class='ocrx_word' id='word_1_320' title='bbox 1788 896 2362 984; x_wconf 90' lang='lat' dir='ltr'><strong>congregationem</strong></span> <span class='ocrx_word' id='word_1_321' title='bbox 2396 899 2592 966; x_wconf 88' lang='lat' dir='ltr'><strong>adivit</strong></span> <span class='ocrx_word' id='word_1_322' title='bbox 2622 904 2698 968; x_wconf 86' lang='lat' dir='ltr'><strong>R.</strong></span> <span class='ocrx_word' id='word_1_323' title='bbox 2727 904 2793 966; x_wconf 87' lang='lat' dir='ltr'><strong>P.</strong></span> <span class='ocrx_word' id='word_1_324' title='bbox 2823 901 3091 969; x_wconf 85' lang='lat' dir='ltr'><strong>Thomas</strong></span> <span class='ocrx_word' id='word_1_325' title='bbox 3121 922 3153 967; x_wconf 90' lang='lat' dir='ltr'><strong>a</strong></span> <span class='ocrx_word' id='word_1_326' title='bbox 3185 905 3366 969; x_wconf 86' lang='lat' dir='ltr'><strong>Treia</strong></span> 
     </span>
     <span class='ocr_line' id='line_1_64' title="bbox 1789 985 3363 1075; baseline 0.004 -23"><span class='ocrx_word' id='word_1_327' title='bbox 1789 985 2039 1053; x_wconf 88' lang='lat' dir='ltr'><strong>Ordinis</strong></span> <span class='ocrx_word' id='word_1_328' title='bbox 2074 986 2584 1055; x_wconf 83' lang='lat' dir='ltr'><strong>Reformatorum</strong></span> <span class='ocrx_word' id='word_1_329' title='bbox 2616 992 2988 1071; x_wconf 81' lang='lat' dir='ltr'><strong>Procurator</strong></span> <span class='ocrx_word' id='word_1_330' title='bbox 3018 991 3363 1075; x_wconf 76' lang='lat' dir='ltr'><strong>GeneraliS,</strong></span> 
     </span>
     <span class='ocr_line' id='line_1_65' title="bbox 1789 1074 3366 1160; baseline 0.004 -21"><span class='ocrx_word' id='word_1_331' title='bbox 1789 1081 1978 1160; x_wconf 88' lang='lat' dir='ltr'><strong>atque</strong></span> <span class='ocrx_word' id='word_1_332' title='bbox 2026 1074 2089 1141; x_wconf 90' lang='lat' dir='ltr'><strong>in</strong></span> <span class='ocrx_word' id='word_1_333' title='bbox 2141 1094 2419 1141; x_wconf 89' lang='lat' dir='ltr'><strong>caussam</strong></span> <span class='ocrx_word' id='word_1_334' title='bbox 2461 1097 2533 1142; x_wconf 88' lang='lat' dir='ltr'><strong>ac</strong></span> <span class='ocrx_word' id='word_1_335' title='bbox 2563 1076 2870 1144; x_wconf 89' lang='lat' dir='ltr'><strong>iudicium</strong></span> <span class='ocrx_word' id='word_1_336' title='bbox 2905 1078 3151 1146; x_wconf 89' lang='lat' dir='ltr'><strong>vocavit</strong></span> <span class='ocrx_word' id='word_1_337' title='bbox 3193 1084 3270 1148; x_wconf 87' lang='lat' dir='ltr'><strong>R.</strong></span> <span class='ocrx_word' id='word_1_338' title='bbox 3295 1083 3366 1146; x_wconf 90' lang='lat' dir='ltr'><strong>P.</strong></span> 
     </span>
    </p>
   </div>
   <div class='ocr_carea' id='block_1_10' title="bbox 1786 1161 3425 1323">
    <p class='ocr_par' dir='ltr' id='par_1_14' title="bbox 1786 1161 3425 1323">
     <span class='ocr_line' id='line_1_66' title="bbox 1786 1161 3367 1252; baseline 0.004 -25"><span class='ocrx_word' id='word_1_339' title='bbox 1786 1161 2224 1229; x_wconf 91' lang='lat' dir='ltr'><strong>cherubinum</strong></span> <span class='ocrx_word' id='word_1_340' title='bbox 2256 1182 2288 1229; x_wconf 95' lang='lat' dir='ltr'><strong>a</strong></span> <span class='ocrx_word' id='word_1_341' title='bbox 2321 1167 2686 1231; x_wconf 79' lang='lat' dir='ltr'><strong>Mormanno</strong></span> <span class='ocrx_word' id='word_1_342' title='bbox 2724 1166 3227 1252; x_wconf 88' lang='lat' dir='ltr'><strong>Capuccinorum</strong></span> <span class='ocrx_word' id='word_1_343' title='bbox 3257 1172 3367 1236; x_wconf 90' lang='lat' dir='ltr'><strong>Or·</strong></span> 
     </span>
     <span class='ocr_line' id='line_1_67' title="bbox 1786 1249 3425 1323; baseline 0.005 -8"><span class='ocrx_word' id='word_1_344' title='bbox 1786 1249 1952 1316; x_wconf 89' lang='lat' dir='ltr'><strong>dinis</strong></span> <span class='ocrx_word' id='word_1_345' title='bbox 1997 1254 2481 1319; x_wconf 90' lang='lat' dir='ltr'><strong>Procuratorem</strong></span> <span class='ocrx_word' id='word_1_346' title='bbox 2512 1253 2736 1319; x_wconf 91' lang='lat' dir='ltr'><strong>itidem</strong></span> <span class='ocrx_word' id='word_1_347' title='bbox 2773 1256 3174 1322; x_wconf 85' lang='lat' dir='ltr'><strong>Generalem.</strong></span> <span class='ocrx_word' id='word_1_348' title='bbox 3211 1257 3365 1323; x_wconf 81' lang='lat' dir='ltr'><strong>Hinc</strong></span> <span class='ocrx_word' id='word_1_349' title='bbox 3408 1250 3425 1259; x_wconf 80' lang='grc'><em>’</em></span> 
     </span>
    </p>
   </div>
   <div class='ocr_carea' id='block_1_11' title="bbox 1789 1341 3376 2931">
    <p class='ocr_par' dir='ltr' id='par_1_15' title="bbox 1789 1341 3368 1761">
     <span class='ocr_line' id='line_1_68' title="bbox 1789 1341 3366 1413; baseline 0.004 -8"><span class='ocrx_word' id='word_1_350' title='bbox 1789 1357 2003 1405; x_wconf 91' lang='lat' dir='ltr'><strong>coram</strong></span> <span class='ocrx_word' id='word_1_351' title='bbox 2048 1342 2123 1406; x_wconf 84' lang='lat' dir='ltr'><strong>R.</strong></span> <span class='ocrx_word' id='word_1_352' title='bbox 2175 1341 2239 1405; x_wconf 91' lang='lat' dir='ltr'><strong>P.</strong></span> <span class='ocrx_word' id='word_1_353' title='bbox 2291 1344 2364 1406; x_wconf 90' lang='lat' dir='ltr'><strong>D.</strong></span> <span class='ocrx_word' id='word_1_354' title='bbox 2417 1341 2772 1408; x_wconf 87' lang='lat' dir='ltr'><strong>Secretario</strong></span> <span class='ocrx_word' id='word_1_355' title='bbox 2836 1345 3215 1413; x_wconf 86' lang='lat' dir='ltr'><strong>concordate</strong></span> <span class='ocrx_word' id='word_1_356' title='bbox 3268 1365 3366 1412; x_wconf 87' lang='lat' dir='ltr'><strong>se-</strong></span> 
     </span>
     <span class='ocr_line' id='line_1_69' title="bbox 1792 1426 3367 1521; baseline 0.005 -30"><span class='ocrx_word' id='word_1_357' title='bbox 1792 1426 2015 1512; x_wconf 90' lang='lat' dir='ltr'><strong>quenti</strong></span> <span class='ocrx_word' id='word_1_358' title='bbox 2063 1426 2300 1495; x_wconf 84' lang='lat' dir='ltr'><strong>dubio:</strong></span> <span class='ocrx_word' id='word_1_359' title='bbox 2358 1434 2493 1512; x_wconf 85' lang='lat' dir='ltr'><strong>An,</strong></span> <span class='ocrx_word' id='word_1_360' title='bbox 2545 1441 2608 1496; x_wconf 90' lang='lat' dir='ltr'><strong>et</strong></span> <span class='ocrx_word' id='word_1_361' title='bbox 2655 1429 2755 1495; x_wconf 92' lang='lat' dir='ltr'><strong>cui</strong></span> <span class='ocrx_word' id='word_1_362' title='bbox 2804 1441 3126 1519; x_wconf 90' lang='lat' dir='ltr'><strong>competat</strong></span> <span class='ocrx_word' id='word_1_363' title='bbox 3184 1453 3367 1521; x_wconf 90' lang='lat' dir='ltr'><strong>prae-</strong></span> 
     </span>
     <span class='ocr_line' id='line_1_70' title="bbox 1792 1514 3367 1606; baseline 0.006 -26"><span class='ocrx_word' id='word_1_364' title='bbox 1792 1514 2083 1581; x_wconf 91' lang='lat' dir='ltr'><strong>cedentia</strong></span> <span class='ocrx_word' id='word_1_365' title='bbox 2141 1516 2418 1602; x_wconf 88' lang='lat' dir='ltr'><strong>publicis</strong></span> <span class='ocrx_word' id='word_1_366' title='bbox 2465 1518 2527 1584; x_wconf 88' lang='lat' dir='ltr'><strong>in</strong></span> <span class='ocrx_word' id='word_1_367' title='bbox 2574 1518 3125 1606; x_wconf 77' lang='lat' dir='ltr'><strong>ProcessionibuS,</strong></span> <span class='ocrx_word' id='word_1_368' title='bbox 3190 1522 3367 1589; x_wconf 91' lang='lat' dir='ltr'><strong>cada-</strong></span> 
     </span>
     <span class='ocr_line' id='line_1_71' title="bbox 1790 1605 3368 1695; baseline 0.005 -27"><span class='ocrx_word' id='word_1_369' title='bbox 1790 1621 2017 1669; x_wconf 90' lang='lat' dir='ltr'><strong>verum</strong></span> <span class='ocrx_word' id='word_1_370' title='bbox 2085 1605 2492 1672; x_wconf 89' lang='lat' dir='ltr'><strong>associatione</strong></span> <span class='ocrx_word' id='word_1_371' title='bbox 2561 1606 2825 1691; x_wconf 89' lang='lat' dir='ltr'><strong>aliisque</strong></span> <span class='ocrx_word' id='word_1_372' title='bbox 2894 1609 3168 1695; x_wconf 85' lang='lat' dir='ltr'><strong>publicis</strong></span> <span class='ocrx_word' id='word_1_373' title='bbox 3223 1609 3368 1676; x_wconf 83' lang='lat' dir='ltr'><strong>fun·</strong></span> 
     </span>
     <span class='ocr_line' id='line_1_72' title="bbox 1791 1690 2454 1761; baseline 0.008 -5"><span class='ocrx_word' id='word_1_374' title='bbox 1791 1690 2110 1759; x_wconf 90' lang='lat' dir='ltr'><strong>ctionibus</strong></span> <span class='ocrx_word' id='word_1_375' title='bbox 2151 1692 2218 1759; x_wconf 89' lang='lat' dir='ltr'><strong>in</strong></span> <span class='ocrx_word' id='word_1_376' title='bbox 2267 1693 2454 1761; x_wconf 77' lang='lat' dir='ltr'><strong>casu?</strong></span> 
     </span>
    </p>

    <p class='ocr_par' dir='ltr' id='par_1_16' title="bbox 1791 1780 3376 2750">
     <span class='ocr_line' id='line_1_73' title="bbox 1922 1780 3369 1854; baseline 0.005 -8"><span class='ocrx_word' id='word_1_377' title='bbox 1922 1780 2418 1848; x_wconf 87' lang='lat' dir='ltr'><strong>Eminentissimi</strong></span> <span class='ocrx_word' id='word_1_378' title='bbox 2465 1803 2533 1849; x_wconf 90' lang='lat' dir='ltr'><strong>ac</strong></span> <span class='ocrx_word' id='word_1_379' title='bbox 2577 1784 3111 1852; x_wconf 84' lang='lat' dir='ltr'><strong>Reverendissimi</strong></span> <span class='ocrx_word' id='word_1_380' title='bbox 3154 1791 3369 1854; x_wconf 88' lang='lat' dir='ltr'><strong>Patres</strong></span> 
     </span>
     <span class='ocr_line' id='line_1_74' title="bbox 1793 1868 3369 1961; baseline 0.003 -25"><span class='ocrx_word' id='word_1_381' title='bbox 1793 1868 1995 1936; x_wconf 89' lang='lat' dir='ltr'><strong>Sacris</strong></span> <span class='ocrx_word' id='word_1_382' title='bbox 2041 1869 2287 1936; x_wconf 85' lang='lat' dir='ltr'><strong>Ritibus</strong></span> <span class='ocrx_word' id='word_1_383' title='bbox 2342 1872 2592 1939; x_wconf 90' lang='lat' dir='ltr'><strong>tuendis</strong></span> <span class='ocrx_word' id='word_1_384' title='bbox 2649 1874 3033 1961; x_wconf 86' lang='lat' dir='ltr'><strong>praepositi,</strong></span> <span class='ocrx_word' id='word_1_385' title='bbox 3082 1874 3146 1941; x_wconf 90' lang='lat' dir='ltr'><strong>iu</strong></span> <span class='ocrx_word' id='word_1_386' title='bbox 3189 1875 3369 1942; x_wconf 89' lang='lat' dir='ltr'><strong>Ordi-</strong></span> 
     </span>
     <span class='ocr_line' id='line_1_75' title="bbox 1792 1955 3370 2063; baseline 0.004 -41"><span class='ocrx_word' id='word_1_387' title='bbox 1792 1955 1965 2022; x_wconf 91' lang='lat' dir='ltr'><strong>nario</strong></span> <span class='ocrx_word' id='word_1_388' title='bbox 2032 1961 2237 2026; x_wconf 89' lang='lat' dir='ltr'><strong>coetu</strong></span> <span class='ocrx_word' id='word_1_389' title='bbox 2304 1959 2379 2025; x_wconf 92' lang='lat' dir='ltr'><strong>ad</strong></span> <span class='ocrx_word' id='word_1_390' title='bbox 2426 1960 2745 2037; x_wconf 82' lang='lat' dir='ltr'><strong>Quirinale</strong></span> <span class='ocrx_word' id='word_1_391' title='bbox 2798 1961 2916 2027; x_wconf 89' lang='lat' dir='ltr'><strong>sub</strong></span> <span class='ocrx_word' id='word_1_392' title='bbox 2979 1961 3370 2063; x_wconf 82' lang='lat' dir='ltr'><strong>infrascripta</strong></span> 
     </span>
     <span class='ocr_line' id='line_1_76' title="bbox 1791 2044 3370 2130; baseline 0.002 -18"><span class='ocrx_word' id='word_1_393' title='bbox 1791 2044 1897 2112; x_wconf 87' lang='lat' dir='ltr'><strong>die</strong></span> <span class='ocrx_word' id='word_1_394' title='bbox 1938 2044 2298 2130; x_wconf 86' lang='lat' dir='ltr'><strong>coadunati,</strong></span> <span class='ocrx_word' id='word_1_395' title='bbox 2333 2046 2410 2114; x_wconf 94' lang='lat' dir='ltr'><strong>ad</strong></span> <span class='ocrx_word' id='word_1_396' title='bbox 2454 2049 2832 2115; x_wconf 87' lang='lat' dir='ltr'><strong>relationem</strong></span> <span class='ocrx_word' id='word_1_397' title='bbox 2871 2050 3370 2117; x_wconf 75' lang='lat' dir='ltr'><strong>Eminentissimi</strong></span> 
     </span>
     <span class='ocr_line' id='line_1_77' title="bbox 1795 2132 3370 2206; baseline 0.003 -8"><span class='ocrx_word' id='word_1_398' title='bbox 1795 2142 1858 2198; x_wconf 87' lang='lat' dir='ltr'><strong>et</strong></span> <span class='ocrx_word' id='word_1_399' title='bbox 1891 2132 2426 2202; x_wconf 86' lang='lat' dir='ltr'><strong>Reverendissimi</strong></span> <span class='ocrx_word' id='word_1_400' title='bbox 2456 2137 2702 2203; x_wconf 86' lang='lat' dir='ltr'><strong>Domini</strong></span> <span class='ocrx_word' id='word_1_401' title='bbox 2750 2137 3095 2206; x_wconf 87' lang='lat' dir='ltr'><strong>cardinalis</strong></span> <span class='ocrx_word' id='word_1_402' title='bbox 3126 2138 3370 2205; x_wconf 88' lang='lat' dir='ltr'><strong>Ioannis</strong></span> 
     </span>
     <span class='ocr_line' id='line_1_78' title="bbox 1792 2222 3375 2313; baseline 0.003 -26"><span class='ocrx_word' id='word_1_403' title='bbox 1792 2222 2104 2289; x_wconf 86' lang='lat' dir='ltr'><strong>Francisci</strong></span> <span class='ocrx_word' id='word_1_404' title='bbox 2158 2225 2363 2289; x_wconf 69' lang='lat' dir='ltr'><strong>Marco</strong></span> <span class='ocrx_word' id='word_1_405' title='bbox 2409 2246 2448 2313; x_wconf 82' lang='lat' dir='ltr'>y</span> <span class='ocrx_word' id='word_1_406' title='bbox 2494 2225 2744 2293; x_wconf 88' lang='lat' dir='ltr'><strong>catalan</strong></span> <span class='ocrx_word' id='word_1_407' title='bbox 2804 2225 3126 2311; x_wconf 88' lang='lat' dir='ltr'><strong>Ponentis,</strong></span> <span class='ocrx_word' id='word_1_408' title='bbox 3178 2227 3375 2293; x_wconf 90' lang='lat' dir='ltr'><strong>omni-</strong></span> 
     </span>
     <span class='ocr_line' id='line_1_79' title="bbox 1797 2310 3371 2401; baseline 0.001 -25"><span class='ocrx_word' id='word_1_409' title='bbox 1797 2311 1914 2377; x_wconf 86' lang='lat' dir='ltr'><strong>bus</strong></span> <span class='ocrx_word' id='word_1_410' title='bbox 1975 2321 2222 2378; x_wconf 90' lang='lat' dir='ltr'><strong>mature</strong></span> <span class='ocrx_word' id='word_1_411' title='bbox 2283 2310 2532 2399; x_wconf 87' lang='lat' dir='ltr'><strong>riteque</strong></span> <span class='ocrx_word' id='word_1_412' title='bbox 2586 2314 2960 2401; x_wconf 88' lang='lat' dir='ltr'><strong>perpensis,</strong></span> <span class='ocrx_word' id='word_1_413' title='bbox 3010 2313 3371 2382; x_wconf 85' lang='lat' dir='ltr'><strong>considera-</strong></span> 
     </span>
     <span class='ocr_line' id='line_1_80' title="bbox 1796 2399 3372 2489; baseline 0.003 -25"><span class='ocrx_word' id='word_1_414' title='bbox 1796 2399 2001 2487; x_wconf 90' lang='lat' dir='ltr'><strong>tisque</strong></span> <span class='ocrx_word' id='word_1_415' title='bbox 2049 2400 2397 2467; x_wconf 89' lang='lat' dir='ltr'><strong>rationibus</strong></span> <span class='ocrx_word' id='word_1_416' title='bbox 2427 2402 2981 2489; x_wconf 88' lang='lat' dir='ltr'><strong>monumentisque</strong></span> <span class='ocrx_word' id='word_1_417' title='bbox 3024 2402 3173 2469; x_wconf 88' lang='lat' dir='ltr'><strong>hinc</strong></span> <span class='ocrx_word' id='word_1_418' title='bbox 3221 2404 3372 2472; x_wconf 90' lang='lat' dir='ltr'><strong>inde</strong></span> 
     </span>
     <span class='ocr_line' id='line_1_81' title="bbox 1793 2487 3375 2575; baseline 0.004 -23"><span class='ocrx_word' id='word_1_419' title='bbox 1793 2487 2150 2575; x_wconf 90' lang='lat' dir='ltr'><strong>productis,</strong></span> <span class='ocrx_word' id='word_1_420' title='bbox 2178 2489 2658 2558; x_wconf 88' lang='lat' dir='ltr'><strong>rescribendum</strong></span> <span class='ocrx_word' id='word_1_421' title='bbox 2691 2494 3113 2558; x_wconf 83' lang='lat' dir='ltr'><strong>censuerunt:</strong></span> <span class='ocrx_word' id='word_1_422' title='bbox 3141 2511 3178 2555; x_wconf 64' lang='grc' dir='ltr'><strong>α</strong></span> <span class='ocrx_word' id='word_1_423' title='bbox 3199 2496 3375 2558; x_wconf 91' lang='lat' dir='ltr'><strong>Prae·</strong></span> 
     </span>
     <span class='ocr_line' id='line_1_82' title="bbox 1795 2576 3376 2648; baseline 0.004 -8"><span class='ocrx_word' id='word_1_424' title='bbox 1795 2576 2151 2643; x_wconf 89' lang='lat' dir='ltr'><strong>cedentiam</strong></span> <span class='ocrx_word' id='word_1_425' title='bbox 2199 2577 2468 2645; x_wconf 87' lang='lat' dir='ltr'><strong>dandam</strong></span> <span class='ocrx_word' id='word_1_426' title='bbox 2513 2596 2650 2645; x_wconf 91' lang='lat' dir='ltr'><strong>esse</strong></span> <span class='ocrx_word' id='word_1_427' title='bbox 2680 2578 2961 2646; x_wconf 88' lang='lat' dir='ltr'><strong>Patribus</strong></span> <span class='ocrx_word' id='word_1_428' title='bbox 2991 2578 3241 2646; x_wconf 88' lang='lat' dir='ltr'><strong>Ordinis</strong></span> <span class='ocrx_word' id='word_1_429' title='bbox 3270 2583 3376 2648; x_wconf 89' lang='lat' dir='ltr'><strong>ca-</strong></span> 
     </span>
     <span class='ocr_line' id='line_1_83' title="bbox 1792 2666 2311 2750; baseline 0.006 -21"><span class='ocrx_word' id='word_1_430' title='bbox 1792 2666 2215 2750; x_wconf 88' lang='lat' dir='ltr'><strong>puccinorum</strong></span> <span class='ocrx_word' id='word_1_431' title='bbox 2248 2687 2311 2733; x_wconf 82' lang='lat'><strong>».</strong></span> 
     </span>
    </p>

    <p class='ocr_par' dir='ltr' id='par_1_17' title="bbox 1800 2755 3376 2931">
     <span class='ocr_line' id='line_1_84' title="bbox 1928 2755 3376 2844; baseline 0.002 -24"><span class='ocrx_word' id='word_1_432' title='bbox 1928 2756 2140 2839; x_wconf 82' lang='lat' dir='ltr'><strong>Atque</strong></span> <span class='ocrx_word' id='word_1_433' title='bbox 2186 2756 2270 2819; x_wconf 90' lang='lat' dir='ltr'><strong>ita</strong></span> <span class='ocrx_word' id='word_1_434' title='bbox 2316 2755 2786 2844; x_wconf 86' lang='lat' dir='ltr'><strong>rescripserunt</strong></span> <span class='ocrx_word' id='word_1_435' title='bbox 2834 2767 2900 2821; x_wconf 88' lang='lat' dir='ltr'><strong>et</strong></span> <span class='ocrx_word' id='word_1_436' title='bbox 2945 2755 3009 2822; x_wconf 90' lang='lat' dir='ltr'><strong>in</strong></span> <span class='ocrx_word' id='word_1_437' title='bbox 3057 2776 3202 2823; x_wconf 90' lang='lat' dir='ltr'><strong>casu</strong></span> <span class='ocrx_word' id='word_1_438' title='bbox 3245 2775 3376 2823; x_wconf 91' lang='lat' dir='ltr'><strong>ser-</strong></span> 
     </span>
     <span class='ocr_line' id='line_1_85' title="bbox 1800 2841 3373 2931; baseline 0.003 -26"><span class='ocrx_word' id='word_1_439' title='bbox 1800 2841 2080 2909; x_wconf 89' lang='lat' dir='ltr'><strong>vandum</strong></span> <span class='ocrx_word' id='word_1_440' title='bbox 2106 2860 2245 2909; x_wconf 92' lang='lat' dir='ltr'><strong>esse</strong></span> <span class='ocrx_word' id='word_1_441' title='bbox 2268 2843 2671 2911; x_wconf 91' lang='lat' dir='ltr'><strong>mandarunt.</strong></span> <span class='ocrx_word' id='word_1_442' title='bbox 2697 2844 2806 2909; x_wconf 88' lang='lat' dir='ltr'><strong>Die</strong></span> <span class='ocrx_word' id='word_1_443' title='bbox 2834 2845 3157 2931; x_wconf 82' lang='lat' dir='ltr'><strong>8Augusti</strong></span> <span class='ocrx_word' id='word_1_444' title='bbox 3180 2847 3373 2913; x_wconf 85' lang='grc'><strong>1835.</strong></span> 
     </span>
    </p>
   </div>
   <div class='ocr_carea' id='block_1_12' title="bbox 1801 2984 3375 3073">
    <p class='ocr_par' dir='ltr' id='par_1_18' title="bbox 1801 2984 3375 3073">
     <span class='ocr_line' id='line_1_86' title="bbox 1801 2984 3375 3073; baseline -0.001 -18"><span class='ocrx_word' id='word_1_445' title='bbox 1801 2985 2048 3056; x_wconf 75' lang='grc'><strong>2729.</strong></span> <span class='ocrx_word' id='word_1_446' title='bbox 2353 2985 2818 3052; x_wconf 74' lang='lat' dir='ltr'><strong>msmlANEN.</strong></span> <span class='ocrx_word' id='word_1_447' title='bbox 3150 2984 3375 3073; x_wconf 88' lang='grc'>(4757)</span> 
     </span>
    </p>
   </div>
   <div class='ocr_carea' id='block_1_13' title="bbox 1797 3107 3382 4260">
    <p class='ocr_par' dir='ltr' id='par_1_19' title="bbox 1797 3107 3376 3707">
     <span class='ocr_line' id='line_1_87' title="bbox 1930 3107 3374 3196; baseline -0.001 -19"><span class='ocrx_word' id='word_1_448' title='bbox 1930 3111 2137 3189; x_wconf 85' lang='lat' dir='ltr'><strong>Quum</strong></span> <span class='ocrx_word' id='word_1_449' title='bbox 2167 3108 2518 3177; x_wconf 90' lang='lat' dir='ltr'><strong>hodiernus</strong></span> <span class='ocrx_word' id='word_1_450' title='bbox 2565 3107 3097 3196; x_wconf 79' lang='lat' dir='ltr'><strong>Archipresbyter</strong></span> <span class='ocrx_word' id='word_1_451' title='bbox 3143 3112 3374 3176; x_wconf 87' lang='lat' dir='ltr'><strong>Terrae</strong></span> 
     </span>
     <span class='ocr_line' id='line_1_88' title="bbox 1797 3195 3374 3266; baseline -0.001 0"><span class='ocrx_word' id='word_1_452' title='bbox 1797 3199 2131 3266; x_wconf 91' lang='lat' dir='ltr'><strong>Lutiorum</strong></span> <span class='ocrx_word' id='word_1_453' title='bbox 2185 3197 2504 3265; x_wconf 89' lang='lat' dir='ltr'><strong>Dioecesis</strong></span> <span class='ocrx_word' id='word_1_454' title='bbox 2551 3195 2930 3263; x_wconf 89' lang='lat' dir='ltr'><strong>Bisinianen.</strong></span> <span class='ocrx_word' id='word_1_455' title='bbox 3003 3200 3225 3264; x_wconf 89' lang='lat' dir='ltr'><strong>Sacrae</strong></span> <span class='ocrx_word' id='word_1_456' title='bbox 3271 3197 3374 3264; x_wconf 84' lang='lat' dir='ltr'><strong>Ri-</strong></span> 
     </span>
     <span class='ocr_line' id='line_1_89' title="bbox 1801 3282 3376 3374; baseline -0.001 -22"><span class='ocrx_word' id='word_1_457' title='bbox 1801 3298 1984 3354; x_wconf 91' lang='lat' dir='ltr'><strong>tuum</strong></span> <span class='ocrx_word' id='word_1_458' title='bbox 2052 3284 2540 3374; x_wconf 88' lang='lat' dir='ltr'><strong>congregationi</strong></span> <span class='ocrx_word' id='word_1_459' title='bbox 2601 3303 2875 3369; x_wconf 83' lang='lat' dir='ltr'><strong>sequens</strong></span> <span class='ocrx_word' id='word_1_460' title='bbox 2935 3282 3201 3356; x_wconf 92' lang='lat' dir='ltr'><strong>dubium</strong></span> <span class='ocrx_word' id='word_1_461' title='bbox 3259 3301 3376 3369; x_wconf 90' lang='lat' dir='ltr'><strong>pro</strong></span> 
     </span>
     <span class='ocr_line' id='line_1_90' title="bbox 1800 3371 3372 3463; baseline 0 -22"><span class='ocrx_word' id='word_1_462' title='bbox 1800 3385 2160 3463; x_wconf 89' lang='lat' dir='ltr'><strong>opportuna</strong></span> <span class='ocrx_word' id='word_1_463' title='bbox 2206 3373 2522 3442; x_wconf 87' lang='lat' dir='ltr'><strong>solutione</strong></span> <span class='ocrx_word' id='word_1_464' title='bbox 2568 3374 3003 3460; x_wconf 87' lang='lat' dir='ltr'><strong>proposuerit,</strong></span> <span class='ocrx_word' id='word_1_465' title='bbox 3038 3371 3372 3441; x_wconf 83' lang='lat' dir='ltr'><strong>nimirum:</strong></span> 
     </span>
     <span class='ocr_line' id='line_1_91' title="bbox 1800 3460 3376 3550; baseline -0.002 -19"><span class='ocrx_word' id='word_1_466' title='bbox 1800 3465 1965 3531; x_wconf 90' lang='lat' dir='ltr'><strong>Num</strong></span> <span class='ocrx_word' id='word_1_467' title='bbox 2023 3463 2333 3530; x_wconf 88' lang='lat' dir='ltr'><strong>Diaconus</strong></span> <span class='ocrx_word' id='word_1_468' title='bbox 2390 3460 2863 3550; x_wconf 86' lang='lat' dir='ltr'><strong>superpelliceo</strong></span> <span class='ocrx_word' id='word_1_469' title='bbox 2932 3473 2998 3529; x_wconf 89' lang='lat' dir='ltr'><strong>et</strong></span> <span class='ocrx_word' id='word_1_470' title='bbox 3045 3463 3216 3529; x_wconf 85' lang='lat' dir='ltr'><strong>Stola</strong></span> <span class='ocrx_word' id='word_1_471' title='bbox 3284 3462 3376 3528; x_wconf 92' lang='lat' dir='ltr'><strong>in-</strong></span> 
     </span>
     <span class='ocr_line' id='line_1_92' title="bbox 1798 3547 3376 3639; baseline -0.001 -20"><span class='ocrx_word' id='word_1_472' title='bbox 1798 3552 1995 3619; x_wconf 85' lang='lat' dir='ltr'><strong>dutus</strong></span> <span class='ocrx_word' id='word_1_473' title='bbox 2051 3551 2278 3639; x_wconf 89' lang='lat' dir='ltr'><strong>possit,</strong></span> <span class='ocrx_word' id='word_1_474' title='bbox 2327 3550 2408 3617; x_wconf 95' lang='lat' dir='ltr'><strong>de</strong></span> <span class='ocrx_word' id='word_1_475' title='bbox 2455 3568 2766 3617; x_wconf 89' lang='lat' dir='ltr'><strong>consensu</strong></span> <span class='ocrx_word' id='word_1_476' title='bbox 2826 3549 3122 3634; x_wconf 88' lang='lat' dir='ltr'><strong>Parochi,</strong></span> <span class='ocrx_word' id='word_1_477' title='bbox 3183 3547 3376 3617; x_wconf 89' lang='lat' dir='ltr'><strong>bene·</strong></span> 
     </span>
     <span class='ocr_line' id='line_1_93' title="bbox 1799 3636 3018 3707; baseline -0.002 0"><span class='ocrx_word' id='word_1_478' title='bbox 1799 3640 2015 3707; x_wconf 90' lang='lat' dir='ltr'><strong>dicere</strong></span> <span class='ocrx_word' id='word_1_479' title='bbox 2063 3640 2282 3707; x_wconf 89' lang='lat' dir='ltr'><strong>domos</strong></span> <span class='ocrx_word' id='word_1_480' title='bbox 2326 3636 2393 3704; x_wconf 90' lang='lat' dir='ltr'><strong>in</strong></span> <span class='ocrx_word' id='word_1_481' title='bbox 2437 3638 2704 3706; x_wconf 91' lang='lat' dir='ltr'><strong>Sabbato</strong></span> <span class='ocrx_word' id='word_1_482' title='bbox 2750 3636 3018 3707; x_wconf 74' lang='lat' dir='ltr'><strong>Sancto?</strong></span> 
     </span>
    </p>

    <p class='ocr_par' dir='ltr' id='par_1_20' title="bbox 1799 3725 3382 4260">
     <span class='ocr_line' id='line_1_94' title="bbox 1935 3725 3380 3796; baseline -0.001 0"><span class='ocrx_word' id='word_1_483' title='bbox 1935 3725 2424 3796; x_wconf 86' lang='lat' dir='ltr'><strong>Eminentissimi</strong></span> <span class='ocrx_word' id='word_1_484' title='bbox 2477 3737 2545 3793; x_wconf 93' lang='lat' dir='ltr'><strong>et</strong></span> <span class='ocrx_word' id='word_1_485' title='bbox 2589 3726 3128 3795; x_wconf 84' lang='lat' dir='ltr'><strong>Reverendissimi</strong></span> <span class='ocrx_word' id='word_1_486' title='bbox 3170 3730 3380 3794; x_wconf 90' lang='lat' dir='ltr'><strong>Patres</strong></span> 
     </span>
     <span class='ocr_line' id='line_1_95' title="bbox 1805 3814 3380 3904; baseline -0.003 -18"><span class='ocrx_word' id='word_1_487' title='bbox 1805 3816 2006 3886; x_wconf 89' lang='lat' dir='ltr'><strong>Sacris</strong></span> <span class='ocrx_word' id='word_1_488' title='bbox 2059 3816 2313 3884; x_wconf 90' lang='lat' dir='ltr'><strong>tuendis</strong></span> <span class='ocrx_word' id='word_1_489' title='bbox 2372 3815 2617 3884; x_wconf 87' lang='lat' dir='ltr'><strong>Ritibus</strong></span> <span class='ocrx_word' id='word_1_490' title='bbox 2670 3816 3049 3904; x_wconf 89' lang='lat' dir='ltr'><strong>praepositi,</strong></span> <span class='ocrx_word' id='word_1_491' title='bbox 3097 3814 3162 3881; x_wconf 91' lang='lat' dir='ltr'><strong>in</strong></span> <span class='ocrx_word' id='word_1_492' title='bbox 3205 3815 3380 3883; x_wconf 88' lang='lat' dir='ltr'><strong>Ordi-</strong></span> 
     </span>
     <span class='ocr_line' id='line_1_96' title="bbox 1799 3901 3382 3990; baseline -0.003 -17"><span class='ocrx_word' id='word_1_493' title='bbox 1799 3905 1976 3973; x_wconf 88' lang='lat' dir='ltr'><strong>nario</strong></span> <span class='ocrx_word' id='word_1_494' title='bbox 2023 3908 2225 3973; x_wconf 90' lang='lat' dir='ltr'><strong>coetu</strong></span> <span class='ocrx_word' id='word_1_495' title='bbox 2271 3904 2349 3971; x_wconf 88' lang='lat' dir='ltr'><strong>ad</strong></span> <span class='ocrx_word' id='word_1_496' title='bbox 2387 3902 2706 3983; x_wconf 86' lang='lat' dir='ltr'><strong>Quirinale</strong></span> <span class='ocrx_word' id='word_1_497' title='bbox 2736 3901 3092 3990; x_wconf 90' lang='lat' dir='ltr'><strong>subsignata</strong></span> <span class='ocrx_word' id='word_1_498' title='bbox 3137 3902 3243 3970; x_wconf 89' lang='lat' dir='ltr'><strong>die</strong></span> <span class='ocrx_word' id='word_1_499' title='bbox 3273 3902 3382 3970; x_wconf 90' lang='lat' dir='ltr'><strong>ha·</strong></span> 
     </span>
     <span class='ocr_line' id='line_1_97' title="bbox 1803 3990 3378 4082; baseline -0.003 -21"><span class='ocrx_word' id='word_1_500' title='bbox 1803 3994 1963 4076; x_wconf 90' lang='lat' dir='ltr'><strong>bito,</strong></span> <span class='ocrx_word' id='word_1_501' title='bbox 2011 3993 2091 4060; x_wconf 90' lang='lat' dir='ltr'><strong>ad</strong></span> <span class='ocrx_word' id='word_1_502' title='bbox 2144 3993 2520 4060; x_wconf 90' lang='lat' dir='ltr'><strong>relationem</strong></span> <span class='ocrx_word' id='word_1_503' title='bbox 2578 3991 2961 4082; x_wconf 80' lang='lat' dir='ltr'><strong>infrascripti</strong></span> <span class='ocrx_word' id='word_1_504' title='bbox 3018 3990 3378 4076; x_wconf 88' lang='lat' dir='ltr'><strong>Secretarii,</strong></span> 
     </span>
     <span class='ocr_line' id='line_1_98' title="bbox 1806 4079 3376 4169; baseline -0.003 -21"><span class='ocrx_word' id='word_1_505' title='bbox 1806 4080 2330 4169; x_wconf 89' lang='lat' dir='ltr'><strong>respondendum</strong></span> <span class='ocrx_word' id='word_1_506' title='bbox 2404 4091 2833 4147; x_wconf 72' lang='lat' dir='ltr'><strong>censueruntt</strong></span> <span class='ocrx_word' id='word_1_507' title='bbox 2904 4102 2943 4145; x_wconf 86' lang='lat'><strong>‹</strong></span> <span class='ocrx_word' id='word_1_508' title='bbox 2974 4079 3279 4166; x_wconf 87' lang='lat' dir='ltr'><strong>Negative</strong></span> <span class='ocrx_word' id='word_1_509' title='bbox 3311 4100 3376 4145; x_wconf 82' lang='lat'><strong>».</strong></span> 
     </span>
     <span class='ocr_line' id='line_1_99' title="bbox 1803 4168 2560 4260; baseline -0.004 -22"><span class='ocrx_word' id='word_1_510' title='bbox 1803 4169 1917 4238; x_wconf 90' lang='lat' dir='ltr'><strong>Die</strong></span> <span class='ocrx_word' id='word_1_511' title='bbox 1963 4172 2005 4237; x_wconf 89' lang='lat'>8</span> <span class='ocrx_word' id='word_1_512' title='bbox 2052 4168 2320 4257; x_wconf 82' lang='lat' dir='ltr'><strong>Augusti</strong></span> <span class='ocrx_word' id='word_1_513' title='bbox 2367 4170 2560 4260; x_wconf 79' lang='grc'><strong>1835.</strong></span> 
     </span>
    </p>
   </div>
   <div class='ocr_carea' id='block_1_14' title="bbox 1808 4312 2751 4382">
    <p class='ocr_par' dir='ltr' id='par_1_21' title="bbox 1808 4312 2751 4382">
     <span class='ocr_line' id='line_1_100' title="bbox 1808 4312 2751 4382; baseline -0.007 0"><span class='ocrx_word' id='word_1_514' title='bbox 1808 4312 1915 4382; x_wconf 77' lang='grc'><strong>27</strong></span> <span class='ocrx_word' id='word_1_515' title='bbox 1918 4312 2069 4381; x_wconf 85' lang='grc'><strong>30.</strong></span> <span class='ocrx_word' id='word_1_516' title='bbox 2436 4312 2751 4377; x_wconf 66' lang='lat' dir='ltr'><strong>mmmm.</strong></span> 
     </span>
    </p>
   </div>
   <div class='ocr_carea' id='block_1_15' title="bbox 1812 4428 3391 5493">
    <p class='ocr_par' dir='ltr' id='par_1_22' title="bbox 1812 4428 3387 5135">
     <span class='ocr_line' id='line_1_101' title="bbox 1941 4428 3383 4520; baseline -0.002 -20"><span class='ocrx_word' id='word_1_517' title='bbox 1941 4434 2205 4513; x_wconf 86' lang='lat' dir='ltr'><strong>Quidam</strong></span> <span class='ocrx_word' id='word_1_518' title='bbox 2249 4430 2807 4520; x_wconf 82' lang='lat' dir='ltr'><strong>Archiepiscopus,</strong></span> <span class='ocrx_word' id='word_1_519' title='bbox 2842 4429 3022 4497; x_wconf 89' lang='lat' dir='ltr'><strong>cuius</strong></span> <span class='ocrx_word' id='word_1_520' title='bbox 3066 4428 3383 4497; x_wconf 89' lang='lat' dir='ltr'><strong>Dioecesis</strong></span> 
     </span>
     <span class='ocr_line' id='line_1_102' title="bbox 1812 4516 3383 4608; baseline -0.004 -18"><span class='ocrx_word' id='word_1_521' title='bbox 1812 4542 1941 4591; x_wconf 90' lang='lat' dir='ltr'><strong>non</strong></span> <span class='ocrx_word' id='word_1_522' title='bbox 1987 4521 2179 4589; x_wconf 89' lang='lat' dir='ltr'><strong>habet</strong></span> <span class='ocrx_word' id='word_1_523' title='bbox 2238 4520 2714 4608; x_wconf 79' lang='lat' dir='ltr'><strong>suffraganeos,</strong></span> <span class='ocrx_word' id='word_1_524' title='bbox 2764 4516 3144 4586; x_wconf 84' lang='lat' dir='ltr'><strong>Pontificalia</strong></span> <span class='ocrx_word' id='word_1_525' title='bbox 3201 4535 3383 4584; x_wconf 82' lang='lat' dir='ltr'><strong>exer-</strong></span> 
     </span>
     <span class='ocr_line' id='line_1_103' title="bbox 1812 4604 3384 4679; baseline -0.005 0"><span class='ocrx_word' id='word_1_526' title='bbox 1812 4629 1963 4679; x_wconf 91' lang='lat' dir='ltr'><strong>cens</strong></span> <span class='ocrx_word' id='word_1_527' title='bbox 2009 4608 2336 4677; x_wconf 90' lang='lat' dir='ltr'><strong>Dominica</strong></span> <span class='ocrx_word' id='word_1_528' title='bbox 2374 4612 2779 4676; x_wconf 89' lang='lat' dir='ltr'><strong>Pentecostes</strong></span> <span class='ocrx_word' id='word_1_529' title='bbox 2811 4606 2875 4673; x_wconf 92' lang='lat' dir='ltr'><strong>in</strong></span> <span class='ocrx_word' id='word_1_530' title='bbox 2905 4606 3191 4672; x_wconf 88' lang='lat' dir='ltr'><strong>Ecclesia</strong></span> <span class='ocrx_word' id='word_1_531' title='bbox 3234 4604 3384 4671; x_wconf 90' lang='lat' dir='ltr'><strong>alie-</strong></span> 
     </span>
     <span class='ocr_line' id='line_1_104' title="bbox 1813 4693 3382 4779; baseline -0.004 -13"><span class='ocrx_word' id='word_1_532' title='bbox 1813 4717 1927 4767; x_wconf 89' lang='lat' dir='ltr'><strong>nae</strong></span> <span class='ocrx_word' id='word_1_533' title='bbox 1973 4698 2291 4765; x_wconf 85' lang='lat' dir='ltr'><strong>Dioecesis</strong></span> <span class='ocrx_word' id='word_1_534' title='bbox 2335 4696 2419 4763; x_wconf 90' lang='lat' dir='ltr'><strong>de</strong></span> <span class='ocrx_word' id='word_1_535' title='bbox 2467 4696 2719 4763; x_wconf 88' lang='lat' dir='ltr'><strong>licentia</strong></span> <span class='ocrx_word' id='word_1_536' title='bbox 2772 4693 3117 4779; x_wconf 89' lang='lat' dir='ltr'><strong>Ordinarii,</strong></span> <span class='ocrx_word' id='word_1_537' title='bbox 3163 4693 3382 4778; x_wconf 89' lang='lat' dir='ltr'><strong>Pallio,</strong></span> 
     </span>
     <span class='ocr_line' id='line_1_105' title="bbox 1813 4781 3381 4874; baseline -0.006 -20"><span class='ocrx_word' id='word_1_538' title='bbox 1813 4785 2106 4874; x_wconf 84' lang='lat' dir='ltr'><strong>Magistro</strong></span> <span class='ocrx_word' id='word_1_539' title='bbox 2137 4784 2688 4854; x_wconf 87' lang='lat' dir='ltr'><strong>caeremoniarum</strong></span> <span class='ocrx_word' id='word_1_540' title='bbox 2715 4781 3051 4869; x_wconf 89' lang='lat' dir='ltr'><strong>suadente,</strong></span> <span class='ocrx_word' id='word_1_541' title='bbox 3078 4802 3230 4850; x_wconf 90' lang='lat' dir='ltr'><strong>usus</strong></span> <span class='ocrx_word' id='word_1_542' title='bbox 3260 4793 3381 4848; x_wconf 90' lang='lat' dir='ltr'><strong>est.</strong></span> 
     </span>
     <span class='ocr_line' id='line_1_106' title="bbox 1813 4868 3387 4973; baseline -0.005 -30"><span class='ocrx_word' id='word_1_543' title='bbox 1813 4877 1976 4943; x_wconf 76' lang='lat' dir='ltr'><strong>Hinc</strong></span> <span class='ocrx_word' id='word_1_544' title='bbox 2016 4874 2267 4959; x_wconf 89' lang='lat' dir='ltr'><strong>quaerit</strong></span> <span class='ocrx_word' id='word_1_545' title='bbox 2307 4881 2528 4940; x_wconf 89' lang='lat' dir='ltr'><strong>utrum</strong></span> <span class='ocrx_word' id='word_1_546' title='bbox 2568 4871 2765 4973; x_wconf 86' lang='lat' dir='ltr'><strong>possit</strong></span> <span class='ocrx_word' id='word_1_547' title='bbox 2810 4870 2874 4937; x_wconf 91' lang='lat' dir='ltr'><strong>in</strong></span> <span class='ocrx_word' id='word_1_548' title='bbox 2918 4882 3249 4960; x_wconf 88' lang='lat' dir='ltr'><strong>posterum</strong></span> <span class='ocrx_word' id='word_1_549' title='bbox 3291 4868 3387 4937; x_wconf 89' lang='lat' dir='ltr'><strong>uti</strong></span> 
     </span>
     <span class='ocr_line' id='line_1_107' title="bbox 1814 4956 3387 5048; baseline -0.004 -18"><span class='ocrx_word' id='word_1_550' title='bbox 1814 4962 2006 5030; x_wconf 89' lang='lat' dir='ltr'><strong>Pallio</strong></span> <span class='ocrx_word' id='word_1_551' title='bbox 2054 4963 2119 5029; x_wconf 91' lang='lat' dir='ltr'><strong>in</strong></span> <span class='ocrx_word' id='word_1_552' title='bbox 2165 4961 2502 5048; x_wconf 88' lang='lat' dir='ltr'><strong>designatis</strong></span> <span class='ocrx_word' id='word_1_553' title='bbox 2534 4959 2759 5028; x_wconf 78' lang='lat' dir='ltr'><strong>diebus</strong></span> <span class='ocrx_word' id='word_1_554' title='bbox 2791 4969 2969 5026; x_wconf 84' lang='lat' dir='ltr'><strong>extra</strong></span> <span class='ocrx_word' id='word_1_555' title='bbox 2999 4978 3174 5026; x_wconf 91' lang='lat' dir='ltr'><strong>suam</strong></span> <span class='ocrx_word' id='word_1_556' title='bbox 3205 4956 3387 5026; x_wconf 89' lang='lat' dir='ltr'><strong>Dioe-</strong></span> 
     </span>
     <span class='ocr_line' id='line_1_108' title="bbox 1818 5042 3304 5135; baseline -0.006 -15"><span class='ocrx_word' id='word_1_557' title='bbox 1818 5051 2037 5135; x_wconf 89' lang='lat' dir='ltr'><strong>cesim,</strong></span> <span class='ocrx_word' id='word_1_558' title='bbox 2086 5051 2171 5118; x_wconf 87' lang='lat' dir='ltr'><strong>de</strong></span> <span class='ocrx_word' id='word_1_559' title='bbox 2218 5049 2470 5117; x_wconf 91' lang='lat' dir='ltr'><strong>licentia</strong></span> <span class='ocrx_word' id='word_1_560' title='bbox 2516 5058 2730 5116; x_wconf 88' lang='lat' dir='ltr'><strong>tamen</strong></span> <span class='ocrx_word' id='word_1_561' title='bbox 2773 5047 3081 5117; x_wconf 89' lang='lat' dir='ltr'><strong>Ordinarii</strong></span> <span class='ocrx_word' id='word_1_562' title='bbox 3127 5042 3304 5114; x_wconf 69' lang='lat' dir='ltr'><strong>loci?</strong></span> 
     </span>
    </p>

    <p class='ocr_par' dir='ltr' id='par_1_23' title="bbox 1820 5134 3391 5493">
     <span class='ocr_line' id='line_1_109' title="bbox 1949 5134 3391 5225; baseline -0.005 -18"><span class='ocrx_word' id='word_1_563' title='bbox 1949 5143 2133 5207; x_wconf 89' lang='lat' dir='ltr'><strong>Sacra</strong></span> <span class='ocrx_word' id='word_1_564' title='bbox 2197 5137 2461 5206; x_wconf 84' lang='lat' dir='ltr'><strong>Rituum</strong></span> <span class='ocrx_word' id='word_1_565' title='bbox 2531 5136 2989 5225; x_wconf 89' lang='lat' dir='ltr'><strong>congregatio,</strong></span> <span class='ocrx_word' id='word_1_566' title='bbox 3057 5135 3136 5202; x_wconf 90' lang='lat' dir='ltr'><strong>ad</strong></span> <span class='ocrx_word' id='word_1_567' title='bbox 3187 5134 3391 5215; x_wconf 89' lang='lat' dir='ltr'><strong>Quiri-</strong></span> 
     </span>
     <span class='ocr_line' id='line_1_110' title="bbox 1820 5225 3391 5310; baseline -0.004 -14"><span class='ocrx_word' id='word_1_568' title='bbox 1820 5229 1964 5296; x_wconf 92' lang='lat' dir='ltr'><strong>nale</strong></span> <span class='ocrx_word' id='word_1_569' title='bbox 2011 5227 2075 5294; x_wconf 91' lang='lat' dir='ltr'><strong>in</strong></span> <span class='ocrx_word' id='word_1_570' title='bbox 2121 5226 2448 5296; x_wconf 80' lang='lat' dir='ltr'><strong>Ordinatio</strong></span> <span class='ocrx_word' id='word_1_571' title='bbox 2495 5227 2699 5294; x_wconf 87' lang='lat' dir='ltr'><strong>coetu</strong></span> <span class='ocrx_word' id='word_1_572' title='bbox 2744 5227 3122 5310; x_wconf 90' lang='lat' dir='ltr'><strong>coadunata,</strong></span> <span class='ocrx_word' id='word_1_573' title='bbox 3168 5225 3247 5292; x_wconf 89' lang='lat' dir='ltr'><strong>ad</strong></span> <span class='ocrx_word' id='word_1_574' title='bbox 3290 5243 3391 5290; x_wconf 89' lang='lat' dir='ltr'><strong>re-</strong></span> 
     </span>
     <span class='ocr_line' id='line_1_111' title="bbox 1822 5312 3388 5404; baseline -0.002 -20"><span class='ocrx_word' id='word_1_575' title='bbox 1822 5317 2124 5385; x_wconf 90' lang='lat' dir='ltr'><strong>lationem</strong></span> <span class='ocrx_word' id='word_1_576' title='bbox 2156 5314 2881 5404; x_wconf 77' lang='lat' dir='ltr'><strong>Secretarii·rescripsit=</strong></span> <span class='ocrx_word' id='word_1_577' title='bbox 2915 5336 2955 5383; x_wconf 63' lang='grc' dir='ltr'><strong>α</strong></span> <span class='ocrx_word' id='word_1_578' title='bbox 2986 5312 3293 5402; x_wconf 85' lang='lat' dir='ltr'><strong>Negative</strong></span> <span class='ocrx_word' id='word_1_579' title='bbox 3321 5333 3388 5381; x_wconf 58' lang='grc' dir='ltr'><strong>ν.</strong></span> 
     </span>
     <span class='ocr_line' id='line_1_112' title="bbox 1821 5404 2577 5493; baseline -0.005 -21"><span class='ocrx_word' id='word_1_580' title='bbox 1821 5405 1936 5473; x_wconf 90' lang='lat' dir='ltr'><strong>Die</strong></span> <span class='ocrx_word' id='word_1_581' title='bbox 1980 5411 2021 5474; x_wconf 89' lang='lat'>8</span> <span class='ocrx_word' id='word_1_582' title='bbox 2064 5404 2331 5493; x_wconf 83' lang='lat' dir='ltr'><strong>Augusti</strong></span> <span class='ocrx_word' id='word_1_583' title='bbox 2384 5407 2577 5471; x_wconf 89' lang='grc'><strong>1835.</strong></span> 
     </span>
    </p>
   </div>
   <div class='ocr_carea' id='block_1_16' title="bbox 3152 4305 3379 4395">
    <p class='ocr_par' dir='ltr' id='par_1_24' title="bbox 3152 4305 3379 4395">
     <span class='ocr_line' id='line_1_113' title="bbox 3152 4305 3379 4395; baseline 0.004 -21"><span class='ocrx_word' id='word_1_584' title='bbox 3152 4305 3379 4395; x_wconf 79' lang='grc'>(4758)</span> 
     </span>
    </p>
   </div>
  </div>
 </body>
</html>
