4042 5950
1540 266 1853 347 -323
1908 312 2013 327 --

283 431 339 493 1.
387 427 483 494 An
526 425 814 494 Parochis
859 438 1184 517 competat
1240 427 1337 495 ius
1390 427 1719 514 exigendi,

168 525 226 579 ut
264 516 445 582 Presh
492 515 633 600 teri,
699 515 766 582 in
825 517 1001 583 Missa
1046 517 1317 584 solemni
1378 515 1454 581 ad
1518 520 1721 583 Evan-

165 602 385 688 gelium
430 536 513 670 (se
561 603 813 670 licentia
849 604 1145 705 Episcopi
1181 602 1653 705 praedicantes,
1689 624 1721 667 a

163 692 417 757 Parocbo
462 692 829 760 celebrante
877 692 1393 760 benedmtnonem
1450 687 1726 780 petant?

166 790 222 844 et
263 788 563 864 quatenus
609 778 1004 865 affirmative,

280 871 344 932 Ξ.
379 868 474 932 An
505 867 879 953 canonicus,
905 889 938 934 a
967 870 1245 936 Parocho
1277 868 1564 957 quamvis
1595 887 1724 934 non

163 955 478 1110 ganbgpicp,
514 955 904 1042 praedictam
935 956 1451 1024 benedictionem
1497 967 1724 1043 petere

209 1063 241 1108 θ
356 1054 380 1108 t

282 1136 343 1199 3.
380 1138 472 1199 An
496 1132 871 1217 Canonicus,
899 1133 1008 1219 qui
1034 1132 1347 1201 Abbatum
1379 1132 1729 1220 insignibus

165 1218 350 1286 utitur
392 1239 469 1287 ex
532 1219 871 1308 privilegio
933 1241 1048 1288 seu
1107 1222 1515 1289 concessione
1561 1224 1728 1310 Apo·

162 1306 364 1374 stolica
391 1357 408 1392 ,
457 1309 900 1375 consentiente
960 1310 1344 1377 Dioecesano
1412 1311 1730 1399 Episcopo

166 1395 221 1460 in
248 1395 456 1463 habitu
489 1396 849 1482 praelatitio
934 1398 1283 1482 raedicans,
1317 1410 1730 1467 memoratam

164 1482 662 1551 benedictionem
726 1506 760 1552 a
827 1504 901 1552 ce
931 1486 1195 1553 ebrante
1261 1485 1537 1553 Parocho
1603 1504 1731 1552 non

164 1571 457 1640 canonico
503 1584 735 1659 petere
780 1572 1068 1641 debeat?

283 1665 357 1727 Et
403 1663 585 1728 Sacra
630 1661 892 1730 Rituum
924 1661 1388 1750 xCongregatio,
1435 1664 1514 1729 ad
1563 1661 1730 1729 Vati-

166 1768 374 1816 canum
422 1749 732 1816 hodierna
779 1749 883 1816 die
930 1751 994 1816 in
1022 1749 1351 1818 ordinario
1397 1754 1600 1818 Coetu
1631 1769 1734 1816 co·

166 1836 413 1903 adunata
444 1886 462 1921 ,
536 1838 861 1905 referente
932 1836 1289 1905 Secretario
1362 1838 1731 1926 rescripsit:

164 1946 197 1987 ι
222 1925 522 2026 Negative
550 1924 617 1992 in
649 1925 981 2005 omnibus;
1018 1937 1082 1993 et
1114 1926 1353 1993 dentur
1381 1931 1642 1994 Decreta
1668 1948 1732 1992 ».

281 2017 391 2080 Die
439 2017 475 2080 7
524 2014 894 2083 Decembris
945 2018 1133 2082 1844.

168 2157 413 2226 2883.
746 2158 1167 2225 pumma,
1509 2158 1737 2245 (5000)

285 2284 591 2351 Sacerdos
624 2282 989 2369 Leopoldus
1034 2278 1221 2368 Zotti,
1269 2282 1335 2350 in
1379 2283 1741 2351 cathedrali

166 2372 439 2437 Patavina
502 2369 786 2438 Ecclesia
845 2372 1398 2439 caeremoniarum
1466 2372 1739 2459 Magistri

168 2477 423 2525 munere
469 2459 773 2544 fungens,
820 2476 1019 2543 quum
1043 2458 1562 2527 animadverterit
1586 2478 1743 2526 non-

165 2546 325 2613 nulla
360 2546 446 2612 ibi
478 2566 851 2630 occurrere,
885 2564 1051 2631 quae
1083 2546 1425 2614 universali
1454 2547 1741 2614 omnium

167 2635 586 2702 Ecclesiamm
616 2634 795 2735 praxi
825 2635 932 2700 vel
981 2634 1156 2700 istius
1200 2638 1423 2702 Sacrae
1484 2635 1744 2703 Rituum

170 2721 683 2811 Congregatioms
750 2721 1036 2790 Decretis
1103 2741 1234 2789 non
1291 2735 1439 2790 sunt
1492 2724 1744 2811 integre

171 2811 546 2896 conformia,
596 2809 811 2877 eidem
858 2810 1351 2898 congregationi
1411 2813 1745 2897 sequentia

172 2897 350 2965 dubia
397 2899 731 2967 enodanda
779 2899 1153 2987 proposuit3
1203 2898 1544 2967 nimirum:
1596 2900 1692 2987 (1)

296 2992 357 3054 1.
406 2992 583 3055 Duae
613 2986 943 3073 Reliquiae
975 2987 1037 3053 in
1070 2988 1434 3056 cathedrali
1463 2988 1751 3055 Patavina

176 3076 462 3144 coluntur
508 3086 582 3143 ut
628 3074 932 3162 insignes,
965 3075 1186 3162 sicque
1231 3077 1652 3143 enuncientur
1684 3075 1747 3142 in

175 3162 577 3248 Calendario,
628 3183 902 3250 quorum
959 3183 1083 3231 una
1142 3163 1348 3233 Sancti
1405 3162 1750 3231 Sebastiani

176 3252 446 3341 Martyris
492 3263 738 3318 constat
770 3271 850 3318 ex
880 3253 1131 3319 duabus
1162 3250 1444 3341 partibus
1484 3251 1750 3318 fortasse

179 3337 458 3408 eiusdem
519 3339 676 3406 ossis
734 3360 813 3406 ex
873 3339 1250 3423 minoribus,
1316 3358 1479 3425 quae
1538 3350 1752 3428 partes

178 3428 493 3496 unciarum
541 3439 816 3516 quatuor
861 3429 970 3494 vix
1014 3438 1288 3515 aequant
1332 3446 1695 3494 mensuram
1729 3446 1747 3512 ς

177 3515 360 3583 altera
406 3516 622 3585 Sancti
668 3516 987 3583 Laurentii
1033 3518 1294 3583 Levitae
1322 3515 1613 3603 Martyris
1643 3534 1753 3581 ex·-

182 3603 344 3672 bibet
388 3616 746 3673 extremam
789 3615 1037 3692 partem
1084 3604 1321 3672 sinistri
1366 3604 1551 3692 pedis
1606 3622 1755 3670 cum

181 3705 439 3777 quatuor
487 3692 810 3780 prioribus
856 3692 1074 3778 digitis
1120 3710 1309 3759 carne
1367 3692 1753 3779 superindu-

184 3783 286 3866 tis‚
336 3801 502 3867 quae
557 3780 821 3867 quidem
876 3781 1166 3867 Reliquia
1225 3798 1474 3865 quaqua
1534 3799 1756 3846 versus

180 3871 596 3954 considerata,
643 3868 915 3936 duarum
964 3868 1296 3936 unciarum
1342 3886 1470 3934 uon
1503 3866 1758 3934 excedit

182 3974 562 4026 mensuram.
597 3957 804 4035 Quum
838 3956 1211 4024 enunciatae
1242 3957 1406 4024 duae
1429 3954 1758 4041 Reliquiae

182 4043 527 4114 habeantur
572 4056 645 4111 ut
693 4044 973 4132 insignes
1031 4065 1065 4110 a
1124 4045 1422 4112 ducentis
1482 4055 1546 4110 et
1596 4043 1757 4110 ultra

180 4134 371 4218 annis,
420 4133 621 4201 Missis
662 4134 1046 4200 eorumdem
1091 4138 1467 4203 Sanctorum
1504 4131 1762 4200 additur

188 4222 372 4288 Credo
428 4220 675 4289 ratione
718 4219 1063 4308 insignium
1094 4219 1557 4306 Reliquiarum.
1604 4220 1761 4288 Hinc

186 4311 555 4394 quaeritur:
626 4310 793 4377 Num
854 4310 920 4375 in
980 4310 1230 4376 invecta
1299 4306 1762 4376 consuetudine

189 4416 598 4484 perseverare
648 4398 860 4480 liceat,
910 4398 1029 4464 etsi
1075 4396 1401 4484 Reliquiae
1435 4396 1605 4484 ipsae
1637 4414 1766 4462 non

188 4487 615 4578 praeseferant
668 4485 1071 4554 conditiones
1125 4506 1158 4551 a
1214 4483 1497 4553 Decretis
1554 4483 1766 4568 requi·

190 4573 354 4726 sitas,
401 4587 475 4641 ut
508 4575 882 4642 earumdem
913 4573 1158 4641 ratione
1191 4584 1465 4659 ponatur
1494 4571 1558 4638 in
1590 4573 1766 4639 Missa

243 4663 437 4730 redo?

317 4756 382 4819 2.
431 4756 502 4819 ln
547 4750 906 4820 cathedrali
955 4751 1240 4817 Patavina
1295 4768 1378 4814 ex
1435 4748 1769 4815 immemo-

194 4839 365 4907 rabili
414 4839 883 4907 consuetudine
942 4839 1008 4905 in
1068 4837 1322 4937 publica
1381 4835 1770 4903 administra-

198 4926 361 4995 tione
432 4928 821 4995 Sacramenti
896 4926 1327 4993 Poemtentiae
1398 4924 1773 4991 Sacerdotes

196 5016 565 5083 confessarii
609 5016 926 5085 abstinent
970 5015 1047 5081 ab
1082 5034 1204 5081 usu
1234 5013 1444 5080 Stolae
1480 5032 1513 5076 a
1542 5010 1773 5078 Rituali

197 5106 472 5172 Romano
532 5103 810 5192 praescri
860 5114 988 5169 tae.
1048 5102 1419 5182 Quaeritur:
1470 5104 1567 5168 An
1613 5111 1774 5166 stan-

198 5191 348 5259 dum
392 5194 473 5260 sit
518 5193 776 5260 huiusm
869 5193 885 5258 i
934 5186 1428 5260 consuetudini?

334 5385 417 5460 (t)
452 5388 516 5445 s.
556 5388 702 5446 nub.
745 5388 796 5445 ι.

1957 431 2026 494 3.
2070 430 2192 513 An,
2229 437 2483 514 praeter
2528 448 2739 496 casum
2772 451 2803 495 a
2858 432 3088 501 Rituali
3133 437 3415 501 Romano

1826 514 2189 604 praevisum
2234 516 2444 583 'ritulo
2477 520 2553 600 V,
2589 520 2740 606 Cap.
2778 522 2826 602 l,
2878 521 2958 588 de
3008 523 3417 589 Sacramento

1824 607 2169 670 Extremae
2229 603 2556 671 unctionis
2617 624 2798 672 num.
2867 612 2961 693 3.,
3022 610 3086 675 in
3142 628 3270 695 quo
3336 611 3419 678 de

1826 710 2004 757 sacro
2062 691 2216 759 Oleo
2270 691 2637 759 adhibendo
2701 695 2764 761 in
2826 695 2947 764 boc
3012 700 3417 764 Sacramento

1827 778 1983 845 haec
2030 778 2383 847 habentur:
2431 801 2471 843 ι
2509 782 2574 845 Id
2623 792 2859 866 tamen,
2908 788 2970 852 si
3016 788 3181 869 sorte
3229 788 3419 852 intra

1829 886 2081 934 anuum
2129 867 2348 953 aliquo
2396 868 2571 934 modo
2618 873 2720 936 ita
2775 873 3066 959 deficiat,
3117 883 3196 938 ιιι
3247 873 3420 959 suffi-

1829 975 1964 1022 cere
2008 975 2138 1021 nou
2177 976 2354 1043 posse
2397 957 2723 1041 videatur,
2759 978 2960 1044 neque
3005 960 3195 1027 aliud
3250 963 3421 1026 bene·

1829 1044 2082 1111 dictum
2127 1044 2345 1112 haberi
2391 1057 2625 1129 queat,
2676 1048 2921 1115 modico
2969 1049 3097 1115 oleo
3153 1068 3282 1114 non
3329 1050 3422 1115 be-

1831 1133 2084 1199 aedicto
2132 1136 2204 1199 in
2252 1137 2496 1201 minori
2538 1139 2913 1219 quantitate
2970 1140 3414 1224 superinfuso,

1834 1224 2139 1307 reparari
2163 1234 2368 1307 potest
2396 1245 2473 1304 »ς
2507 1222 2693 1289 liceat
2713 1242 3013 1312 umquam
3042 1226 3232 1292 sacris
3254 1225 3424 1292 Oleis

1834 1309 2012 1375 Feria
2060 1312 2113 1376 V
2160 1311 2224 1376 in
2269 1313 2479 1377 Coena
2525 1311 2771 1378 Domini
2836 1311 3191 1381 benedictis
3237 1311 3420 1379 aliam

1834 1397 1972 1464 Olei
2019 1417 2149 1464 non
2196 1397 2519 1466 benedicti
2553 1401 2966 1485 quantitatem
2998 1398 3287 1470 addere?
3329 1406 3425 1467 An

1836 1488 1993 1553 haec
2019 1485 2256 1553 additio
2289 1488 2510 1553 saltem
2537 1487 2676 1553 fieri
2701 1488 2899 1575 possit
2923 1490 3146 1557 eadem
3169 1488 3349 1555 Feria
3369 1491 3422 1554 V

1839 1575 1904 1640 in
1933 1577 2147 1640 Coena
2174 1574 2452 1657 Domini,
2494 1574 2654 1641 adeo
2701 1586 2774 1641 ut
2820 1595 2962 1662 pars
2996 1587 3240 1645 tantum
3286 1575 3420 1644 Olei

1836 1661 2208 1729 subiiciatur
2266 1661 2697 1729 benedictioni
2761 1677 2826 1731 et
2879 1665 3250 1733 immediate
3310 1665 3425 1731 mi·

1838 1761 2095 1817 sceatur
2141 1769 2287 1816 cum
2337 1750 2483 1816 oleo
2529 1769 2659 1818 non
2698 1751 3094 1821 benedicto?

1974 1843 2038 1904 4.
2087 1839 2294 1916 Quum
2327 1838 2391 1904 in
2422 1839 2764 1906 Pontificali
2798 1845 3080 1909 Romano
3127 1842 3430 1929 praescri-

1843 1927 2028 1994 batur
2059 1937 2130 1992 ιιι
2165 1926 2226 1991 in
2274 1926 2477 1993 Sacris
2520 1927 2857 1996 Ordinibus
2903 1932 3172 2016 quisque
3205 1949 3286 1997 ex
3317 1932 3427 1996 Or-

1843 2013 2133 2081 dinandis
2179 2016 2400 2080 offerat
2449 2014 2761 2104 Episcopo
2805 2019 3128 2085 Ordiuauti
3164 2037 3428 2085 cereum

1844 2114 1987 2191 post
2055 2102 2502 2186 Offertorium3
2576 2105 2939 2188 quaeritur:
3003 2108 3100 2173 An
3170 2106 3428 2173 tolerari

1844 2190 2049 2278 possit
2093 2190 2489 2258 consuetudo
2549 2202 2622 2257 ut
2685 2192 2856 2258 cerei
2925 2194 3273 2261 offerantur
3319 2213 3429 2259 ex-

1845 2280 2065 2358 tincti;
2116 2280 2220 2344 vel
2277 2278 2488 2365 potius
2544 2279 2758 2346 offerri
2815 2280 3092 2349 debeant
3153 2282 3426 2366 accensi,

1845 2377 1917 2433 ut
1963 2368 2027 2435 in
2075 2368 2211 2456 ipso
2257 2366 2539 2434 innuitur
2582 2367 2985 2436 pontificali?

1982 2463 2048 2524 δ.
2095 2460 2165 2522 ln
2217 2455 2708 2539 wratislaviam,
2770 2462 3040 2524 Decreto
3099 2458 3247 2525 dato
3309 2458 3429 2524 sub

1847 2545 1955 2611 die
2005 2548 2085 2613 10
2145 2544 2512 2612 Decembris
2570 2549 2735 2612 1857
2782 2545 2848 2612 in
2893 2547 3307 2634 responsione
3354 2546 3431 2614 ad

1848 2633 2119 2700 dubium
2175 2632 2556 2716 secundum,
2623 2643 2687 2699 et
2749 2643 2965 2720 postea
3014 2654 3094 2701 ex
3140 2635 3432 2701 mandato

1849 2717 2232 2789 Sanctissimi
2299 2721 2544 2787 Domini
2621 2721 2831 2787 Nostri
2904 2723 3253 2791 Clementis
3327 2726 3433 2789 Pa-

1850 2828 1968 2896 pae
2032 2810 2163 2875 xul
2271 2807 2548 2875 uhlicato
2610 2809 2715 2876 die
2770 2813 2845 2877 13
2903 2810 3174 2897 Augusti
3238 2815 3432 2895 1763,

1851 2897 2163 2964 sancitum
2234 2896 2328 2962 uit
2361 2908 2431 2963 ut
2464 2895 2779 2985 Episcopo
2812 2900 3221 2986 suffraganeo
3252 2918 3438 2988 prae-

1851 2986 2015 3053 senti
2064 2986 2127 3052 in
2170 2987 2403 3069 Choro,
2468 2986 2661 3051 etiam
2720 2985 2772 3051 si
2832 3005 2961 3052 non
3016 2989 3098 3052 sit
3156 2988 3437 3073 Dignitas

1852 3073 2152 3161 Capituli,
2202 3083 2524 3161 competat
2571 3071 2953 3139 thurificatio
2997 3083 3177 3141 terno
3209 3076 3435 3158 ductu,

1853 3160 2113 3227 absente
2159 3163 2422 3250 proprio
2451 3161 2770 3262 Episcopo
2802 3161 3210 3229 Dioecesano.
3242 3163 3435 3240 Quae·

1856 3248 2056 3315 ritur:
2104 3251 2203 3315 An
2246 3249 2401 3316 haec
2448 3248 2779 3336 dispositio
2834 3249 3038 3315 valeat
3082 3248 3273 3315 etiam
3321 3268 3440 3336 pro

1855 3335 2167 3405 Canonico
2211 3337 2529 3424 Episcopo
2576 3354 2703 3403 non
2751 3335 3210 3422 Suffraganeo‘?

1991 3428 2056 3491 6.
2106 3429 2203 3492 Ex
2262 3424 2629 3512 Apostolico
2687 3423 2938 3493 indulto
2999 3446 3051 3490 s.
3103 3444 3192 3492 m.
3243 3430 3443 3492 Bene-

1858 3512 2013 3581 dicti
2045 3516 2244 3601 Papae
2274 3517 2415 3582 XIV
2447 3512 2631 3580 tertia
2662 3514 2841 3580 Feria
2864 3518 2943 3583 vl
2974 3514 3210 3580 mensis
3241 3513 3442 3580 Martii

1861 3601 1924 3669 in
1975 3612 2104 3667 tota
2151 3602 2419 3686 ditione,
2468 3600 2622 3667 olim
2670 3605 2939 3688 Veneta,
2987 3601 3109 3669 sub
3156 3602 3284 3669 ritu
3330 3601 3446 3668 du-

1859 3688 2012 3777 plici
2044 3689 2287 3777 primae
2320 3690 2528 3759 classis
2555 3691 2862 3757 recitatur
2889 3690 3177 3758 Officium
3208 3688 3444 3756 Pretio-

1860 3777 2089 3843 sissimi
2121 3779 2454 3865 Sanguinis
2485 3779 2734 3845 Domini
2765 3778 2974 3845 Nostri
3013 3784 3156 3846 lesu
3186 3777 3443 3845 Christi.

1863 3865 1927 3932 Si
1972 3865 2129 3932 haec
2176 3869 2379 3952 Feria,
2413 3868 2507 3934 uti
2539 3875 2608 3932 et
2653 3866 3010 3933 imminenti
3049 3885 3213 3933 anno
3251 3868 3443 3948 1845,

1863 3954 1943 4020 sit
1976 3956 2153 4021 Feria
2181 3959 2258 4023 Vl
2293 3957 2356 4023 in
2384 3959 2750 4039 Parasceve,
2798 3955 3164 4039 quaeritura
3198 3956 3295 4020 An
3328 3954 3448 4019 hoc

1863 4041 2152 4110 Officium
2182 4044 2393 4110 omitti
2421 4042 2692 4130 debeat;
2725 4043 2833 4109 vel
2866 4041 3077 4130 potius
3121 4040 3449 4108 transferri

1865 4132 2064 4218 possit
2111 4143 2255 4231 post
2299 4128 2578 4198 Pascha?

1997 4219 2495 4285 Eminentissimi
2565 4237 2720 4284 vero
2780 4237 2848 4283 ac
2914 4214 3449 4285 Reverendissimi

1868 4311 2084 4374 Patres
2129 4307 2334 4375 Sacris
2379 4307 2632 4374 tuendis
2675 4305 2922 4372 Ritibus
3016 4304 3337 4392 raepositi,
3372 4303 3449 4372 ad

1870 4395 2246 4463 Vaticanum
2290 4393 2652 4482 subsignata
2697 4395 2807 4475 die
2855 4321 3186 4460 coagunati
3234 4392 3300 4459 in
3344 4392 3455 4457 Or-

1870 4483 2130 4550 dinariis
2167 4482 2482 4568 ,Comitiis‚
2533 4482 2928 4569 infrascripto
2977 4479 3327 4548 Secretario
3361 4499 3456 4547 re-

1869 4572 2146 4650 ferente,
2194 4570 2463 4658 singulis
2508 4569 2852 4659 propositis
2917 4568 3125 4637 dubiis
3190 4568 3312 4636 rite
3371 4568 3456 4634 de
3559 4631 3570 4646 x
3643 4545 3662 4566 ⁸

1874 4676 2056 4726 more
2101 4660 2438 4746 perpensis
2484 4678 2555 4726 ac
2600 4658 2897 4744 diligenti
2958 4656 3249 4723 examine
3309 4675 3457 4722 con-

1874 4745 2194 4829 sideratis,
2245 4746 2729 4814 rescribeudum
2776 4755 3215 4812 censuerunt:

2007 4834 2103 4901 Ad
2157 4837 2221 4900 1.
2269 4856 2308 4901 ‹
2340 4833 2692 4920 Negative;
2741 4851 2940 4919 quum
2989 4852 3117 4901 non
3162 4831 3286 4898 sint
3338 4834 3459 4898 Re-

1880 4921 2113 5008 liquiae
2160 4920 2442 5010 insignes
2474 4948 2536 4989 ν.

2010 5009 2105 5076 Ad
2155 5014 2219 5077 2.
2271 5032 2310 5077 ‹
2335 5009 2680 5097 Negative;
2729 5008 2841 5076 sed
2877 5009 3172 5076 standum
3205 5006 3461 5074 omnino

1881 5097 2113 5166 Rituali
2163 5108 2229 5163 et
2273 5100 2409 5165 aliis
2455 5098 2739 5165 Decretis
2771 5118 2834 5163 ».

2017 5187 2110 5255 Ad
2163 5190 2228 5254 3.
2277 5209 2317 5251 ‹
2350 5185 2696 5275 Negativ03
2744 5185 2856 5252 sed
2906 5185 2970 5252 in
3015 5204 3157 5254 casu
3220 5194 3464 5252 lantum
