4042 5950
1586 296 2055 374 -1527—

63 457 64 470 ¹
184 457 236 521 in
279 454 558 521 Ecclesia
593 454 940 540 collegiata
970 460 1200 522 Terrae
1234 454 1550 542 'rophiae3
1585 454 1757 539 quod

1858 454 2237 520 relationem
2284 413 2423 518 Emi
2474 465 2539 519 et
2597 437 2733 520 Rffii
2799 453 3043 518 Domini
3102 450 3450 518 cardinalis

185 547 420 609 Festum
471 561 598 608 una
644 561 794 608 cum
839 542 1354 609 novemdialibus
1401 541 1767 607 celebratur
1863 543 2215 609 Columnae
2248 542 2466 607 Almae
2500 539 2686 608 Urbis
2721 539 2945 607 vicarii
2993 539 3319 622 PonentiS,
3358 556 3454 603 re-

187 633 236 697 in
277 631 558 706 Ecclesia
608 634 673 697 S.
726 630 1072 698 Alexandri
1133 635 1387 697 Patrum
1447 630 1762 696 Minoi-um

183 719 700 785 conventualium
748 718 1040 785 eiusdem
1087 717 1265 784 loci?

294 811 356 871 2.
405 809 505 872 An
556 815 808 872 constet
839 807 923 874 de
954 808 1306 889 attentatis,
1342 818 1410 872 et
1439 806 1762 893 quomodo

183 895 288 959 sint
330 895 668 982 purganda
692 892 726 957 ¹?

291 984 368 1047 Et
413 985 484 1047 S.
545 987 624 1049 R.
683 986 1106 1068 C.,‘utraque
1153 994 1336 1070 parte
1396 983 1632 1069 scripto
1696 993 1762 1047 et

63 1077 64 1096 ³
184 1090 319 1135 voce
356 1069 748 1136 informante
782 1070 991 1137 audita
1027 1071 1302 1156 visisque
1338 1069 1580 1136 iuribus
1611 1069 1759 1135 hinc

63 1197 64 1200 =
185 1157 310 1223 inde
356 1157 698 1242 deductis,
748 1159 827 1227 ad
872 1158 1255 1225 relationem
1296 1159 1585 1225 eiusdem
1620 1157 1756 1223 Emi

185 1255 239 1310 et
275 1245 408 1311 Rmi
458 1245 715 1312 Domini
760 1245 1108 1313 cardinalis
1136 1247 1458 1329 Ponentis,
1495 1264 1758 1332 respon-

63 1409 64 1436 ,
183 1335 450 1401 dendum
499 1335 759 1400 censuit
787 1358 804 1399 ε

291 1422 383 1489 Ad
440 1425 498 1486 1.
556 1443 594 1483 «
627 1422 847 1500 Quoad
894 1425 1154 1489 Festum
1200 1423 1488 1489 solemne
1529 1421 1594 1486 in
1640 1426 1757 1488 Ec·

185 1510 348 1574 clesia
394 1508 790 1597 collegiata,
854 1510 1196 1596 Negative;
1259 1510 1468 1595 quoad
1530 1529 1758 1595 preces

63 1635 64 1662 l
186 1597 602 1665 novemdiales
666 1597 838 1662 iuxta
908 1609 1237 1682 mentem,
1300 1614 1576 1697 nempe,
1638 1617 1756 1684 pro

184 1685 498 1752 concordia
547 1684 811 1751 arbitrio
863 1685 999 1751 Emi
1044 1686 1365 1752 Ponentis.
1400 1689 1512 1751 Hic
1544 1694 1755 1750 autem

186 1774 389 1841 eodem
461 1772 735 1838 arbitrio
809 1782 995 1839 utens
1063 1773 1452 1841 declaravit:
1531 1776 1758 1839 Preces

183 1859 599 1927 novemdiales
648 1861 1148 1946 praemittendas
1195 1860 1548 1927 Festivitati
1596 1862 1756 1927 Con·

63 1973 64 2036 )
184 1948 473 2036 captionis
520 1953 594 2013 Β.
648 1951 726 2013 M.
780 1953 853 2014 V.
907 1950 1347 2015 Immaculatae
1400 1949 1622 2035 peragi
1685 1948 1756 2013 li·

63 2087 64 2108 ,
184 2055 311 2101 cere
352 2037 419 2103 in
479 2036 771 2102 Ecclesia
833 2037 1180 2122 collegiata
1235 2056 1355 2124 per
1412 2038 1757 2123 Archipre·

183 2124 486 2209 sbyterum
539 2133 612 2188 et
656 2123 1002 2190 canonicos
1049 2125 1134 2192 de
1164 2142 1375 2209 mane,
1410 2124 1542 2191 sive
1584 2123 1758 2191 horis

183 2211 525 2289 matutinis;
604 2211 669 2276 in
731 2212 1016 2277 Ecclesia
1076 2231 1230 2278 vero
1295 2216 1359 2278 S.
1412 2211 1755 2279 Alexandri

63 2377 66 2396 .
187 2318 301 2365 osse
343 2300 763 2365 celebrandas
812 2319 929 2386 per
991 2304 1202 2366 Patres
1260 2301 1536 2366 Minores
1589 2303 1754 2367 Con-

185 2388 492 2453 ventuale's
539 2388 628 2453 de
673 2406 845 2469 sero,
893 2388 1028 2452 sive
1076 2387 1248 2453 horis
1281 2389 1664 2473 vespertinis
1691 2411 1752 2452 ».

294 2475 383 2541 Ad
431 2479 498 2541 2.
554 2495 595 2536 ‹
632 2479 808 2540 quta
857 2485 1140 2540 mentem
1188 2476 1635 2542 declarandam
1683 2475 1758 2541 ab

188 2564 319 2626 Ειῑιο
363 2566 678 2646 Ponente,
730 2561 840 2647 qui
893 2561 1280 2628 declaravit:
1340 2568 1465 2629 lam
1521 2563 1756 2650 patefa-

187 2659 326 2713 ctam
373 2660 662 2717 mentem
713 2652 778 2716 S.
815 2653 887 2716 C.
924 2650 1317 2716 Procuratori
1357 2650 1656 2738 Capituli,
1694 2661 1758 2716 et

193 2756 492 2823 provisum
530 2758 597 2802 ›.

294 2828 366 2890 Et
413 2827 498 2890 ita
533 2824 827 2891 decrevit
861 2823 1199 2912 acfiservari
1246 2826 1593 2892 mandavit.
1646 2826 1757 2891 Die

189 2913 222 2975 6
261 2913 520 3000 Augusti
584 2915 779 2981 1763.
1037 2931 1054 2949 ·

188 3050 408 3122 2473.
758 3057 1190 3122 rusuLANA.
1530 3055 1756 3142 (4320)

293 3181 450 3244 Cum
498 3181 663 3245 Rmo
717 3179 1034 3266 Episcopo
1082 3176 1390 3246 Fesulano
1451 3179 1754 3246 nonnulla

189 3266 569 3333 occurrerint
615 3267 807 3334 dubia
840 3266 1002 3333 circa
1035 3266 1277 3332 Missam
1312 3266 1756 3334 celebrandam

189 3352 254 3417 ab
295 3355 607 3441 Episcopo
654 3352 1128 3421 ordinationem
1193 3353 1469 3422 habente
1530 3355 1758 3421 diebus

186 3457 211 3499 a
253 3438 381 3506 iure
428 3442 851 3527 praestitutis,
901 3460 982 3506 ex
1031 3451 1211 3528 parte
1268 3443 1558 3509 eiusdem
1619 3444 1753 3510 Rmi

191 3528 457 3616 Episcopi
516 3531 688 3615 apud
738 3534 808 3598 S.
858 3532 933 3595 R.
983 3532 1052 3596 C.
1109 3529 1469 3597 humillime
1515 3532 1760 3617 suppli÷

187 3624 374 3681 catum
418 3617 571 3701 fuit,
621 3614 937 3703 quatenus
984 3636 1053 3682 ea
1107 3616 1383 3703 benigne
1430 3619 1760 3686 declarare

189 3699 542 3786 dignaretur
584 3705 914 3791 sequentia
962 3704 1187 3788 dubia,
1237 3707 1581 3773 videlicet:

303 3795 357 3856 1.
409 3794 507 3859 An
558 3797 901 3860 Decretum
953 3792 1281 3860 editum'a
1328 3798 1394 3860 S.
1425 3799 1498 3861 R.
1535 3798 1608 3861 G.
1641 3793 1760 3861 sub

192 3875 277 3942 die
319 3883 397 3946 21
447 3882 648 3947 Martii
706 3884 875 3949 1744
920 3880 984 3946 in
1029 3885 1419 3968 Bergomen.
1467 3883 1545 3948 ad
1594 3886 1659 3965 2,
1695 3882 1760 3948 in

191 3980 297 4047 quo
337 3968 641 4034 statuitur
671 3969 748 4035 ab
778 3969 1095 4057 Episcopo
1142 3970 1622 4037 ordinationem
1654 3970 1759 4036 ha-

193 4050 360 4119 bente
386 4055 622 4123 diebus
652 4077 685 4122 a
719 4057 858 4123 iure
893 4056 1286 4143 praestitutis
1318 4057 1758 4125 celebrandam

195 4157 307 4204 esse
352 4143 593 4209 Missam
642 4144 726 4210 de
760 4146 967 4227 Feria,
1001 4147 1209 4211 valeat
1242 4158 1307 4212 et
1340 4145 1615 4233 intelligi
1649 4148 1763 4211 de-

197 4224 340 4311 beat,
386 4232 637 4298 etiamsi
685 4234 860 4299 Missa
921 4232 1215 4318 privatim
1278 4245 1342 4298 et
1388 4234 1523 4300 sine
1570 4243 1757 4298 cantu

197 4316 256 4379 ab
297 4318 606 4406 Episcopo
650 4321 919 4403 Ordines
969 4320 1340 4387 conserente
1393 4320 1578 4388 dictis
1624 4322 1760 4388 die-

199 4398 292 4466 bus
335 4404 760 4473 celebretur?

249 4578 260 4587 ·
305 4498 364 4559 2.
413 4498 510 4562 An
557 4495 666 4562 ubi
714 4496 894 4582 viget
939 4498 1341 4564 cousuetudo
1386 4496 1761 4564 celebrandi

201 4578 414 4647 Missam
474 4583 561 4650 de
625 4586 851 4667 Sancto
914 4595 1319 4667 occurrente,
1372 4605 1496 4652 non
1545 4598 1759 4651 autem

201 4662 266 4729 de
307 4671 500 4755 Beria,
552 4672 708 4738 dum
755 4671 1107 4757 Episcopus
1157 4673 1503 4759 praedictis
1534 4673 1764 4739 diebus

135 4812 144 4816 -
203 4754 464 4849 privatim
512 4778 717 4825 sacras
749 4759 941 4825 habet
970 4759 1437 4845 Ordinationes,
1471 4781 1633 4847 quae
1670 4780 1763 4825 ra-

203 4846 346 4908 tione
387 4846 644 4913 dierum
693 4868 723 4911 a
775 4848 913 4913 iure
960 4848 1502 4934 praescriptorum
1564 4865 1761 4934 gene·

205 4928 338 5023 tales
394 4943 738 5017 vocantur,
801 4935 1200 5001 cousuetudo
1263 4935 1367 5001 illa
1432 4936 1760 5003 toleranda

204 5025 303 5091 siu
347 5021 442 5086 vel
492 5023 713 5109 potius
757 5020 1124 5088 abolenda?

318 5112 383 5174 Et
414 5112 478 5177 S.
507 5115 581 5177 R.
621 5112 723 5193 C„
773 5110 992 5176 audito
1039 5111 1214 5196 prius
1262 5122 1410 5176 voto
1458 5112 1647 5177 unius
1681 5131 1760 5175 ex

208 5190 682 5277 Apostolicarum
714 5199 1275 5264 Caeremoniarum
1313 5200 1649 5286 Magistris,
1685 5200 1760 5264 ad

324 5386 397 5458 (ι)
430 5391 491 5448 s.
527 5366 758 5448 naua.

1863 629 2278 697 scribendum
2328 629 2615 696 censuit:

1997 717 2090 785 Ad
2147 721 2207 784 1.
2260 741 2297 781 αι
2335 717 2723 784 Affirmative
2760 740 2824 781 ν.

1991 808 2081 871 Ad
2137 809 2203 871 2.
2254 829 2292 869 ι
2328 806 2662 891 Negative,
2712 806 2788 872 ad
2838 805 3106 893 primam
3156 814 3451 890 partem;

1867 894 2283 977 Affirmative,
2333 894 2408 961 ad
2457 895 2804 961 secundam
2839 916 2899 958 ».

1994 987 2070 1048 Et
2097 983 2185 1048 <ita
2221 983 2587 1049 declaravit.
2641 982 2753 1049 Die
2792 986 2868 1049 11
2906 979 3228 1047 Februarii
3260 983 3449 1046 1764.

1865 1123 2117 1192 2474.
2457 1125 2890 1189 romnus.
3229 1120 3454 1205 (4322)

1993 1251 2085 1311 Ex
2122 1256 2301 1333 parte
2332 1246 2604 1333 Magistri
2638 1245 3195 1314 caeremoniarum
3220 1244 3456 1331 Regiae

1862 1335 2207 1421 Cappellae
2254 1335 2456 1402 Villae
2506 1333 2731 1400 Matriti
2766 1333 3077 1400 Dioecesis
3118 1333 3456 1399 Toletanae

1857 1423 2030 1510 apud
2081 1425 2145 1491 S.
2197 1427 2272 1490 R.
2319 1426 2393 1489 C.
2444 1422 2808 1488 humillime
2857 1420 3288 1509 supplicatum
3338 1420 3458 1485 fuit

1865 1531 1979 1598 pro
2028 1510 2458 1577 declaratione
2506 1510 2834 1594 sequentis
2865 1507 3071 1591 dubii,
3108 1507 3455 1573 videlicet:

1996 1603 2091 1663 An
2139 1599 2204 1664 in
2252 1598 2450 1670 Missis
2478 1597 2901 1677 solemnibus,
2936 1615 3099 1681 quae
3132 1596 3458 1661 celebran-

1866 1700 1968 1753 tur
2018 1687 2082 1752 in
2132 1686 2327 1752 Altari
2378 1706 2505 1770 quo
2554 1685 2850 1772 publicae
2899 1684 3297 1751 venerationi
3360 1693 3458 1750 est

1864 1775 2231 1863 expositum
2302 1777 2567 1843 SSmum
2627 1777 3144 1854 Sacramentum,
3193 1771 3459 1839 Subdia-

1862 1882 2058 1930 conus
2089 1862 2407 1929 sustinens
2432 1865 2722 1927 Patenam
2756 1860 2989 1927 debeat
3021 1860 3459 1946 genuflectere

1861 1950 2117 2036 quando
2170 1950 2516 2015 celebrans
2585 1959 2725 2036 post
2785 1948 3194 2014 offertorium
3258 1966 3461 2034 genu·

1861 2040 2068 2107 flexus
2100 2036 2420 2105 thurificat
2451 2040 2716 2105 SSmum
2750 2039 3260 2117 Sacramentum,
3294 2037 3459 2103 sicut

1862 2127 2241 2215 genuflectit
2290 2128 2353 2191 in
2401 2137 2545 2192 actu
2592 2125 3097 2191 consecrationis
3130 2136 3197 2190 et
3235 2126 3459 2190 Eleva-

1863 2212 2107 2281 tionis?
2153 2214 2244 2300 (1)

1995 2308 2074 2369 Et
2122 2305 2185 2369 S.
2220 2307 2295 2369 R.
2333 2304 2435 2385 C.,
2486 2301 2702 2368 audito
2747 2300 2924 2386 prius
2968 2310 3120 2364 voto
3153 2301 3342 2365 unius
3378 2319 3457 2364 ex
3524 2339 3533 2354 .

1861 2390 2368 2478 Apostolicarum
2416 2388 2973 2457 caeremoniarum
3015 2388 3346 2474 Magistris,
3381 2388 3458 2455 ad

1862 2479 2240 2545 relationem
2290 2477 2429 2543 Emi
2480 2487 2544 2543 et
2598 2477 2737 2544 Rmi
2798 2475 3045 2542 Domini
3113 2476 3460 2543 cardinalis

1861 2566 2085 2634 Albani
2135 2564 2431 2653 Episcopi
2478 2561 2774 2630 Sabinen.
2848 2564 3183 2646 PonentiS,
3237 2563 3459 2629 rescri-

1864 2655 2149 2721 bendum
2200 2653 2496 2719 censuit:
2548 2674 2586 2714 ι
2619 2652 2928 2739 Negative
2962 2673 3024 2716 ιν.
3079 2655 3160 2717 Et
3214 2653 3294 2717 ita
3347 2652 3459 2717 de-

1863 2742 2148 2809 claravit.
2201 2741 2315 2807 Die
2354 2745 2427 2806 11
2462 2739 2787 2806 Februarii
2821 2742 3012 2806 1764.

1869 2881 2122 2950 2475.
2228 2882 2694 2947 VlCARlATUS
2741 2880 3104 2946 ANGLIAE.
3225 2879 3454 2965 (4325)

1995 3003 2308 3069 Porrectis
2355 3021 2474 3088 per
2520 3002 2816 3067 carolum
2864 3003 3246 3089 Walmesley
3310 3001 3457 3088 Epi-

1861 3110 2127 3180 scopum
2176 3095 2617 3157 Ramatensem
2652 3090 2970 3156 Vicarium
3017 3090 3455 3178 Apostolicum

1865 3181 1928 3247 in
1961 3179 2213 3267 Anglia‚
2250 3178 2324 3244 ad
2363 3196 2660 3265 praesens
2698 3172 3146 3243 coadiutorem
3179 3183 3454 3249 Lauren-

1866 3266 1932 3334 tii
1965 3268 2142 3335 York
2176 3265 2470 3352 Episcopi
2502 3263 2872 3348 NisibensiS,
2903 3263 3281 3330 humillimis
3315 3286 3456 3353 pre-

1865 3356 2078 3438 cibus,
2151 3354 2382 3440 quibus
2449 3352 2879 3441 supplicatum
2950 3352 3070 3418 fuit
3138 3363 3454 3437 quatenus

1863 3443 2077 3510 eidem
2127 3444 2440 3529 Episcopo
2483 3441 2841 3508 Ramatensi
2886 3439 3209 3525 indulgeri
3244 3441 3456 3527 place-

1869 3544 1988 3613 ret,
2042 3540 2111 3595 ut
2158 3529 2554 3611 functiones,
2619 3548 2785 3615 quae
2829 3528 2905 3592 ab
2950 3529 3267 3616 Episcopo
3314 3529 3454 3594 lieri

1861 3620 2073 3685 solent
2122 3617 2298 3682 Feria
2336 3620 2384 3683 V
2432 3615 3183 3683 maioris·Hebdomadae
3233 3617 3296 3681 in
3347 3619 3454 3683 be·

1866 3705 2231 3773 nedictione
2278 3705 2669 3790 chrismatis,
2705 3705 3023 3790 perlicere
3072 3705 3208 3792 ipse
3254 3706 3455 3770 valeat
3543 3729 3547 3735 ’

1867 3794 1928 3860 iu
1961 3792 2140 3860 Feria
2173 3797 2221 3859 ll
2253 3794 2354 3857 vel
2391 3792 2513 3857 alio
2562 3793 2668 3858 die
2702 3792 3131 3859 conveniente
3164 3792 3454 3858 eiusdem

1864 3881 2349 3967 Hebdomadae;
2402 3900 2478 3946 eo
2542 3880 2709 3966 quod
2774 3900 2894 3947 nec
2949 3882 3085 3967 ipse
3130 3880 3267 3946 sine
3315 3888 3452 3965 gra-

1863 3970 2124 4035 vissimo
2173 3968 2576 4035 incommodo
2625 3970 2950 4054 praedicta
2984 3969 3163 4034 Feria
3199 3972 3251 4034 V
3282 3990 3312 4032 a
3345 3987 3451 4033 sua

1864 4058 2209 4123 residentia
2266 4057 2485 4123 abesse
2551 4056 2782 4144 possit,
2842 4076 2958 4122 nec
3027 4055 3451 4122 sufficientem

1863 4164 2209 4212 numerum
2235 4144 2651 4213 Sacer-dotum
2690 4144 2787 4210 illa
2813 4146 2918 4209 die
2943 4145 3019 4211 ad
3055 4144 3449 4230 praedictum
3536 4216 3542 4223 ,

1864 4235 2166 4299 effectum
2214 4234 2400 4299 simul
2453 4251 2827 4299 convocare.
2880 4254 2917 4294 αι
2953 4232 3259 4298 Sanctitas
3314 4251 3450 4313 sua,

1865 4322 2214 4389 dummodo
2247 4341 2393 4387 vera
2425 4322 2550 4386 sint
2584 4319 2891 4407 exposita,
2920 4319 3183 4407 gratiam
3216 4318 3453 4404 petitae

1867 4409 2354 4496 dispensationis
2402 4408 2662 4475 indulsit
2697 4430 2761 4472 ν.
2815 4409 2923 4474 Die
2955 4411 2995 4474 9
3021 4408 3217 4473 Martii
3258 4410 3446 4471 1766.

1869 4550 2122 4621 24⁷6.
2465 4551 2874 4616 aoNoNisN.
3223 4548 3449 4633 (4326)

2000 4675 2117 4738 Pro
2165 4682 2346 4759 parte
2393 4673 2755 4738 Abbatissae
2810 4684 2875 4737 et
2919 4671 3278 4737 Monialium
3328 4674 3452 4735 Mo-

1865 4761 2121 4827 nasterii
2201 4763 2263 4827 S.
2343 4759 2707 4846 Margaritae
2780 4759 3064 4826 Civitatis
3142 4759 3453 4824 Bononiae

1866 4847 2033 4934 apud
2087 4850 2149 4912 S.
2203 4852 2276 4914 R.
2328 4852 2396 4915 C.
2451 4847 2808 4933 expositum
2859 4847 2976 4912 fnit
3026 4867 3101 4912 ex
3155 4846 3453 4912 undecim

1868 4934 2459 5001 Sanctimonialibus
2509 4935 2793 5021 eiusdem
2844 4934 3240 5015 Monasterii,
3291 4952 3454 5019 quae

1868 5024 2063 5089 modo
2109 5022 2486 5089 solemniter
2532 5021 2727 5087 velari
2759 5024 3110 5123 postulant,
3144 5024 3341 5089 altera
3374 5041 3455 5087 ne

1866 5112 2135 5197 parvulo
2182 5112 2448 5196 quidem
2501 5123 2807 5198 temporis
2854 5112 3056 5198 spatio
3101 5131 3137 5175 e
3200 5109 3454 5196 propria

1869 5199 2031 5265 cella
2085 5199 2422 5265 discedere
2462 5219 2672 5287 posse,
2708 5199 3091 5287 prohibente
3124 5200 3298 5285 gravi
3332 5216 3458 5284 qua
