4042 5950
1653 265 2125 347 —443-

254 425 395 497 iure
441 424 593 498 fiat?
651 433 728 498 Et
773 440 1087 516 quatenus
1134 426 1472 519 negative:
1537 446 1617 496 ex
1705 438 1835 496 stu-

257 518 448 600 latur‚
475 526 546 584 ut
571 537 689 606 pro
736 515 932 606 gratia
963 517 1149 586 Glero
1183 516 1483 586 Seculari.
1513 536 1582 583 ac
1680 532 1837 603 egu-

257 605 370 671 lari
416 604 865 693 Nicaraguensi
907 606 1271 674 concedere
1308 604 1612 692 dignetur
1654 622 1837 690 prae·

255 692 498 761 dictum
529 693 941 783 privilegium
972 693 1262 764 cantandi
1293 693 1537 760 Missam
1560 694 1838 759 votivam

255 779 340 847 de
384 786 569 848 Beata
616 782 799 850 Maria
831 782 894 849 iu
937 783 1238 850 Ecclesiis
1284 781 1571 849 eiusdem
1613 784 1836 847 Beatae

254 870 479 936 Mariae
526 869 802 959 Virginis
848 870 931 938 de
978 871 1271 940 Mercede
1341 867 1633 938 omnibus
1689 867 1837 936 Sab-

255 955 439 1043 batis,
497 957 1016 1026 solemnitatibus
1073 969 1318 1026 tantum
1386 957 1674 1044 exceptis
1717 956 1838 1023 iam

253 1065 287 1109 a
320 1048 502 1113 Sacra
548 1045 809 1116 Rituum
858 1048 1366 1134 congregatione
1413 1045 1835 1128 enumeratis;

255 1151 375 1200 nec
418 1153 548 1201 non
597 1135 661 1202 in
702 1135 837 1201 eius
882 1139 1068 1202 Festo
1116 1134 1483 1202 celebrandi
1514 1131 1594 1200 ab
1638 1132 1837 1200 omui-

254 1221 374 1287 bus
420 1222 870 1290 Sacerdotibus
915 1221 992 1290 ad
1041 1221 1692 1314 Ecclesiaspiusdem
1727 1223 1840 1289 Or-

255 1307 420 1376 dinis
462 1311 598 1377 sive
646 1310 833 1378 titulo
878 1316 1103 1378 Beatae
1162 1310 1387 1377 Mariae
1433 1310 1709 1398 Virginis
1757 1310 1837 1377 de

253 1398 551 1464 Mercede
628 1399 944 1467 dedicatas
1016 1399 1525 1482 confluentibus,
1595 1400 1838 1465 Missam

254 1485 582 1573 propriam
626 1488 945 1573 quondam
990 1486 1409 1574 Regularibus
1449 1504 1833 1553 concessam.

389 1578 467 1641 n.
515 1577 744 1642 Utrum
808 1575 1114 1643 servanda
1168 1576 1251 1642 sit
1295 1574 1694 1642 consuetudo
1762 1575 1839 1640 ab

256 1661 746 1730 immemorabili
792 1662 1039 1732 invecta
1084 1661 1451 1731 celebrandi
1505 1662 1567 1730 in
1611 1663 1836 1748 Alteri,

256 1748 365 1816 ubi
420 1749 677 1837 publice
743 1752 1223 1840 discoopertum
1293 1761 1506 1818 manet
1573 1752 1841 1819 Ssmum

257 1838 689 1905 Eucharistiae
736 1842 1236 1923 Sacramentum,
1286 1848 1543 1927 praeter
1595 1838 1839 1906 Missam

257 1925 702 2013 expositionis,
751 1927 966 2013 aliam,
1015 1946 1177 2014 quae
1209 1927 1548 2027 praecipua
1582 1935 1699 2010 est,
1728 1930 1838 1994 So-

259 2013 627 2099 lemnitatis,
663 2015 896 2101 cuique
942 2032 1209 2103 magnus
1235 2016 1460 2104 populi
1496 2034 1843 2083 concursus

256 2103 470 2180 adest;
541 2122 618 2169 au
678 2104 892 2189 potius
959 2115 1277 2190 tamquam
1343 2105 1573 2172 abusus
1634 2102 1840 2170 elimi-

255 2189 703 2345 nanda,?licet
750 2211 831 2258 ex
884 2192 1004 2259 hoc
1072 2191 1303 2260 fidelos
1370 2210 1665 2259 moerore
1710 2190 1841 2264 affi-

255 2278 507 2345 ciantur
1792 2313 1803 2324 ·

393 2370 493 2434 111.
543 2367 800 2446 Quando
860 2367 926 2435 in
972 2368 1169 2435 Alteri
1236 2367 1454 2437 maiori
1523 2367 1842 2436 Ecclesiae

258 2454 652 2522 Cathedralis
760 2455 882 2523 lam
908 2456 1299 2524 adoraudum
1329 2456 1673 2544 exponitur
1694 2459 1842 2524 Sau-

258 2541 617 2611 ctissimum
745 2553 1139 2612 crumentum
1191 2543 1498 2612 celebrari
1544 2542 1845 2612 assuesci-

260 2642 371 2698 tur
415 2638 672 2719 praeter
707 2632 973 2720 primam
1001 2634 1249 2699 Missam
1296 2650 1414 2721 pro
1458 2633 1843 2735 exponendo

258 2729 331 2784 et
374 2719 724 2787 secundam
754 2737 916 2807 quae
964 2720 1394 2789 solemnitatis
1440 2721 1694 2805 dicitur,
1728 2721 1847 2788 alia

258 2806 452 2872 tertia
502 2807 679 2874 Missa
724 2827 884 2894 quae
944 2808 1317 2896 capitularis
1363 2819 1482 2877 est.
1553 2808 1682 2879 Sed
1728 2810 1846 2877 du-

259 2893 503 2961 bitatur
533 2914 613 2961 au
644 2896 1005 2964 huiusmodi
1038 2917 1186 2964 usus
1224 2896 1697 2987 permittendus
1728 2896 1844 2976 sit;

257 2983 369 3051 vel
419 2982 628 3072 potius
700 2986 1172 3054 transferendus
1240 2987 1486 3053 Chorus
1549 2985 1626 3052 ad
1675 2986 1847 3054 aliud

259 3071 587 3139 Ecclesiae
636 3092 947 3161 pronaum
971 3123 989 3159 ,
1039 3086 1108 3141 ut
1157 3073 1395 3140 ibidem
1457 3072 1630 3140 Missa
1678 3074 1848 3141 cele-

261 3158 540 3227 bretur?
581 3161 865 3247 quamvis
911 3162 1032 3229 hoc
1073 3162 1498 3248 incongruum
1530 3162 1846 3245 videatur,

258 3247 583 3333 siquidem
634 3259 786 3317 tunc
833 3250 1110 3339 populus
1155 3249 1234 3318 ab
1262 3250 1628 3319 adoratione
1675 3249 1851 3319 Ssmi

261 3334 654 3404 sacramenti
700 3337 1157 3405 diverteretur.

398 3427 503 3492 IV.
576 3423 932 3509 Aliquando
1008 3427 1383 3514 contingere
1450 3427 1616 3493 solet
1688 3427 1849 3495 infra

264 3522 551 3579 octavam
613 3513 910 3600 Corporis
976 3514 1204 3582 Christi
1249 3514 1354 3581 vel
1402 3515 1538 3582 aliis
1596 3515 1847 3601 diebus,

265 3601 440 3686 quod
488 3600 780 3689 exposito
848 3605 1041 3670 SSffio
1087 3606 1493 3672 sacramento
1540 3602 1606 3670 in
1654 3604 1848 3672 Altari

266 3687 487 3754 maiori
533 3689 853 3756 Ecclesiae
899 3690 1314 3774 Catbedralis,
1347 3702 1638 3758 occurrat
1670 3710 1850 3779 prae·

271 3788 369 3842 ter
414 3776 683 3864 primam
732 3777 974 3844 Missam
1022 3778 1105 3845 de
1162 3783 1384 3863 Festo,
1434 3779 1629 3845 altera
1691 3784 1851 3848 Cou-

265 3866 579 3931 ventualis
625 3866 709 3931 de
756 3864 980 3952 Vigilia
1032 3866 1167 3932 sive
1233 3867 1316 3935 de
1377 3867 1553 3936 Feria
1619 3868 1850 3936 decau-

272 3952 456 4019 tanda
505 3952 567 4019 iu
615 3953 846 4021 eodem
890 3954 1128 4040 Altari3
1178 3973 1339 4040 quae
1371 3956 1632 4042 quidem
1676 3958 1849 4025 iuxta

271 4040 733 4128 praescriptum
764 4040 1179 4110 Rubricatum
1218 4045 1524 4112 celebrari
1556 4043 1755 4113 debet
1784 4045 1850 4112 in

268 4128 651 4215 paramentis
687 4128 983 4196 violaceis
1014 4140 1329 4219 cantuque
1377 4132 1582 4199 feriali
1616 4142 1682 4200 et
1709 4134 1848 4201 siue

266 4215 529 4282 musica.
585 4216 713 4284 Sed
761 4217 1127 4285 huiusmodi
1171 4220 1488 4287 moestitia
1541 4221 1848 4288 obsistere

263 4302 528 4371 videtur
589 4304 870 4393 pretioso
927 4306 1287 4394 festivoque
1344 4307 1733 4376 decoramini
1786 4309 1851 4376 iu

266 4391 722 4461 caeremoniali
768 4392 1231 4481 Episcoporum
1275 4415 1394 4484 pro
1425 4395 1624 4462 Altari
1654 4415 1850 4484 expo-

266 4478 513 4546 sitionis
552 4481 982 4569 praescripto:
1036 4482 1435 4570 proindeque
1482 4483 1847 4552 dubitaturi

267 4569 436 4634 Num
467 4568 816 4637 servandus
859 4568 938 4635 sit
968 4588 1122 4636 usus
1165 4572 1428 4640 cauendi
1464 4573 1848 4661 praedictam

268 4654 514 4722 nissam
561 4656 847 4724 ferialem
914 4657 979 4724 iu
1036 4658 1233 4725 Altari
1292 4658 1536 4746 maiori,
1585 4660 1691 4727 ubi
1741 4679 1849 4728 ex-

269 4744 552 4833 positum
616 4753 793 4831 patet
861 4748 1129 4813 SSmum
1196 4746 1728 4816 Sacramentum?
1786 4760 1849 4815 et

269 4840 588 4917 quatenus
631 4834 971 4920 negative:
1029 4837 1193 4901 Num
1242 4835 1466 4902 eadem
1524 4835 1611 4903 de
1670 4857 1849 4904 causa

266 4917 599 5007 prohiberi
646 4921 875 4989 debeat
920 4925 1184 4992 SSmum
1231 4926 1705 4991 Sacramentum
1746 4946 1850 5015 pa-

269 5016 489 5075 tenter
519 5026 843 5097 exponere
878 5010 941 5078 in
976 5011 1460 5100 Quadragesima
1497 5021 1561 5078 et
1600 5013 1850 5081 Adven-

272 5106 368 5179 tu,
402 5098 657 5183 quaudo
703 5099 878 5165 Missa
909 5101 993 5168 de
1023 5109 1318 5187 tempore
1366 5099 1771 5168 celebratur?

404 5188 479 5252 V.
530 5188 756 5253 Utrum
785 5187 1050 5255 retineri
1083 5188 1278 5275 possit
1322 5187 1670 5256 inveterata
1700 5208 1849 5257 con·

270 5274 549 5341 suetudo
580 5276 944 5364 exponendi
978 5295 1095 5364 per
1138 5287 1332 5344 totam
1381 5276 1556 5344 diem
1586 5281 1850 5347 SSmum

274 5364 748 5430 Sacramentum
781 5366 842 5431 in
875 5364 948 5430 iis
975 5365 1496 5433 solemnitatibus
1527 5384 1691 5452 quae
1719 5386 1850 5435 sco·

1939 424 3012 585 (pffiisffibespgesissgstgtgstgggffi
3055 423 3519 581 aialssilagzifti:

1940 601 2043 670 uis‘
2067 613 2177 669 aut
2204 562 2468 671 aiicuius
2503 602 2747 690 Sancti3
2789 623 2865 671 an
2896 602 3133 690 potius,
3167 601 3284 668 etsi
3320 532 3520 669 hmssto

1939 693 2205 782 populo,
2259 705 2576 779 tamquam
2623 692 2853 758 abusus
2896 689 3269 778 extirpanda
3310 687 3437 756 sit‘?

2072 783 2176 848 VI.
2225 783 2450 847 Utrum
2484 778 2957 870 permittendus
3003 779 3085 845 sit
3131 798 3281 845 usus
3312 778 3518 866 palam

1942 868 2305 958 exponendi
2353 871 2614 937 ssmum
2663 870 3134 935 Sacramentum
3182 875 3520 951 antequam

1941 956 2266 1024 illucescat
2334 975 2552 1023 aurora
2602 964 2667 1021 et
2716 954 2874 1021 illud
2946 954 3302 1041 reponendi
3365 965 3521 1021 tem-

1940 1064 2099 1133 pore
2142 1053 2497 1123 nocturno;
2546 1062 2625 1110 au
2671 1042 2881 1131 potius
2927 1038 3404 1130 prohibendus?
3428 1042 3523 1111 Si·

1940 1132 2205 1220 quidem
2268 1131 2333 1199 in
2403 1132 2517 1200 hac
2584 1150 2657 1197 re
2726 1130 2949 1198 eadem
3022 1130 3316 1198 videatur
3384 1149 3522 1196 esse

1943 1221 2125 1306 ratio,
2173 1228 2440 1308 propter
2470 1237 2661 1306 quam
2693 1222 3029 1288 Sacrorum
3074 1219 3334 1287 Rituum
3364 1221 3526 1285 Con·

1943 1310 2227 1398 gregatio
2276 1307 2479 1374 vetuit
2509 1327 2591 1375 ne
2637 1305 2936 1376 fidelibus
2977 1304 3371 1374 tribueretur
3417 1308 3522 1373 Sa·

1943 1418 2048 1466 cra
2094 1395 2468 1465 Communio
2516 1404 2661 1463 ante
2707 1394 3091 1463 diluculum.

2075 1488 2206 1553 vn.
2255 1488 2483 1553 Utrum
2531 1484 2784 1550 tolerari
2830 1485 3027 1572 possit
3073 1483 3138 1552 in
3185 1485 3298 1552 hac
3343 1482 3523 1551 Dioe·

1944 1575 2072 1642 cesi
2120 1574 2513 1641 cousuetudo
2576 1571 2846 1639 canendi
2906 1572 3177 1659 Hispano
3224 1571 3525 1638 idiomate

1943 1660 2221 1732 carmina
2252 1663 2532 1748 aliosque
2565 1660 2805 1728 similes
2853 1659 3075 1727 modos
3120 1659 3391 1728 musicos
3422 1679 3526 1729 co-

1945 1770 2080 1817 ram
2126 1749 2419 1848 exposito
2450 1753 2642 1819 SSmo
2689 1751 3093 1816 sacramento
3124 1760 3231 1816 aut
3277 1747 3341 1814 in
3388 1749 3527 1817 eius

1943 1837 2454 1906 Ptocessmnihus
2482 1888 2500 1924 ,
2570 1856 2717 1905 cum
2785 1835 3093 1906 contraria
3161 1856 3381 1903 revera
3447 1838 3528 1904 sit

1945 1926 2164 1994 Bullae
2212 1927 2370 1993 Piae
2405 1926 2877 1993 scilicitudinis
2922 1925 3035 1993 lel.
3073 1944 3210 1991 rec.
3257 1925 3527 1994 Alexan·

1944 2014 2049 2081 dri
2093 2017 2194 2082 Vll
2243 2013 2512 2101 aliisque
2558 2014 2843 2080 Decretis
2886 2016 3222 2081 Sacrorum
3266 2012 3528 2082 Rituum

1944 2101 2507 2190 Congregationis3
2575 2120 2654 2168 an
2701 2101 2937 2191 potius,
2986 2120 3369 2188 quamquam
3414 2121 3529 2189 po·

1946 2189 2138 2280 pulus
2193 2200 2618 2259 moestaretur
2681 2189 3016 2258 evellenda
3062 2188 3188 2257 sit‘?
3254 2195 3334 2257 Et
3378 2209 3528 2276 qua-

1947 2291 2135 2348 tenus
2193 2279 2487 2365 negative
2545 2278 2621 2345 ad
2686 2278 2955 2367 primam
3009 2289 3299 2367 partem;
3360 2279 3527 2346 Num

1946 2368 2176 2434 saltem
2222 2367 2618 2435 cousuetudo
2657 2366 2947 2435 cantandi
2979 2367 3252 2435 carmina
3286 2366 3528 2454 vulgari

1946 2472 2246 2523 sermone
2299 2453 2364 2521 iu
2423 2452 2721 2522 Ecclesiis
2780 2474 2911 2523 non
2968 2455 3258 2543 exposito
3319 2458 3530 2522 Sacra-

1949 2554 2202 2628 mento,
2253 2551 2388 2610 esto
2432 2541 2649 2609 Divina
2694 2543 2901 2611 Officia
2950 2543 3368 2611 celebrentur
3411 2561 3527 2610 nec

1947 2651 2059 2717 ne,
2106 2630 2341 2702 servari
2388 2627 2630 2718 possit?

2079 2724 2247 2787 Haec
2292 2737 2448 2785 vero
2495 2718 2709 2805 dubia,
2742 2739 2937 2808 super
2982 2718 3212 2807 quibus
3255 2720 3419 2787 alter
3447 2740 3529 2789 ex

1948 2807 2456 2896 Apostolicarum
2500 2808 3053 2876 Caeremouiarum
3087 2808 3392 2896 nagistris
3422 2830 3531 2876 vo·

1952 2908 2089 2965 tum
2120 2913 2310 2962 suum
2340 2893 2506 2985 typis
2538 2915 2757 2964 cusum
2790 2895 3079 2982 dederat,
3107 2898 3300 2964 relata
3376 2917 3528 2965 uum

1951 2986 2190 3055 fuerint
2236 2985 2314 3052 ab
2358 2988 2515 3050 Emo
2565 2995 2629 3050 et
2688 2988 2846 3052 Rmo
2901 2986 3166 3052 Domino
3220 2988 3302 3052 Ca
3387 2986 3533 3053 inali

1950 3072 2280 3141 Francisco
2346 3071 2589 3143 Pentiui
2661 3072 2725 3139 in
2788 3073 3128 3140 ordinariis
3194 3077 3530 3142 Sacrorum

1951 3163 2211 3231 Rituum
2256 3159 2540 3227 comitiis
2572 3159 2877 3228 hodierna
2908 3160 3011 3227 die
3052 3161 3130 3228 ad
3163 3159 3532 3231 Vaticanum

1952 3249 2204 3334 habitis,
2255 3249 2393 3315 Emi
2443 3258 2509 3314 et
2553 3247 2692 3316 Rmi
2747 3252 2956 3315 Patres
3016 3248 3220 3316 Sacris
3280 3251 3536 3320 tuendis

1950 3337 2195 3406 Ritibus
2215 3336 2583 3424 praepositi,
2611 3335 2900 3403 omnibus
2931 3346 3178 3404 mature
3202 3339 3533 3426 perpensis

1951 3447 2022 3493 ac
2070 3424 2503 3509 consideratis,
2552 3425 3033 3492 rescribendum
3095 3439 3530 3494 censuerunt:

2083 3513 2181 3581 Ad
2227 3520 2274 3581 1.
2324 3535 2364 3578 «
2394 3512 2729 3602 Negative,
2777 3511 2853 3579 ad
2901 3513 3174 3601 primam
3231 3526 3530 3601 partem3

1951 3603 2030 3670 ad
2062 3602 2435 3686 secundam,
2460 3601 2954 3690 supplicandum
2984 3603 3383 3671 sanctissimo
3416 3623 3532 3690 pro

1953 3690 2151 3777 gratia
2198 3691 2371 3757 iuxta
2415 3707 2643 3776 preces
2690 3690 2754 3756 in
2798 3689 2950 3757 solis
2986 3691 3284 3759 Ecclesiis
3314 3693 3391 3760 ad
3421 3694 3532 3760 Or-

1951 3778 2172 3846 dinem
2216 3784 2439 3846 Beatae
2493 3778 2718 3845 Mariae
2779 3778 3054 3865 Virginis
3099 3780 3181 3848 de
3241 3780 3535 3848 Mercede

1952 3868 2078 3934 iam
2123 3864 2591 3955 pertinentibus
2622 3888 2686 3934 ν.

2084 3955 2182 4023 Ad
2225 3959 2300 4021 11.
2351 3976 2391 4019 ‹
2415 3956 2672 4022 Atteuta
2702 3956 3169 4023 cousuetudine
3199 3956 3531 4026 immemo-

1956 4043 2165 4127 rabili,
2213 4042 2471 4110 tolerari
2519 4063 2705 4132 posse
2735 4065 2799 4110 ν.

2088 4130 2182 4198 Ad
2234 4136 2332 4198 nl.
2388 4152 2425 4194 «
2454 4135 2523 4198 ln
2568 4151 2741 4216 casu,
2790 4131 2874 4199 de
2919 4150 3049 4217 quo
3096 4133 3333 4219 agitur,
3365 4134 3532 4201 utin

1955 4218 2367 4308 praecedenti
2403 4241 2464 4285 ».

2086 4308 2184 4376 Ad
2229 4312 2336 4376 IV.
2384 4329 2422 4371 α
2456 4308 2551 4375 Ad
2596 4305 2867 4394 primam
2913 4319 3205 4397 partem,
3252 4309 3536 4377 Affirma-

1955 4397 2123 4474 tive;
2173 4396 2252 4464 ad
2295 4395 2675 4479 secundam,
2724 4395 3049 4463 Provisum
3108 4396 3173 4463 iu
3234 4399 3433 4487 prima
3468 4421 3530 4465 ι.

2086 4482 2182 4550 Ad
2233 4488 2309 4553 V.
2360 4504 2398 4549 ‹
2433 4483 2861 4569 Affirmative,
2922 4485 3001 4552 ad
3070 4485 3337 4573 primam
3395 4506 3535 4577 par-

1955 4579 2134 4653 tem;
2186 4572 2516 4661 Negative‚
2564 4572 2643 4639 ad
2687 4573 3035 4641 secundam
3067 4597 3130 4641 ν.

2084 4661 2183 4729 Ad
2230 4664 2331 4728 vt.
2380 4683 2420 4726 «
2453 4661 2546 4728 Ad
2602 4661 2870 4750 primam
2930 4672 3209 4751 partem,
3271 4681 3536 4751 genera·

1956 4746 2071 4848 tim
2115 4749 2467 4837 Negative;
2513 4749 2590 4817 ad
2652 4750 3039 4837 secundam,
3086 4752 3412 4819 Provisum
3470 4751 3536 4818 in

1953 4855 2160 4923 prima
2192 4858 2260 4903 ν.

2086 4925 2182 4993 Ad
2227 4929 2358 4993 vu.
2407 4946 2445 4991 ‹
2477 4930 2730 4995 Attente
2761 4927 3252 5013 consuetudine,
3278 4927 3537 4994 tolerari

1956 5032 2142 5102 posse
2176 5038 2238 5081 ι.

1954 5191 1996 5258 d
2084 5105 2293 5190 Atque
2340 5103 2421 5170 ita
2467 5105 2935 5193 rescripserunt
2980 5124 3049 5171 ac
3093 5104 3331 5172 servari
3362 5122 3537 5171 man-

2001 5203 2215 5259 arunt.

2089 5281 2201 5348 Die
2247 5282 2330 5347 27
2378 5280 2773 5368 Septembris
2822 5284 3019 5350 1864.

2090 5374 2271 5481 Facta
2317 5369 2726 5458 postmodum
2773 5372 2859 5439 de
2904 5369 3115 5461 primo
3162 5390 3243 5438 ex
3290 5373 3536 5462 praedi-
