4042 5950
1596 240 2109 341 -185—'

313 432 392 497 Et
437 430 626 495 Sacra
666 424 930 494 Rittium
973 421 1395 511 congregatio
1424 420 1759 508 particula-
1851 418 1967 485 bus
2012 419 2214 486 Pestis
2260 418 2494 505 quibus
2524 418 2846 487 sublatum
2883 431 2980 486 est
3017 432 3439 511 praeceptum

199 518 298 600 ris,
342 516 420 582 ad
466 513 836 583 huiusmodi
879 512 1181 580 effectum
1210 533 1243 577 a
1273 513 1465 587 SSfito
1497 508 1759 575 Domino
1857 505 2159 576 audiendi
2207 511 2495 591 Sacrum,
2548 526 2624 574 eo
2670 508 2841 595 quod
2873 511 3107 576 Cantus
3141 509 3442 579 inductus

196 606 407 671 Nostro
452 601 821 690 specialiter
875 602 1181 687 deputata
1248 617 1394 665 cum
1455 596 1762 663 facultati·

198 694 302 759 bus
346 702 503 774 etc.,
555 709 663 756 me
722 688 1121 775 infrascripto
1182 684 1537 754 Secretario
1593 682 1763 750 reie-

195 790 391 860 rente,
441 777 828 848 declaravit:

311 867 406 934 Ad
460 871 523 933 1.
577 887 616 929 ‹
646 866 713 932 Si
774 867 847 936 8.
908 863 1220 932 Antonius
1278 859 1610 927 Patavinus
1664 869 1762 926 est

197 953 551 1042 principalis
598 957 926 1036 Patronus,
986 952 1123 1019 eius
1180 954 1436 1016 Festum
1496 946 1762 1014 transie-

199 1041 458 1109 rendum
512 1041 640 1107 erit
684 1041 758 1108 ad
808 1038 1196 1107 Dominicam
1241 1036 1403 1102 intra
1448 1045 1759 1120 octavam,

194 1139 422 1195 servata
486 1130 693 1197 forma
758 1127 978 1194 Brevis
1021 1145 1169 1194 cum
1212 1123 1506 1191 omnibus
1549 1122 1762 1190 ludul-

197 1217 451 1303 gentiis,
525 1215 880 1305 privilegiis
947 1225 1012 1282 et
1077 1210 1532 1301 praerogativis
1599 1229 1764 1277 com-

194 1304 549 1389 petentibus
597 1302 1054 1391 principalibus
1084 1298 1399 1368 Patronis:
1449 1309 1765 1384 quatenus

194 1410 332 1457 vero
378 1396 689 1459 Patronus
736 1409 867 1457 non
908 1390 1015 1473 sit,
1063 1390 1178 1456 sed
1226 1388 1348 1454 alio
1399 1386 1584 1454 titulo
1628 1387 1761 1453 ele-

195 1490 394 1546 vatum
440 1480 644 1548 fuerit
687 1482 948 1544 Festum
978 1479 1056 1545 ad
1086 1477 1285 1544 ritum
1315 1476 1499 1563 dupl.
1543 1479 1573 1540 1
1609 1475 1763 1541 clas-

195 1564 269 1631 sis
309 1586 452 1634 cum
498 1580 749 1650 octava,
782 1565 1065 1632 retinere
1095 1564 1338 1651 poterit
1369 1563 1539 1632 hunc
1570 1563 1765 1629 ritum

197 1654 369 1720 simul
417 1674 571 1723 cum
618 1653 1047 1739 indulgentia,
1079 1652 1192 1719 sed
1228 1651 1292 1718 in
1334 1650 1440 1718 die
1473 1649 1762 1738 propria:

196 1742 441 1809 cessabit
486 1762 648 1810 vero
695 1751 1111 1842 praeceptum
1155 1739 1458 1807 audiendi
1503 1743 1764 1807 Sacrum

198 1840 253 1893 et
290 1829 653 1900 abstinendi
698 1850 732 1895 a
778 1831 1122 1897 servilibus
1155 1851 1220 1893 ι.

308 1918 401 1985 Ad
451 1923 517 1986 2.
553 1939 595 1984 ι
628 1918 1044 2001 Affirmative,
1071 1915 1148 1983 ad
1180 1916 1454 2001 primam
1484 1926 1760 2003 partem;

198 2005 517 2092 Negative,
571 2007 651 2073 ad
698 2005 1084 2090 secundum
1134 2005 1283 2089 quia
1314 2003 1661 2089 Dominica,
1697 2003 1761 2069 in

196 2110 300 2175 qua
343 2092 468 2160 fixe
518 2092 984 2164 celebrandum
1032 2094 1096 2159 in
1128 2101 1459 2178 posterum
1493 2091 1617 2183 erit
1647 2095 1763 2158 Fe·

196 2189 348 2246 stum
389 2180 764 2270 principalis
808 2181 1084 2259 Patroni,
1118 2179 1425 2247 censetur
1451 2190 1518 2247 et
1551 2178 1763 2248 evadit

196 2267 317 2333 dies
402 2270 621 2356 ropria
653 2291 717 2335 ».

304 2289 401 2423 Ax
444 2361 510 2424 3.
573 2378 615 2423 ‹
647 2357 1062 2424 Declarantur
1121 2354 1474 2442 impeditae
1536 2372 1761 2422 omnes

194 2443 539 2511 Dominicae
592 2448 624 2511 1
676 2454 742 2511 et
788 2448 827 2511 2
887 2443 1139 2523 classis;
1200 2452 1267 2510 et
1321 2441 1514 2511 etiam
1583 2441 1753 2525 illae,

195 2529 247 2595 iii
286 2531 513 2616 quibus
562 2532 841 2600 occurrit
873 2531 1132 2616 aliquod
1163 2531 1455 2597 solemne
1499 2534 1757 2597 Festum

194 2617 358 2705 dupl.
412 2624 443 2686 1
504 2620 725 2688 classis
783 2619 1160 2686 et‘maioris
1217 2618 1586 2705 Dignitatis;
1635 2636 1764 2703 quo

194 2703 249 2770 iii
288 2719 522 2775 eventu
571 2707 1046 2774 recurrendum
1092 2707 1215 2773 erit
1261 2705 1341 2772 ad
1376 2708 1627 2772 Sacram
1661 2705 1763 2772 Ri-

196 2800 358 2862 tuum
400 2796 1009 2883 congregationem,
1059 2813 1249 2881 quae,
1283 2793 1457 2860 iuxta
1503 2810 1762 2860 casuum

194 2882 656 2965 particularium
706 2883 1122 2968 exigentiam,
1218 2879 1634 2948 revidebit».

309 2970 397 3038 Ad
446 2975 515 3038 4.
567 2995 608 3037 c
642 2969 1057 3054 Affirmative,
1108 2993 1140 3037 a
1232 2982 1576 3056 utramque
1622 2989 1763 3057 par-

197 3067 347 3137 teni;
394 3060 540 3145 quia
589 3059 737 3126 satis
782 3059 1179 3126 declaratum
1224 3068 1321 3124 est
1367 3057 1433 3125 in
1478 3057 1762 3145 praefato

196 3146 359 3211 Brevi
373 3147 741 3234 Apostolico
764 3147 923 3214 nibil
943 3165 1081 3213 esse
1099 3146 1533 3213 innovandum
1556 3147 1762 3232 quoad

72 3256 73 3261 ¹
194 3231 479 3318 chorum,
503 3236 708 3302 relate
740 3235 818 3303 ad
852 3239 1057 3319 Festa,
1088 3235 1152 3300 in
1183 3253 1460 3322 quorum
1492 3253 1763 3301 occursu

193 3320 490 3388 sublatum
537 3334 639 3389 est
679 3331 1104 3409 praeceptum
1135 3322 1440 3391 audiendi
1471 3325 1759 3391 Sacrum.

72 3412 73 3421 ’
194 3408 311 3483 Quo
354 3428 505 3477 vero
562 3410 641 3477 ad
702 3414 883 3478 Festa
939 3413 1380 3494 Patronorum,
1447 3429 1590 3478 cum
1644 3410 1764 3503 ,ista

196 3498 545 3582 reponenda
591 3496 720 3563 sint
751 3498 814 3564 in
848 3498 1241 3564 Dominicam
1282 3497 1441 3565 infra
1477 3506 1762 3565 octavam

72 3666 73 3671 Ἰ
196 3590 487 3669 tamquam
537 3586 605 3653 'in
653 3585 828 3652 diem
858 3585 1215 3673 propriam,
1248 3585 1441 3655 simul
1477 3604 1625 3653 cum
1654 3586 1759 3653 Oi-

196 3668 317 3734 licio
361 3682 422 3738 et
468 3672 651 3740 Missa
701 3673 1135 3741 transferenda
1184 3675 1374 3741 etiam
1437 3685 1536 3742 est
1593 3673 1763 3740 sole·

195 3756 418 3910 ffitas,
455 3772 580 3828 tam
611 3762 823 3846 quoad
856 3765 1091 3828 Forum
1124 3780 1316 3849 quam
1349 3762 1559 3849 quoad
1592 3762 1755 3829 Clio·

351 3868 413 3912 ’-

304 3937 380 4001 Et
422 3937 504 4003 ita
549 3937 921 4006 declaravit.
973 3937 1084 4004 Die
1124 3943 1203 4006 18
1234 3939 1522 4008 Octobris
1562 3942 1757 4005 1818.

201 4072 295 4141 25
302 4076 407 4143 93
423 4127 437 4143 .
764 4080 1174 4145 ALlPHANA.
1533 4080 1759 4169 (4555)

303 4200 483 4266 auius
533 4200 885 4299 Episcopus
932 4201 1284 4289 Alipbanus
1331 4221 1450 4288 pro
1513 4202 1770 4269 intelli-

195 4283 376 4366 gentia
431 4292 648 4356 Brevis
708 4289 880 4356 88ῶί
939 4288 1189 4356 Domini
1253 4289 1462 4356 Nostri
1513 4290 1602 4356 Pii
1650 4292 1757 4357 Vll

196 4371 349 4437 Pont.
393 4378 553 4441 Max.
604 4395 805 4476 super
850 4377 1231 4445 reductione
1263 4381 1598 4444 Festorum
1635 4397 1751 4465 pro

196 4458 496 4556 utriusque
542 4464 792 4531 Siciliae
838 4469 1088 4551 Regno,
1124 4463 1526 4552 infrascripta
1557 4464 1752 4533 dubia

198 4542 519 4618 decidenda
599 4553 884 4640 reposuit
917 4555 981 4620 S.
1019 4555 1094 4618 R.
1131 4555 1234 4631 C.;
1269 4553 1614 4620 videlicet:

311 4637 362 4700 1.
396 4641 506 4736 ‘An
549 4570 885 4725 dispositio
918 4640 1264 4726 supradicti
1297 4640 1515 4708 Brevis
1555 4651 1751 4708 trans-

197 4716 413 4791 terendi
460 4726 522 4793 in
573 4727 966 4794 Dominicam
1004 4738 1389 4813 sequentem
1421 4733 1605 4794 Festa
1641 4732 1748 4795 Pa-

199 4814 493 4879 tronorum
518 4813 965 4905 principalium
991 4815 1413 4900 intelligenda
1433 4817 1516 4882 sit
1536 4816 1745 4902 quoad

199 4892 630 4989 solemnitatem
676 4903 1099 4971 extrinsecam
1147 4912 1438 4984 tantum3
1503 4905 1609 4970 vel
1674 4905 1751 4972 ad

204 4977 472 5075 litteram,
523 4989 607 5054 ita
654 5000 724 5056 ut
781 5010 904 5057 una
958 5010 1104 5058 cum
1166 4990 1384 5059 Officio
1447 5003 1514 5059 et
1574 4994 1751 5059 Missa

204 5085 255 5132 in
273 5072 637 5144 Dominicam
666 5089 1076 5166 sequentem,
1114 5088 1437 5165 tamquam
1470 5079 1535 5146 in
1580 5081 1752 5148 diem

202 5161 512 5247 propriam,
559 5170 780 5254 reponi
832 5164 1161 5236 debeant?

1861 595 2068 662 luerat
2113 596 2189 663 ad
2246 595 2588 674 fovendam
2650 594 3063 664 devotionem
3119 597 3442 677 fidelium,

1863 681 1973 769 qui
2004 702 2200 768 nunc,
2229 682 2457 751 diebus
2487 681 2854 770 praedictis,
2890 683 3451 752 functionibuwsa-

1864 772 1988 836 cris
2037 790 2163 841 non
2210 768 2701 838 interveniunt?
3061 823 3068 843 2

1999 864 2077 926 Et
2124 861 2189 927 S.
2226 863 2297 926 R.
2335 861 2408 926 C.
2458 858 2856 944 particularis
2888 879 2920 924 a
2947 860 3145 926 ssmo
3176 860 3448 930 Domino

1863 946 2092 1014 Nostro
2147 948 2227 1015 ad
2294 945 2656 1013 huiusmodi
2713 946 3017 1014 effectum
3076 947 3483 1033 specialiter.

1866 1033 2166 1135 deputata
2216 1051 2364 1102 cum
2424 1034 2826 1101 facultatibus
2873 1044 3032 1119 etc.,
3092 1052 3200 1100 me
3261 1034 3450 1103 iufra-

1861 1133 2099 1212 scripto
2147 1122 2500 1191 Secretario
2547 1122 2900 1206 referente,
2949 1122 3339 1190 declaravit:

1996 1210 2093 1279 Ad
2148 1217 2206 1279 1.
2259 1231 2297 1274 α
2329 1209 2549 1277 Brevis
2593 1209 3079 1297 dispositionem
3134 1210 3449 1298 accipien-

1866 1301 2012 1368 dam
2058 1318 2201 1366 esse
2245 1296 2322 1364 ad
2373 1297 2681 1382 litteram,
2729 1297 3038 1366 videlicet
3084 1298 3167 1367 de
3213 1313 3449 1388 perpe-

1867 1397 1973 1454 tua
2038 1386 2444 1453 translatione
2511 1384 2676 1451 Festi
2739 1385 3107 1474 principalis
3169 1385 3445 1469 Patroni,

1868 1485 1997 1542 tam
2040 1473 2249 1560 quoad
2294 1472 2583 1541 Officium
2632 1484 2697 1540 et
2741 1474 2984 1558 Missam
3013 1493 3207 1560 quam
3238 1473 3447 1562 quoad

1868 1562 2293 1629 extrinsecam
2353 1560 2857 1646 solemnitatem,
2920 1561 2998 1628 ad
3060 1561 3448 1630 Dominicam

1865 1649 2026 1717 infra
2073 1659 2384 1734 octavam,
2436 1667 2598 1734 quae
2646 1650 2935 1718 habenda
2993 1650 3117 1717 erit
3171 1661 3248 1717 ut
3309 1649 3448 1717 dies

1865 1737 2148 1828 propria,
2200 1757 2347 1804 cum
2395 1735 2687 1805 omnibus
2733 1736 3083 1825 privilegiis
3143 1749 3208 1803 et
3266 1757 3447 1826 prae-

1863 1825 2198 1927 rogativiS,
2240 1826 2470 1912 quibus
2502 1825 2788 1912 gaudent
2817 1829 3000 1893 Festa
3030 1830 3447 1894 Pati-enorum

1866 1933 2070 2002 princi
2185 1932 2317 1980 ium
2351 1935 2415 1981 ».

1998 2003 2045 2066 A
2146 2005 2210 2069 2.
2260 2022 2299 2065 ‹
2331 2002 2544 2078 Quoad
2579 2002 2860 2071 chorum
2890 2012 2956 2068 et
2988 2001 3448 2070 ecclesiasticas

1868 2088 2230 2157 functiones
2271 2089 2496 2176 peragi
2541 2090 2784 2173 solitas,
2832 2089 2990 2157 nibil
3039 2088 3296 2157 omnino
3356 2089 3447 2155 in·

1865 2176 2258 2260 novandum,
2306 2177 2508 2244 relate
2554 2178 2632 2246 ad
2694 2182 2876 2244 Festa
2932 2177 2999 2244 in
3063 2176 3294 2263 quibus
3342 2196 3450 2266 po-

1822 2261 2061 2351 ’Ῥῑῑιῑὶθ
2105 2264 2355 2333 Solutus
2399 2274 2497 2332 est
2540 2285 2573 2331 a
2619 2274 2961 2353 praecepto
3004 2264 3309 2333 audiendi
3340 2267 3447 2334 Sa-

1867 2370 2088 2438 crum3
2157 2361 2223 2419 et
2278 2356 2509 2422 Cantus
2571 2353 2895 2421 institutus
2947 2362 3045 2420 est
3106 2353 3185 2422 ad
3240 2357 3446 2422 Deum

1867 2441 2336 2526 honorandum,
2371 2460 2501 2508 non
2545 2442 2623 2509 ad
2655 2441 2961 2530 populum
2991 2439 3442 2510 alliciendum:

1866 2547 1994 2614 quo
2038 2548 2199 2595 vero
2244 2530 2322 2598 ad
2354 2534 2535 2596 Festa
2565 2532 2979 2597 Patronorum
3010 2540 3328 2617 perpetuo
3360 2531 3439 2599 ad

1868 2615 2045 2683 diem
2079 2618 2480 2686 ·Dominicam
2528 2618 2823 2684 translata
2870 2619 3013 2685 ‘cum
3045 2616 3222 2684 Missa
3249 2629 3319 2686 et
3348 2619 3445 2687 Οἰ-

1869 2704 2013 2860 ίίὶῖῗὶἰο
2037 2751 2062 2805 ,·
2120 2707 2413 2773 translata
2474 2706 2663 2773 etiam
2717 2716 3014 2773 censetur
3078 2706 3448 2776 solemnitas

1970 2812 2066 2861 ori
2101 2815 2162 2860 ».
3205 2835 3214 2846 -

2002 2884 2083 2948 Et
2127 2882 2213 2948 ita
2257 2881 2629 2949 declaravit.
2675 2882 2788 2949 Die
2822 2886 2903 2949 18
2932 2882 3215 2951 Octobris
3250 2885 3440 2950 1818.

1871 3026 2133 3095 2594.
2434 3022 2873 3093 nimrim.
3216 3026 3443 3113 (isse)

1998 3146 2176 3213 Licet
2229 3149 2458 3213 SSffius
2513 3146 2813 3214 Dominus
2869 3149 3098 3214 Noster
3141 3148 3283 3216 Pius
3338 3152 3446 3219 Vll

1870 3234 2162 3301 Pontifex
2220 3234 2551 3319 Maximus,
2601 3234 2755 3302 dum
2820 3236 3157 3302 consulere
3220 3236 3445 3303 volens

1868 3326 2257 3410 populorum
2303 3321 2662 3389 necessitati
2711 3333 2776 3389 et
2806 3322 3253 3408 conscientiae,
3287 3342 3445 3410 quo-

1868 3410 2139 3477 rundam
2183 3415 2516 3477 Fastorum
2558 3411 2643 3477 de
2707 3421 3050 3498 praecepto
3117 3412 3282 3480 redu
3326 3411 3445 3478 tie-

1867 3517 2016 3566 nem
2062 3497 2329 3565 indulsit
2422 3518 2492 3565 ro
2537 3509 2814 3584 utroque
2878 3498 3126 3567 Siciliae
3190 3433 3441 3588 Regno,

1869 3604 2176 3674 expresse
2220 3603 2365 3653 man
2413 3586 2660 3654 averit:
2709 3607 2748 3650 ‹
2781 3590 3157 3655 Sanctorum
3222 3599 3290 3655 et
3334 3591 3446 3655 So·

1871 3672 2272 3742 lemnitatum
2317 3673 2524 3742 Officia
2573 3685 2639 3742 et
2681 3676 2917 3760 Missas,
2939 3687 3080 3743 tam
3119 3678 3186 3744 in
3215 3677 3444 3745 iisdem

1867 3762 2181 3863 abrogatis
2227 3762 2426 3829 Fastis
2471 3781 2662 3848 quam
2710 3763 2774 3830 in
2819 3782 3042 3832 eorum
3074 3764 3311 3853 vigiliis
3344 3783 3444 3830 re-

1868 3850 2059 3918 tineri
2108 3861 2175 3917 et
2218 3851 2383 3918 sicut
2426 3851 2604 3937 prius
2650 3851 2716 3919 in
2760 3871 3165 3939 quacumque
3225 3853 3444 3920 Eccle-

1871 3937 1957 4004 sia
1990 3937 2383 4025 celebrari»;
2417 3938 2828 4008 nibilominus
2853 3961 2982 4009 non
3004 3942 3275 4009 defuere
3307 3939 3443 4026 qui,

1871 4044 2213 4115 perperam
2255 4027 2750 4127 interpretantes
2796 4028 3158 4096 huiusmodi
3193 4047 3448 4117 praece-
3495 4100 3508 4113 ‚

1867 4115 2110 4268 ptivam
2156 4115 2663 4203 dispositionem,
2697 4115 2978 4183 arbitrati
3023 4127 3171 4184 sunt
3200 4115 3319 4184 sub
3351 4135 3448 4183 ea·

1914 4220 2019 4268 em
2063 4222 2194 4269 non
2238 4203 2698 4290 comprehendi
2745 4203 3101 4288 servitium,
3151 4205 3445 4272 ordinem

1869 4301 1934 4357 et
1968 4288 2400 4358 directionem
2467 4292 2692 4370 Chori3
2756 4292 2900 4360 ideo
2956 4292 3318 4381 Capitulum
3379 4303 3446 4359 et

1866 4377 2164 4444 Canonici
2224 4378 2618 4446 cathedralis
2674 4380 3054 4465 Bituntinae,
3102 4383 3179 4448 ad
3224 4398 3444 4470 ampu-

1871 4466 2088 4532 tandas
2135 4467 2594 4534 controversias
2650 4489 2685 4534 a
2743 4468 3065 4535 nonnullis
3121 4469 3443 4553 excitatas,

1867 4554 2306 4639 quaestionem
2369 4555 2524 4621 lianc
2583 4554 3024 4623 declarandam
3077 4560 3297 4625 Sacrae
3342 4556 3447 4623 Ri-

1867 4651 2048 4708 tuum
2096 4640 2587 4731 congregationi
2633 4655 3131 4730 proposuerunt.

1991 4733 2074 4795 Et
2120 4732 2305 4796 Sacra
2352 4731 2612 4798 Rittium
2645 4730 3069 4818 congregatio
3103 4731 3445 4818 particula·
3502 4746 3508 4767 ·

1861 4817 1946 4883 ris
1983 4838 2025 4883 ·a
2071 4819 2264 4883 SSmo
2297 4821 2478 4884 Dom.
2516 4820 2741 4885 Nostro
2774 4818 2881 4884 Pio
2913 4821 3018 4887 vil
3051 4822 3231 4886 Pont.
3268 4822 3434 4885 Μαι.

1859 4905 1934 4971 ad
1984 4904 2354 4971 huiusmodi
2401 4905 2704 4972 effectum
2734 4905 3103 4993 specialiter
3135 4908 3438 4997 deputata

1859 5011 2006 5059 cum
2056 4991 2458 5059 facultatibus
2506 5005 2665 5077 etc.,
2714 4994 3106 5061 declaravit:
3157 4994 3440 5084 ‹Dispo-

1856 5079 2151 5147 sitionem
2198 5080 2553 5169 praelatam
2594 5080 2809 5149 Brevis
2856 5083 3210 5171 Apostolici
3256 5083 3444 5150 intel·
3565 5112 3580 5117 -

1857 5167 2181 5255 ligendam
2227 5186 2369 5234 esse
2414 5168 2611 5235 etiam
2658 5170 2746 5236 de
2790 5170 2981 5239 Ghori
3013 5171 3308 5254 servitio,
3343 5190 3443 5238 or-

311 5249 371 5313 2.
416 5252 505 5318 An
548 5254 841 5321 Canonici
874 5254 1372 5341 collegiatarum
1403 5264 1744 5324 teneantur
1852 5256 2004 5324 dine
2054 5271 2117 5322 et
2164 5255 2556 5341 directione3
2606 5277 2676 5323 ac
2722 5269 3066 5346 propterea
3129 5259 3289 5328 nihil
3346 5259 3442 5326 in-

204 5325 472 5405 interesse
501 5340 716 5409 Missae
751 5352 815 5410 et
845 5343 1151 5432 vesperis
1178 5341 1577 5413 solemnibus
1610 5343 1745 5411 die-

1855 5344 2220 5413 novandum
2267 5362 2406 5411 esse
2440 5363 2744 5434 expresse
2776 5346 3122 5434 mandavit,
3157 5348 3272 5415 sed
3307 5355 3438 5413 tam
