4042 5950
2072 281 2541 360 -210—

666 441 885 509 cbialis
933 440 1383 526 iurisdictionis
1430 439 1511 507 sit
1557 439 1885 528 peculiare
1939 437 2249 506 distincti·

663 551 845 614 vum,
874 529 1044 617 quod
1095 548 1178 597 ue
1203 532 1384 596 Sacra
1405 528 1826 616 congregatio
1868 526 1929 596 in
1953 524 2246 593 Generali

664 623 935 686 Decreto
982 620 1070 687 Ur
1117 619 1168 684 is
1216 628 1281 684 et
1326 616 1510 685 Orbis
1556 618 1674 683 sub
1734 616 1843 683 die
1909 620 1986 684 12
2034 620 2251 681 lanua·

664 705 740 774 rii
791 710 959 774 1704
1006 706 1336 794 requisita,
1386 707 1461 774 ad
1523 703 1790 772 dubium
1835 707 1955 772 23:
2027 704 2124 768 An
2184 701 2250 767 in

662 795 849 863 dictis
894 793 1409 863 processionibus
1455 792 1829 881 cappellani
1884 792 2249 860 confrater-

662 884 932 951 nitatum
979 882 1223 972 possint
1262 883 1524 950 deferre
1569 878 1854 949 Stolam‘?
1900 879 2250 966 responde·

660 973 779 1040 rit:
808 972 1196 1060 «Negative,
1226 981 1402 1037 extra
1443 969 1767 1072 propriam
1814 967 2163 1037 Ecclesiam
2182 991 2247 1035 »z

662 1061 844 1128 cuius
874 1059 1128 1128 Decreti
1165 1060 1356 1126 etiam
1390 1059 1684 1126 meminit
1730 1057 2025 1145 Synodus
2065 1056 2250 1124 Dioe·

661 1169 884 1217 cesana
932 1148 997 1215 in
1043 1147 1420 1237 Appendice
1466 1147 1543 1214 ad
1590 1150 1753 1212 Part.
1793 1146 1901 1212 IV.
1934 1144 2121 1212 Hisce
2154 1145 2251 1212 in·

660 1236 795 1306 nixi
842 1237 1187 1304 rationibus
1239 1236 1676 1323 praetendunt
1730 1235 2026 1302 eamdem
2073 1254 2104 1298 a
2152 1232 2248 1301 di-

662 1326 778 1393 ctis
825 1325 1226 1415 cappellanis
1274 1343 1403 1391 non
1433 1343 1467 1388 a
1500 1324 1667 1390 collo
1703 1324 2102 1426 pendentem
2136 1321 2246 1390 de·

659 1414 993 1482 ferendam
1044 1432 1222 1497 esse,
1282 1410 1397 1477 sed
1444 1410 1658 1498 potius
1704 1420 1899 1480 instar
1948 1411 2249 1479 almutiae

659 1501 762 1568 vel
826 1501 1129 1591 Manipuli
1189 1498 1448 1567 brachio
1503 1500 2093 1589 superimpositam.
2153 1498 2250 1567 Ad

659 1590 1029 1659 huiusmodi
1077 1587 1420 1657 evellenda
1451 1587 1918 1657 dissensionum
1960 1588 2250 1675 germina

661 1677 1213 1747 Confraternitatis
1259 1676 1548 1762 Sodales,
1609 1678 1924 1764 exquisita
1978 1677 2122 1749 Emi
2185 1685 2253 1743 et

656 1767 798 1835 limi
843 1767 1031 1835 card.
1082 1764 1381 1854 Episcopi
1429 1764 1639 1849 venia,
1688 1767 1938 1834 Sacram
1985 1766 2249 1835 Rittium

656 1854 1239 1942 Congregationem
1262 1863 1567 1939 rogarunt
1608 1874 1726 1941 pro
1767 1853 2251 1922 consuetudinis

658 1944 1142 2010 manutentione
1158 1956 1176 2022 ;

789 2034 870 2097 Et
915 2033 982 2099 S.
1032 2035 1109 2099 R.
1159 2034 1262 2115 c.,
1313 2030 1809 2098 immemorabili
1841 2050 1962 2098 usu
1994 2040 2247 2098 mature

658 2138 1009 2210 perpenso,
1060 2118 1401 2205 habitaque
1446 2121 1691 2186 ratione
1739 2120 1912 2208 quod
1972 2124 2246 2187 Decreto

657 2208 947 2298 generali
1008 2206 1272 2275 minime
1333 2209 1654 2292 obstante,
1703 2208 1897 2275 etiam
1958 2208 2023 2275 in
2077 2206 2250 2274 Urbe

658 2309 727 2364 et
771 2297 921 2364 alibi
970 2297 1374 2365 consuetudo
1434 2296 1500 2362 in
1562 2295 1953 2363 contrarium
2014 2296 2244 2383 viget3

655 2385 1166 2453 animadvertens
1189 2383 1475 2468 tandem,
1504 2385 1740 2452 decere
1768 2394 1831 2451 et
1854 2385 2245 2451 conveniens

660 2492 821 2557 esse,
847 2484 918 2541 ut
951 2471 1554 2541 confraternitatum
1587 2472 2012 2558 cappellanus
2042 2492 2076 2537 a
2098 2472 2243 2538 sim·

656 2562 932 2650 plicibus
993 2560 1256 2629 clericis
1320 2558 1795 2645 distinguatur,
1856 2560 1933 2627 ad
1991 2558 2247 2626 relatio-

655 2667 804 2716 nem
864 2645 1244 2735 infrascripti
1311 2646 1694 2732 secretarii,
1754 2646 2242 2714 rescribendum

656 2755 794 2803 esse
841 2734 1129 2803 censuitz
1197 2755 1233 2799 (ι
1264 2735 1651 2803 Servandam
1703 2752 1843 2802 esse
1903 2745 2243 2804 consuetu-

655 2822 911 2903 dinem;
945 2834 1012 2889 et
1041 2821 1198 2890 nibil
1246 2822 1679 2891 innovandum
1712 2845 1775 2891 ».
1826 2823 1940 2890 Die
1971 2827 2054 2890 27
2088 2826 2241 2890 Mar-

657 2910 728 2978 tii
784 2914 979 2981 1824.

786 3003 966 3068 Facta
1014 3010 1229 3068 autem
1288 3000 1375 3067 de
1426 3000 1807 3088 praemissis
1874 3003 2067 3069 SSmo
2122 3005 2241 3067 Do·

655 3089 829 3157 mino
875 3091 1103 3156 Nostro
1158 3089 1354 3156 Leoni
1401 3092 1509 3156 XII
1554 3092 1734 3155 Pont.
1786 3092 1952 3154 Max.
1987 3088 2240 3156 relatio-

651 3199 761 3265 ne,
810 3177 1116 3247 Sanctitas
1162 3179 1285 3245 Sua
1317 3179 1540 3245 Sacrae
1568 3176 2091 3265 congregationis
2122 3181 2241 3244 Re-

651 3267 968 3357 scriptum
1009 3266 1413 3354 approbavit.
1472 3264 1585 3332 Die
1644 3268 1727 3333 30
1773 3265 1975 3331 Martii
2043 3268 2235 3332 1824.

653 3442 915 3511 2636.
1168 3443 1721 3510 RESOLUTIONIS
2005 3442 2234 3530 (icoo)

1238 3550 1658 3615 cumomni.

783 3706 965 3773 Anno
1013 3705 1306 3794 proxime
1336 3705 1685 3808 praeterito
1717 3707 1781 3774 in
1813 3708 2087 3793 quadam
2121 3708 2239 3773 Ec-

651 3794 842 3861 clesia
890 3796 1099 3859 Status
1140 3796 1369 3862 Veneti
1416 3811 1693 3877 sequens
1741 3795 1970 3883 obtigit
2021 3814 2233 3862 casus:

655 3884 965 3952 Sacerdos
1011 3880 1343 3948 celebrans
1390 3881 1566 3947 Feria
1612 3885 1691 3949 Vl
1744 3882 1808 3947 in
1866 3887 2232 3969 parasceve,

651 3971 829 4039 initio
882 3968 1095 4038 Officii
1152 3969 1492 4057 repentino
1559 3989 1594 4034 a
1642 3971 1938 4057 oplexiae
2006 3972 2234 4038 morbo

652 4070 987 4147 correptus
1036 4070 1155 4143 est,
1191 4076 1309 4125 nec
1340 4058 1500 4123 alius
1544 4076 1574 4121 a
1628 4068 1763 4124 erat
1794 4052 2114 4126 'Sacerdos
2146 4059 2233 4126 ie-

651 4147 864 4233 iunus,
914 4157 1190 4233 excepto
1237 4143 1504 4211 Diacono
1554 4145 1973 4214 ministrante.
2018 4147 2102 4212 Ut
2130 4166 2234 4213 co-

649 4245 994 4324 gnoscatur
1037 4252 1168 4321 quo
1214 4233 1409 4300 modo
1463 4234 1786 4320 agendum
1830 4234 1912 4300 sit
1955 4234 2008 4300 si
2057 4233 2232 4303 idem

650 4343 827 4391 casus
873 4323 940 4390 in
1000 4334 1330 4414 posterum
1385 4323 1755 4409 contingat,
1819 4340 1989 4391 nunc
2050 4325 2232 4392 Paro-

649 4412 807 4480 cbus
836 4409 913 4477 ab
944 4409 1471 4479 Eminentissimis
1506 4409 1790 4478 Patribus
1817 4410 2018 4482 Sacris
2051 4419 2233 4482 tuen·

647 4499 747 4569 dis
792 4499 1042 4567 Ritibus
1074 4497 1449 4587 praepositis
1485 4498 1845 4568 humillime
1874 4499 2039 4587 petit
2070 4502 2230 4570 duo-

647 4607 793 4657 rum
823 4588 1228 4674 sequeutium
1275 4587 1618 4656 dubiorum
1646 4588 2077 4669 solutionem;
2111 4590 2228 4657 sci-

650 4677 848 4745 licet:
2143 4736 2158 4759 ,

785 4768 844 4831 1.
894 4767 1124 4832 Utrum
1171 4764 1558 4833 adveniente
1592 4765 1699 4831 tali
1732 4785 1905 4852 casu,
1936 4765 2226 4834 Officium

648 4850 864 4920 Feriae
911 4854 990 4920 Vl
1038 4854 1102 4920 in
1148 4858 1485 4920 Parasceve
1532 4872 1740 4940 usque
1795 4855 1871 4922 ad
1936 4855 2223 4942 comple-

648 4949 941 5007 mentum
986 4941 1207 5028 peragi
1253 4938 1528 5009 debeat?

777 5031 846 5094 2.
894 5030 1122 5095 Utrum
1170 5031 1365 5118 possit
1409 5028 1619 5097 vicem
1664 5032 1971 5121 supplere
2011 5031 2227 5098 Diaco-

648 5130 767 5180 nus
801 5114 1075 5200 ieiunus,
1110 5118 1212 5184 vel
1246 5116 1403 5184 alius
1432 5118 1739 5184 Sacerdos
1778 5139 1906 5186 non
1938 5115 2229 5186 ieiunus?

775 5203 988 5269 Latuit
1036 5213 1187 5272 tunc
1231 5225 1406 5288 sane,
1454 5204 1646 5290 p'rout
1693 5207 1846 5273 latet
1877 5205 2113 5291 adbuc,
2147 5205 2227 5269 si·

648 5292 824 5359 lente
883 5291 1195 5376 Parocbo,
1246 5294 1400 5379 quid
1462 5293 1522 5358 in
1586 5294 1905 5378 Ecclesia,
1955 5294 2042 5361 de
2103 5313 2224 5382 qua

643 5398 855 5469 supra,
909 5379 1151 5447 consilii
1197 5392 1526 5466 coeptum.
1574 5382 1726 5463 Sed,
1765 5381 2062 5467 quoniam
2110 5400 2223 5467 op-

2345 445 2698 592 portunum
2743 438 2933 505 nimis
2977 437 3186 505 visum
3235 450 3329 506 est
3374 438 3694 540 proposita
3736 437 3902 505 dubia

2402 527 2707 613 iscutere,
2749 538 2820 593 ut
2853 527 3005 595 inde
3039 538 3212 594 certa
3243 528 3509 595 decerni
3542 526 3757 615 regula
3789 547 3903 614 pos-

2351 623 2448 680 set
2498 614 2562 682 in
2606 614 2944 699 similibus,
2995 614 3046 681 si
3096 615 3264 682 forte
3308 614 3707 701 contingant,
3740 633 3902 681 eveu-

2352 701 2548 786 tibus,
2581 704 2887 788 tenenda,
2926 715 2990 770 et
3037 703 3312 771 definire
3358 722 3674 791 quaenam
3711 722 3902 769 revera

2349 788 2429 856 sit
2474 790 2739 877 qualitas
2787 801 2851 859 et
2896 803 3116 858 natura
3163 792 3403 874 Missae,
3439 811 3605 878 quae
3644 795 3903 858 Praesan·

2352 878 2775 946 ctificatorum
2824 879 3092 960 dicitur3
3154 879 3301 947 ideo
3349 885 3479 948 EE.
3531 883 3650 947 PP.
3718 878 3904 946 eidem

2351 969 2554 1070 Sacris
2600 968 2845 1070 Ritibus
2903 970 3247 1070 praepositi
3309 969 3574 1036 fuerunt
3623 968 3690 1036 in
3743 987 3904 1034 sensu
3995 991 3996 996 ¹

2347 1075 2489 1125 rem
2537 1075 2600 1124 ιιι
2637 1058 2966 1125 Ordinatio
3012 1060 3349 1125 conventu
3384 1077 3522 1125 esse
3553 1058 3636 1124 ad
3671 1074 3906 1123 examen
3995 1087 3996 1092 ,

2351 1146 2795 1228 revocandam,
2846 1145 3162 1232 exquisito
3227 1148 3290 1213 in
3335 1155 3737 1213 antecessum
3780 1153 3904 1209 voto

2352 1234 2632 1301 duorum
2677 1236 3135 1303 consultorum
3181 1233 3704 1321 Theologorum3
3763 1249 3905 1298 cuiu-

2352 1341 2478 1410 que
2524 1322 2756 1389 horum
2801 1341 2928 1389 non
2975 1343 3096 1389 una
3142 1323 3209 1389 in
3240 1323 3531 1390 omnibus
3573 1323 3903 1406 eademque

2353 1431 2534 1478 mens
2579 1410 2800 1493 fuerit,
2848 1430 2932 1477 ne
2978 1412 3151 1479 ullus
3193 1411 3557 1500 ambigendi
3612 1410 3785 1477 locus
3822 1428 3905 1474 su-

2352 1510 2667 1588 peresset,
2729 1499 3066 1587 utriusque
3132 1511 3355 1567 votum
3423 1498 3904 1567 contrabendum

2349 1591 2507 1654 amo
2554 1590 2737 1655 Dom.
2786 1587 3098 1655 Assessori
3143 1588 3264 1655 fuit
3310 1588 3557 1671 datum,
3609 1586 3721 1673 qui
3751 1587 3905 1653 allata

2352 1675 2429 1743 ab
2485 1693 2878 1763 unoquoque
2938 1675 3257 1743 rationum
3317 1686 3646 1743 momenta
3705 1676 3904 1742 sedulo

2348 1764 2825 1853 diligenterque
2859 1765 3233 1848 discuteret,
3272 1764 3742 1854 perpenderet,
3773 1783 3906 1851 pon·

2350 1855 2628 1938 deraret,
2680 1865 2745 1919 et
2788 1853 3025 1920 deinde
3071 1871 3248 1920 suam
3294 1855 3357 1921 in
3390 1853 3646 1938 scriptis
3677 1864 3905 1920 senten-

2347 1942 2499 2009 tiam
2547 1945 2772 2011 Sacrae
2817 1941 3310 2029 congregationi
3357 1943 3666 2029 aperiret.

2476 2035 2734 2115 Integro
2779 2029 3038 2097 tandem
3083 2030 3411 2117 proposito
3442 2028 3710 2116 negotio
3739 2028 3800 2095 in
3827 2048 3908 2094 or·

2350 2117 2590 2186 dinario
2641 2122 2770 2185 EE.
2822 2127 2887 2184 et
2930 2121 3059 2184 RB.
3111 2121 3224 2186 PP.
3274 2122 3478 2185 coetu
3539 2127 3759 2183 coacto
3809 2117 3909 2183 sub

2347 2207 2456 2275 die
2504 2211 2544 2273 5
2591 2206 2792 2273 Martii
2841 2206 3155 2274 currentis
3201 2207 3372 2290 anni,
3422 2206 3771 2291 auditaque
3826 2223 3909 2272 re·

2352 2296 2585 2362 latione
2613 2294 2780 2361 ‘Emi
2845 2305 2912 2360 et
2969 2294 3108 2361 Rmi
3164 2299 3238 2362 D.
3295 2296 3488 2363 Card.
3550 2295 3906 2382 Falzacappa
3995 2295 3996 2308 ¹

2345 2383 2669 2468 Ponentis,
2718 2384 2794 2451 ad
2842 2383 3166 2471 proposita
3211 2382 3402 2466 dubia
3447 2384 3734 2452 unanimi
3781 2402 3907 2450 con·
3993 2377 3996 2428 ἶ

2345 2472 2637 2542 sensione
2706 2472 3231 2559 respondendum
3293 2489 3430 2538 esse
3499 2482 3906 2539 censuerunt:
3995 2509 3996 2538 1

2347 2583 2385 2627 a
2418 2567 2487 2628 In
2533 2569 2684 2627 voto
2730 2567 2805 2629 R.
2842 2564 2914 2626 D.
2967 2560 3311 2627 Assessoris
3344 2575 3410 2641 »3
3459 2560 3802 2628 nimirum:

2475 2649 2572 2716 Ad
2627 2652 2684 2715 1.
2737 2671 2775 2715 α
2810 2648 3137 2715 Provisum
3185 2649 3250 2714 in
3294 2649 3583 2716 secundo
3617 2673 3687 2716 ».

2365 2763 2372 2768 ·
2475 2738 2570 2803 Ad
2620 2741 2683 2805 2.
2737 2760 2774 2801 ‹
2809 2736 2872 2805 Si
2920 2735 3283 2805 ministrans
3343 2748 3415 2804 ut
3475 2739 3787 2806 Diaconus
3829 2749 3909 2807 est

2344 2825 2652 2894 Sacerdos
2701 2835 2766 2892 et
2815 2824 3091 2906 ieiunus,
3127 2827 3291 2912 ipse,
3326 2837 3649 2914 assumpta
3680 2825 3908 2907 casula,

2341 2924 2769 3072 prosequatur
2812 2912 3099 2982 Officium
3145 2924 3210 2981 et
3255 2915 3498 2981 Missam
3543 2913 3909 2983 praesancti-

2392 3015 2674 3072 catorum
2713 3003 3018 3085 absolvat,
3053 3002 3342 3089 alterque
3374 3022 3503 3071 non
3536 3003 3794 3071 ieiunus
3821 3004 3909 3069 Sa·
3993 3058 3994 3089 2

2343 3092 2573 3159 cerdos
2619 3090 2675 3157 ei
2724 3090 3024 3158 succedat
3057 3090 3120 3157 in
3154 3110 3425 3158 munere
3458 3092 3745 3159 Diaconi:
3780 3109 3909 3176 qua·

2343 3190 2532 3249 tenus
2577 3198 2735 3246 vero
2782 3179 2894 3245 ille
2939 3178 3021 3245 sit
3068 3179 3396 3246 dumtaxat
3443 3179 3507 3246 in
3561 3180 3913 3246 Diacouatus

2341 3267 2578 3335 Ordine
2626 3267 3032 3350 constitutus,
3083 3277 3146 3334 et
3190 3286 3379 3333 nemo
3425 3268 3588 3335 alius
3632 3267 3795 3335 adsit
3823 3268 3911 3331 Sa·

2341 3356 2570 3423 cerdos
2616 3355 2894 3439 ieiunus„
2929 3355 3132 3423 cesset
3159 3355 3473 3439 Officium,
3509 3367 3577 3423 et
3609 3375 3780 3424 sacra
3808 3356 3910 3420 Ho-

2339 3443 2455 3510 stia
2501 3453 2848 3531 reponatur
2894 3444 2956 3510 in
3003 3443 3460 3529 Tabernaculo,
3496 3445 3605 3512 die
3635 3440 3909 3533 sequenti

2339 3542 2482 3617 post
2528 3532 2964 3619 sumptionem
3012 3531 3320 3599 calicis·a
3379 3532 3767 3602 celebrante
3822 3549 3912 3595 su·
3991 3580 3992 3597 ι

2341 3619 2570 3686 menda
2604 3641 2667 3686 ».
2719 3620 2831 3685 Die
2877 3624 2918 3686 ὅ
2965 3620 3158 3686 Martii
3212 3624 3403 3689 1825.

2466 3707 2703 3791 Quibus
2735 3706 3029 3774 omuibus
3061 3708 3467 3777 sanctissimo
3498 3710 3769 3777 Domino
3799 3708 3910 3774 No-

2336 3807 2469 3863 stro
2500 3795 2698 3864 Leoni
2729 3798 2836 3862 xil
2882 3799 3062 3863 Pont.
3100 3799 3260 3863 Max.
3294 3816 3414 3884 per
3452 3797 3910 3887 infrascriptum

2339 3883 2770 3952 Secretarium
2837 3884 3093 3969 relatis,
3154 3886 3455 3952 Sanctitas
3515 3888 3638 3951 Sua
3700 3889 3911 3953 Sacrae

2334 3971 2859 4073 congregationis
2904 3991 3204 4059 responsa
3250 3974 3652 4060 approbavit,
3693 3972 3912 4040 confir·

2335 4071 2530 4128 mavit
2576 4068 2642 4125 et
2689 4060 2769 4126 ita
2827 4060 2890 4127 in
2935 4072 3266 4146 posterum
3322 4062 3385 4127 in
3427 4060 3745 4129 similibus
3788 4080 3910 4127 ser·

2335 4148 2614 4215 vandum
2647 4166 2785 4215 esse
2819 4148 3138 4215 decrevit.
3182 4149 3294 4216 Die
3325 4153 3367 4217 8
3398 4150 3599 4217 Martii
3639 4153 3830 4217 1825.

2338 4288 2588 4357 2637.
2669 4292 3095 4358 ΒΕΟΒΕΤΗΜ
3140 4292 3588 4358 GENERALE.
3690 4288 3909 4379 (4610)

2466 4410 2707 4478 Pluries
2753 4411 3030 4480 dubitari
3078 4413 3370 4502 contigit,
3405 4426 3623 4481 utrum
3672 4416 3737 4481 in
3781 4417 3910 4483 Ora·

2333 4498 2609 4566 tionibus
2657 4502 3031 4568 Sanctorum
3093 4505 3338 4570 loannis
3395 4502 3698 4590 Episcopi
3756 4506 3907 4569 con·
3987 4558 3988 4563 ,

2330 4587 2873 4677 stantinopolitani
2924 4600 2987 4656 et
3033 4590 3202 4658 Petri
3251 4591 3544 4679 Episcopi
3595 4596 3909 4658 Ravenna·

2330 4687 2463 4743 ten.
2516 4678 2894 4765 cognomina
2949 4680 3379 4766 chrysostomi
3428 4690 3493 4745 et
3538 4677 3908 4766 Chrysologi

2329 4765 2605 4853 proferri
2655 4763 2997 4851 deberent,
3048 4767 3417 4834 iubentibus
3448 4770 3674 4836 Sacrae
3710 4768 3909 4833 Litur·

2327 4853 2471 4940 giae
2521 4852 2797 4940 legibus,
2848 4856 3018 4943 quod
3067 4857 3442 4942 cognomina
3478 4875 3559 4922 ex
3595 4854 3907 4922 Ecclesiae

2327 4943 2627 5028 precibus
2687 4943 2943 5011 omnino
3002 4956 3479 5045 espuugantur.
3538 4947 3704 5011 Haec
3760 4959 3908 5009 vero
3985 4940 3986 4985 ³

2328 5031 2783 5116 controversia,
2820 5050 3192 5121 nuperrime
3226 5034 3286 5099 in
3319 5033 3588 5120 quadam
3624 5031 3908 5098 Etruriae

2326 5119 2596 5186 civitate
2630 5121 2866 5188 iterum
2899 5121 3192 5206 excitata,
3219 5121 3429 5188 delata
3461 5131 3556 5187 est
3587 5121 3665 5188 ad
3699 5124 3905 5188 Sacro-

2327 5225 2473 5271 rum
2505 5207 2764 5275 Rituum
2798 5207 3375 5297 congregationem
3401 5228 3524 5298 pro
3557 5218 3904 5299 opportuna

2327 5292 2728 5363 definitione.
2781 5301 2861 5363 Et
2908 5298 3048 5380 ista,
3097 5299 3160 5364 in
3204 5298 3534 5366 Ordinario
3580 5303 3902 5379 conventu

2329 5394 2545 5449 coacto
2590 5382 2710 5450 sub
2755 5384 3148 5472 infrascripta
3192 5386 3323 5474 die,
3358 5405 3430 5454 re
3473 5401 3721 5457 mature
3764 5384 3902 5454 dili·
3983 5388 3984 5397 ’
