4042 5950
2020 262 2491 343 ..388-

619 425 875 493 stinctas
920 442 1077 491 occu
1125 442 1234 490 are
1264 421 1483 522 pannis
1519 421 1814 490 violaceis
1861 431 2107 488 ornatas
2137 430 2203 489 et

620 513 713 581 uti
760 511 1072 600 pulvinari
1124 530 1195 578 us
1243 530 1379 577 sive
1424 529 1543 597 pro
1587 511 1858 579 Sedibus
1904 508 2038 575 sive
2082 526 2200 595 pro

621 599 1081 688 genuflexeriis
1127 597 1394 686 (pariter
1445 597 1756 666 distinctis
1802 618 1835 664 a
1880 596 2201 683 reliquis),

624 700 697 755 ut
741 707 913 754 nuuc
960 687 1066 766 fin
1121 707 1196 754 an
1252 686 1466 771 potius
1527 686 1759 753 sedere
1818 685 2095 753 debeant
2140 684 2206 752 in

623 775 927 844 subsellio
975 775 1297 841 communi
1354 794 1499 841 cum
1562 772 1793 840 ceteris
1851 771 2201 855 canonicis,

624 862 827 951 prima
874 863 1007 929 loca
1052 871 1371 945 tenentes,
1438 862 1610 930 nulla
1677 873 1883 928 tamen
1928 859 2205 927 adhibita

626 950 1035 1019 distinctione
1081 949 1254 1016 iuxta
1298 954 1637 1018 Decretum
1683 952 1766 1016 24
1814 947 1949 1015 lllaii
2002 942 2210 1014 1664?

759 1041 862 1106 IV.
893 1040 988 1106 An
1007 1038 1393 1123 Archipresb
1441 1050 1538 1104 ter
1563 1047 1627 1103 et
1652 1036 2046 1123 Praepositus
2071 1035 2210 1102 thu·

629 1125 914 1195 riflcandi
959 1126 1083 1193 siut
1117 1125 1350 1214 triplici
1425 1137 1612 1205 uctu3
1660 1124 1767 1191 vel
1799 1122 2043 1209 duplici
2073 1132 2208 1188 tan·

630 1224 794 1298 tum,
828 1227 898 1282 ut
928 1214 1398 1281 Caeremouiale
1434 1210 1804 1300 praescribit
1835 1222 1903 1278 et
1933 1214 1998 1278 S.
2028 1214 2102 1278 R.
2129 1212 2205 1276 c.

630 1301 834 1368 sanxit
873 1306 957 1369 22
989 1302 1254 1387 Augusti
1293 1305 1483 1385 1664,
1538 1304 1616 1367 19
1648 1299 2014 1367 Decembris
2045 1299 2211 1365 eius·

632 1390 780 1456 dem
825 1390 969 1457 anni
1018 1400 1085 1456 et
1131 1393 1215 1455 21
1264 1389 1462 1456 Martii
1514 1385 1735 1456 1699?

760 1480 837 1545 V.
888 1480 1010 1560 An,
1044 1476 1271 1543 iisdem
1304 1475 1519 1543 Missae
1551 1475 2012 1560 assistentibus,
2048 1472 2208 1542 Sub-

632 1565 934 1632 diaconus
965 1583 1187 1652 pacem
1212 1563 1367 1631 dare
1391 1563 1621 1633 debeat
1644 1562 2007 1648 separatim,
2033 1562 2211 1648 prius

630 1652 1203 1739 Archipresbytero
1260 1652 1498 1720 deinde
1556 1650 1915 1738 Praeposito
1962 1670 2032 1717 ac
2081 1660 2213 1715 tan-

632 1740 783 1808 dem
845 1739 1116 1825 digniori
1163 1740 1246 1805 de
1290 1740 1498 1807 Cboro
1552 1747 1696 1825 post
1753 1738 1957 1826 ipsos,
2018 1746 2214 1825 prout

633 1846 803 1896 nunc
847 1827 964 1907 flu
1012 1828 1119 1894 vel
1165 1828 1377 1913 potius
1409 1846 1566 1915 pace
1594 1838 1853 1913 accepta
1884 1824 1960 1891 ab
1989 1824 2208 1891 Archi·

632 1916 1036 2015 presbytero,
1071 1915 1174 1983 bic
1205 1915 1567 2002 Praeposito
1599 1927 1666 1979 et
1694 1914 2091 2003 Praepositus
2121 1912 2212 1977 vi·

634 2004 857 2070 ciuior1
903 2003 1052 2071 dare
1101 2022 1240 2070 eam
1287 2004 1518 2071 debeat
1549 2002 1627 2070 ad
1657 2020 1945 2069 normam
1989 2004 2214 2068 caere·

638 2090 928 2158 monialis
973 2087 1490 2178 Episcoporum‘?

767 2182 871 2247 Vl.
906 2180 1003 2247 An
1032 2180 1568 2266 Archipresbyter
1598 2189 1663 2245 et
1693 2181 1847 2245 Prae
1895 2176 2093 2244 esitus
2122 2176 2215 2244 uti

635 2267 877 2422 gossint
920 2276 1100 2341 veste
1150 2267 1324 2334 talari
1368 2285 1518 2334 cum
1562 2267 1784 2349 cauda,
1862 2266 2022 2332 ascia
2068 2283 2215 2332 cum

685 2353 876 2441 occis,
923 2354 1141 2443 galero
1186 2374 1335 2422 cum
1382 2352 1708 2423 chordulis
1765 2365 1831 2420 et
1891 2353 2105 2421 floccis
2151 2363 2219 2419 et

637 2443 873 2510 annulo
918 2442 1189 2531 gemmis
1231 2454 1451 2510 ornato
1482 2442 1561 2509 ad
1593 2460 1816 2509 eorum
1845 2440 2215 2508 arbitrium:

640 2530 744 2598 vel
793 2531 1004 2619 potius
1052 2531 1334 2618 rigorose
1364 2530 1661 2596 standum
1690 2528 1974 2596 Decretis
2011 2530 2088 2595 17
2121 2533 2219 2595 lu·

638 2616 729 2686 nii
780 2622 946 2686 1673
993 2629 1058 2685 et
1103 2622 1143 2685 2
1191 2616 1556 2685 Decembris
1604 2615 1893 2683 eiusdem
1938 2613 2134 2682 anni?

772 2708 906 2773 Vll.
954 2708 1049 2773 An
1095 2706 1411 2791 gaudeant
1467 2706 1587 2772 bae
1642 2703 1983 2790 dignitates
2033 2703 2219 2770 titulo

640 2794 928 2877 Praelati,
961 2806 1069 2859 aut
1114 2792 1522 2861 illustrissimi
1554 2813 1621 2859 ac
1653 2790 2215 2875 Reverendissimi,

641 2892 748 2948 aut
769 2890 1057 3037 dtssntum
1122 2880 1487 2950 Admodum
1555 2880 1823 2949 illustris
1885 2900 1954 2946 ac
2018 2883 2224 2947 Reve-

649 2987 766 3038 ren
814 2991 832 3035 ι

772 3061 929 3126 vul.
979 3062 1078 3128 An
1122 3059 1343 3143 iidem,
1405 3061 1766 3127 assistentes
1810 3056 2100 3125 concioni
2143 3057 2225 3123 si·

642 3146 778 3214 mul
811 3166 960 3214 cum
989 3147 1342 3231 Canonicis,
1390 3149 1624 3234 absque
1657 3146 1788 3213 ulla
1816 3144 2223 3213 distinctione

640 3237 876 3302 sedere
920 3236 1198 3304 debeant
1245 3235 1309 3301 in
1353 3236 1543 3304 sedili
1573 3233 1896 3303 communi
1924 3233 2038 3299 sed
2079 3243 2226 3300 ante

642 3324 794 3390 alios
856 3325 1028 3390 iuxta
1089 3328 1431 3392 Decretum
1498 3328 1578 3391 21
1643 3320 1877 3411 Aprilis
1928 3324 2096 3389 1736
2155 3332 2224 3388 et

644 3412 1178 3480 consuetudinem
1230 3412 1655 3479 Ecclesiarum
1715 3409 2110 3477 Cathedralis
2158 3420 2225 3477 et

643 3499 1200 3587 Metropolitanae3
1249 3500 1354 3566 vel
1400 3499 1610 3586 potius
1654 3498 1884 3565 sedere
1947 3496 2226 3565 debeant

644 3588 711 3653 in
756 3589 924 3654 Sede
982 3587 1274 3654 camerali
1333 3606 1482 3655 cum
1527 3586 1800 3654 brachiis
1839 3585 1985 3651 velo
2032 3586 2225 3652 viola·

644 3693 761 3741 ceo
810 3685 1024 3740 ornata
1071 3686 1136 3741 et
1180 3692 1329 3741 cum
1372 3677 1787 3763 suppedaneo
1835 3681 1899 3738 et
1938 3672 2226 3759 genufle-

649 3760 830 3828 xorio
888 3781 919 3826 a
985 3762 1217 3828 ceteris
1272 3762 1616 3843 distincto;
1679 3761 1768 3827 uti
1827 3779 1998 3828 nunc
2044 3761 2228 3829 litet

645 3848 886 3916 factum
930 3867 1191 3939 semper
1234 3850 1491 3918 videtur
1535 3851 1612 3917 ab
1657 3848 2229 3937 ,archipresbytero

650 3949 715 4002 et
761 3936 855 4003 uti
901 3957 1069 4006 nunc
1118 3938 1309 4005 etiam
1356 3960 1390 4004 a
1433 3937 1792 4027 Praeposito
1852 3936 1993 4004 fieri
2046 3956 2229 4025 prae-

648 4025 939 4093 tenditur
960 4022 994 4092 ⁶?

779 4117 886 4183 IX.
937 4115 1035 4181 An
1079 4115 1235 4182 dum
1267 4113 1383 4201 ipsi
1414 4113 1479 4180 iu
1517 4112 1726 4181 choro
1758 4112 2011 4198 adsunt,
2046 4132 2232 4180 exce-

700 4201 776 4267 tis
836 4202 1380 4287 solemnitatibus,
1441 4201 1624 4269 venia
1677 4202 1756 4268 ad
1800 4201 2228 4269 inchoandum

710 4291 1026 4358 atutinum
1060 4301 1123 4358 et
1154 4294 1345 4356 Horas
1377 4288 1703 4358 canonicas
1732 4307 1982 4358 necnon
2012 4291 2092 4358 ad
2122 4293 2231 4356 Be-

648 4379 1081 4446 nedictionem
1120 4377 1571 4468 proferendam
1618 4379 1681 4445 in
1727 4379 2064 4445 Nocturnis
2093 4377 2228 4444 dari

650 4466 881 4533 debeat
925 4468 1003 4535 ab
1032 4467 1628 4554 Archipresbytero,
1662 4477 1728 4533 et
1771 4483 1850 4532 eo
1897 4467 2158 4533 absente
2195 4487 2228 4533 a

651 4556 1052 4641 Praeposit03
1085 4556 1190 4623 vel
1238 4556 1476 4642 potius,
1524 4574 1651 4623 nou
1695 4554 2087 4622 obstantibus
2124 4573 2231 4622 eo-

654 4660 797 4711 rum
850 4644 1207 4729 praeseutia
1254 4645 1318 4711 in
1364 4645 1594 4728 choro,
1657 4642 2120 4711 consuetudine
2168 4644 2230 4709 in

651 4731 1035 4798 contrarium
1079 4751 1198 4819 pro
1238 4732 1809 4819 Arcbipresbytero
1839 4741 1905 4795 et
1934 4741 2230 4818 praeten-

649 4819 930 4886 sionibus
988 4821 1358 4909 Praepositi,
1413 4822 1489 4888 ab
1534 4819 2038 4888 Hebdomadario
2094 4819 2231 4886 dari

651 4907 881 4990 debeat
928 4909 1102 5063 ieuxta
1145 4913 1488 4977 Decretum
1525 4914 1605 4977 16
1631 4909 1900 4995 Augusti
1952 4912 2117 4975 1833
2149 4907 2226 4975 ad

653 4996 914 5063 tertium

779 5087 862 5151 X.
909 5087 1032 5168 An,
1081 5086 1239 5154 facta
1292 5105 1411 5173 per
1469 5088 1712 5154 Bullam
1775 5086 2228 5175 Archipresby·

650 5179 790 5237 tero
835 5173 1132 5241 facultate
1177 5175 1535 5254 functiones
1577 5193 1733 5262 pera
1779 5174 1928 5244 endi
1973 5176 2046 5240 iis
2084 5173 2226 5240 anni

649 5257 876 5328 diebus
922 5260 1150 5346 quibus
1196 5264 1255 5328 ei
1303 5263 1652 5351 placuerit,
1701 5263 1721 5329 i
1828 5264 2021 5330 etiam
2079 5280 2228 5327 con·

652 5367 900 5415 cessum
968 5360 1303 5416 censeatur
1373 5351 1770 5436 Praeposito;
1842 5351 1945 5417 vel
2015 5349 2227 5436 potius

2307 420 2411 489 bic
2440 420 2658 487 stricte
2687 430 2855 487 stare
2899 417 3135 486 debeat
3183 419 3453 487 tabellae
3493 416 3886 486 functionum

2307 526 2470 595 quae
2514 509 2592 575 ad
2641 508 2850 595 ipsum
2896 508 3248 609 pertinent,
3297 525 3591 594 quaeque
3639 507 3699 572 ei
3745 505 3892 571 assi-

2310 608 2534 684 gnatae
2579 605 2731 663 sunt
2773 597 2852 663 ad
2900 607 3095 663 instar
3129 594 3471 683 Praepositi
3501 593 3892 662 cathedralis

2311 684 2663 766 Ecclesiae,
2723 695 2917 771 prout
2978 684 3287 751 sancitum
3349 682 3468 750 fuit
3519 702 3551 746 a
3605 680 3894 770 capitulo

2271 771 2563 858 ’quando
2594 790 2973 839 consensum
2995 771 3319 859 praestitit
3339 789 3459 858 pro
3491 769 3896 837 restitutione

2314 854 2790 947 Praepositurae
2816 857 2850 926 ¹?

2443 949 2551 1015 XI.
2601 949 2698 1014 An
2728 946 3263 1034 Archipresbyter
3295 946 3356 1013 in
3389 956 3722 1035 posterum
3753 963 3897 1031 pos-

2311 1034 2393 1102 sit
2447 1035 2685 1102 calices
2710 1083 2728 1118 ,
2777 1038 3037 1102 Patenas
3083 1045 3148 1102 et
3211 1035 3330 1100 alia
3388 1052 3772 1101 consecrare
3829 1054 3894 1099 ac

2313 1125 2655 1212 Campanas
2702 1121 3088 1189 benedicere
3134 1122 3443 1190 adhibens
3499 1123 3651 1189 Olea
3695 1140 3892 1203 sacra,

2315 1222 2382 1279 et
2439 1229 2688 1278 sacrum
2732 1210 3057 1295 chrisma,
3106 1223 3176 1277 ut
3222 1230 3394 1278 nunc
3447 1210 3657 1292 solet,
3705 1209 3898 1275 etiam

2312 1299 2780 1386 pontificalibus
2838 1297 3140 1382 indutus,
3187 1298 3478 1384 quamvis
3534 1308 3716 1365 extra
3765 1296 3903 1363 dies

2312 1390 2370 1455 ei
2403 1406 2521 1474 pro
2554 1385 2980 1453 functionibus
3011 1385 3481 1474 pontificalibus
3525 1384 3900 1472 assignatos;

2311 1476 2416 1542 vel
2466 1474 2676 1562 potius
2718 1473 3016 1541 standum
3058 1474 3143 1540 sit
3184 1473 3410 1541 stricte
3453 1474 3675 1543 Bullae
3705 1473 3904 1560 ipsius

2318 1562 2725 1630 institutionis
2755 1583 2827 1629 ac
2856 1562 3048 1628 citato
3078 1566 3352 1630 Decreto
3382 1560 3730 1629 Alexandri
3757 1557 3909 1627 Vll?

2316 1657 2502 1733 nem,
2551 1670 2627 1717 an
2674 1649 2872 1738 possit
2919 1650 3245 1739 praedicta
3291 1650 3686 1718 benedicere
3732 1668 3906 1715 sacra
3995 1682 3996 1693 ἱ

2316 1737 2624 1807 adhibens
2680 1739 2857 1822 Olea,
2890 1751 2963 1804 ut
2993 1756 3207 1825 supra,
3245 1736 3437 1804 etiam
3484 1757 3602 1827 pro
3632 1735 3774 1804 aliis
3805 1740 3910 1803 Pa·

2318 1827 2547 1894 roeciis
2574 1876 2592 1910 ‚
2655 1845 2783 1893 non
2843 1825 3234 1893 obstantibus
3298 1825 3788 1895 limitationibus
3845 1824 3907 1890 in

2317 1917 2500 1982 Bulla
2553 1911 2918 2000 expressis?
2961 1923 3028 1979 et
3074 1913 3334 1981 in‘casu
3363 1932 3492 2000 quo
3535 1932 3711 1980 sacra
3757 1913 3908 1981 Olea

2317 2012 2597 2092 nequeat
2640 2000 2972 2087 adbibere,
3020 2018 3356 2088 quamnam
3387 2002 3909 2070 benedictionem

2321 2092 2457 2180 ipse
2515 2091 2674 2245 dare?
2728 2089 2928 2178 possit
2988 2088 3216 2175 calici,
3277 2092 3581 2175 Patenae,
3642 2093 3913 2176 Campa-

2320 2199 2440 2248 nae
2488 2191 2618 2247 etc.

2449 2270 2587 2336 ΧΠ.
2635 2269 2768 2350 An,
2817 2266 3070 2352 quando
3130 2264 3493 2352 capitulum
3550 2264 3916 2353 processio·

2320 2356 2550 2424 naliter
2593 2353 2840 2421 accedit
2884 2354 2963 2421 ad
3024 2352 3299 2439 aliquam
3357 2353 3752 2438 Ecclesiam,
3799 2358 3920 2420 Ar·

2322 2444 2765 2532 cbipresbyter
2809 2452 2876 2508 et
2921 2441 3322 2542 Praepositus
3377 2459 3410 2506 a
3472 2445 3752 2510 Rectore
3799 2446 3920 2508 Ec·

2323 2533 2556 2601 clesiae
2613 2529 2997 2619 aspergeudi
3056 2538 3180 2597 sint
3238 2548 3395 2615 aqua
3454 2529 3802 2597 benedicta
3847 2540 3922 2596 ut

2321 2619 2522 2687 ceteri
2581 2617 2922 2697 Canonici;
2986 2618 3092 2684 vel
3155 2618 3367 2704 potius
3426 2616 3601 2685 iuxta
3657 2636 3920 2684 morem

2323 2709 2660 2861 inductum?
2700 2705 3053 2795 aspersorio
3083 2716 3348 2793 accepto
3377 2724 3445 2774 se
3491 2704 3611 2794 ipsi
3649 2708 3920 2793 signare

2328 2797 2605 2865 debeant

2455 2885 2617 2951 xm.
2668 2886 2763 2951 An
2808 2901 3000 2970 supra
3045 2881 3357 2967 gentilitia
3412 2880 3673 2969 insignia
3722 2883 3920 2950 ambo

2324 2991 2649 3061 apponere
2695 2984 2932 3059 queant
2986 2970 3280 3057 galerum
3326 2968 3803 3058 praelatitium;
3857 2983 3923 3037 et

2326 3072 2637 3149 quatenus
2679 3058 3077 3145 affirmative,
3123 3058 3456 3126 cuiusnam
3500 3056 3792 3125 coloris?

2455 3150 2617 3218 XlV.
2646 3151 2770 3233 An,
2798 3165 2946 3216 cum
2968 3151 3119 3214 Prae
3208 3147 3367 3213 situs
3391 3157 3684 3215 teneatur
3699 3146 3924 3215 choro

2324 3238 2637 3306 interesse
2683 3235 2978 3304 omnibus
3023 3166 3254 3303 diessous
3300 3234 3504 3319 festis,
3552 3235 3617 3304 id
3658 3244 3923 3304 tantum

2326 3327 2412 3395 de
2457 3326 2634 3393 festis
2679 3325 2765 3393 de
2809 3333 3188 3411 praecepto;
3237 3324 3344 3389 vel
3390 3323 3583 3391 etiam
3628 3323 3716 3389 de
3763 3343 3848 3390 su

2329 3413 2562 3502 pressis
2603 3414 2684 3479 sit
2730 3410 3253 3566 intelligendum,
3291 3412 3355 3477 in
3385 3409 3616 3498 quibus
3654 3413 3856 3478 Paroc
3907 3412 3923 3477 i

2329 3504 2568 3570 Missam
2607 3521 2725 3587 pro
2764 3520 2934 3587 popu
2963 3519 2996 3564 ο
3041 3516 3120 3585 ap
3172 3505 3360 3566 licare
3407 3509 3714 3568 tenentur
3755 3509 3827 3566 et
3861 3501 3923 3567 in

2327 3590 2672 3678 collegiata
2698 3588 3001 3744 ¹§ecclesia
3044 3590 3094 3655 Ο
3162 3587 3335 3654 cium
3365 3587 3438 3655 fit
3467 3598 3542 3654 ut
3573 3584 3805 3656 diebus
3834 3588 3922 3655 de

2378 3697 2562 3746 raece
2615 3690 2676 3744 to

2329 3699 2373 3767 P
2457 3697 2608 3834 XV?
2639 3768 2736 3834 An
2767 3784 2917 3832 cum
2947 3764 3348 3869 Praepositus
3379 3773 3675 3830 teneatur
3703 3764 3920 3832 choro

2331 3855 2641 3921 interesse
2703 3854 2933 3922 diebus
2981 3853 3198 3936 festis,
3247 3862 3319 3919 ut
3365 3869 3555 3940 supra
3581 3899 3600 3934 ,
3648 3862 3720 3920 et
3787 3863 3920 3918 toto

2333 3954 2623 4028 tempore
2651 3944 2985 4012 Adventus
3015 3952 3081 4008 et
3110 3938 3664 4029 Quadragesimae,
3688 3941 3916 4028 poaeit,

2330 4041 2590 4116 praeter
2636 4031 2955 4118 reliquum
3000 4031 3144 4098 anni
3176 4042 3448 4118 tempus
3477 4027 3544 4095 in
3576 4045 3709 4113 quo
3745 4027 3914 4094 iuxta

2331 4136 2562 4185 novam
2593 4118 3067 4207 Praepositurae
3105 4119 3596 4201 institutionem,
3631 4136 3662 4181 a
3707 4116 3917 4184 choro

2332 4217 2428 4272 est
2487 4205 2922 4293 dispensatus,
2980 4205 3054 4273 iis
3113 4206 3205 4274 uti
3264 4204 3697 4273 vacationibus
3759 4222 3917 4290 quae

2336 4293 2638 4361 trimestri
2692 4294 3159 4381 aequivaleant,
3207 4294 3283 4362 ad
3330 4293 3527 4360 instar
3570 4293 3917 4359 Canonico·

2334 4401 2477 4449 rum
2524 4382 2633 4468 qui
2680 4383 2966 4470 quotidie
3013 4382 3226 4450 choro
3272 4381 3584 4448 interesse
3629 4379 3912 4463 dehent;

2331 4473 2436 4537 vel
2482 4471 2693 4572 potius
2739 4471 2912 4539 nulla
2957 4470 3048 4538 uti
3095 4469 3294 4558 possit
3322 4468 3649 4535 vacatione
3677 4468 3916 4555 amque

2335 4558 2620 4646 legitima
2668 4579 2847 4626 causa
2895 4578 2999 4626 ex.
3051 4574 3150 4644 gr.
3201 4554 3583 4626 infirmitatis
3627 4565 3763 4622 etc.
3793 4553 3828 4623 ’ἓ

2464 4651 2544 4714 Ει
2587 4650 2772 4716 Sacra
2817 4646 3079 4714 Rituum
3107 4643 3560 4734 congregatio,
3595 4643 3742 4710 Rmi
3777 4644 3918 4732 Epi·

2332 4736 2505 4824 scopi
2550 4734 2876 4802 Faventini
2922 4733 3370 4801 informatione
3447 4731 3798 4817 raebabita,
3834 4751 3916 4798 ra-

2333 4824 2610 4890 tionibus
2669 4822 2746 4888 ab
2804 4833 3074 4909 utraque
3138 4834 3370 4889 conten
3422 4819 3669 4888 entium
3743 4831 3915 4908 parte

2332 4910 2626 4980 adductis
2670 4921 2917 4978 mature
2962 4910 3301 4998 perpensis
3344 4928 3412 4975 ac
3459 4919 3611 4975 voto
3658 4907 3916 4974 alterius

2334 5018 2417 5069 ex
2459 4999 2967 5086 Apostolicarum
3011 4997 3568 5066 Caeremoniarum
3611 4994 3916 5083 Magistris

2332 5090 2507 5175 prius
2553 5087 2896 5174 exquisito,
2946 5087 3056 5174 qui
3100 5085 3484 5153 sententiam
3526 5101 3708 5151 suam
3769 5081 3914 5150 scri·

2335 5189 2447 5265 pto
2491 5175 2782 5263 aperuit;
2830 5175 2894 5242 in
2938 5174 3282 5244 ordinariis
3326 5174 3516 5243 buius
3546 5171 3678 5240 diei
3708 5170 3916 5239 comi·

2336 5263 2437 5330 tiis
2481 5265 2558 5332 ad
2609 5263 2975 5332 Vaticanum
3018 5262 3273 5346 habitis,
3308 5261 3633 5329 referente
3665 5264 3827 5327 Eme
3855 5267 3915 5322 et

2333 5357 2490 5419 Rmo
2535 5351 2800 5417 Domino
2846 5352 3159 5419 cardinali
3193 5350 3460 5437 losepbo
3493 5348 3787 5433 Bolondi,
3823 5365 3912 5413 re·
