4042 5950
2046 254 2518 336 —318—

568 420 577 425 “
643 407 900 477 Clerum
937 432 1004 477 ».
1050 412 1260 499 Atque
1302 412 1386 477 ita
1435 413 1902 501 rescripserunt
1947 434 2015 480 ac
2049 413 2112 480 in
2143 413 2225 481 si-

644 497 901 566 milibus
946 500 1326 568 servandum
1370 500 1626 568 omnino
1671 501 2074 571 mandarunt.

776 587 887 654 Die
938 592 973 654 7
1022 588 1389 655 Decembris
1444 592 1633 657 1844.

643 712 897 797 28⁷0.
1255 732 1612 798 camma.
1995 733 2222 821 (4982)

770 853 1070 921 Precibus
1104 854 1574 925 Calendaristae
1603 859 1921 926 Dioecesis
1954 858 2223 927 Gallien.

640 939 1040 1026 exquirentis
1098 962 1253 1009 num
1316 944 1377 1011 in
1423 948 1748 1014 nonnullis
1802 946 2227 1035 peculiaribus

638 1029 892 1113 Officiis,
944 1044 1200 1117 praeter
1246 1035 1578 1101 Lectiones
1614 1045 1679 1102 et
1708 1035 2057 1120 Orationes,
2092 1036 2225 1123 legi

640 1118 830 1184 etiam
876 1119 1150 1187 debeant
1195 1121 1311 1186 alia
1356 1140 1519 1207 quae
1564 1123 1819 1212 propria
1882 1122 2226 1212 approbata

640 1214 788 1272 sunt
835 1227 948 1296 pro
996 1208 1133 1275 aliis
1178 1209 1623 1297 Dioecesibus,
1675 1213 1961 1298 quamvis
2008 1224 2230 1280 exten·

640 1293 832 1361 sionis
878 1295 1201 1365 indultum
1253 1296 1314 1365 id
1361 1316 1490 1365 non
1539 1319 1620 1366 ex
1668 1300 1887 1380 rimat;

772 1385 822 1448 A
870 1387 935 1451 S.
974 1389 1048 1452 R.
1084 1389 1155 1453 C.
1191 1387 1578 1475 rescriptum
1638 1389 1766 1455 uit:
1819 1410 1856 1453 «ι
1885 1389 2221 1477 Negative,

642 1470 705 1537 in
751 1473 1084 1552 omnibus;
1132 1475 1245 1541 sed
1293 1474 1469 1541 iuxta
1514 1474 1836 1543 indultum
1872 1502 1932 1543 ι».

770 1560 883 1627 Die
933 1564 969 1627 7
1018 1563 1386 1629 Decembris
1436 1567 1630 1631 1844.

641 1702 880 1773 2871.
1172 1707 1680 1773 cosranrinu.
1992 1709 2222 1796 (assa)

767 1829 972 1906 Quum
997 1827 1590 1896 Reverendissimus
1614 1832 2051 1899 constantien.
2078 1833 2225 1919 Epi·

641 1934 870 2003 scopus
916 1916 1304 2004 compererit
1335 1916 1454 1985 sibi
1499 1918 1870 1985 commissos
1918 1921 2227 1988 Christifi-

640 2001 823 2071 deles
853 2022 981 2070 non
1025 2023 1258 2091 paucos
1287 2003 1633 2073 abscedere
1663 2006 1740 2073 ab
1770 2007 2077 2095 Ecclesia,
2115 2029 2224 2077 ex-

688 2093 811 2160 leta
859 2093 1034 2159 Missa
1080 2091 1453 2177 Pontificali,
1490 2095 1680 2162 etiam
1732 2096 1794 2162 in
1838 2096 2085 2164 duabus
2115 2099 2224 2165 So-

667 2181 1100 2266 emnitatibus,
1151 2181 1333 2268 queis
1377 2181 1729 2271 Episcopus
1776 2182 1913 2271 ipse
1967 2185 2226 2253 nomine

638 2270 898 2337 Romani
946 2269 1265 2338 Pontificis
1312 2272 1551 2359 populo
1591 2272 1987 2346 benedicere
2029 2273 2227 2340 debet

641 2377 788 2426 cum
849 2358 1129 2426 Plenaria
1201 2359 1485 2426 omnium
1550 2371 1961 2448 peccatorum
2009 2362 2225 2429 ludul-

638 2446 888 2534 gentia;
937 2469 971 2515 a
1017 2450 1198 2515 Sacra
1244 2447 1502 2515 Rituum
1550 2448 2060 2534 congregatione
2105 2451 2224 2517 hu-

640 2534 911 2604 millime
946 2535 1242 2623 expetiit,
1269 2546 1342 2601 ut
1372 2534 1434 2601 in
1470 2536 1584 2602 hac
1614 2536 1742 2622 ipsa
1774 2536 2227 2604 benedictione

640 2624 1050 2714 dispensetur
1096 2625 1172 2691 ab
1219 2641 1418 2689 onere
1482 2623 1740 2712 legendi
1789 2624 2031 2711 duplici
2083 2625 2224 2692 vice

641 2716 844 2780 Breve
915 2709 1334 2799 delegationis
1400 2711 1838 2799 Apostolicae,
1905 2735 1974 2781 ac
2041 2713 2226 2779 liceat

640 2800 1020 2887 simpliciter
1055 2797 1435 2866 annunciare
1482 2799 1830 2868 Plenariam
1880 2802 2226 2889 Indulgen-

641 2888 815 2973 tiam,
864 2907 947 2954 ne
991 2888 1271 2975 populus
1314 2885 1650 2967 abscedat;

770 2982 848 3044 Et
895 2980 1079 3045 Sacra
1118 2975 1343 3042 eadem
1386 2979 1833 3065 congregatio,
1868 2978 1945 3045 ad
1986 2979 2222 3047 Vatica-

638 3083 794 3133 num
837 3063 1080 3133 subscri
1134 3076 1192 3130 ta
1239 3065 1345 3131 die
1393 3065 1736 3132 coadunata
1786 3067 1849 3132 in
1878 3067 2225 3134 Ordinariis

637 3153 918 3221 Comitiis
947 3201 966 3237 ,
1019 3173 1086 3220 re
1118 3164 1339 3220 erente
1386 3153 1782 3243 infrascripto
1838 3156 2220 3239 Secretario,

642 3241 1120 3322 rescribendum
1188 3240 1469 3308 censuit:
1543 3260 1581 3305 α
1622 3247 1801 3309 quta
1861 3242 2224 3311 Pontificale

637 3333 985 3397 Romanum
1020 3354 1082 3396 ν.
1133 3331 1246 3396 Die
1295 3334 1330 3397 7
1380 3331 1750 3398 Decembris
1802 3334 1990 3398 1844.

641 3473 887 3542 28⁷2.
1180 3474 1683 3540 Mncncmlssn.
1997 3473 2224 3562 (aasz)

769 3597 993 3664 Editor
1060 3596 1417 3666 calendarii
1486 3597 1786 3684 Liturgici
1850 3599 2226 3667 Archidioe-

641 3685 800 3752 cesis
854 3685 1258 3752 mechlinien.
1306 3686 1389 3752 de
1437 3704 1748 3752 consensu
1796 3698 1859 3753 et
1918 3690 2226 3775 approba·

643 3772 813 3839 tione
847 3773 1018 3840 illius
1042 3773 1580 3840 Reverendissimi
1612 3774 1838 3841 Vicarii
1871 3776 2221 3859 Generalis,

639 3859 988 3961 cupiditate
1019 3861 1287 3948 flagrans
1318 3871 1529 3927 rectae
1561 3871 1628 3926 et
1656 3861 1986 3929 uniformis
2012 3863 2226 3952 dispo-

638 3949 880 4016 sitionis
938 3950 1137 4019 divini
1198 3949 1391 4017 Officii
1454 3969 1523 4016 ac
1585 3950 2026 4018 celebrationis
2085 3951 2223 4017 Mis-

639 4057 851 4106 sarum
900 4037 962 4105 in
1010 4038 1285 4125 praefata
1332 4036 1834 4122 Archidioecesi,
1869 4040 2092 4106 Sacrae
2124 4040 2225 4106 Ri-

639 4137 821 4195 tuum
882 4126 1372 4215 congregationi
1431 4126 1761 4212 sequentia
1817 4126 2006 4194 dubia
2067 4146 2218 4194 eno·

640 4216 845 4284 danda
896 4215 1264 4303 proposuit:
2049 4231 2058 4236 ·

770 4302 1042 4370 Dubium
1087 4308 1133 4370 l.
1186 4305 1388 4383 Quum
1437 4304 1611 4369 iuxta
1671 4302 1972 4370 Rubricas
2018 4307 2222 4371 Gene-

640 4392 805 4459 rales
837 4391 1134 4458 Breviarii
1160 4391 1356 4458 Titui.
1385 4396 1489 4459 Vll
1521 4391 1605 4459 de
1635 4389 1906 4474 octavis,
1931 4392 2222 4459 Officium

641 4480 1001 4548 laciendum
1054 4481 1135 4546 sit
1180 4479 1265 4546 de
1312 4483 1577 4546 Patrono
1625 4481 1725 4544 vel
1789 4479 2047 4545 Titulari
2107 4484 2223 4547 Ec·

639 4568 904 4653 clesiae,
956 4579 1020 4635 et
1066 4588 1267 4655 quum
1314 4567 1482 4635 varia
1527 4569 1761 4636 dentur
1805 4572 2070 4634 Decreta
2119 4571 2222 4635 Sa-

642 4677 786 4724 crae
810 4657 1069 4723 Rituum
1099 4656 1621 4744 congregationis
1653 4655 1859 4743 quoad
1894 4675 2220 4742 personas,

640 4767 673 4811 a
706 4745 935 4832 quibus
972 4744 1133 4814 illud
1167 4744 1454 4813 Officium
1486 4755 1585 4810 est
1615 4743 2040 4828 recitandum,
2077 4746 2221 4812 hinc

639 4833 887 4901 diversa
937 4843 1033 4899 est
1077 4833 1290 4921 praxis
1362 4833 1527 4901 inter
1573 4833 1947 4901 Sacerdotes
2000 4834 2224 4901 Archi-

640 4922 952 4989 dioecesis
997 4921 1489 4989 mechliniensis.
1768 4967 1779 4980 .

767 5007 1102 5089 Quaeritur
1146 5029 1305 5098 ergo
1358 5015 1418 5077 1.
1468 5012 1563 5076 An
1609 5009 1984 5077 Sacerdotes
2029 5013 2225 5077 Secu-

641 5099 832 5181 lares,
873 5099 979 5184 qui
1027 5110 1372 5166 censentur
1401 5099 1588 5165 alicui
1634 5098 1953 5165 Ecclesiae
1993 5097 2225 5166 adscri-

640 5185 732 5274 pti
781 5188 926 5271 quia
960 5187 1167 5254 Missas
1219 5187 1458 5254 ibidem
1495 5186 1846 5271 celebrant,
1874 5185 2226 5253 Confessio·

782 5378 862 5451 (ι)
901 5380 964 5436 E.
1002 5378 1145 5437 nuh.
1188 5327 1254 5444 ii,
1294 5378 1393 5446 111,
1430 5377 1521 5443 ιν,
1560 5378 1634 5434 vl
1673 5386 1729 5436 οι
1764 5379 1857 5435 [x.

2326 434 2441 483 nes
2474 417 2810 505 excipiunt
2840 428 2948 484 aut
2979 416 3148 486 aliud
3185 418 3639 508 quodcumque
3660 443 3900 490 sacrum

2328 506 2745 573 ministerium
2795 517 3144 592 exercent,
3198 508 3436 594 possint
3479 510 3764 601 Officium
3811 531 3900 577 re-

2327 592 2526 660 citare
2569 594 2651 661 de
2698 598 2963 661 Patrono
2996 596 3100 662 vel
3150 597 3408 663 Titulari
3459 598 3751 665 eiusdem
3799 603 3902 665 Ec·
3985 660 3986 667 ,

2327 680 2559 749 clesiae
2623 683 2761 769 (qui
2807 703 2936 750 non
2980 685 3061 748 sit
3121 688 3424 752 Patronus
3483 686 3763 754 Civitatis
3807 687 3902 753 vel

2327 768 2531 858 Loci),
2573 782 2644 837 ut
2691 770 2993 840 habeatur
3038 771 3435 840 uniformitas
3480 775 3648 841 inter
3691 778 3902 842 Sacer-

2330 858 2515 924 dotes
2550 858 2694 927 illos
2740 869 2805 925 et
2848 861 3170 926 Pastorem
3209 881 3278 929 ac
3313 860 3751 951 Vicepastores
3793 866 3900 929 Ec-

2328 945 2585 1030 clesiae,
2635 947 2745 1033 qui
2791 948 3119 1016 celebrant
3174 952 3433 1017 Festum
3493 951 3789 1018 Titularis
3844 971 3900 1016 e·

2323 1034 2577 1101 iusdem
2607 1037 2725 1103 sub
2757 1034 2883 1103 ritu
2930 1037 3171 1125 duplici
3219 1038 3462 1126 primae
3509 1039 3722 1106 classis
3765 1058 3898 1106 cum

2328 1132 2588 1208 octava,
2660 1124 2904 1191 etiamsi
2981 1126 3157 1192 nulla
3231 1127 3393 1194 adsit
3464 1127 3767 1214 obligatio
3831 1129 3899 1194 ad
3985 1142 3986 1145 ’

2328 1211 2655 1281 Chorum'?

2457 1301 2791 1379 Quaeritur
2835 1307 2901 1371 2.
2953 1302 3051 1369 An
3097 1302 3191 1370 illi
3238 1305 3642 1389 Sacerdotes,
3669 1304 3723 1369 si
3769 1324 3897 1392 pos·

2327 1389 2452 1456 sint
2503 1390 2766 1456 recitare
2816 1390 3212 1476 praedictum
3259 1391 3571 1477 Officium,
3621 1395 3700 1462 ad
3749 1393 3894 1461 illud

2329 1478 2517 1543 etiam
2554 1488 2912 1561 teneantur,
2950 1477 3032 1544 ita
3064 1489 3134 1546 ut
3164 1498 3293 1546 non
3340 1482 3718 1549 satisfaciant
3757 1481 3898 1548 obli·

2330 1564 2567 1718 gatiopi
2627 1566 2962 1651 sequendo
3030 1567 3453 1637 Directorium
3511 1591 3664 1639 suae
3731 1570 3898 1636 Dioe-

2329 1673 2491 1721 cesis

2459 1742 2794 1820 Quaeritur
2839 1748 2903 1811 3.
2956 1746 3050 1809 An
3100 1743 3296 1812 iidem
3327 1748 3706 1815 Sacerdotes
3752 1748 3898 1814 reci·

2331 1844 2465 1897 tare
2522 1831 2710 1898 etiam
2776 1832 3014 1919 possint
3071 1844 3136 1899 et
3195 1833 3469 1901 debeant
3527 1837 3642 1903 alia
3704 1837 3901 1904 Officia

2328 1920 2625 2008 propriae
2673 1920 3015 2005 Ecclesiae,
3050 1921 3150 1987 cui
3199 1921 3495 2011 adscripti
3536 1924 3700 1993 sint:
3751 1945 3813 1989 v.
3839 1943 3897 2011 g.

2330 2009 2413 2075 de
2458 2007 2745 2093 Reliquia
2777 2006 3005 2096 insigni
3052 2008 3314 2076 alicuius
3345 2012 3579 2098 Sancti,
3612 2014 3661 2077 si
3695 2014 3798 2079 vel
3830 2031 3897 2078 ex

2326 2094 2585 2184 speciali
2636 2096 2889 2163 indulto
2934 2096 3327 2184 Apostolico,
3361 2098 3466 2165 vel
3511 2119 3592 2166 ex
3631 2099 3901 2188 legitima
3985 2170 3986 2183 χ

2330 2185 2796 2252 consuetudine
2843 2184 3094 2252 recitari
3142 2184 3385 2254 ibidem
3437 2187 3683 2255 soleant
3733 2211 3765 2254 a
3811 2191 3901 2254 Pa-

2327 2283 2502 2340 store
2549 2285 2615 2340 et
2663 2272 3249 2341 vice-Pastoribus?
3294 2276 3389 2361 (1)

2462 2360 2736 2428 Dubium
2797 2366 2868 2429 ll.
2920 2361 2994 2429 Vi
3057 2360 3288 2429 indulti
3350 2382 3468 2449 pro
3537 2365 3901 2434 reductione

2329 2454 2662 2518 Festorum
2720 2448 2846 2517 diei
2892 2454 2934 2519 9
2980 2449 3212 2536 Aprilis
3285 2454 3487 2537 1802,
3540 2454 3902 2521 Anniversa·

2327 2538 2495 2605 rium
2543 2537 2964 2605 Dedicationis
3009 2538 3294 2606 omnium
3334 2543 3768 2609 Ecclesiarum
3812 2560 3903 2607 ce·
3985 2560 3986 2571 ³

2331 2627 2614 2693 lebratur
2664 2627 2724 2691 in
2773 2626 2992 2713 Belgio
3042 2626 3104 2692 in
3152 2628 3497 2713 Dominica,
3536 2650 3698 2717 quae
3749 2640 3904 2695 octa-

2329 2731 2469 2781 vam
2517 2714 2893 2780 Festivitatis
2939 2714 3223 2783 omnium
3271 2720 3643 2786 Sanctorum
3700 2717 3903 2806 proxi-

2328 2821 2434 2870 me
2491 2802 2819 2889 sequitur,
2886 2814 2950 2868 et
2996 2802 3259 2889 quidem
3318 2806 3447 2871 ritu
3495 2807 3743 2896 duplici
3788 2806 3906 2893 pri·
3985 2846 3986 2849 =

2332 2910 2470 2959 mae
2515 2892 2730 2958 classis
2778 2907 2922 2958 cum
2973 2904 3188 2958 octava
3228 2893 3398 2960 iuxta
3446 2895 3781 2962 Rubricas.
3985 2932 3986 2965 i

2457 2980 2792 3059 Quaeritur
2823 2979 3143 3066 quomodo
3176 2982 3456 3049 ordinari
3491 2985 3766 3053 debeant
3795 2987 3905 3047 Ve-
3985 2985 3986 2988 ’

2327 3088 2552 3158 sperae
2598 3066 2849 3154 quando
2909 3074 3164 3135 Festum
3233 3074 3478 3139 Patroni
3546 3072 3905 3160 principalis

2328 3156 2651 3224 Ecclesiae
2700 3156 2805 3222 vel
2853 3158 3041 3241 Loci,
3091 3177 3197 3224 ex.
3247 3174 3346 3244 gr.
3412 3161 3620 3228 Sancti
3669 3157 3904 3225 Martini

2329 3244 2651 3332 Episcopi,
2697 3245 2977 3311 occurrit
3023 3244 3233 3330 pridie
3281 3248 3382 3314 vel
3432 3248 3745 3348 postridie
3793 3251 3904 3313 An-

2327 3333 2657 3399 niversarii
2687 3332 3041 3420 praedicti?
3068 3353 3146 3400 an
3170 3335 3413 3401 scilicet
3447 3347 3740 3422 integrae
3769 3356 3906 3424 per·

2328 3420 2672 3488 solvendae
2736 3422 2862 3488 sint
2919 3422 3005 3489 de
3062 3423 3223 3489 festo
3285 3423 3710 3492 Dedicationis
3768 3441 3906 3490 cum

2326 3509 2458 3575 sola
2505 3510 3113 3584 commemoratione
3160 3512 3450 3600 Patroni;
3502 3514 3604 3581 vel
3653 3513 3784 3580 sint
3818 3511 3904 3578 di·

2330 3597 2688 3665 midiandae
2735 3597 2905 3666 iuxta
2952 3603 3218 3665 Decreta
3264 3602 3599 3670 Sacrorum
3652 3602 3904 3668 Rituum

2327 3683 2892 3787 congregationis?

2459 3776 2735 3842 Dubium
2768 3777 2871 3840 ΙΙΙ.
2918 3776 3176 3853 Quando
3222 3776 3300 3843 ad
3346 3778 3729 3844 Matutinum
3762 3780 3904 3845 duo·

2332 3863 2447 3929 bus
2515 3861 2826 3930 asteriscis
2874 3874 2971 3930 est
3030 3862 3303 3931 divisum
3372 3867 3898 3953 Responsorium,
3963 3909 3974 3922 ·

2331 3971 2432 4017 ex.
2484 3968 2585 4038 gr.
2649 3962 2791 4038 post
2839 3954 2969 4019 vlu
3025 3953 3394 4020 Lectionem
3440 3955 3492 4021 si
3548 3953 3619 4021 fit
3667 3956 3751 4022 de
3797 3958 3900 4020 Do·

2329 4039 2557 4108 minica
2603 4058 2724 4127 per
2767 4041 3048 4123 Annum,
3098 4041 3252 4108 item
3301 4042 3365 4108 in
3403 4046 3589 4109 Festo
3639 4042 3901 4130 Epipha-

2329 4130 2469 4196 niae
2537 4127 2781 4194 Domini
2844 4139 3013 4208 etc.;
3055 4130 3284 4217 ‘prima
3345 4130 3651 4217 repetitio
3721 4132 3900 4199 debet

2327 4216 2468 4285 fleri
2515 4237 2548 4283 a
2595 4215 2802 4302 primo
2870 4217 3168 4283 asterisco
3235 4237 3438 4304 usque
3502 4219 3579 4287 ad
3626 4235 3896 4297 versum,

2327 4325 2455 4372 non
2503 4323 2657 4370 vero
2731 4324 2932 4390 usque
2977 4306 3054 4372 ad
3115 4308 3472 4375 secundum
3539 4308 3896 4374 asteriscum

2330 4403 2614 4459 tantum:
2685 4396 2963 4460 secunda
3025 4413 3181 4460 vero
3230 4395 3573 4482 repetitio,
3631 4415 3798 4481 quae
3839 4392 3898 4459 fit

2329 4492 2472 4568 post
2526 4486 2593 4554 ὴ.
2657 4481 2880 4547 Gloria
2935 4483 3166 4562 Patri,
3234 4501 3363 4550 non
3421 4482 3898 4571 comprehendit

2327 4568 2443 4636 nisi
2495 4569 2685 4635 verba
2756 4588 2920 4654 quae
2989 4569 3305 4636 habentur
3366 4582 3510 4657 post
3555 4570 3898 4638 secuudum

2326 4657 2721 4742 asteriscum,
2772 4668 2843 4722 ut
2889 4658 3123 4724 dicitur
3154 4658 3216 4725 in
3258 4660 3743 4726 Commentariis
3789 4661 3899 4723 Me·

2329 4745 2444 4813 rati
2492 4757 2557 4812 et
2605 4746 2666 4812 in
2698 4744 2835 4811 aliis
2887 4748 3276 4815 Tractatibus
3325 4748 3481 4815 litur
3527 4747 3661 4813 icis.

2458 4834 2819 4919 Quaeritur,
2854 4853 2932 4900 an
2980 4835 3098 4902 hoc
3137 4853 3396 4923 quoque
3444 4855 3480 4900 o
3526 4834 3898 4902 servandum

2328 4924 2410 4988 sit
2477 4923 2729 5009 quando
2778 4921 2842 4989 in
2904 4924 3132 4989 eodem
3206 4923 3628 5012 Responsorio
3694 4924 3899 5011 plures

2329 5012 2648 5078 habentur
2693 5031 2953 5096 versus,
3002 5022 3073 5078 ut
3121 5010 3185 5077 in
3235 5013 3441 5100 primo
3490 5011 3899 5100 Responsorio

2332 5099 2696 5166 Dominicae
2766 5101 3007 5188 primae
3066 5099 3395 5167 Adventus
3449 5111 3513 5167 et
3561 5101 3627 5167 in
3684 5101 3896 5167 ultimo

2331 5188 2752 5274 Responsorio
2782 5189 2978 5255 Officii
3027 5188 3508 5274 Defunctorum,
3543 5189 3791 5275 quando
3814 5185 3898 5252 di·

2601 5357 2608 5396 l
