4042 5950
2022 236 2338 317 -276
2393 280 2497 296 —-

755 402 889 467 vn.
963 404 1033 467 ln
1101 395 1371 464 Rubrica
1435 395 1597 464 nibil
1666 397 1973 464 babemus
2041 394 2207 461 circa

628 506 870 555 nomen
919 485 1128 555 Sancti
1175 485 1480 553 nominati
1527 485 1589 551 in
1634 485 1929 552 Oratione
1963 486 2013 549 A
2048 503 2208 549 cun-

627 580 752 643 ctis
800 574 1011 644 littera
1057 575 1133 641 N.
1183 578 1493 640 Auctores
1523 583 1736 642 autem
1775 570 2209 639 communiter

628 663 860 730 docent
928 662 1206 748 intelligi
1274 665 1617 731 Patronum
1685 661 1790 728 vel
1859 660 2205 727 'titularem

627 750 992 836 Ecclesiae,
1043 749 1382 905 cappellae
1452 750 1585 817 sive
1652 748 1919 832 Altaris,
1970 748 2034 814 in
2079 766 2208 833 quo

629 840 935 908 Sacerdos
994 840 1134 906 cele
1179 848 1301 904 rat.
1371 839 1742 907 Sacerdotes
1801 848 2015 904 autem
2068 835 2209 903 fere

630 947 849 995 omnes
878 926 1206 994 nominant
1227 929 1566 994 Pati-onum
1589 925 2007 1015 principalem
2033 921 2209 1006 Loci,

629 1015 735 1083 vel
781 1015 1122 1083 Dioecesis.
1171 1015 1505 1092 Quaeritur
1545 1013 1854 1102 proinde:

770 1108 828 1169 1.
877 1103 1171 1184 Quisnam
1228 1105 1488 1169 Sanctus
1532 1101 1957 1170 nominandus
2011 1099 2094 1166 sit
2146 1098 2215 1166 iu

634 1191 929 1260 Oratione
977 1194 1034 1259 A
1077 1194 1335 1259 cunctis
1381 1191 1498 1259 sub
1545 1189 1756 1257 littera
1786 1193 1862 1257 Ν.
1913 1211 1946 1255 a
1991 1192 2213 1257 Sacer-

634 1279 786 1346 dote
820 1280 1223 1349 celebrantez
1278 1282 1663 1347 Patronusue
1691 1276 2057 1364 principalis
2089 1276 2213 1344 loci

633 1378 742 1433 aut
773 1368 1122 1448 Dioecesis;
1158 1369 1263 1435 vel
1297 1369 1509 1455 potius
1540 1365 1834 1434 Titularis
1865 1364 2211 1448 Ecclesiae,

634 1456 899 1523 oratorii
947 1467 1075 1524 etc.
1127 1456 1192 1522 in
1238 1455 1465 1542 quibus
1513 1451 1837 1522 celebrat?

769 1549 836 1611 2.
889 1551 982 1611 An
1029 1543 1094 1611 in
1140 1543 1849 1611 commemorationibus
1895 1560 2012 1628 pro
2083 1541 2220 1607 Suf-

638 1629 854 1720 fragiis
900 1630 1182 1698 facienda
1228 1632 1309 1697 sit
1353 1629 1871 1697 commemoratio
1922 1628 2218 1696 Titularis

638 1720 959 1786 Dioecesis
1004 1730 1113 1786 aut
1152 1717 1526 1785 Paroeciae?

773 1812 931 1876 Vlll.
969 1813 1130 1874 Fere
1159 1824 1380 1873 omues
1404 1807 1963 1875 confraternitates
1988 1816 2057 1872 et
2077 1804 2223 1892 piae

640 1894 1018 1966 Sodalitates
1064 1896 1130 1963 in
1175 1894 1442 1963 civitate
1498 1895 1772 1964 Mutinae
1832 1904 2083 1977 carent,
2136 1894 2217 1960 ob

639 1996 977 2051 transactas
1011 1983 1384 2073 praesertim
1413 1983 1910 2067 vicissitudines,
1938 1981 2221 2051 Ecclesia

641 2072 923 2162 propria,
957 2093 1028 2140 ac
1074 2071 1341 2161 proinde
1371 2083 1591 2140 extant
1621 2074 1686 2139 in
1723 2072 2025 2139 Ecclesiis
2069 2071 2218 2137 alie·

641 2161 742 2228 nis
782 2160 918 2226 sive
964 2159 1427 2228 Parocbialibus
1483 2161 1618 2228 sive
1672 2179 1828 2228 nou.
1889 2160 2223 2238 Quaeritur

643 2250 876 2321 modo:

780 2341 839 2403 1.
896 2340 995 2404 Au
1041 2338 1250 2405 Sancti
1295 2337 1601 2404 Titulares
1645 2357 1717 2403 ac
1768 2334 2011 2402 Patroni
2068 2340 2226 2404 con·

646 2424 1115 2492 fraternitatum
1138 2426 1243 2492 vel
1277 2424 1690 2493 Sodalitatum
1722 2424 2091 2491 earumdem
2124 2441 2224 2488 ae·

647 2512 961 2599 quiparari
1008 2511 1306 2596 debeant,
1356 2513 1580 2578 saltem
1615 2513 1680 2578 in
1726 2530 1949 2578 eorum
1995 2511 2227 2579 diebus

645 2600 873 2683 Festis,
920 2599 1303 2667 Titularibus
1350 2619 1417 2665 ac
1465 2601 1743 2666 Patronis
1795 2599 2223 2666 Ecclesiamm

649 2686 1114 2775 praedictarum
1147 2687 1506 2774 iisdemque
1551 2699 1896 2777 propterea
1925 2686 2051 2755 frui
2097 2688 2225 2774 pri-

648 2774 901 2861 vilegiis
945 2793 1013 2840 ac
1060 2773 1215 2841 isti?

780 2865 844 2928 2.
896 2866 993 2928 An
1040 2863 1413 2930 Sacerdotes
1462 2864 1858 2931 confluentes
1902 2863 1980 2930 ad
2032 2863 2228 2932 dictas

648 2949 962 3018 Ecclesias
1018 2951 1086 3018 in
1133 2951 1334 3019 Festis
1398 2956 1815 3022 Patronorum
1877 2963 1943 3019 et
1986 2952 2223 3020 Titula-

650 3040 850 3125 rium,
901 3048 970 3107 ut
1025 3058 1253 3126 supra,
1302 3040 1580 3108 debeant
1642 3040 1706 3107 in
1761 3041 1936 3107 Missa
1987 3041 2228 3109 addere

654 3128 848 3194 Credo
891 3138 959 3195 et
1003 3129 1254 3196 unicam
1299 3129 1519 3200 dicere
1562 3126 1967 3198 Orationem?

781 3221 847 3285 3.
900 3221 993 3284 An
1041 3231 1424 3285 occurrente·
1467 3223 1653 3284 Festo
1699 3216 1946 3284 Patroni
1978 3219 2081 3284 vel
2128 3217 2229 3285 ‘ri-

651 3306 874 3371 tularis
931 3307 1240 3394 praedicti
1311 3307 1374 3373 in
1442 3306 1765 3373 Dominica
1831 3305 2230 3395 privilegiata

651 3393 970 3460 secundae
1018 3396 1272 3480 classis,
1323 3393 1539 3461 Missae
1584 3395 1867 3480 privatae
1911 3393 2040 3462 dici
2087 3415 2232 3483 pos-

652 3479 777 3547 sint
823 3492 888 3547 et
934 3481 1211 3549 debeant
1243 3482 1328 3548 de
1374 3486 1601 3551 Sancto
1648 3500 1795 3548 cum
1842 3500 2233 3551 commemo·

652 3568 896 3634 ratione
928 3569 1290 3635 Dominicae
1324 3581 1389 3636 et
1420 3570 1556 3636 eius
1590 3570 1934 3656 Evangelio
1968 3572 2031 3638 in
2064 3574 2228 3651 fine;

653 3656 758 3719 vel
807 3657 1035 3722 saltem
1080 3658 1259 3724 Missa
1308 3667 1551 3724 tantum
1597 3655 1961 3725 Solemnis?

787 3744 851 3809 4.
900 3744 1059 3821 Quid
1124 3744 1329 3811 intelli
1376 3755 1518 3811 atur
1562 3745 1809 3813 verbis:
1876 3766 2233 3814 concursus

650 3831 873 3915 populi
919 3832 1003 3898 ad
1036 3832 1272 3899 celebra
1364 3854 1476 3898 um
1512 3835 1791 3915 Festum,
1822 3854 1946 3921 qua
1991 3834 2234 3903 ratione

656 3918 790 3985 caui
883 3920 1033 3987 ossit
1101 3921 1278 3987 Missa
1323 3921 1637 3988 Solemnis
1683 3922 1765 3989 de
1826 3926 2010 3989 Festo
2058 3925 2231 4008 quod

660 4017 827 4073 trans
858 4007 982 4074 erri
1024 4007 1254 4087 debet;
1304 4022 1367 4075 et
1411 4028 1572 4075 anne
1615 4010 1678 4075 in
1724 4010 1838 4076 hac
1887 4012 2065 4078 Missa
2111 4013 2235 4080 dici

657 4094 894 4163 debeat
936 4105 1002 4162 et
1044 4097 1244 4184 possit
1288 4115 1546 4183 semper
1594 4097 1829 4164 Credo?

787 4186 891 4251 IX.
944 4186 1416 4254 caeremoniale
1474 4187 1934 4275 Episcoporum
1987 4188 2128 4256 Lib.
2165 4195 2232 4275 2,

660 4293 801 4362 cap.
836 4277 939 4358 11,
976 4274 1013 4358 5
1046 4279 1106 4359 1,
1141 4274 1204 4340 iu
1237 4295 1362 4361 quo
1392 4274 1522 4362 agit
1551 4274 1635 4342 de
1669 4275 1844 4341 Missa
1887 4276 2232 4346 Pontificali

710 4381 777 4427 ro
823 4363 1186 4445 Defunctis,
1236 4374 1303 4429 et
1348 4363 1647 4449 Exequiis
1692 4364 1768 4430 ad
1802 4376 2076 4433 castrum
2124 4368 2235 4436 do-

687 4449 836 4533 oris,
885 4448 1072 4516 dicit:
1126 4453 1441 4518 Canania·
1482 4463 1802 4537 parentur
1832 4461 2237 4538 paramentis

660 4542 904 4620 sacris,
963 4551 1166 4624 prout
1220 4542 1293 4604 in
1353 4539 1509 4606 aliis
1576 4542 1831 4623 Missis,
1891 4543 2238 4611 celebrante

661 4627 987 4711 Episcopo.
1060 4627 1216 4694 Hinc
1265 4627 1439 4694 idem
1498 4631 2041 4698 caeremoniarius
2085 4652 2237 4721 sup·

660 4714 854 4804 plicat
899 4715 1239 4782 declarari:

796 4807 855 4869 1.
892 4804 1013 4889 An,
1035 4814 1293 4891 praeter
1311 4803 1656 4872 Diaconum
1681 4816 1746 4872 et
1768 4807 2236 4880 subdiaconum

662 4891 906 4976 Missae,
944 4891 1215 4960 debeant
1247 4895 1538 4961 assistere
1569 4894 1674 4961 alii
1704 4896 1831 4963 duo
1863 4896 2115 4965 Diaconi
2136 4920 2244 4967 as-

661 4979 957 5046 sistentes
1001 4992 1192 5069 prout
1239 4983 1302 5049 in
1345 4979 1482 5050 aliis
1529 4980 1771 5051 Missis?

792 5070 857 5133 2.
908 5069 1002 5135 An
1030 5069 1093 5135 in
1139 5070 1427 5157 exequiis
1471 5072 1871 5140 absolvendis
1916 5095 2035 5163 pro
2079 5080 2234 5165 Papa

662 5156 768 5221 vel
816 5173 934 5239 pro
977 5158 1307 5245 Principe,
1357 5178 1629 5245 corpore
1698 5178 1830 5228 non
1873 5176 2237 5250 praesente,

663 5240 1082 5311 faldistorium
1130 5246 1422 5332 Episcopi
1468 5247 1844 5334 ponendum
1889 5250 1968 5315 sit
2013 5254 2090 5317 ad
2140 5272 2238 5318 ca-

661 5341 779 5423 put
829 5333 1095 5417 tumuli,
1143 5335 1246 5400 vel
1296 5335 1371 5401 ad
1423 5335 1623 5419 pedes
1668 5333 1844 5401 eius?

2436 397 2519 461 X.
2580 398 2743 462 Fere
2802 392 2868 461 in
2930 389 3221 459 omnibus
3288 386 3603 461 Ecclesiis
3666 386 3874 475 apponi

2306 482 2470 548 solet
2516 482 2694 549 Feria
2743 485 2823 550 Vl
2870 481 2937 549 in
2988 485 3327 547 Parasceve
3386 476 3688 562 Reliquia
3746 478 3874 544 San·

2307 570 2623 637 ctissimae
2682 570 2902 638 crucis
2948 578 3013 634 et
3070 565 3366 636 benedici
3430 565 3690 653 populo
3750 582 3875 631 cum

2309 659 2470 747 ipsa.
2521 658 2670 726 ldeo
2718 658 3090 744 quaeritur:

2449 752 2511 814 1.
2573 747 2668 813 An
2722 746 2946 813 saltem
3002 745 3069 813 in
3132 745 3313 812 dicta·
3353 742 3539 810 Feria
3600 740 3879 808 incensari

2312 834 2546 902 debeat
2598 836 2823 903 eadem
2874 833 3163 919 Reliquia
3216 853 3250 899 a
3302 830 3661 900 Sacerdote
3710 849 3880 917 genu-

2312 923 2530 992 flexo?

2443 1016 2511 1079 2.
2560 1013 2757 1081 cuius
2823 1009 3054 1078 coloris
3121 1010 3354 1077 debeat
3415 1027 3567 1075 esse
3630 1007 3882 1096 pluviale

2316 1121 2434 1190 pro
2482 1102 2589 1169 tali
2636 1095 3142 1167 benedictione?

2448 1193 2511 1257 3.
2561 1192 2728 1258 Num
2772 1186 3016 1255 Oratioz
3066 1189 3321 1271 Respice
3360 1204 3792 1269 quaesumus
3834 1184 3882 1249 in

2319 1278 2548 1345 eadem
2572 1277 2748 1344 Feria
2772 1279 2851 1343 Vl
2875 1275 3194 1342 recitanda
3224 1273 3306 1341 sit
3336 1282 3483 1342 ante
3520 1271 3887 1341 benedictio-

2318 1384 2468 1432 nem
2512 1386 2547 1432 a
2592 1364 2938 1433 Sacerdote
2984 1374 3227 1447 erecto,
3267 1364 3371 1431 vel
3418 1359 3821 1447 genuflexo?

2452 1457 2515 1519 4.
2567 1457 2662 1520 An
2706 1451 3089 1520 admittendi
3133 1452 3259 1519 sint
3304 1450 3538 1519 fideles
3587 1450 3671 1517 ad
3733 1468 3885 1515 om·

2322 1542 2456 1609 lum
2501 1542 2710 1609 dictae
2757 1537 3140 1627 Reliquiae?

2452 1634 2517 1696 5.
2567 1631 2665 1696 An
2712 1631 2777 1696 in
2821 1629 3186 1697 adoratione
3217 1627 3440 1696 crucis
3480 1626 3555 1694 in
3604 1625 3772 1694 dicta
3796 1629 3885 1691 Fe·

2322 1718 2413 1784 ria
2458 1720 2539 1786 vt
2585 1718 2777 1785 etiam
2823 1718 3130 1784 Diaconus
3177 1727 3244 1783 et
3288 1715 3739 1785 subdiaconus
3801 1713 3890 1780 de-

2322 1808 2513 1874 beant
2558 1806 2888 1892 deponere
2936 1802 3408 1872 calceamenta?

2453 1896 2517 1961 6.
2568 1897 2795 1961 Utrum
2839 1892 3126 1978 Reliquis
3154 1891 3609 1959 pretiosissimi
3654 1888 3891 1977 Sangui-

2321 1983 2419 2050 nis
2464 1982 2720 2073 publice
2768 1981 3055 2067 exposita
3120 1981 3436 2049 adoranda
3480 1980 3570 2046 sit
3626 1977 3889 2067 genufle-

2325 2072 2516 2139 xione
2559 2069 2871 2158 simplici,
2919 2069 3022 2135 vel
3069 2069 3351 2155 duplici3
3413 2079 3479 2135 et
3528 2065 3891 2135 iucensanda

2324 2181 2355 2224 a
2403 2159 2748 2227 Sacerdote
2794 2158 3165 2245 genuflexo,
3210 2156 3317 2224 vel
3366 2154 3645 2224 erecto?

2458 2251 2537 2314 Et
2583 2249 2765 2315 Sacra
2812 2245 3071 2314 Rituum
3129 2243 3559 2332 congregatio
3626 2246 3696 2311 in
3734 2241 3889 2309 Ordi-

2325 2335 2504 2402 nario
2558 2339 2762 2403 coetu
2822 2332 3175 2419 subscripta
3226 2333 3336 2401 die
3379 2333 3552 2423 apud
3626 2335 3891 2429 Sanctam

2328 2424 2580 2491 Mariam
2624 2443 2814 2511 supra
2858 2421 3232 2506 Hinervam,
3281 2424 3423 2489 loco
3470 2421 3653 2489 Sacri
3706 2417 3889 2517 Palm}

2323 2512 2669 2599 Apostolici
2697 2510 3052 2594 Quirinalis,
3081 2511 3165 2577 de
3194 2510 3493 2578 mandato
3525 2508 3889 2577 Sanctissinn

2329 2601 2702 2684 coadunata,
2750 2601 2827 2666 ad
2875 2598 3255 2665 relationem
3300 2595 3806 2666 Eminentissimi
3838 2602 3891 2657 et

2326 2688 2867 2756 Revereudissimi
2941 2687 3193 2754 Domini
3258 2686 3611 2754 Cardinalis
3687 2680 3891 2767 loseph

2332 2777 2503 2845 Della
2548 2781 2729 2844 Porta
2772 2775 3035 2846 Rodiani
3082 2775 3424 2860 Pouentis,
3472 2787 3727 2841 mature
3770 2786 3892 2867 con-

2328 2865 2620 2932 sideratis
2670 2865 2916 2951 riteque
2962 2858 3263 2931 discussis
3316 2862 3643 2946 omnibus,
3695 2877 3893 2927 reoert-

2332 2953 2616 3022 bendum
2665 2953 2948 3021 censuit:

2459 3042 2555 3109 Ad
2603 3048 2651 3110 1.
2709 3064 2748 3107 ‹
2779 3040 3214 3120 Affirmative3
3279 3051 3346 3108 et
3406 3041 3527 3107 iam
3584 3038 3891 3127 provisum

2380 3150 2451 3197 er
2517 3133 2824 3197 Generale
2894 3134 3233 3197 Decretum
3302 3129 3431 3196 diei
3497 3134 3578 3196 12
3625 3131 3889 3212 Septen·

2379 3219 2463 3285 ris
2517 3223 2711 3303 1716,
2759 3228 2952 3305 atque
2995 3237 3111 3306 per
3155 3222 3503 3285 Decretum
3558 3216 3625 3283 in
3671 3219 3887 3297 Segun-

2334 3310 2460 3375 tina
2491 3306 2619 3375 diei
2656 3311 2734 3376 19
2767 3304 3165 3395 Septembris
3201 3310 3370 3373 1654
3402 3305 3467 3373 in
3500 3303 3889 3394 responsione

2334 3397 2410 3463 ad
2461 3395 2727 3464 dubium
2773 3397 3053 3480 primum
3087 3417 3148 3460 ν.
3278 3457 3283 3461 ,

2463 3485 2558 3552 Ad
2607 3488 2680 3550 11.
2733 3504 2770 3547 «
2807 3485 3113 3570 Negative
3145 3505 3207 3550 ».
3837 3563 3847 3576 ⁸

2465 3573 2559 3639 Ad
2607 3577 2708 3639 ΙΙΙ.
2740 3573 2955 3651 Quoad
2994 3577 3053 3639 1.
3092 3580 3159 3637 et
3189 3577 3253 3639 2.
3305 3594 3342 3637 «
3377 3571 3887 3641 Genuflectantm

2334 3661 2554 3728 infimo
2600 3660 2802 3748 gradu
2847 3659 3038 3727 simul
3087 3679 3236 3727 cum
3281 3660 3663 3730 celebrante
3695 3680 3757 3723 s.

2464 3749 2679 3827 Quoad
2725 3753 2787 3815 3.
2840 3769 2879 3812 ι
2913 3753 3115 3816 Detur
3157 3753 3506 3817 Decretum
3545 3749 3611 3815 iu
3655 3745 3886 3815 vunen-

2336 3836 2463 3904 diei
2508 3841 2593 3904 22
2638 3837 3005 3904 Decembris
3058 3841 3224 3905 1753
3269 3839 3335 3905 in
3380 3836 3786 3925 responsione
3824 3827 3888 3926 ad

2336 3925 2693 3992 decimum:
2762 3924 3064 3992 nimirum
3088 3976 3107 4012 ,
3152 3927 3611 4011 genuflexione
3676 3919 3886 4008 duplici

2338 4012 2721 4079 adorandam
2767 4031 2908 4080 esse
2941 4018 3189 4083 Sacram
3221 4014 3529 4102 pyxidem
3560 4014 3764 4102 palam
3800 4025 3887 4073 οι·

2337 4101 2606 4187 positam
2637 4123 2702 4166 ».
3016 4149 3021 4160 ,

2469 4189 2564 4255 Ad
2612 4193 2716 4256 IV.
2766 4191 2980 4268 Quoad
3032 4197 3095 4259 1.
3142 4214 3181 4257 ‹
3212 4190 3760 4271 Benedictionem,
3808 4201 3884 4249 oa·

2338 4275 2473 4363 pite
2517 4279 2802 4363 detecto,
2852 4279 3345 4366 impertiendam
3393 4298 3533 4346 esse
3575 4280 3640 4345 in
3671 4294 3805 4344 casu
3830 4294 3879 4334 ²·

2468 4366 2680 4442 Quoad
2731 4371 2795 4433 2.
2848 4389 2886 4430 ι
2921 4369 3231 4456 Negative
3259 4391 3324 4436 a».

2372 4541 2435 4608 ib
2469 4455 2680 4531 Quoad
2726 4459 2791 4521 3.
2843 4477 2880 4520 «
2915 4461 3041 4523 lam
3075 4459 3401 4544 provisum
3436 4456 3497 4523 in
3525 4451 3887 4545 praecede&

2346 4553 2369 4609 t
2434 4563 2510 4609 us
2542 4563 2606 4610 ν.

2469 4631 2567 4699 Ad
2613 4636 2690 4700 V.
2740 4633 2952 4713 Quoad
3007 4638 3069 4700 1.
3120 4655 3158 4696 ‹
3190 4633 3499 4719 Negative
3530 4656 3593 4699 ».

2412 4755 2417 4778 ι
2467 4721 2681 4798 Quoad
2732 4727 2800 4788 2.
2852 4744 2889 4786 (t
2920 4722 3161 4788 Pariter
3206 4721 3497 4807 negative
3531 4744 3598 4788 a».
3671 4721 3681 4731 ’

2468 4810 2683 4887 Quoad
2730 4815 2800 4878 3.
2848 4833 2887 4876 ι
2918 4812 3271 4876 Serventur
3310 4807 3647 4896 Rubricae,
3673 4819 3740 4877 et
3765 4817 3887 4871 usus

2343 4895 2631 4966 omnium
2677 4898 3145 4979 Ecclesiarum;
3194 4918 3361 4985 quae
3399 4897 3762 4966 huiusmodi
3800 4894 3883 4958 ca·

2341 4985 2511 5053 sulas
2556 5005 2684 5055 non
2729 4988 3171 5056 admittunt».

2471 5075 2567 5141 Ad
2614 5079 2716 5142 Vl.
2766 5076 2980 5155 Quoad
3034 5080 3095 5142 1.
3145 5097 3184 5143 a
3217 5076 3525 5164 Negative
3561 5099 3625 5142 ιν.

2471 5165 2689 5244 Quoad
2737 5169 2801 5231 2.
2852 5187 2891 5230 ι
2924 5165 3273 5253 Negative3
3330 5165 3501 5232 circe,
3547 5164 3755 5232 Stolae
3796 5158 3882 5226 de-

2345 5251 2681 5334 lationem;
2732 5252 2894 5320 circa
2926 5253 3149 5338 pileoli
3175 5273 3362 5322 usum
3399 5255 3600 5341 (iuxta
3630 5252 3773 5344 alias
3795 5248 3881 5344 ‹lo-

2343 5342 2539 5426 creta)
2590 5340 2921 5424 Negative,
2970 5342 3035 5408 iu
3081 5341 3593 5408 processionibus
3657 5345 3879 5408 Sancus-
