4042 5950
2017 301 2434 380 ...58-

721 459 809 542 R).
844 478 883 522 ι
911 460 1215 526 Servetur
1237 456 1506 524 Rubrica
1536 457 1837 526 Breviarii
1868 458 2156 541 Romani,

593 554 661 609 et
690 553 866 612 extra
896 543 1447 628 Quadragesimam
1492 545 1785 612 dicantur
1830 545 2160 612 Lectiones

594 631 676 697 (16
722 631 1042 718 Scriptura
1087 641 1500 710 occurrente;
1551 633 1710 700 intra
1755 631 2162 720 Quadragesi-

555 725 763 784 ‘mam
822 737 974 786 vero
1039 720 1388 786 recitentur
1443 719 1773 788 Lectiones
1834 721 1916 787 de
1976 726 2160 790 Com-

595 803 768 873 muni
817 809 1156 874 Doctorum
1188 827 1252 870 ».

722 892 880 970 Quid
930 893 1118 960 etiam
1165 911 1281 981 pro
1328 895 1394 958 S.
1429 899 1658 963 Ioanne
1703 896 1785 962 de
1831 892 2074 964 Matha‘?

721 983 807 1065 R).
859 1001 896 1043 (ι
929 985 1046 1047 Pro
1094 983 1162 1048 S.
1195 985 1421 1048 Ioanne
1467 983 1550 1050 de
1598 984 1800 1049 lllatha
1823 982 1997 1050 idem
2027 1002 2159 1048 ser-

594 1067 872 1136 vandum
917 1077 1052 1146 est;
1101 1080 1166 1136 et
1211 1068 1275 1138 in
1331 1070 1813 1155 Quadragesima
1871 1069 2162 1136 dicantur

593 1155 926 1224 Lectiones
1000 1153 1084 1221 de
1155 1157 1536 1239 Communi,
1613 1157 1856 1226 scilicet
1927 1160 2161 1224 Beatus

595 1245 701 1308 vir
746 1254 865 1309 etc.
903 1263 964 1307 ».

722 1330 882 1409 Quid
930 1329 1011 1396 de
1058 1333 1127 1397 S.
1176 1328 1523 1400 Anselmo‘?

723 1421 812 1502 R).
836 1439 874 1482 α(
892 1419 1300 1504 Quocumque
1330 1429 1618 1503 tempore
1638 1419 1703 1489 in
1719 1420 1933 1489 Officio
1949 1424 2015 1492 S.
2039 1429 2158 1490 An·

593 1505 776 1572 selmi
846 1504 1177 1571 Lectiones
1254 1505 1443 1591 primi
1502 1507 1804 1578 Nocturni
1864 1509 2160 1579 dicantur

591 1593 675 1659 de
722 1592 1054 1660 Communi
1110 1598 1453 1660 Doctorum
1497 1593 1841 1664 videlicet:
1893 1598 2156 1681 Sapien-

598 1683 760 1747 tiam
804 1690 923 1746 etc.
964 1700 1025 1744 ».

723 1765 881 1844 Quid
927 1775 1164 1851 autem,
1191 1768 1440 1852 quando
1486 1767 1551 1835 in
1596 1773 1782 1835 Festo
1827 1771 2037 1857 aliquo
2067 1792 2162 1837 as·

593 1853 921 1940 signantur
985 1855 1357 1921 Lectiones:
1429 1858 1856 1940 Sapientiam,
1908 1859 1993 1926 de
2040 1864 2160 1927 Do·

594 1940 901 2026 ctoribus;
950 1942 1054 2008 vel
1103 1945 1339 2012 Beatus
1369 1955 1478 2010 aut
1507 1947 1728 2010 Iustus
1760 1947 1862 2011 vel
1895 1945 2053 2014 aliae
2073 1947 2156 2014 de

593 2028 970 2098 Communi?
1013 2032 1109 2096 An
1151 2028 1396 2097 scilicet
1443 2032 1524 2097 ita
1570 2031 1842 2100 firmiter
1885 2034 2012 2099 sint
2064 2033 2158 2102 di-

595 2117 880 2202 cendae,
949 2127 1019 2184 ut
1079 2125 1228 2183 tunc
1299 2137 1425 2186 non
1486 2119 1681 2204 possit
1731 2140 1806 2187 eo
1853 2120 1959 2187 die
2028 2122 2157 2207 legi

489 2211 492 2220 “
594 2203 914 2290 Scriptura
960 2223 1336 2292 occurrens;
1405 2208 1596 2273 etiam
1654 2207 1705 2272 si
1763 2209 1843 2273 sit
1906 2209 2159 2276 Initium

595 2289 824 2362 cadens
867 2293 969 2361 vel
1016 2292 1162 2358 alias
1194 2290 1317 2362 iam
1348 2292 1758 2381 impeditum,
1791 2296 1893 2362 vel
1925 2294 1976 2361 si
2008 2295 2160 2361 alio·

594 2378 748 2463 quin
806 2378 871 2446 in
938 2400 1010 2446 ea
1077 2378 1478 2450 Hebdomada
1542 2381 1721 2450 Initio
1793 2383 2157 2470 Scripturas

592 2466 808 2533 nullus
876 2477 1040 2536 esset
1108 2467 1320 2548 locus,
1392 2468 1507 2533 nisi
1573 2469 1945 2538 omittantur
2012 2471 2158 2536 illae

592 2554 921 2620 Lectiones
967 2554 1048 2620 de
1092 2554 1425 2621 Communi
1470 2554 1868 2643 assignatae?

719 2644 804 2726 R).
855 2663 892 2705 (ι
924 2640 1178 2718 Quando
1228 2642 1557 2708 Lectiones
1601 2641 1996 2729 assignantur
2025 2645 2159 2712 sive

594 2728 883 2826 propriae
926 2729 1061 2793 sive
1106 2725 1188 2793 de
1228 2729 1582 2813 Communi,
1610 2731 1937 2796 omittatur
1967 2730 2161 2800 etiam

594 2815 842 2881 Initium
893 2815 1283 2901 scripturae,
1330 2816 1504 2900 quod
1573 2818 2016 2904 reponendum
2065 2829 2162 2884 est

594 2901 755 2969 infra
797 2901 1266 2970 Hebdomadam
1307 2902 1375 2970 in
1418 2903 1633 2970 Officio
1697 2905 1853 2970 ritus
1902 2905 2159 2973 inferio·

594 2990 719 3068 ris,
766 2989 1025 3057 minoris
1053 2990 1401 3077 ,dignitatis
1446 3010 1513 3056 ac
1561 2992 2013 3073 solemnitatis;
2066 3005 2161 3060 et-

593 3078 767 3146 iamsi
815 3080 934 3146 tale
969 3083 1225 3145 Festum
1257 3077 1475 3147 habeat
1506 3078 1836 3149 Lectiones
1875 3081 2162 3169 proprias

592 3176 697 3234 aut
741 3166 864 3234 sint
907 3168 994 3234 (16
1039 3166 1360 3253 Scriptura
1392 3188 1455 3231 ».

722 3255 992 3321 Dubium
1067 3259 1133 3321 3.
1210 3256 1304 3318 An
1365 3253 1427 3318 in
1489 3264 1703 3322 octava
1764 3254 2161 3322 Ascensionis

591 3340 834 3410 Domini
907 3342 1201 3427 ponenda
1235 3340 1336 3407 ‘sit
1379 3341 1656 3428 Epistola
1727 3346 1790 3410 S.
1850 3342 2020 3413 Pauli
2085 3344 2161 3410 ad

591 3427 938 3514 Ephesios;
998 3426 1250 3495 Obsecro
1310 3432 1532 3510 itaque
1598 3450 1703 3495 vos
1766 3440 1886 3495 etc.
1904 3454 1931 3511 ‚0
1987 3430 2164 3497 Feria

592 3524 803 3581 autem
849 3515 1144 3602 sequenti
1193 3514 1307 3579 tria
1351 3513 1571 3581 Initia:
1621 3516 1863 3583 scilicet
1909 3519 2163 3586 Initium

594 3602 914 3689 Epistolae
958 3602 1278 3668 secundae
1325 3612 1390 3666 et
1435 3602 1604 3670 aliud
1663 3598 1988 3690 Epistolae
2045 3617 2165 3673 ter·

595 3690 716 3755 tiae
762 3691 830 3756 S.
884 3689 1126 3756 Ioannis
1170 3688 1480 3773 Apostoli,
1515 3701 1580 3755 et
1621 3692 1877 3758 tandem
1908 3694 2163 3760 Initium

595 3777 914 3863 Epistolae
963 3779 1029 3843 S.
1073 3772 1317 3843 Iudae?

724 3867 808 3947 Ρᾲ.
860 3885 898 3928 (ι
931 3868 1237 3930 Servetur
1301 3867 1558 3933 omnino
1620 3867 1946 3953 dispositio
2013 3873 2162 3934 Bre-

594 3952 770 4018 viarii
820 3951 1138 4021 monastici
1185 3956 1469 4039 Romani,
1496 3964 1558 4019 et
1590 3956 1942 4021 recitentur
1968 3974 2167 4023 enun-

595 4039 788 4105 ciatae
867 4038 1234 4125 Epistolae,
1283 4060 1515 4133 nempe
1592 4044 1660 4109 S.
1707 4041 1876 4107 Pauli
1936 4043 1998 4107 in
2061 4042 2165 4108 die

595 4137 833 4210 octava,
898 4138 961 4192 et
1018 4128 1393 4195 Sanctorum
1455 4130 1696 4196 Ioannis
1745 4138 1807 4195 et
1866 4129 2057 4196 Iudae
2106 4131 2167 4193 in

596 4213 771 4281 Feria
817 4216 896 4281 VI
923 4238 984 4281 ν.

722 4305 803 4369 Et
845 4301 897 4366 si
945 4303 1128 4369 citata
1173 4302 1350 4371 Initia
1395 4323 1514 4371 nec
1553 4304 1730 4371 Feria
1763 4307 1840 4373 vt
1886 4322 2004 4369 nec
2052 4304 2167 4369 alia

594 4391 700 4458 die
745 4390 1149 4457 antecedenti
1197 4390 1323 4457 dici
1371 4391 1633 4479 possint,
1670 4390 2028 4477 quaeritur:
2078 4395 2173 4458 An

597 4480 658 4547 in
702 4477 1020 4545 Dominica
1047 4479 1486 4564 praecedenti,
1522 4481 1660 4546 loco
1692 4477 2065 4548 Lectionum
2099 4484 2172 4545 Ill

597 4578 663 4632 et
709 4568 813 4649 tv,
868 4565 1147 4633 debeant
1199 4565 1375 4652 poni,
1434 4577 1501 4632 ut
1553 4576 1727 4633 notat
1780 4565 2171 4634 Breviarium

599 4655 841 4740 Styriae
888 4654 1133 4722 editum
1186 4652 1407 4720 ¹731?

725 4744 811 4825 Ia.
863 4763 901 4806 α(
933 4742 1345 4826 Omittantur,
1392 4761 1509 4810 nec
1559 4741 1914 4809 recitentur
1961 4742 2026 4809 in
2058 4745 2173 4807 Do-

595 4827 819 4892 minica
870 4831 1317 4915 praecedenti;
1373 4839 1438 4895 et
1482 4830 1689 4914 quoad
1739 4830 1992 4897 Initium
2031 4829 2174 4915 Epi-

596 4913 792 5011 stolae
840 4916 903 4980 S.
955 4916 1176 5012 Iudae,
1211 4917 1261 4982 si
1307 4936 1520 5001 neque
1567 4918 1685 4985 alia
1731 4918 1837 4985 die
1885 4918 2014 5003 legi
2062 4934 2176 5002 po-

603 5009 819 5080 tuerit,
870 5012 1198 5069 omittatur
1231 5026 1294 5070 ν.

730 5086 1004 5155 Dubium
1052 5092 1116 5155 4.
1167 5091 1286 5173 An,
1350 5093 1607 5175 quando
1655 5094 1935 5161 October
1987 5093 2182 5164 habet

600 5186 842 5243 tantum
889 5185 1166 5259 quatuor
1224 5178 1619 5262 Dominicae,
1669 5180 2005 5246 Lectiones
2063 5186 2180 5248 Do-

727 5372 804 5445 (ι)
836 5373 899 5431 Ε.
935 5370 1075 5430 nuh.
1112 5370 1147 5428 e
1181 5378 1237 5428 et
1269 5329 1319 5427 a.
1360 5398 1425 5421 -ψ
1464 5370 1544 5442 (a)
1577 5372 1654 5430 E.
1687 5373 1832 5429 nub.
1869 5375 1921 5440 s,
1955 5374 2010 5444 4,
2044 5374 2080 5430 5
2115 5382 2170 5432 ot
2200 5376 2256 5434 a.

2262 456 2531 524 minicae
2563 460 2616 524 V
2644 456 2932 524 Octobris
2974 456 3039 526 in
3078 456 3289 543 aliqua
3334 456 3442 524 die
3478 454 3848 524 Hebdoma-

2258 544 2377 611 dae
2435 545 2883 631 praecedentis
2938 545 3301 613 Dominicae
3361 541 3649 610 viciniori
3714 542 3851 606 sint

2264 631 2601 718 ponendae
2631 631 2664 696 ¹?

2390 722 2476 804 R).
2527 741 2566 785 ι
2594 722 2900 787 Servetur
2931 718 3191 786 omnino
3223 716 3559 806 dispositio
3587 713 3849 782 Brevia·

2259 807 2335 872 rii
2382 808 2671 890 Romani,
2722 819 2787 874 et
2847 809 2911 874 in
2956 806 3139 873 Fecia
3199 808 3279 889 V,
3329 810 3404 874 VI
3454 815 3520 871 et
3565 802 3843 872 Sabbato

2263 893 2710 960 Hebdomadae
2758 898 2838 964 IV
2865 893 3153 962 Octobris
3185 895 3483 979 legantur
3502 890 3846 958 Lectiones

2261 981 2346 1047 de
2392 981 2712 1048 Dominica
2759 986 2835 1066 V,
2873 982 3274 1066 continentes
3307 979 3636 1046 historiam
3684 980 3846 1043 Mar·
3924 982 3931 988 ’

2266 1069 2409 1156 tyrii
2458 1072 2835 1136 Sanctorum
2882 1069 3399 1150 machabaeorum
3425 1089 3489 1132 ν.

2392 1154 2664 1222 Dubium
2712 1161 2777 1223 ὅ.
2830 1161 2972 1239 An,
3040 1164 3375 1243 postquam
3440 1173 3558 1240 pro
3627 1160 3855 1218 octava

2260 1244 2323 1308 S.
2376 1245 2585 1308 Matris
2631 1253 2886 1312 nostrae
2932 1244 3357 1313 scholasticae
3421 1251 3568 1308 sunt
3615 1258 3854 1325 appro-

2258 1331 2441 1398 batae
2500 1330 2847 1398 Lectiones—
2889 1351 2972 1398 ex
3042 1334 3201 1400 Ven.
3251 1329 3458 1411 Beda,
3506 1328 3854 1395 Lectiones

2260 1418 2387 1485 diei
2437 1417 2596 1484 intra
2643 1428 2928 1488 octavam
2977 1418 3322 1504 impeditae
3368 1417 3676 1484 dicendae
3715 1414 3853 1478 sint

2260 1505 2369 1571 die
2412 1505 2734 1589 sequenti,
2763 1525 2886 1590 qua
2934 1506 3007 1574 fit
3052 1503 3260 1592 primo
3307 1505 3393 1572 de
3441 1514 3682 1585 octava,
3742 1500 3851 1565 vel

2263 1593 2327 1658 in
2377 1593 2507 1681 ipsa
2555 1592 2662 1659 die
2709 1592 2973 1660 octava?

2394 1683 2483 1766 R).
2533 1701 2570 1743 (ι
2603 1681 2915 1767 Negative
2947 1704 3012 1746 ι».

2392 1766 2666 1834 Dubium
2713 1771 2778 1834 6.
2831 1772 2897 1834 In
2948 1773 3130 1834 Festo
3160 1772 3229 1837 S.
3259 1765 3552 1851 Gregorii
3570 1769 3620 1832 11
3646 1763 3857 1852 Papae

2259 1854 2363 1924 die
2414 1859 2494 1922 13
2542 1854 2867 1921 Februarii
2913 1858 2977 1923 in
3024 1856 3329 1922 Lectione
3377 1866 3593 1920 octava
3648 1853 3726 1919 ad
3784 1853 3857 1918 fi-

2258 1960 2407 2008 nem
2454 1942 2716 2028 ponitur
2747 1942 2980 2010 obiisse
3010 1944 3121 2010 die
3171 1947 3246 2009 ss
3298 1941 3650 2024 Februarii,
3700 1958 3859 2006 cum

2257 2038 2473 2096 tamen
2517 2028 2583 2095 in
2629 2030 3081 2117 Martyrologio
3130 2031 3385 2116 legatur
3434 2034 3511 2096 13
3572 2027 3859 2094 Februa·

2261 2117 2362 2201 rii,
2391 2136 2552 2204 quae
2586 2127 2682 2181 est
2714 2116 2853 2183 dies
2887 2117 3132 2195 obitus;
3166 2117 3312 2185 ideo
3345 2116 3715 2201 quaeritur:
3756 2115 3857 2180 An

2257 2204 2366 2270 illa
2414 2203 2607 2270 lectio
2654 2203 2736 2268 sit
2782 2224 2900 2292 per
2946 2223 3232 2271 errorem
3281 2213 3345 2271 et
3392 2203 3703 2269 mendose
3764 2201 3858 2266 sic

2261 2293 2489 2380 posita,
2542 2304 2606 2357 et
2652 2310 2730 2355 an
2776 2292 2858 2356 sit
2903 2287 3333 2377 corrigenda?

2347 2384 2431 2467 R).
2483 2399 2520 2441 (ι
2556 2381 2978 2468 Expungatur
3024 2380 3162 2446 dies
3207 2378 3419 2445 obitus
3452 2380 3519 2445 S.
3557 2374 3858 2463 Gregorii

2260 2466 2336 2533 ab
2382 2476 2602 2533 octava
2662 2469 2963 2533 Lectione
3020 2467 3081 2532 in
3134 2465 3351 2535 Officio
3416 2465 3734 2548 eiusdem,
3789 2473 3859 2528 et

2262 2565 2507 2621 tantum
2554 2554 2835 2622 dicatur:
2889 2556 3144 2624 Caelum
3176 2555 3612 2622 conscendisse
3641 2572 3859 2620 mense

2266 2643 2621 2709 Februario
2655 2663 2718 2708 ιι.

2395 2729 2669 2796 Dubium
2720 2734 2782 2798 7.
2849 2735 2916 2797 ln
2974 2734 3158 2796 Festo
3221 2734 3286 2797 S.
3340 2728 3622 2815 Georgii,
3672 2726 3863 2794 cuius

2261 2817 2327 2884 in
2374 2816 2711 2884 Germania
2756 2818 3049 2905 specialis
3095 2828 3194 2882 est
3242 2817 3500 2898 cultus,
3569 2832 3713 2882 cum
3766 2816 3861 2881 le-

2259 2915 2490 2991 gantur
2539 2915 2669 2971 tres
2716 2906 3052 2975 Lectiones
3081 2905 3168 2973 de
3198 2902 3571 2986 Communi,
3606 2902 3863 2988 petitur

2257 2993 2585 3060 concessio
2630 2994 3007 3061 Lectionum
3054 2995 3500 3080 propriarum:
3567 2990 3862 3057 celebra-

2260 3091 2365 3148 tur
2412 3080 2583 3147 enim
2629 3081 2918 3148 Officium
2965 3081 3085 3149 sub
3131 3082 3260 3148 ritu
3290 3078 3565 3166 duplici.

2389 3173 2474 3256 R).
2527 3188 2565 3230 ι
2601 3173 2719 3234 Pro
2765 3169 2999 3253 gratia3
3036 3179 3102 3233 et
3132 3167 3435 3256 legantur
3470 3167 3532 3231 in
3563 3166 3859 3231 secundo

2261 3259 2585 3323 Nocturno
2631 3256 2966 3323 Lectiones
2991 3256 3074 3322 de
3098 3259 3406 3335 Sermone
3440 3257 3503 3320 S.
3530 3251 3860 3319 Laurentii

2265 3344 2613 3426 Iustiniani,
2663 3363 2830 3430 quae
2878 3343 3175 3431 propriae
3220 3352 3369 3411 sunt
3416 3342 3499 3411 (16
3545 3343 3612 3409 S.
3659 3343 3865 3406 Geor-v

2270 3433 2375 3519 gio
2411 3454 2471 3497 ».
2533 3434 2627 3517 (ι)

2574 3573 2805 3637 DUBIA
2852 3571 3081 3637 (2ch
3126 3570 3553 3636 LECTIONES

2702 3661 2955 3725 TERTII
3002 3657 3415 3725 NOCTURNI.

2397 3780 2669 3849 Dubium
2708 3784 2770 3846 1.
2820 3783 2979 3845 Cum
3019 3777 3084 3844 in
3114 3781 3189 3844 Ill
3224 3779 3544 3844 Nocturno
3577 3796 3693 3864 pro
3730 3780 3857 3841 Fe-

2264 3882 2361 3935 sto
2409 3872 2475 3935 S.
2512 3867 2756 3937 Ioannis
2801 3864 3240 3953 Nepomuceni
3272 3875 3546 3951 ponatur
3579 3863 3855 3931 Homilia

2272 3958 2333 4025 in
2363 3956 2787 4041 Evangelium
2819 3954 2999 4023 Nihil
3031 3963 3122 4019 est
3155 3963 3443 4037 opertum
3473 3961 3621 4033 etc„
3659 3969 3858 4051 quae-

2270 4045 2469 4111 ritur:
2522 4045 2742 4109 Nonne
2791 4042 3019 4107 melius
3068 4051 3464 4126 ponerentur
3518 4042 3860 4106 Lectiones

2269 4132 2353 4197 ‹le
2399 4130 2732 4198 Communi
2779 4142 2906 4197 tam
2954 4129 3115 4193 intra
3162 4145 3353 4213 quam
3385 4137 3561 4191 extra
3596 4138 3856 4213 tempus

2270 4214 2618 4286 Paschale‘?

2398 4310 2486 4393 R).
2535 4326 2573 4369 ‹
2606 4306 2877 4391 Semper
2909 4303 3155 4370 dicatur
3176 4301 3622 4387 Evangelium:
3657 4301 3853 4369 Nihil

2269 4405 2360 4460 est
2408 4402 2697 4478 opertum
2743 4409 2892 4460 cum
2939 4411 3048 4457 sua
3095 4389 3368 4459 Homilia
3401 4412 3465 4454 »-

2407 4481 2683 4553 Dubium
2727 4485 2792 4546 2.
2857 4483 3016 4547 Cum
3060 4496 3252 4564 saepe
3304 4476 3626 4563 contingat
3673 4486 3743 4543 ut
3794 4478 3859 4544 in

2278 4566 2564 4637 Dioecesi
2611 4567 2980 4638 celebretur
3028 4585 3226 4633 unum
3258 4576 3323 4632 et
3361 4564 3537 4631 idem
3569 4568 3857 4646 Festum,

2278 4656 2448 4741 quod
2498 4654 2689 4721 etiam
2736 4654 2805 4719 fit
2843 4675 2876 4719 a
2906 4653 3238 4738 Religione
3271 4652 3706 4737 Benedictina,
3741 4654 3857 4721 sed

2276 4743 2379 4815 alii
2428 4743 2492 4809 in
2539 4745 2610 4806 Ill
2658 4744 2980 4808 Nocturno
3040 4760 3241 4809 unum
3288 4739 3604 4826 assignant
3648 4745 3859 4807 Evan-

2276 4832 2545 4919 gelium,
2585 4828 2687 4894 alii
2752 4848 2903 4896 vero
2950 4828 3161 4907 aliud;
3196 4828 3563 4917 quaeritur:
3602 4830 3697 4893 An
3732 4831 3856 4893 Re·

2275 4918 2480 5005 ligiosi
2526 4915 2704 5002 sequi
2750 4916 3027 4983 debeant
3074 4916 3365 4984 ordinem
3415 4915 3654 5001 proprii
3703 4920 3854 4982 Bre-

2280 5006 2456 5071 viarii
2504 5024 2580 5070 an
2626 5002 3043 5071 Dioecesani‘?

2412 5097 2498 5180 Β).
2551 5112 2589 5154 ‹
2631 5095 2938 5159 Servetur
3005 5093 3163 5159 ordo
3238 5089 3540 5157 Breviarii
3612 5089 3855 5178 proprii

2282 5178 2599 5248 monastici
2648 5179 2981 5247 nationalis
3005 5201 3072 5247 ι.
3109 5181 3205 5269 (2)
