4042 5950
2189 308 2659 387 —434—

771 468 949 537 cibus
993 470 1069 537 ad
1115 470 1272 536 hanc
1320 471 1566 537 Sacram
1603 470 1864 537 Bituum
1895 468 2352 555 congregatio·

770 575 920 657 nem
965 557 1310 643 sequentia.
1352 556 1542 625 dubia
1603 557 1912 625 declarari
1977 555 2198 645 petiit;
2257 555 2355 623 ni-

770 662 1004 712 mirum
1038 667 1054 710 ε

900 737 949 799 1.
999 737 1094 800 An
1119 746 1267 833 post
1299 733 1759 801 institutionem
1790 733 1957 801 cleri
1998 730 2347 820 receptitii,

770 821 958 888 liceat
988 821 1278 909 capltulo
1309 821 1721 909 collegiatae,
1755 820 2043 907 quamvis
2082 839 2210 886 uon
2240 837 2351 886 vo-

768 920 931 992 cato,
983 908 1339 976 functiones
1382 929 1585 976 sacras
1629 927 1939 996 peragere
1975 909 2040 974 in
2070 907 2349 974 Ecclesia

770 999 833 1064 S.
887 996 1112 1064 Mariae
1172 997 1256 1063 de
1315 1000 1526 1064 Monte
1580 997 1908 1080 carmelo,
1958 1006 2153 1082 prout
2206 1006 2352 1062 ante

769 1084 1000 1152 dictam
1062 1084 1526 1151 institutionem
1585 1084 1989 1160 servabatur3
2041 1094 2105 1148 et
2163 1102 2242 1150 an
2288 1082 2365 1148 in·

768 1174 1178 1240 associatione
1236 1173 1649 1256 cadaverum,
1698 1191 1860 1258 quae
1918 1172 1996 1239 ad
2058 1170 2348 1237 eamdem

769 1261 1118 1328 Ecclesiam
1163 1259 1571 1345 deferuntur,
1605 1260 1805 1347 possit
1833 1258 2197 1346 capitulum
2230 1259 2353 1323 eri·

769 1364 925 1434 gere
956 1367 1075 1436 pro
1125 1348 1279 1413 riam
1312 1351 1580 1415 Crucem
1614 1359 1678 1414 et
1710 1347 2007 1437 prosequi
2049 1345 2350 1432 exequias

766 1455 956 1524 supra
1001 1369 1229 1503 eagem
1274 1434 1629 1503 cadavera?

898 1528 971 1591 Il.
1024 1528 1118 1590 An
1167 1526 1387 1591 Clerus
1434 1523 1834 1610 receptitius‚
1869 1542 1997 1589 non
2045 1521 2348 1610 requisito

766 1612 1038 1696 Capituli
1103 1611 1491 1697 Collegiatae
1555 1622 1664 1677 aut
1719 1610 2143 1678 parochorum
2200 1628 2347 1676 con-

765 1717 958 1766 sensu
985 1748 1003 1784 ,
1068 1699 1262 1788 possit
1325 1717 1526 1765 sacras
1598 1699 2038 1765 Processiones
2108 1700 2347 1765 ducere

767 1798 946 1852 extra
991 1786 1317 1875 propriam
1365 1786 1754 1863 Ecclesiam;
1805 1796 1870 1851 et
1916 1804 1994 1851 an
2038 1786 2235 1873 possit
2283 1786 2346 1851 in

768 1874 917 1961 ipsis
984 1874 1489 1942 Processionibus
1557 1875 1812 1940 elevare
1871 1876 2142 1941 crucem
2198 1892 2348 1961 pro-

714 2039 717 2043 ,
766 1960 967 2048 priam
1000 1962 1234 2048 absque
1267 1962 1411 2028 velo
1445 1976 1763 2051 appenso;
1812 1962 1917 2028 vel
1950 1965 2174 2030 saltem
2207 1962 2344 2027 sine

765 2049 984 2117 lacinia
1029 2051 1232 2118 serica
1277 2048 1438 2136 alba,
1486 2070 1650 2137 quae
1695 2069 1900 2135 usque
1945 2069 2113 2116 nunc
2160 2050 2222 2117 in
2267 2048 2345 2115 si·

764 2156 962 2223 gnum
1007 2137 1414 2224 subiectionis
1458 2138 1801 2227 apparuit?

894 2229 993 2293 111.
1043 2227 1250 2304 Quum
1296 2225 1656 2313 capitulum
1689 2226 2077 2313 collegiatae
2105 2225 2348 2293 accedit

763 2315 840 2382 ad
890 2314 1233 2382 Ecclesiam
1281 2319 1346 2384 S.
1397 2316 1619 2380 Mariae
1654 2317 1737 2383 de
1768 2319 1978 2382 Monte
2026 2314 2341 2396 carmelo,

743 2399 957 2469 ‘debet
989 2420 1074 2468 ne
1104 2402 1329 2468 clerus
1370 2402 1744 2489 receptitius
1790 2401 1976 2471 huius
2021 2400 2345 2468 Ecclesiae

763 2489 998 2556 cedere
1046 2490 1257 2557 locum
1306 2489 1666 2575 digniorem
1715 2502 1781 2557 et
1825 2490 2157 2589 proprium
2199 2488 2344 2554 stal-

763 2576 898 2642 lum
960 2575 1247 2662 Capitulo
1306 2576 1751 2665 collegiatae?
1792 2583 1860 2645 ln
1904 2579 2082 2643 Missa
2128 2586 2342 2644 autem

759 2663 1056 2748 solemni,
1092 2676 1428 2752 praesente
1460 2665 1767 2731 cadavere
1800 2686 1832 2731 a
1865 2666 2128 2752 proprio
2161 2668 2340 2731 Paro-

762 2749 883 2816 cho
944 2751 1009 2817 in
1069 2752 1292 2818 eadem
1352 2751 1640 2819 Ecclesia
1703 2752 2126 2838 celebranda,
2193 2771 2338 2820 cum

757 2838 1107 2905 assistentia
1151 2839 1426 2928 Capituli
1474 2840 1890 2926 collegiatae,
1938 2841 2196 2927 quinam
2230 2842 2340 2908 de·

760 2925 949 2993 beant
1004 2926 1361 2995 ministrare
1408 2927 1472 2996 in
1520 2926 1726 2995 officio
1774 2930 2025 2997 Diaconi
2076 2939 2138 2997 et
2180 2929 2341 2997 Sub·

759 3014 1054 3082 diaconi?
1081 3018 1306 3083 clerus
1350 3036 1584 3106 nempe
1647 3016 2023 3104 receptitius
2070 3020 2176 3085 vel
2222 3021 2340 3085 Be·

759 3101 1031 3170 neficiati
1078 3124 1191 3171 seu
1254 3114 1322 3171 ut
1381 3105 1558 3171 aiunt
1607 3109 2072 3173 semicanonici
2128 3105 2338 3172 Colle-

758 3190 985 3279 giatae,
1012 3190 1176 3260 sicut
1210 3191 1274 3258 in
1306 3212 1484 3259 more
1517 3193 1793 3279 positum
1829 3202 1961 3260 erat
1992 3203 2137 3260 ante
2168 3193 2337 3261 Cleri

757 3279 1077 3368 receptitii
1124 3279 1641 3348 institutionem?

889 3370 992 3434 tv.
1040 3369 1298 3448 Quando
1345 3372 1537 3436 Rmus
1568 3367 1770 3435 Abbas
1800 3369 2165 3438 ordinarius
2194 3370 2334 3437 fun·

757 3454 996 3521 ctiones
1040 3455 1433 3523 Pontificales
1479 3466 1740 3523 exercet
1782 3456 1847 3523 in
1896 3458 2062 3525 dicta
2117 3459 2336 3525 Eccle-

756 3542 870 3625 sia,
921 3542 1061 3609 erit·
1086 3563 1167 3609 ne
1215 3544 1581 3631 praestanda
1629 3544 1970 3612 assistentia
2017 3549 2173 3612 Rmo
2224 3549 2337 3613 Or-

755 3627 1000 3696 dinario
1045 3650 1079 3694 a
1125 3630 1312 3698 Clero
1358 3629 1753 3720 receptitio?

884 3717 964 3782 V.
997 3721 1067 3784 ln
1099 3717 1486 3786 cadaverum
1529 3720 1962 3807 associatione,
1996 3722 2047 3788 si
2078 3731 2333 3789 vocatus

752 3803 832 3871 sit
854 3803 931 3870 ab
960 3804 1341 3872 haeredibus
1372 3807 1596 3873 Clerus
1630 3810 1997 3897 receptitius
2030 3830 2151 3876 una
2185 3828 2331 3877 cum

754 3893 1026 3961 Parocho
1086 3892 1404 3975 defuncti,
1455 3894 1652 3962 debet
1710 3916 1791 3963 ne
1850 3898 2161 3967 Parocbus
2220 3900 2332 3965 de-

754 3981 955 4047 functi
1001 3982 1325 4049 celebrare
1372 3981 1615 4049 Missam
1651 3994 1718 4049 et
1746 3986 2021 4070 reliquas
2062 3985 2330 4053 functio-

751 4087 866 4135 nes
912 4087 1224 4158 peragere
1259 4088 1448 4156 supra
1494 4072 1789 4155 cadaver,
1839 4072 2031 4138 etiam
2077 4075 2331 4159 quando

751 4154 1091 4223 defunctus
1150 4156 1380 4224 obierit
1441 4169 1615 4225 extra
1674 4159 1908 4226 limites
1970 4162 2324 4246 Paroeciae,

750 4243 818 4311 in
860 4263 985 4330 qua
1029 4244 1145 4310 sita
1190 4257 1286 4312 est
1331 4245 1497 4314 dicta
1550 4239 1848 4332 Ecclesia,
1899 4260 1963 4315 et
2010 4249 2186 4315 locus
2230 4269 2327 4314 se·

748 4331 1065 4418 pulturae·
1094 4331 1173 4398 sit
1221 4343 1398 4400 extra
1447 4333 1681 4402 limites
1732 4355 1883 4402 suae
1941 4337 2269 4404 Paroeciae
2297 4335 2330 4403 ⁴?

880 4422 984 4486 VI.
1033 4425 1128 4486 An
1172 4422 1486 4489 Parochus
1541 4423 1865 4510 defuncti,
1914 4424 2077 4492 intra
2145 4426 2323 4492 cuius

725 4508 1077 4575 .Paroeciae
1125 4509 1359 4576 limites
1405 4509 1616 4576 existit
1659 4513 1976 4598 praedicta
2042 4513 2326 4579 Ecclesia

748 4595 833 4661 de
877 4597 1090 4662 Monte
1137 4598 1466 4681 carmelo,
1513 4601 1710 4685 possit
1756 4600 1929 4667 licite
1995 4610 2058 4667 et
2119 4601 2321 4668 libere

746 4682 1103 4750 functiones
1146 4684 1356 4752 facere
1399 4704 1589 4771 supra
1634 4687 2088 4757 defunctorum
2142 4692 2321 4757 cada·

743 4791 922 4855 vera,
970 4790 1130 4871 quae
1176 4773 1253 4840 ad
1297 4774 1454 4841 hanc
1503 4775 1846 4844 Ecclesiam
1885 4776 2322 4847 deferuntur?

746 4867 811 4925 et
856 4877 934 4925 an
979 4859 1154 4926 ldem
1203 4860 1389 4927 liceat
1434 4862 1744 4947 Parocho,
1794 4864 1973 4932 cuius
2032 4867 2320 4934 Paroecia

742 4945 856 5012 sita
902 4956 998 5013 est
1044 4958 1221 5014 extra
1267 4947 1501 5015 limites
1546 4951 1834 5019 eiusdem
1866 4954 2234 5021 Ecclesiae?

873 5036 1003 5101 VII.
1054 5037 1152 5101 An
1195 5038 1505 5104 Parochus
1551 5038 1795 5106 alienae
1842 5040 2198 5128 Ecclesiae,
2246 5062 2316 5109 ac

739 5122 1011 5207 proinde
1056 5123 1243 5190 clero
1291 5125 1624 5212 receptitio
1681 5128 1944 5195 minime
2002 5130 2314 5214 addictus,

738 5220 995 5295 praeter
1041 5213 1551 5281 emolumentum
1610 5228 1904 5283 monetae
1962 5216 2315 5304 Neapolita-

737 5314 855 5361 nae
884 5295 1111 5380 viginti
1157 5298 1399 5386 uinque
1445 5302 1781 5370 obulorum
1822 5303 2044 5391 (vulgo
2072 5305 2312 5392 qratia)

737 5382 816 5448 ab
876 5382 1133 5450 haeredi
1181 5404 1253 5450 us
1309 5387 1425 5455 sibi
1465 5388 1799 5474 debitum,
1864 5390 2063 5476 possit
2119 5389 2310 5458 etiam

2450 467 2793 553 percipere
2851 466 3359 534 emolumentum
3403 468 3649 569 duplex
3688 485 3831 554 prae
3868 468 3969 552 illo,

2451 573 2578 640 quo
2625 555 2888 623 cuilibet
2932 573 3012 620 ex
3043 554 3231 621 clero
3273 556 3614 642 receptitio
3643 557 3970 644 persolvitur

2450 640 2516 708 in
2565 642 2866 711 funerum
2911 641 3379 709 associatione?
3968 647 3969 738 i

2579 734 2735 799 vm.
2784 731 2915 798 Etsi
2963 731 3239 797 Parocho
3273 731 3547 799 debetur
3577 732 3811 817 duplex
3842 741 3969 798 emo:

2451 818 2814 886 lumentum
2850 838 2999 922 prae
3028 819 3218 886 Clero
3251 820 3610 906 receptitio,
3640 831 3709 886 ut
3738 819 3798 886 in
3825 803 3969 887 dubis*

2451 909 2903 993 praecedent1;
2953 905 3151 974 debet
3213 926 3295 973 ne
3354 910 3579 976 saltem
3635 908 3799 974 idem
3838 903 3969 982 Paros*

2454 995 2610 1061 chus
2656 996 2963 1064 dividere·
2993 1013 3139 1061 cum
3184 995 3703 1085 participantibus
3733 995 3881 1062 cleri
3906 993 3969 1060 rel

2452 1082 2695 1183 ceptitii
2762 1082 3274 1150 emolumentum
3327 1087 3412 1150 25
3472 1081 3802 1151 obulorum
3850 1085 3969 1190 quoti

2452 1168 2568 1322 {pst
2618 1181 2862 1324 taptum
2910 1170 3301 1256 persolvitur
3347 1170 3424 1236 ab
3478 1169 3847 1238 haeredibus
3897 1172 3969 1235 de*

2479 1259 2649 1324 uncti

2580 1350 2683 1414 tx.
2733 1351 2945 1414 Potest
2990 1365 3074 1413 ne
3116 1346 3430 1413 Parochus
3473 1345 3851 1414 haeredibus
3899 1346 3969 1411 de

2448 1432 2648 1501 functi
2704 1433 3046 1520 pronibere
3104 1452 3189 1500 ne
3263 1435 3620 1501 functiones
3689 1453 3866 1523 supra
3911 1455 3969 1542 cn]

2446 1520 2644 1587 daver
2689 1531 3075 1609 peragantur
3122 1523 3187 1589 in
3233 1522 3436 1589 aliena
3484 1523 3805 1605 Ecclesia,
3846 1533 3969 1588 ante

2449 1610 2954 1765 quamvcadaver
2999 1609 3075 1677 ad
3126 1610 3341 1678 locum
3386 1611 3758 1699 sepulturae
3799 1610 3969 1698 depos*

2453 1707 2624 1763 tetur

2578 1790 2657 1853 X.
2708 1785 2885 1852 Licet
2928 1805 3012 1853 ne
3058 1785 3312 1853 Rectori
3357 1786 3530 1853 Cleri
3577 1785 3879 1874 receptitii
3912 1735 3969 1851 in]

2447 1872 2650 1940 duere
2696 1876 2932 1942 Stolam
2978 1874 3046 1941 in
3089 1873 3601 1941 Processionibus
3625 1874 3660 1942 ἲ

2576 1966 2686 2030 Xl.
2735 1961 2795 2031 Si
2858 1963 3167 2029 Parocbus
3237 1962 3332 2028 ius
3397 1962 3592 2029 habet
3660 1960 3969 2029 celebrandi

2450 2049 2689 2117 Missam
2746 2052 3099 2118 solemnem
3157 2069 3346 2137 supra
3404 2050 3847 2117 defunctorum
3901 2071 3969 2116 cam

2447 2138 2679 2204 davera
2725 2138 2790 2205 in
2837 2137 3005 2207 dicta
3052 2137 3332 2204 Ecclesia
3378 2137 3463 2204 de
3494 2141 3709 2205 Monte
3736 2138 3969 2205 Carmela

2447 2225 2757 2326 deposita,
2808 2237 3018 2315 potest
3063 2244 3145 2293 ne
3193 2226 3407 2293 hocin
3438 2245 3587 2293 casu
3629 2227 3969 2294 committam

2445 2314 2632 2380 huius
2676 2314 3176 2384 celebrationem
3228 2313 3413 2380 alteri
3472 2314 3842 2402 Presbytero
3889 2313 3966 2377 sibi

2446 2401 2786 2489 beneviso;
2821 2401 2925 2470 vel
2961 2411 3218 2468 tenetur
3262 2400 3434 2467 illam
3474 2401 3864 2468 committere
3890 2403 3969 2467 00-

2444 2508 2711 2556 conomo
2757 2489 3083 2560 Paroeciae
3129 2490 3234 2555 vel
3282 2488 3811 2558 vice—Parocho‘?
3968 2569 3969 2572 Ἴ

2574 2581 2705 2646 XlI.
2759 2584 2838 2646 Et
2867 2586 3180 2664 quatenus
3209 2578 3525 2645 Parocbus
3561 2579 3683 2646 boc
3714 2579 3845 2645 iure
3872 2575 3969 2665 per*

2446 2666 2711 2750 fruatur,
2764 2667 2938 2734 idem
2985 2684 3066 2731 ne
3113 2665 3458 2732 dicendum
3511 2667 3637 2732 erit
3682 2665 3743 2732 in
3796 2666 3969 2732 funera

2443 2753 2785 2821 confratris
2831 2755 2934 2820 vel
2980 2753 3349 2821 consororis
3395 2754 3711 2840 scapulari
3764 2759 3827 2822 B.
3873 2733 3969 2819 Vir-¹

2441 2840 2604 2929 ginis
2649 2841 3023 2924 accensitae,
3059 2860 3175 2929 pro
3206 2842 3436 2927 quibus
3482 2844 3711 2909 Clerus
3751 2839 3969 2926 recepti-

2446 2931 2567 2996 tius
2614 2930 2857 2998 Missam
2916 2930 3274 2996 solemnem
3340 2929 3671 2999 celebrare
3722 2923 3970 2997 tenetur?

2573 3020 2736 3084 Haec
2799 3037 2991 3108 porro
3035 3017 3260 3101 dubia,
3318 3036 3515 3106 super
3559 3018 3789 3104 quibus
3826 3021 3969 3084 Sacra

2440 3106 2700 3174 Rituum
2745 3102 3165 3195 congregatio
3211 3107 3447 3174 iamdiu
3510 3104 3963 3175 informationem

2442 3193 2815 3280 requisierat
2860 3194 2998 3261 Rmi
3044 3192 3353 3262 ordinarii
3400 3196 3633 3261 Montis
3662 3191 3892 3275 cassini,
3916 3210 3963 3255 ac

2439 3293 2656 3371 postea
2684 3283 3065 3349 sententiam
3098 3282 3359 3349 alterius
3393 3301 3473 3349 ex
3510 3283 3969 3371 Apostolicarum,

2436 3370 2989 3438 Caeremoniarum
3039 3369 3345 3458 Magistris
3390 3369 3647 3457 scriptis
3706 3370 3963 3436 redditam

2439 3458 2732 3546 typisque
2781 3475 3019 3544 cusam,
3053 3476 3251 3544 quum
3283 3462 3476 3525 Emus
3523 3468 3591 3524 et
3623 3463 3808 3527 amus
3834 3460 3969 3523 Dfius‘

2436 3546 2622 3614 Card.
2660 3547 2883 3633 Ioseph
2913 3545 3180 3613 Boiondi
3214 3565 3434 3613 causae
3478 3547 3740 3614 Relator
3780 3561 3962 3634 propo·

2433 3635 2634 3701 suerit
2681 3635 2746 3701 in
2789 3634 3118 3701 ordinario
3179 3638 3378 3702 coetu
3438 3637 3669 3702 Sacrae
3726 3633 3969 3723 eiusdem,

2436 3722 2955 3810 Congregationis
2997 3723 3305 3790 hodierna
3352 3723 3457 3791 die
3502 3723 3581 3790 ad
3644 3723 3969 3814 Vaticanum

2433 3812 2813 3894 coadunata;
2853 3810 2989 3877 Emi
3021 3821 3087 3878 et
3118 3810 3253 3878 Rmi
3288 3813 3497 3877 Patres
3527 3812 3731 3879 Sacris
3762 3806 3969 3875 tuendis¹

2432 3897 2675 3966 Ritibus
2726 3901 3102 4000 praepositi,
3152 3896 3444 3965 omnibus
3510 3910 3801 3967 accurate
3852 3913 3956 3982 per·

2434 3986 2669 4075 pensis,
2719 3988 3073 4054 rescribere
3118 3988 3232 4054 rati
3277 3997 3469 4053 sunt:
3968 4056 3969 4085 ¹

2564 4076 2660 4143 Ad
2708 4079 2752 4141 1.
2805 4096 2842 4139 α
2874 4074 3300 4152 Affirmative;
3352 4085 3417 4140 et
3462 4075 3815 4164 Capitulum
3856 4068 3969 4155 Col-s

2430 4162 2697 4249 legiatae
2730 4163 2995 4229 Matricis
3027 4164 3570 4231 manutenendum
3602 4183 3741 4231 esse
3772 4161 3829 4229 in
3853 4177 3969 4254 pos-U

2426 4250 2704 4317 sessione
2731 4251 3079 4338 peragendi
3113 4261 3249 4318 tum
3276 4250 3636 4319 functiones
3662 4270 3853 4317 sacras
3874 4245 3956 4311 sih1

2428 4339 2778 4423 benevisas,
2812 4349 2951 4406 tum
2987 4339 3283 4425 exequias
3323 4356 3514 4425 supra
3562 4340 3851 4406 cadavera
3878 4334 3953 4399 de·

2427 4427 2793 4494 functorum
2841 4430 2905 4492 in
2952 4427 3233 4495 Ecclesia
3291 4432 3360 4494 B.
3414 4428 3492 4493 M.
3543 4430 3618 4494 V.
3672 4429 3754 4495 de
3797 4428 3952 4491 Monte

2425 4515 2760 4595 Carmelo;
2808 4516 2964 4602 quin
3009 4516 3234 4585 Clerus
3263 4515 3636 4604 receptitius
3672 4515 3851 4583 huius
3874 4514 3951 4577 Ec·

2425 4603 2650 4670 clesiae
2692 4603 2895 4669 valeat
2924 4604 3161 4689 aliquid
3199 4606 3499 4670 innovare
3530 4604 3633 4669 vel
3668 4604 3949 4670 immutare

2424 4690 2487 4757 in
2535 4690 2995 4779 praeiudicium
3039 4692 3311 4779 capituli
3346 4692 3731 4781 collegiatae
3761 4711 3820 4756 ν.

2555 4778 2649 4845 Ad
2697 4782 2768 4844 ll.
2824 4802 2861 4845 α
2894 4780 3227 4869 Negative,
3262 4780 3381 4847 nisi
3428 4781 3511 4848 de
3551 4796 3853 4846 consensu
3876 4780 3944 4841 Or·

2421 4866 2645 4935 dinarii
2675 4882 2694 4946 ;
2745 4880 2808 4934 et
2855 4870 3060 4953 quoad
3095 4868 3343 4952 velum,
3379 4868 3615 4955 dentur
3645 4872 3889 4934 Decreta
3906 4882 3943 4923 ›·

2550 4956 2645 5023 Ad
2712 4958 2812 5022 ΙΙΙ.
2875 4976 2912 5019 α
2947 4955 3374 5040 Affirmative,
3446 4958 3654 5043 quoad
3731 4954 3969 5049 primam,

2418 5054 2706 5134 partem3
2758 5054 2823 5109 et
2869 5047 3073 5131 quoad
3122 5047 3495 5129 secundam,
3531 5044 3596 5111 in
3643 5042 3969 5111 ministerio*

2415 5151 2532 5220 pro
2564 5132 2835 5199 Diacono
2868 5144 2932 5198 et
2964 5131 3363 5200 Subdiacono
3395 5133 3591 5201 iidem
3626 5129 3940 5203 inserviant,

2415 5218 2524 5306 qui
2559 5220 2622 5286 in
2653 5222 3001 5309 collegiata
3045 5221 3122 5288 ad
3173 5222 3299 5287 tale
3346 5221 3626 5288 officium
3669 5232 3969 5313 assumus]

2418 5320 2521 5375 tur
2554 5330 2618 5375 »-

2545 5396 2640 5462 Ad
2689 5400 2790 5465 IV.
2841 5418 2878 5461 α
2912 5397 3218 5485 Negative
3250 5419 3318 5465 ν.
