4042 5950
1934 226 2354 305 ..76-

503 385 803 469 debeant,
837 384 996 451 dum
1040 383 1392 484 Episcopus
1425 382 1935 451 benedictionem
1969 383 2085 450 im-

505 470 704 560 pertit
751 491 897 537 cum
943 471 1304 540 Venerabili
1351 467 1806 539 Sacramento’?

638 562 702 626 S.
738 562 810 626 R.
849 562 950 643 c.,
999 558 1214 627 audito
1261 559 1440 646 prius
1483 570 1632 625 voto
1692 559 2084 644 Apostolica·

506 665 651 713 rum
711 647 1261 714 caeremoniarum
1320 646 1633 734 Magistri,
1700 646 2083 733 respondit:

506 756 543 798 ι
571 736 965 803 servandum
1001 754 1138 801 esse
1162 734 1633 802 caeremoniale
1665 739 2018 802 Romanum
2046 757 2084 799 ι

505 839 778 910 nempe:
833 846 868 887 «ι
899 821 1244 890 Canonicos
1277 842 1391 909 pro
1422 821 1690 889 Diacono
1725 832 1790 886 et
1823 821 2083 890 Subdia-

507 929 667 976 cono
713 910 1071 978 assistentes
1118 910 1358 977 debere
1417 910 1882 994 genuflectere,
1931 910 2088 977 dum

507 997 1035 1085 Archiepiscopus
1066 1008 1208 1064 actu
1241 1002 1643 1065 Sacramento
1671 995 2080 1063 benedicit».

511 1090 586 1151 Ει
633 1086 715 1152 ita
760 1085 1130 1153 declaravit.
1180 1087 1290 1152 Die
1339 1090 1424 1153 28
1469 1082 1844 1152 Novembris
1889 1088 2082 1151 1739.

506 1225 761 1298 2353.
945 1228 1257 1294 sanem
1303 1227 1662 1292 111οΜ113
1857 1225 2081 1311 (4101)

1016 1318 1118 1380 oe
1160 1315 1566 1379 1100110011.

637 1443 734 1504 Ex
778 1449 962 1523 parte
1008 1435 1307 1523 Episcopi
1366 1439 1431 1504 S.
1481 1436 1757 1502 'rhomae
1814 1435 1898 1502 de
1960 1439 2087 1502 Me-

507 1527 743 1614 liapor,
799 1524 970 1611 apud
1017 1527 1083 1592 S.
1119 1527 1194 1589 R.
1230 1527 1303 1590 c.
1349 1543 1467 1610 pro
1515 1523 1942 1590 declaratione
1992 1523 2084 1590 in-

505 1615 984 1701 nasci-iptorum
1030 1610 1375 1679 dubiorum
1422 1611 1610 1678 enixe
1655 1612 2085 1699 supplicatum

507 1701 649 1786 l'uit,
698 1720 975 1788 nempe:

641 1793 703 1855 1.
751 1790 847 1854 An
892 1793 963 1855 Β.
998 1787 1134 1855 nita
1181 1787 1267 1854 de
1313 1787 1524 1855 cascia
1567 1788 1767 1873 possit
1813 1786 1964 1872 eligi
2015 1788 2080 1854 in

505 1877 850 1943 'titularem
925 1875 1248 1943 Ecclesiae
1323 1875 1614 1963 publicae
1693 1885 1942 1941 erectae
2017 1877 2082 1943 in

504 1963 789 2053 Hospitio
835 1964 1297 2052 Meliaporiensi
1359 1968 1610 2029 Patrum
1656 1963 2083 2030 Eremitarum

505 2057 569 2120 S.
608 2053 969 2140 Augustini,
1006 2053 1157 2120 licet
1201 2053 1285 2119 de
1333 2051 1595 2118 Titulari
1645 2051 1917 2118 cuiusvis
1962 2055 2082 2118 Ec·

505 2141 735 2207 clesiae
779 2140 1052 2208 debeant
1106 2139 1246 2207 fieri
1293 2138 1596 2224 Suffragia
1645 2141 1706 2206 in
1761 2138 2083 2209 Laudibus

504 2240 571 2295 et
626 2230 949 2315 vesperis,
1001 2240 1064 2296 et
1128 2229 1245 2295 hoc
1293 2225 1684 2316 prohibitum
1747 2227 1825 2293 sit
1873 2226 2082 2313 quoad

504 2321 726 2383 Beatos
771 2328 994 2406 utpote
1041 2317 1331 2383 nondum
1391 2317 1837 2396 Canonizatos3
1899 2335 2082 2401 prae-

505 2415 804 2490 tereaque
852 2407 934 2472 de
977 2404 1237 2472 Titulari
1284 2406 1391 2472 fiat
1421 2402 1707 2470 Officium
1739 2424 1887 2471 cum
1923 2412 2084 2470 octa-

505 2512 617 2576 va,
681 2493 763 2558 de
825 2492 1027 2560 Beatis
1084 2511 1239 2560 vero
1304 2511 1433 2559 non
1495 2492 1597 2557 fiat
1660 2511 1807 2559 cum
1866 2502 2082 2558 octava

504 2578 741 2664 absque
785 2581 1042 2667 speciali
1089 2576 1475 2668 privilegio?

639 2671 706 2734 2.
756 2672 937 2753 casu,
987 2689 1113 2755 quo
1161 2669 1327 2735 dicta
1375 2672 1560 2733 Beata
1618 2667 1700 2732 sit
1758 2667 1962 2734 electa
2019 2667 2084 2735 in

423 2837 431 2844 ,
506 2755 876 2840 Titularem,
925 2756 1398 2824 contradicente
1444 2755 1815 2842 Ordinari03
1866 2775 1942 2821 an
1976 2756 2090 2823 de-

507 2842 653 2908 beat
697 2843 1009 2931 supprimi
1055 2844 1193 2910 talis
1239 2843 1624 2927 Titulus,.et
1671 2844 1823 2931 eligi
1871 2843 1936 2910 in
1990 2844 2089 2909 Ti-

505 2930 777 2998 tularem
836 2932 993 2999 alius
1051 2936 1313 3001 Sanctus
1363 2931 1484 2998 iam
1530 2929 1997 2999 canonizatus?

480 3020 486 3025 ’
637 3024 713 3086 Et
768 3024 833 3089 S.
884 3025 958 3088 R.
1010 3025 1112 3105 c.,
1163 3019 1376 3087 audito
1439 3021 1615 3106 prius
1673 3030 1820 3086 voto
1893 3022 2081 3088 unius

505 3126 584 3172 ex
616 3109 1123 3195 Apostolicarum
1156 3109 1709 3177 caeremoniarum
1751 3108 2079 3196 Magistris,

503 3197 986 3264 rescribendum
1035 3197 1329 3264 censuit:

635 3286 733 3352 Ad
776 3290 833 3353 1.
885 3308 922 3351 ‹
950 3289 1089 3353 Non
1121 3286 1315 3351 licere
1346 3284 1630 3351 Patribus
1665 3284 2087 3352 Eremitarum

504 3376 573 3439 S.
622 3373 984 3459 Augustini,
1013 3372 1339 3440 Pontificio
1387 3373 1637 3439 indulto
1683 3391 2087 3459 nequaquam

508 3460 799 3546 munitis,
857 3478 1180 3527 assumere
1244 3462 1307 3529 in
1374 3462 1721 3527 Titularem
1789 3462 2083 3547 propriae

505 3548 826 3614 Ecclesiae
873 3553 942 3615 Β.
994 3548 1195 3614 Ritam
1243 3549 1325 3614 de
1373 3548 1581 3615 cascia
1616 3572 1679 3613 ν.

634 3636 728 3701 Ad
779 3640 842 3701 2.
895 3658 932 3699 ι
967 3634 1249 3703 Titulum
1279 3636 1368 3709 sic
1398 3648 1793 3723 assumptum
1840 3638 2082 3704 dehere

504 3723 847 3810 supprimi,
898 3734 959 3789 et
1006 3723 1199 3790 alium
1245 3724 1329 3790 de
1377 3726 1601 3790 Sancto
1651 3724 1772 3790 iam
1820 3725 2091 3791 Canoni-

507 3821 646 3876 zato
692 3811 987 3878 substitui
1022 3830 1085 3879 ι.

641 3904 717 3964 Et
765 3901 844 3963 ita
892 3898 1254 3999 declaravit.
1310 3899 1424 3965 Die
1471 3901 1848 3967 231anuarii
1889 3904 2079 3968 17110.

507 4040 765 4111 2354.
1029 4042 1583 4109 SAMSBURGEN.
1856 4045 2081 4131 (4104)

634 4169 794 4232 cum
854 4163 1101 4233 civitati
1162 4176 1226 4231 et
1293 4164 1578 4230 Dioecesi
1642 4165 2079 4254 Salisburgen.

502 4266 694 4340 atque
742 4252 1035 4320 omnibus
1081 4251 1384 4319 Dominiis
1432 4272 1500 4318 ac
1547 4252 1819 4320 Statihus
1863 4255 2086 4319 baere-

505 4341 748 4410 ditariis
806 4341 1301 4428 Angustissimae
1364 4343 1597 4407 Domus
1654 4342 1944 4407 Austriae
2007 4362 2086 4406 ex

506 4430 755 4497 indulto
779 4428 1144 4516 Apostolico
1177 4447 1548 4494 concessum
1583 4429 1773 4496 fuerit
1796 4429 2087 4496 Officium

508 4521 618 4585 SS.
669 4516 1057 4587 Sacramenti
1110 4536 1226 4602 pro
1281 4516 1565 4602 qualibet
1625 4517 1803 4585 Feria
1851 4520 1903 4584 V
1959 4537 2088 4584 non

510 4607 856 4694 impedita;
906 4606 981 4672 ad
1017 4624 1237 4671 omnes
1271 4604 1732 4693 disputationes
1773 4606 2089 4672 tollendas

507 4696 674 4782 apud
701 4698 766 4762 S.
795 4699 868 4762 R.
900 4699 974 4761 c.
1009 4694 1372 4760 humillime
1403 4692 1832 4778 supplicatum
1866 4693 2085 4778 luerit,

507 4793 817 4936 guatenus
864 4781 1191 4848 declarare
1253 4782 1664 4871 dignaretur:
1718 4783 1812 4847 An
1862 4783 1924 4851 in
1984 4782 2087 4849 ot-

555 4868 650 4935 cio
681 4869 895 4935 votivo
929 4869 1103 4936 ssmi
1137 4868 1548 4951 sacramenti,
1577 4871 1750 4954 quod
1784 4870 2089 4938 recitatur

509 4966 687 5022 extra
734 4966 989 5042 tempus
1036 4957 1353 5040 Paschale,
1406 4959 1469 5025 in
1515 4957 1955 5042 Responsoriis
2010 4959 2087 5025 ad

507 5042 882 5110 matutinum
932 5054 997 5108 et
1041 5046 1232 5109 Horas
1278 5055 1470 5130 atque
1515 5044 1578 5109 in
1627 5045 1970 5113 versiculis
2009 5046 2087 5113 ad

509 5132 886 5217 Maqnificat
931 5140 998 5195 et
1044 5131 1287 5197 Laudes
1336 5144 1460 5199 etc.
1513 5133 1761 5200 recitari
1812 5134 2090 5202 debeant

509 5220 819 5303 Alleluia,
854 5230 1044 5306 prout
1082 5217 1320 5285 dicitur
1349 5218 1415 5285 in
1444 5217 1662 5288 Officio
1696 5222 1928 5289 festivo
1957 5220 2091 5289 diei

509 5306 936 5378 Solemnitatis
982 5304 1281 5393 corporis
1327 5305 1560 5374 christi
1580 5303 1614 5370 ’ἓ

2323 388 2402 449 Et
2447 388 2514 451 S.
2552 389 2625 451 R.
2661 388 2763 466 c.,
2814 383 3128 468 exquisito
3178 386 3353 484 prius
3397 397 3549 451 voto
3586 387 3783 453 unius

2193 491 2275 538 ex
2321 473 2872 540 caeremoniarum
2918 471 3225 559 Magistrts
3273 472 3451 541 SSsni
3522 473 3781 541 Domini

2190 559 2423 644 Nostri,
2473 560 2549 626 ad
2600 559 2977 626 relationem
3022 559 3166 626 Emi
3200 570 3265 625 et
3297 561 3435 626 Rmi
3472 565 3541 628 Ι).
3582 562 3781 628 Gard.

2190 648 2491 732 Belluga,
2560 647 3043 714 rescribendum
3113 649 3410 714 censuit:
3487 671 3524 712 ι
3575 651 3783 734 Nega-

2194 733 2323 801 tive
2372 755 2438 802 ».
2508 739 2588 801 Et
2656 735 2737 800 ita
2800 735 3113 802 decrevit.

2195 821 2323 888 bris
2376 826 2564 889 1740.

2194 961 2451 1033 2355.
2665 965 3295 1032 catacum‘rANA.
3544 965 3780 1052 (4105)

2322 1092 2418 1154 Ex
2465 1097 2643 1174 parte
2708 1087 2996 1154 Rectoris
3057 1087 3382 1154 Ecclesiae
3447 1090 3514 1154 S.
3568 1087 3783 1154 lacobi

2190 1175 2469 1242 Civitatis
2500 1175 2974 1262 calaguritanae
3017 1174 3385 1260 expositum
3418 1175 3563 1259 fuit,
3600 1177 3781 1261 quod

2189 1263 2254 1329 in
2300 1262 2682 1349 quibusdam
2732 1262 3033 1329 Ecclesiis
3079 1263 3394 1329 Dioecesis
3452 1263 3783 1348 calaguri-

2188 1360 2367 1417 tanae
2417 1362 2483 1417 et
2529 1351 2915 1433 Calceaten.,
2967 1360 3033 1416 et
3079 1350 3455 1438 praesertim
3488 1351 3552 1416 in
3594 1355 3786 1416 Paro-

2191 1437 2502 1504 chialibus
2532 1440 2641 1506 SS.
2671 1439 3121 1524 Apostolorum
3154 1436 3358 1504 iacobi
3392 1450 3455 1505 et
3482 1439 3783 1508 Andreae

2191 1525 2399 1592 dictae
2445 1524 2725 1593 civitatis
2768 1525 2848 1592 sit
2896 1526 3293 1594 consuetudo
3342 1526 3408 1591 in
3437 1525 3780 1594 Oratione:

2191 1615 2333 1679 Non
2381 1617 2586 1679 intres
2618 1617 2690 1679 in
2724 1615 3050 1681 iudicium
3082 1632 3232 1679 cum
3259 1633 3437 1680 servo
3483 1625 3616 1693 tuo,
3655 1615 3783 1679 Do-

2189 1704 2383 1781 mine,
2421 1700 2484 1766 in
2518 1702 2884 1770 humatione
2931 1701 3248 1768 foeminae
3293 1701 3559 1769 dicere:
3615 1703 3786 1768 Cum

2187 1790 2447 1873 famula
2510 1799 2630 1855 tua
2676 1791 2779 1856 vel
2841 1787 3091 1855 ancilla
3154 1800 3318 1869 ταας
3378 1799 3783 1877 quapropter

2191 1875 2538 1941 excitatum
2597 1877 2717 1942 l'uit
2764 1876 3031 1944 dubium
3075 1876 3153 1942 ab
3203 1875 3518 1963 aliquibus
3571 1881 3785 1943 Bene-

2190 1963 2410 2031 ficiatis
2473 1962 2785 2031 dictarum
2842 1964 3297 2049 Ecclesiarum,
3350 1965 3784 2032 asserentibus

2187 2070 2317 2118 non
2350 2051 2546 2118 licere
2586 2063 2833 2118 mutare
2868 2053 3140 2122 verbum
3188 2052 3446 2140 aliquod
3497 2072 3579 2119 ex
3626 2071 3784 2122 con·

2192 2139 2381 2206 tentis
2440 2140 2508 2206 in
2564 2140 2889 2224 praedicta
2945 2141 3274 2225 Oratione,
3338 2140 3458 2208 nisi
3518 2139 3603 2208 de
3652 2140 3779 2208 boc

2190 2245 2490 2316 expressa
2534 2227 2775 2293 mentio
2824 2228 2967 2306 fiat;
3017 2239 3083 2293 et
3132 2227 3282 2295 licet
3337 2228 3454 2296 hac
3502 2230 3779 2310 ratione,

2188 2326 2357 2382 mota
2408 2314 2518 2382 lite
2565 2315 2734 2381 inter
2780 2316 2946 2402 ipsos
2998 2316 3439 2401 Beneficiatos,
3488 2315 3783 2384 decisum

2190 2404 2383 2470 luerit
2452 2402 2528 2468 ab
2593 2403 2923 2469 Ordinario
2990 2404 3423 2482 Dioecesano;
3493 2414 3784 2470 attamen

2189 2490 2380 2577 aliqui
2431 2490 2725 2557 insistunt
2772 2511 2887 2580 pro
2938 2493 3312 2558 mutatione.
3366 2492 3521 2559 Hinc
3566 2491 3644 2558 ad
3675 2511 3783 2557 se-

2190 2579 2463 2646 dandam
2508 2579 2950 2664 quaestionem
3015 2583 3248 2646 Rector
3294 2581 3613 2667 praefatae
3660 2585 3783 2645 Ec-

2189 2669 2418 2733 clesiae
2466 2670 2533 2734 S.
2567 2665 2767 2734 taoobi
2817 2688 2850 2733 a
2882 2671 2945 2734 S.
2985 2672 3058 2734 R.
3096 2671 3170 2734 0.
3221 2667 3582 2735 humillime
3622 2685 3784 2754 sup-

2191 2755 2451 2842 plicavit
2496 2756 2827 2838 declarari,
2863 2755 3187 2841 quomodo
3232 2756 3555 2840 agendum
3585 2755 3716 2822 sit'?

2319 2847 2400 2909 Et
2431 2845 2494 2909 S.
2525 2845 2598 2908 P..
2630 2845 2732 2924 0.,
2768 2843 2982 2910 audito
3033 2842 3207 2931 prius
3256 2853 3402 2910 voto
3452 2845 3642 2911 unius
3690 2864 3783 2910 ex

2187 2931 2693 3020 Apostolicarum
2720 2931 3279 3000 caeremoniarum
3310 2931 3647 3020 Magistris,
3674 2952 3783 2998 re-

2185 3021 2474 3107 spondit:
2510 3040 2547 3083 ‹
2575 3022 2884 3085 Servetur
2920 3024 3261 3087 Decretum
3292 3021 3543 3087 editum
3572 3019 3637 3087 in
3663 3025 3783 3087 Fa-

2187 3107 2367 3177 nensi
2416 3112 2495 3176 31
2546 3105 2815 3194 Augusti
2868 3112 3058 3193 1607,
3108 3126 3343 3194 nempe
3389 3108 3454 3174 in
3517 3109 3783 3195 deposi-

2189 3198 2363 3263 tione
2410 3196 2867 3263 delunctorum
2912 3196 2977 3262 in
3023 3193 3235 3261 verbis
3282 3197 3444 3263 illis:
3494 3198 3634 3263 Non
3669 3200 3785 3262 in-

3187 735 3300 804 Die
3369 740 3444 803 10
3508 741 3782 804 Decem-

2190 3297 2312 3351 trcs
2360 3288 2432 3351 in
2482 3286 2811 3350 iudicium
2858 3303 3004 3352 cum
3049 3302 3225 3350 servo
3276 3297 3425 3367 tuo,
3478 3286 3777 3365 Domine,

2188 3376 2347 3459 quia
2398 3372 2620 3437 nullus
2668 3372 2839 3455 apud
2894 3374 2971 3437 Tc
3020 3373 3495 3458 iustificabitur
3554 3372 3783 3453 homo,-

2190 3459 2441 3549 quando
2490 3472 2583 3525 est
2633 3458 2869 3525 mulier
2913 3468 3019 3524 aut
3069 3461 3287 3544 plures
3334 3470 3481 3527 sunt
3543 3459 3784 3527 defun-

2189 3549 2299 3631 cti,
2349 3567 2475 3614 non
2539 3558 2801 3633 possunt
2848 3548 3042 3613 verba
3107 3550 3295 3613 Servo
3347 3561 3460 3615 tuo
3507 3567 3778 3634 permu-

2189 3637 2303 3702 tari
2350 3635 2415 3701 in
2461 3639 2658 3701 Serva
2708 3646 2823 3702 tua
2870 3635 2975 3701 vel
3026 3636 3239 3701 Servis
3275 3641 3410 3702 tuis
3444 3659 3509 3703 ».
3560 3639 3640 3701 Et
3687 3635 3777 3702 ita

2188 3723 2559 3792 declaravit.
2614 3723 2726 3789 Die
2772 3726 2854 3790 21
2906 3722 3169 3789 Ianuarii
3222 3726 3413 3790 1741.

2195 3865 2460 3936 2356.
2816 3865 3183 3932 memma.
3543 3865 3775 3952 (4100)
3855 3847 3863 3857 ’

2326 3992 2394 4055 ln
2441 4007 2625 4055 causa
2670 3988 2958 4055 Meliten.
3008 3998 3303 4055 vertente
3350 3988 3516 4056 inter
3547 3991 3784 4055 Rfflum

2194 4077 2581 4164 Episcopum
2617 4096 2695 4142 ex
2730 4096 2874 4159 una,
2914 4088 2977 4142 et
3008 4077 3353 4145 Canonicos
3384 4075 3780 4162 collegiatae

2193 4165 2512 4232 Ecclesiae
2559 4167 2626 4231 S.
2677 4165 2848 4229 Pauli
2909 4163 3190 4230 Civitatis
3238 4165 3547 4232 Vallettae
3612 4164 3780 4231 eius·

2190 4254 2342 4320 dem
2392 4253 2636 4319 insulae
2683 4252 2961 4336 partibus
3009 4272 3090 4319 ex
3137 4252 3354 4337 altera,
3406 4270 3604 4338 super
3660 4268 3776 4337 ge·

2192 4340 2557 4408 nuflexione
2631 4338 2910 4407 iacienda
2977 4362 3011 4405 a
3082 4339 3378 4428 praefatis
3446 4340 3779 4406 canonicis

2194 4430 2403 4496 eidem
2438 4432 2595 4494 nmo
2630 4428 2968 4516 Episcopo,
3003 4429 3332 4494 occasione
3376 4427 3781 4495 functionum

2196 4516 2789 4600 ecclesiasticarum,
2824 4529 2958 4582 orta
2991 4516 3422 4582 controversia
3455 4534 3657 4600 eaque
3696 4515 3774 4580 ad

2197 4611 2262 4672 S.
2313 4609 2387 4671 R.
2433 4608 2502 4671 c.
2557 4605 2798 4689 delata,
2854 4609 3043 4671 Emus
3103 4615 3168 4671 et
3212 4607 3404 4671 Rmus
3459 4607 3532 4669 D.
3584 4604 3770 4670 card.

2193 4692 2520 4760 Lercarius
2552 4693 3023 4780 infrascriptum
3057 4692 3323 4761 dubium
3356 4692 3525 4759 inter
3563 4704 3779 4778 partes

2199 4781 2654 4848 concordatum
2701 4782 3153 4850 declarandum
3202 4780 3572 4868 proposuit:

2330 4872 2422 4936 An
2468 4868 2812 4955 Dignitates
2860 4881 2925 4937 et
2972 4870 3265 4937 canonici
3315 4867 3577 4956 insignis
3630 4867 3777 4935 col-

2198 4957 2468 5043 legiatae
2501 4958 2636 5024 Divi
2688 4959 2884 5042 Pauli,
2936 4957 3187 5044 quoties
3233 4957 3295 5024 in
3342 4954 3779 5023 functionibus

2199 5046 2639 5113 ecclesiasticis
2709 5046 3097 5138 transierint⁴
3137 5056 3283 5111 ante
3345 5042 3773 5132 Episcopum,

2198 5134 2474 5201 debeant
2523 5134 2730 5203 eidem
2776 5135 3090 5225 Episcopo
3139 5134 3624 5224 genuflectere;
3669 5132 3775 5197 vel

2201 5232 2443 5377 mm?
2500 5236 2689 5314 caput
2747 5235 2812 5291 et
2867 5224 3172 5292 humeros
3224 5222 3550 5312 profunde
3595 5219 3777 5295 incli-

2198 5327 2350 5375 nare
