4042 5950
1558 186 2031 327 4303—

292 409 362 473 4.
411 405 474 474 Si
525 404 630 473 flat
677 406 760 474 de
820 408 1045 473 Sancto
1107 409 1368 473 Irenaeo
1430 415 1494 471 et
1548 401 1743 471 Sociis

168 502 1138 669 32⁰3‘nt'ssfffflssatzaffirffi
1167 492 1741 650 ;.tt¹;⁰‡’3.²t⁶..{¹.i¹;

167 674 238 737 ab
285 670 414 737 illis
459 671 571 756 qui
616 675 895 737 Romano
941 670 1260 736 Breviario
1305 666 1626 736 utuntur?

294 763 360 825 15.
411 762 480 824 10
525 758 879 826 Seminario
909 770 977 823 et
1007 758 1296 846 Collegio
1327 761 1590 825 Sanctae
1621 759 1738 821 Ma-

169 848 292 914 riae
341 847 820 914 Baltimorensis
857 846 964 913 die
1012 848 1258 915 xxvtu
1305 845 1464 913 lunii
1531 845 1601 911 fit
1657 845 1743 910 de

164 937 268 1003 die
320 946 538 1001 octava
570 934 776 1002 Sancti
805 933 1044 1001 Aloisii.
1095 934 1301 1005 Posito
1347 931 1543 1021 igitur
1572 933 1744 1019 quod

164 1026 241 1091 de
293 1026 528 1092 Sancto
575 1028 833 1089 irenaeo
882 1021 983 1088 vel
1047 1026 1127 1092 de
1185 1023 1428 1091 Sanctis
1484 1025 1745 1087 Irenaeo

166 1124 226 1178 et
272 1110 477 1179 Sociis
525 1111 663 1178 eius
709 1110 824 1179 hac
869 1110 981 1177 die
1027 1111 1167 1179 lieri
1214 1111 1445 1178 debeat
1488 1108 1552 1176 in
1598 1112 1749 1174 Pro-

165 1202 371 1267 vincia
396 1199 863 1282 Baltimorensi,
887 1199 1248 1283 quaeritur:
1284 1200 1446 1265 Num
1476 1198 1537 1263 in
1563 1215 1747 1284 prae-

163 1290 337 1356 dicto
386 1287 736 1355 seminario
784 1299 848 1353 et
893 1287 1184 1376 collegio
1231 1292 1490 1353 Festum
1536 1283 1744 1351 Sancti

162 1377 408 1444 Irenaei
454 1377 559 1442 vel
608 1380 981 1443 Sanctorum
1029 1377 1267 1444 irenaei
1315 1384 1380 1440 et
1418 1374 1748 1442 Sociorum

162 1466 304 1532 eius
350 1463 680 1532 transferri
726 1466 925 1551 possit
969 1466 1047 1532 ad
1095 1465 1268 1531 diem
1327 1466 1405 1529 111
1452 1460 1632 1544 lulii,
1681 1471 1748 1526 et

163 1554 376 1622 Sancti
424 1554 652 1707 {ieonis
696 1558 952 1621 Festum
1001 1553 1077 1620 ad
1111 1552 1287 1620 diem
1320 1553 1422 1617 vn
1454 1550 1746 1616 eiusdem

163 1660 408 1709 mensis
985 1678 990 1687 ·
1609 1668 1616 1677 ·

296 1735 364 1797 6.
417 1730 724 1797 Sanctitas
767 1731 888 1798 Sua
943 1729 1221 1819 benigne
1282 1725 1593 1794 concessit
1650 1745 1750 1791 se-

161 1818 424 1907 quentia
467 1817 678 1886 Officia
723 1818 990 1906 singulis
1037 1816 1232 1886 Feriis
1275 1820 1354 1887 vl
1397 1815 1760 1900 Quadrage-'

159 1913 363 1976 simae
409 1908 492 1995 ad⁸
535 1906 786 1973 libitum
819 1907 1140 1974 recitanda
1166 1905 1286 1971 sub
1314 1904 1442 1970 ritu
1474 1900 1753 1990 duplicis

164 1996 457 2082 maioris3
491 1998 744 2082 ‘nempe
790 1994 1254 2063 Sacratissimae
1298 1992 1601 2059 Passionis
1631 1994 1750 2058 Do-

162 2085 322 2153 mini
369 2082 581 2150 Nostri
628 2088 769 2150 lesu
815 2082 1076 2168 Christi,
1125 2083 1394 2168 Spineae
1440 2083 1747 2163 Coronae,

161 2178 450 2243 Lanceae
511 2183 578 2238 et
637 2173 1012 2255 Clavorum,
1077 2174 1412 2239 Sacrorum
1467 2162 1792 2256 quinque¹

160 2263 555 2346 vulnerum,
577 2260 1013 2327 Pretiosissimi
1050 2257 1403 2344 Sanguinis.
1441 2258 1504 2324 Si
1537 2271 1749 2323 autem

161 2350 227 2417 in
275 2348 470 2417 dictis
514 2348 745 2417 diebus
790 2360 1081 2415 occurrat
1112 2352 1368 2415 Festum
1399 2344 1640 2414 altioris
1672 2343 1754 2411 ri-

163 2452 310 2523 tus,
375 2436 750 2523 quaeritur:
809 2441 905 2503 An
956 2447 1494 2523 supramemorata
1545 2432 1754 2501 Officia

165 2525 497 2592 transferri
561 2524 802 2614 possint
847 2525 923 2591 ad
969 2525 1206 2611 primas
1267 2524 1405 2590 dies
1450 2542 1576 2590 non
1638 2523 1753 2589 im-

161 2614 424 2701 peditas
469 2613 634 2680 intra
676 2614 1232 2702 Quadragesimam
1281 2608 1575 2678 tantum?

207 2736 216 2743 ·
302 2706 365 2770 7.
420 2704 594 2768 Inter
621 2701 830 2770 Officia
862 2718 1072 2789 nuper
1117 2719 1413 2768 concessa
1460 2700 1755 2767 omnibus

160 2791 557 2858 Foederatae
580 2789 914 2856 Americae
931 2786 1551 2877 septentrionalibus
1575 2787 1755 2853 Dioe-

164 2878 448 2960 cesibus,
483 2889 632 2944 sunt
672 2878 884 2946 Officia
933 2888 1067 2944 tum
1112 2877 1494 2946 Sanctissimi
1542 2879 1755 2944 Sacra-

163 2966 374 3034 menti
421 2967 490 3034 in
515 2965 713 3033 Feriis
743 2967 824 3050 V,
873 2979 1009 3033 tum
1056 2966 1504 3053 conceptionis
1530 2969 1755 3032 Beatae

165 3055 399 3121 uariae
423 3055 702 3142 Virginis
733 3055 796 3120 in
819 3054 1102 3122 Sabbatis
1173 3073 1247 3121 er
1267 3071 1528 3121 annum.
1563 3058 1754 3120 Porro

165 3144 326 3211 baec
375 3145 602 3211 eadem
645 3142 855 3210 Officia
903 3143 1113 3210 iamdu
1163 3161 1271 3209 um
1316 3162 1350 3208 a
1394 3163 1451 3209 s.
1499 3161 1591 3208 m.
1647 3142 1753 3208 Pio

164 3236 331 3319 Papa
378 3235 458 3299 VI
502 3249 801 3299 concessa
858 3232 1125 3298 fuerunt
1190 3229 1630 3298 Baltimorensi
1689 3240 1758 3296 et

163 3319 553 3407 quibusdam
599 3317 744 3387 aliis·
777 3318 1208 3402 Dioecesibus,
1243 3338 1390 3385 cum
1436 3336 1515 3384 eo
1560 3317 1757 3404 privi-

165 3409 348 3496 legio
408 3418 484 3474 ut
540 3407 616 3474 iis
675 3407 1070 3496 presbyteris
1123 3406 1232 3493 qui
1294 3407 1358 3474 in
1419 3406 1757 3494 praedictis

165 3499 373 3563 Feriis
419 3495 547 3562 iter
589 3495 844 3581 aliquod
893 3494 1219 3579 suscipere
1264 3495 1580 3566 deberent
1639 3514 1756 3582 pro

163 3583 502 3652 visitandis
531 3583 894 3667 Catholicis,
925 3602 1199 3670 quorum
1232 3582 1578 3670 spiritualis
1608 3603 1755 3650 cura

166 3672 325 3761 ipsis
373 3670 717 3757 incumbit,
767 3673 993 3739 liceret
1051 3691 1120 3737 ea
1175 3672 1444 3738 recitare
1493 3682 1559 3738 et
1618 3673 1756 3736 Mis·

164 3779 306 3827 sam
353 3762 777 3846 respectivam
823 3760 1149 3826 celebrare
1196 3759 1386 3826 etiam
1431 3761 1496 3828 in
1561 3760 1757 3826 Feriis

163 3849 534 3933 Adventus,
577 3859 849 3935 quatuor
877 3852 1263 3936 'temporum
1313 3858 1377 3915 et
1405 3849 1761 3936 Quadrage-

163 3937 399 4004 simae.
457 3938 832 4014 Quaeritur:
880 3938 976 4003 An
1032 3936 1277 4002 recenti
1346 3936 1755 4003 concessione

164 4036 786 4114 supramemoratum
812 4024 1224 4112 privilegium
1254 4035 1620 4092 revocatum
1654 4044 1757 4091 su-

165 4115 551 4197 blatumque
597 4111 792 4179 fuerit
837 4112 942 4180 vel
988 4114 1195 4180 adbuc
1240 4110 1666 4201 perseveret?
1694 4123 1760 4179 et

165 4201 385 4291 posito
442 4199 618 4285 quod
674 4210 1071 4287 perseveret,
1119 4203 1346 4268 Utrum
1392 4201 1472 4268 ad
1533 4217 1758 4267 omnes

167 4289 564 4359 Foederatae
610 4287 939 4356 Americae
987 4289 1516 4388 septentrionalis
1574 4289 1760 4356 Dioe-

169 4396 360 4447 ceses
405 4376 806 4443 extendatur·
837 4385 900 4444 et
947 4375 1314 4465 pertineat?

308 4469 478 4539 Aliud
541 4469 793 4537 maium.
871 4467 1099 4532 Utrum
1170 4466 1235 4532 in
1302 4465 1760 4533 Anniversariis

169 4552 519 4622 creationis
565 4565 629 4619 et
676 4552 1094 4621 coronationis
1150 4553 1392 4621 Summi
1448 4554 1763 4620 Pontificis

169 4661 295 4732 pro
346 4651 638 4727 tempore
677 4643 1026 4730 regnantis,
1060 4642 1124 4708 in
1154 4641 1450 4708 universa
1481 4642 1762 4709 Ecclesia

167 4730 301 4798 dici
350 4729 550 4817 possit
592 4730 697 4795 vel
745 4729 977 4798 debeat
1022 4731 1084 4797 in
1132 4729 1305 4797 Missa
1349 4729 1560 4797 Oratio
1591 4732 1760 4796 Deua

169 4822 468 4885 omnium
509 4817 838 4905 fidelium?
882 4826 950 4884 et
994 4829 1302 4905 quatenus
1347 4816 1756 4885 affirmative:

170 4911 273 4973 An
317 4907 476 4974 baec
518 4905 730 4975 Oratio
774 4906 1042 4976 dicenda
1072 4906 1152 4972 sit
1186 4906 1249 4972 in
1280 4906 1476 4973 Festis
1518 4907 1761 4995 primae

168 4996 282 5062 vel
327 4995 650 5062 secundae
694 4993 958 5061 classis?
1193 4997 1206 5010 ‘

305 5082 862 5151 Eminentissimus
910 5085 1119 5169 itaque
1164 5101 1234 5150 ac
1286 5081 1763 5151 Reverendissi-

173 5189 319 5237 mus
364 5173 672 5239 Dominus
715 5172 1061 5241 cardinalis
1106 5175 1366 5240 Carolus
1412 5171 1597 5238 uaria
1652 5175 1762 5237 Pe-

171 5258 370 5326 dicini
416 5260 770 5350 Episcopus
815 5263 1145 5343 Portuen.,
1194 5262 1454 5328 Sanctae
1500 5259 1759 5328 Rufinae

173 5360 242 5414 et
288 5350 877 5417 Centumcellarum
906 5398 925 5433 ,
974 5352 1241 5418 Sanctae
1284 5351 1597 5416 Romanae
1646 5351 1760 5414 Ec-

1844 401 2073 471 clesiae
2120 402 2731 473 Vico-cancellarius
2778 415 2844 470 et
2890 400 3112 471 S'acrae
3158 397 3417 469 Rituum

1844 492 2333 581 Congregationi
2379 493 2764 574 Praefectus,
2797 490 3014 580 vigore
3050 489 3417 557 facultatum

1842 579 1956 646 sibi
2004 581 2365 666 specialiter
2411 602 2442 646 a
2491 578 2888 647 Sanctissimo
2944 582 3126 647 Dom.
3193 579 3418 643 Nostro

1843 668 2147 755 Gregorio
2179 672 2314 737 xvt
2359 668 2660 737 Pontifice
2710 668 2969 735 Maximo
3017 665 3415 749 tributarum,

1846 756 2138 822 omnibus
2182 766 2428 824 maturo
2475 754 2768 823 examine
2815 754 3122 839 cribratis,
3159 752 3418 821 rescribi

1844 844 2212 911 mandavit:
2490 890 2491 895 η

1977 933 2070 1034 ad
2125 938 2189 1000 1.
2236 953 2274 1001 ε
2307 935 2612 1000 Servetur
2659 932 2797 999 dies
2839 929 3267 1019 martyrologii
3300 932 3419 996 Ro-

1844 1038 2010 1092 mani
2045 1044 2110 1087 ».

1975 1109 2071 1177 Ad
2105 1115 2168 1177 2.
2205 1122 2270 1176 et
2302 1114 2365 1177 3.
2402 1130 2440 1174 «t
2467 1114 2553 1176 De
2600 1112 2827 1177 Sancto
2856 1112 3115 1175 Irenaeo
3146 1117 3416 1190 tantum,

1846 1216 1991 1264 cum
2053 1198 2454 1265 Lectionibus
2523 1210 2588 1265 et
2649 1198 2818 1264 Missa
2885 1193 3245 1284 approbatis
3309 1193 3419 1260 die

1848 1289 1925 1352 21
1978 1286 2210 1372 Aprilis
2263 1289 2431 1355 1784
2459 1309 2525 1352 ».
2954 1364 2959 1373 .

1974 1375 2070 1441 Ad
2119 1378 2182 1440 4.
2238 1396 2275 1438 «
2308 1380 2432 1441 lam
2483 1373 2806 1461 provisum
2839 1397 2899 1439 ν.

1980 1464 2077 1529 Ad
2123 1467 2187 1531 tt.
2237 1484 2274 1527 ι
2308 1465 2664 1548 Utrumque
2695 1463 2769 1528 ad
2802 1462 3069 1550 primam
3097 1461 3270 1527 diem
3295 1479 3420 1529 non

1851 1550 2221 1638 impeditam
2252 1574 2316 1617 ».

1980 1640 2077 1706 Ad
2122 1644 2191 1705 θ.
2241 1661 2278 1704 ‹
2314 1637 2740 1717 Affirmative;
2804 1649 2869 1705 et
2930 1639 3090 1705 intra
3148 1637 3424 1716 Quadra-

1850 1738 2706 1883 gwkndlgfaftssffegedens
2752 1814 3071 1915 indultum
3117 1824 3330 1882 manet
3362 1814 3426 1879 in

1852 1924 1965 1971 suo
2014 1905 2282 1983 robore;
2331 1921 2451 1971 nec
2484 1914 2691 1969 tamen
2726 1904 2989 1970 extendi
3035 1914 3247 1991 potest
3290 1902 3424 1968 sine

1854 2012 2013 2060 nova
2060 2010 2465 2059 concessione
2498 2014 2564 2056 ν.
3077 2016 3081 2027 ·

1981 2081 2078 2147 Ad
2106 2081 2277 2147 aliud
2306 2080 2605 2148 dubium:
2642 2100 2679 2143 α
2706 2079 2988 2148 collecta
3012 2098 3129 2167 pro
3164 2082 3425 2145 Summo

1851 2168 2152 2236 Pontiflce
2187 2169 2251 2236 in
2283 2168 2509 2236 diebus
2538 2166 2874 2234 creationis
2904 2180 2974 2234 et
3004 2166 3426 2234 coronationis

1856 2256 1977 2325 dici
2009 2256 2232 2342 debet,
2264 2268 2332 2323 et
2361 2257 2480 2323 sub
2524 2255 2708 2322 unica
2753 2256 3159 2323 conclusione
3207 2255 3272 2321 in
3317 2255 3430 2322 du·

1857 2346 2126 2433 plicibus
2157 2345 2476 2412 secundae
2523 2344 2732 2412 classis
2764 2367 2827 2408 ι.

1983 2439 2065 2501 Et
2112 2434 2193 2500 ita
2240 2433 2597 2521 respondit.
2647 2432 2758 2499 Die
2804 2437 2891 2501 22
2926 2433 3069 2499 -nlaii
3124 2434 3315 2500 1841.

1857 2577 2117 2646 2838.
2292 2577 2754 2643 ruovmctas
2802 2576 3004 2642 tarn
3201 2574 3427 2661 (aoso)

1859 2845 2141 2927 Aleti-ina,
2162 2845 2490 2931 anagnina,
2506 2846 2816 2923 cainiana,
2839 2845 3183 2925 ferentina,
3199 2845 3430 2915 ostien.

1875 2948 1894 2998 “-
1986 2948 2049 3012 et
2093 2944 2412 3022 vetitet-na,
2456 2942 2725 3031 Signina,
2769 2941 3186 3025 Tarracinam,
3216 2942 3430 3013 Setina

1988 3047 2052 3109 et
2093 3042 2467 3121 Priverueu„
2510 3041 2831 3110 Verulana.

2088 3181 2236 3246 Rme
2279 3180 2568 3262 Domine,
2618 3183 2724 3246 uti
2770 3182 3029 3249 Frater.

1987 3323 2070 3389 Ut
2117 3319 2369 3388 debitae
2414 3320 2989 3388 misericordiarum
3035 3321 3197 3388 Patri
3244 3334 3308 3389 et
3343 3335 3433 3390 to-

1859 3410 1984 3477 tius
2031 3408 2473 3477 consolationis
2520 3413 2648 3476 Deo
2695 3419 2907 3496 grates
2968 3422 3315 3496 agerentur
3367 3422 3434 3478 et

1859 3497 2161 3585 perennis
2186 3507 2498 3586 perstaret
2524 3496 2822 3566 memoria
2840 3499 3241 3567 omnimodae
3260 3519 3438 3566 ever-

1854 3585 2047 3653 sionis
2075 3585 2473 3675 perditorum
2507 3584 2763 3653 illorum
2796 3585 3153 3673 bominum,
3177 3589 3286 3674 qui
3322 3588 3435 3655 im-

1858 3693 2031 3762 pune
2076 3684 2419 3741 crassantes
2465 3673 2778 3759 integram
2824 3675 2977 3741 Latii
3018 3676 3433 3763 Provinciam,

1859 3761 1934 3827 ab
1980 3762 2153 3829 annis
2202 3763 2367 3830 bene
2414 3762 2667 3846 multis,
2719 3761 3060 3830 latrociniis
3106 3765 3438 3833 coedibus-

1860 3868 1985 3938 que
2017 3851 2356 3933 vexabant,
2391 3870 2443 3916 s.
2482 3870 2568 3916 m.
2604 3855 2734 3917 Leo
2764 3854 2923 3937 Papa
2953 3854 3062 3918 xu
3095 3853 3436 3920 undecimo

1859 3940 2165 4006 Calendas
2212 3940 2370 4005 lunii
2416 3958 2578 4005 anno
2629 3942 2795 4006 1826
2842 3959 2960 4027 per
3002 3959 3187 4007 suum
3231 3952 3440 4007 extra-

1860 4024 2249 4094 ordinarium
2299 4028 2361 4094 in
2407 4037 2749 4094 memorata
2794 4026 3118 4094 Provincia
3175 4030 3439 4116 Delega-

1862 4125 1998 4181 tum
2045 4114 2282 4198 edixit,
2332 4125 2402 4183 ut
2447 4127 2629 4192 sexto
2692 4115 2997 4183 Calendas
3061 4116 3439 4185 Novembris

1857 4204 2193 4289 quotannis
2255 4203 2491 4290 singuli
2561 4203 2892 4289 utriusque
2958 4223 3149 4270 sexus
3210 4204 3440 4272 fideles

1860 4291 2273 4376 adigerentur
2316 4294 2561 4358 adstare
2609 4295 2823 4375 Sacro,
2856 4301 3057 4377 utque
3109 4293 3173 4359 in
3220 4293 3441 4360 Eccle-

1859 4377 1966 4446 siis
2011 4378 2514 4462 Cathedralibus,
2548 4379 2935 4466 collegiatis,
2976 4381 3441 4449 parochialibus

1862 4475 1927 4533 et
1985 4467 2049 4532 in
2110 4466 2406 4533 Ecclesiis
2462 4469 2870 4555 Regularium
2930 4469 3121 4554 hora,
3172 4489 3295 4557 qua
3361 4470 3438 4536 ad

1862 4561 2376 4642 unamquamque
2443 4556 2789 4623 Ecclesiam
2861 4556 3264 4642 frequentior
3327 4577 3441 4647 po·

1860 4644 2051 4731 pulus
2097 4642 2394 4726 accurrit,
2442 4646 2924 4731 persolveretur
2969 4648 3256 4734 Hymnus
3294 4651 3440 4714 Am·

1865 4731 2189 4798 broaianus
2245 4734 2321 4796 Te
2365 4734 2566 4799 Deum
2629 4751 2774 4799 cum
2834 4733 3155 4800 consuetis
3205 4734 3442 4801 Oratio·

1864 4817 2053 4885 nibus
2096 4828 2286 4905 atque
2347 4819 2705 4908 Antiphona
2754 4821 2935 4889 Saevo
2996 4824 3242 4908 Regina
3296 4840 3444 4889 cum

1861 4907 2155 4975 Oratione
2200 4908 2492 4992 Defende.
2546 4910 2786 4974 Verum
2826 4910 3103 4996 decursu
3136 4910 3445 4998 temporis

1864 5005 2264 5081 compertum
2298 5008 2395 5062 est
2425 4996 2586 5063 banc
2633 4995 2832 5082 ipsam
2875 4991 3446 5086 praescriptionem

1863 5081 2074 5169 quoad
2106 5080 2275 5149 Sacri
2322 5082 2715 5151 auditionem
2770 5085 2943 5174 parvi
3007 5087 3164 5154 adeo
3212 5087 3443 5176 pendi,

1862 5181 1935 5238 ut
1999 5169 2429 5239 communiter
2494 5172 2632 5239 eius
2699 5175 3029 5241 omittatur
3090 5175 3446 5243 observatio

1865 5278 1992 5326 non
2061 5258 2299 5347 absque
2368 5260 2604 5349 exiguo
2672 5263 3021 5330 animarum
3078 5263 3443 5350 dispendio.

1865 5347 2041 5426 Quod
2112 5350 2342 5417 sedulo
2411 5352 2890 5440 perpendentes
2963 5353 3254 5422 nonnulli
3327 5371 3448 5441 per
