4042 5950
1218 215 1246 251 t

1608 278 1920 359 —269
1975 321 2080 339 —

197 438 598 511 coniunctim
643 443 747 506 vel
792 438 1089 522 seorsim,
1123 438 1197 507 ad
1232 438 1519 506 chorum
1567 449 1796 506 euntes

195 531 300 598 vel
362 528 752 612 redeuntes,
815 539 1157 594 teneantur
1211 526 1524 595 exhibere
1584 538 1796 595 actum

193 618 699 687 reverentialem
745 615 1132 703 magistratui
1179 615 1368 683 stanti
1412 615 1478 681 in
1535 617 1797 706 proprio

191 705 509 774 scamno?
554 716 619 772 et
667 706 733 774 in
778 725 926 772 casu
972 705 1372 788 affirmative,
1423 703 1800 790 quomodo?

325 800 393 862 4.
448 797 546 862 An
591 794 873 884 idipsum
916 793 1374 880 praestandum
1420 811 1685 880 quoque
1715 793 1798 859 sit

189 905 236 1039 ai
283 882 678 1039 Celgbrante
746 896 811 951 et
879 884 1179 950 Ministris
1247 886 1636 970 paramentis
1699 883 1793 950 in-

243 974 376 1040 ntis

325 1066 395 1128 5.
439 1065 538 1129 An
585 1062 650 1129 in
695 1059 971 1128 solemni
1016 1080 1135 1148 sup
1187 1060 1486 1129 licatione
1522 1058 1796 1129 Sanctis-

187 1150 334 1216 simi
383 1151 692 1236 corporis
736 1149 997 1234 Christi,
1046 1152 1141 1217 Gu
1189 1162 1449 1218 ernator
1496 1159 1561 1217 et
1607 1148 1797 1237 Magi-

186 1250 430 1305 stratus
461 1258 609 1306 cum
642 1237 974 1306 intortitiis
1004 1238 1285 1307 accensis
1312 1239 1620 1308 incedere
1650 1256 1797 1324 pos-

187 1326 316 1392 sint
337 1327 721 1394 immediate
746 1338 890 1415 post
916 1326 1397 1395 sanctissimum
1428 1330 1799 1395 Sacramen-

191 1427 329 1483 tum
362 1418 446 1484 ad
482 1417 679 1483 instar
705 1415 1013 1487 maiorum
1046 1413 1574 1503 Magistratuum‘?

321 1508 392 1572 6.
446 1508 543 1572 An
590 1505 770 1572 Feria
818 1509 870 1573 V
917 1505 986 1571 in
1029 1509 1238 1573 coena
1267 1504 1535 1572 Domini
1572 1504 1650 1571 ad
1698 1522 1798 1569 ac-

186 1591 561 1681 cipiendam
604 1613 841 1660 sacram
881 1593 1184 1681 synaxim
1215 1594 1528 1660 accedere
1557 1592 1801 1679 possint

185 1683 262 1747 ad
314 1683 562 1769 gradus
619 1679 908 1749 Altaris?
968 1694 1031 1749 et
1078 1691 1395 1768 quatenus
1456 1681 1795 1770 negative:

188 1773 281 1835 An
330 1771 571 1838 saltem
617 1769 772 1857 ipsis
817 1770 1171 1859 dispensari
1205 1771 1443 1839 debeat
1472 1768 1801 1838 Sanctissi-

187 1877 372 1925 mum
427 1862 908 1927 Sacramentum
956 1861 1121 1925 intra
1167 1871 1347 1947 septa
1379 1856 1797 1945 Presbyterii,

185 1965 453 2013 scamno
500 1949 578 2015 ad
629 1948 749 2015 hoc
794 1945 1071 2035 parato?

323 2040 398 2102 7.
448 2038 547 2103 An
614 2034 1019 2103 Gubernator
1088 2036 1378 2104 civitatis
1447 2033 1799 2102 thurificari

188 2125 434 2193 debeat
481 2124 719 2214 triplici
749 2127 991 2203 ductu;
1031 2143 1231 2210 quum
1279 2124 1654 2211 Dignitates,
1690 2126 1800 2190 ca-

189 2213 409 2281 nonici
457 2224 524 2279 et
571 2213 809 2300 reliqui
856 2214 940 2280 de
988 2214 1354 2301 Magistratu
1385 2212 1634 2301 duplici
1669 2222 1802 2279 tan.-

192 2315 332 2368 tum
384 2303 590 2369 ductu
637 2300 1198 2370 cohonestentur‘?

322 2390 708 2458 Huiusmodi
755 2390 969 2477 itaque
1017 2389 1229 2458 dubiis
1273 2390 1352 2457 ab
1398 2388 1802 2477 infrascripto

192 2478 562 2546 secretario
616 2481 966 2566 propositis
1013 2479 1078 2546 in
1121 2478 1471 2546 ordinariis
1517 2477 1807 2545 comitiis

190 2568 266 2634 ad
328 2567 660 2645 Quirinale
725 2567 957 2634 habitis
1015 2568 1121 2634 die
1181 2572 1222 2635 8
1277 2566 1550 2661 Augusti
1609 2585 1800 2654 supe-

191 2656 382 2722 rioris
413 2655 563 2723 anni
601 2659 795 2741 1835,
831 2668 1173 2742 antequam
1203 2655 1703 2723 Eminentissimi
1738 2664 1805 2721 et

191 2744 740 2811 Reverendissimi
773 2748 988 2811 Patres
1021 2745 1230 2811 Sacris
1258 2744 1518 2811 tuendis
1555 2744 1803 2811 Ritibus

192 2833 545 2921 praepositi
601 2833 956 2920 quidquam
1017 2833 1495 2917 rescriberent,
1546 2844 1805 2899 senten-

192 2923 345 2989 tiam
392 2921 659 2990 alterius
694 2941 774 3014 ea
807 2921 1322 3010 Apostolicarum
1369 2923 1808 2989 caeremonia-

191 3030 340 3077 rum
389 3010 701 3098 Magistris
751 3011 1211 3097 requirendam
1258 3030 1400 3076 esse
1444 3010 1642 3077 satius
1687 3011 1803 3079 du·

196 3110 485 3179 xerunt;
533 3119 602 3165 ac
647 3102 927 3187 proinde
984 3099 1474 3167 rescribendum
1536 3119 1806 3168 censue·

192 3199 397 3255 runtz
446 3210 485 3256 «ι
519 3189 914 3275 Exquiratur
967 3208 1166 3277 super
1225 3186 1520 3255 omnibus
1578 3200 1802 3256 votum

193 3278 475 3363 Magistri
501 3278 1064 3345 caeremoniarum
1089 3298 1152 3341 ».
1180 3277 1276 3344 Ad
1307 3277 1628 3343 tramitem
1652 3296 1806 3363 quo-

193 3364 364 3432 circa
415 3366 743 3433 enunciati
792 3367 1135 3455 Rescripti,
1186 3364 1402 3432 habito
1435 3365 1806 3434 huiusmodi

193 3463 373 3538 voto,
407 3475 480 3521 ac
516 3456 758 3522 iterum
802 3454 1128 3543 proposita
1170 3457 1366 3521 causa
1399 3453 1464 3519 in
1496 3472 1663 3520 novo
1693 3458 1804 3523 Or·

193 3541 448 3609 dinario
501 3546 707 3611 coetu
769 3545 847 3611 ad
906 3544 1227 3622 Quirinale
1286 3541 1652 3630 subsignata
1699 3545 1803 3612 die

193 3631 595 3715 coadunato,
663 3652 736 3700 re
793 3643 1046 3700 mature
1108 3632 1594 3718 diligenterque
1655 3652 1802 3720 per-

195 3737 423 3806 pensa,
475 3720 542 3787 in
587 3723 884 3789 omnibus
932 3723 1111 3788 iuxta
1158 3732 1383 3788 votum
1437 3718 1455 3783 i
1541 3721 1636 3788 ius
1682 3724 1804 3788 Ma·

195 3807 381 3892 gistri
428 3812 996 3878 caeremoniarum
1050 3809 1395 3896 propositis
1488 3809 1655 3877 ubiis
1704 3829 1800 3877 re-

193 3897 660 3983 spondendum
708 3919 849 3966 esse
896 3909 1327 3967 censuerunt:

331 3986 429 4055 Ad
484 3991 548 4053 1.
599 4009 636 4052 «
671 3987 1068 4058 Affirmative
1103 4009 1166 4052 ».

329 4074 430 4141 Ad
478 4080 543 4143 2.
597 4097 634 4140 «
661 4076 1051 4162 magistratui
1088 4086 1464 4165 competere
1495 4077 1702 4144 sedile
1735 4077 1805 4143 li·

196 4180 448 4250 gneum
478 4165 616 4232 sine
645 4165 1098 4251 suppedaneo,
1131 4184 1341 4253 panno
1373 4177 1800 4252 coopertum:

197 4253 377 4318 lanea
425 4251 613 4338 item,
664 4265 729 4320 et
773 4273 906 4320 non
949 4255 1153 4320 serica
1199 4253 1560 4340 pulvinaria
1604 4271 1805 4341 genu·

198 4340 472 4408 flexorio
516 4344 943 4430 superposita,
994 4352 1068 4409 ut
1113 4341 1181 4407 in
1225 4361 1348 4409 una
1395 4347 1625 4410 Baren.
1672 4343 1802 4411 diei

198 4434 238 4495 2
269 4429 678 4516 Septembris
716 4434 884 4500 1690
919 4453 987 4499 ».

331 4519 432 4585 Ad
479 4522 543 4585 3.
596 4540 635 4583 ι
667 4518 1096 4603 Affirmative,
1159 4519 1369 4607 capite
1434 4520 1701 4587 detecto
1734 4544 1800 4588 ».

330 4606 427 4674 Ad
481 4607 545 4673 4.
597 4627 634 4670 «
668 4607 1089 4693 Affirmative,
1121 4609 1238 4675 sed
1280 4609 1488 4696 capite
1534 4617 1708 4677 tecto
1734 4633 1801 4676 ιν.

332 4694 430 4760 Ad
482 4699 549 4763 δ.
601 4717 638 4760 «
672 4697 1030 4786 Negative;
1079 4697 1157 4764 ad
1207 4697 1527 4763 tramitem
1575 4701 1803 4766 caere-

198 4783 494 4850 monialis
525 4784 757 4872 Episco
808 4804 995 4852 orum
1030 4783 1144 4851 lib.
1173 4791 1242 4871 2,
1277 4805 1418 4874 cap.
1449 4789 1559 4872 33,
1596 4788 1634 4871 g
1669 4792 1710 4854 Β
1735 4810 1798 4853 ».

329 4871 431 4939 Ad
480 4878 546 4940 6.
597 4894 636 4937 ι
669 4876 721 4938 Α
793 4874 1105 4959 rmative,
1168 4874 1246 4941 ad
1312 4874 1587 4963 primam
1657 4896 1802 4964 par-

205 4968 338 5027 tem
374 4982 440 5025 ».

330 5050 432 5117 Ad
481 5053 548 5117 7.
597 5070 636 5116 ι
675 5049 1027 5137 Negative3
1098 5053 1213 5121 sed
1284 5052 1530 5141 duplici
1604 5053 1803 5121 ductu

207 5146 462 5205 tantum
494 5162 559 5206 ».

335 5231 549 5315 Atque
599 5228 682 5294 ita
714 5231 900 5296 Sacra
945 5228 1208 5297 Rituum
1254 5230 1674 5315 congregatio
1712 5250 1809 5297 re-

207 5317 460 5472 ffiripggt
498 5336 593 5470 Aac
657 5316 1085 5473 insofflgigus
1144 5318 1387 5384 servari
1457 5320 1804 5387 mandavit.

277 5425 314 5474 θ
553 5422 717 5492 ugus
751 5432 768 5470 ι
998 5456 1013 5472 .

2434 434 2947 507 ΠΟΒΕΝΤΙΝΑ.

1899 439 2156 509 2⁷54.
3249 435 3476 524 (4795)

2026 616 2122 683 Ad
2171 634 2399 702 preces
2434 615 2969 685 Reverendissimi
3002 612 3480 701 Archiepiscopi

1896 704 2243 773 Florentini
2278 705 2642 794 expetentis
2673 704 3024 787 indultum,
3052 703 3232 769 cuius
3256 702 3480 790 vigore

1897 793 2248 863 Canonicus
2278 814 2428 862 suae
2459 794 2979 882 metropolitanae
3005 791 3233 878 loseph
3256 789 3480 857 chiec-

1897 881 2097 966 chini,
2125 883 2494 952 incumbens
2524 881 2981 950 constructioni
3012 884 3349 949 Processus
3371 881 3479 946 Or·

1900 972 2124 1039 dinarii
2172 975 2405 1039 Servae
2448 972 2560 1039 Dei
2606 970 2996 1058 Reginaldae
3039 967 3305 1052 Tosetti,
3337 987 3479 1056 par-

1901 1057 2163 1146 ticipare
2225 1062 2428 1127 valeat
2488 1061 2568 1128 de
2615 1057 3169 1127 distributionibus
3214 1055 3481 1123 chorali-

1899 1148 2044 1230 bus,
2094 1149 2381 1236 quamvis
2427 1151 2540 1216 hac
2584 1149 2670 1217 de
2716 1166 2931 1214 caussa
2977 1146 3184 1215 choro
3229 1163 3357 1212 non
3388 1145 3481 1213 in-

1901 1237 2122 1318 tersit3

2032 1329 2218 1394 Sacra
2284 1326 2542 1395 Rituum
2608 1323 3030 1412 congregatio
3105 1321 3478 1410 rescripsit:

1900 1437 1939 1480 ι
1971 1417 2111 1483 Non
2144 1414 2480 1503 indigere;
2529 1425 2593 1480 et
2639 1414 2831 1481 detur
2858 1417 3203 1479 Decretum
3233 1411 3298 1478 in
3326 1413 3484 1479 Nea-

1900 1504 2180 1592 politana
2223 1504 2352 1572 diei
2400 1508 2483 1572 23
2526 1501 2895 1570 Decembris
2948 1504 3140 1584 1817,
3189 1519 3318 1586 quo
3370 1501 3483 1568 de-

1900 1594 2176 1659 claratur
2221 1593 2570 1679 Dignitates
2616 1601 2681 1656 et
2726 1589 3074 1658 canonicos
3119 1589 3359 1676 ubique
3394 1592 3484 1657 lo-

1901 1700 2126 1748 corum
2177 1682 2552 1766 existentes,
2600 1678 2711 1766 qui
2757 1678 3202 1747 construendis
3228 1684 3485 1746 Proces-

1900 1769 2075 1838 sibus
2119 1768 2464 1838 ordinariis
2507 1771 2609 1836 vel
2654 1766 3037 1857 Apostolicis
3084 1785 3343 1854 operam
3378 1771 3486 1837 da-

1902 1861 2096 1944 bunt,
2167 1860 2318 1926 licet
2377 1878 2413 1926 e
2474 1858 2681 1925 chore
2742 1877 2815 1924 ea
2870 1857 2954 1924 de
3013 1874 3195 1921 cansa
3252 1858 3483 1943 absint,

1905 1948 2133 2017 lucrari
2165 1948 2407 2015 nedum
2433 1946 2827 2034 quotidianas
2854 1942 3365 2033 distributiones,
3384 1966 3491 2014 ve-

1902 2055 2049 2104 rum
2082 2036 2272 2103 etiam
2303 2037 2451 2102 alias
2489 2054 2733 2119 omnes,
2768 2053 3176 2121 quocumque
3210 2036 3377 2123 iure,
3414 2036 3488 2103 ti-

1905 2126 2041 2193 tulo
2091 2135 2155 2191 et
2200 2123 2484 2207 nomine,
2534 2135 2599 2190 et
2643 2123 2972 2211 quibusvis
3022 2125 3142 2190 sub
3189 2124 3488 2191 clausulis

1899 2214 2237 2302 personale
2269 2213 2599 2280 servitium
2635 2213 3075 2298 exquirentes.
3111 2216 3242 2279 Hoc
3273 2222 3489 2279 autem

1905 2302 2233 2370 indultum
2279 2302 2491 2368 locum
2540 2301 2772 2368 babere
2818 2300 3202 2387 intelligitur
3238 2301 3314 2375 iis
3359 2312 3488 2368 tan-

1869 2396 2044 2459 ‘tum
2085 2390 2340 2473 diebus,
2374 2390 2602 2477 quibus
2647 2389 3058 2458 conficiendis
3087 2400 3153 2455 et
3182 2389 3489 2457 adornan-

1905 2481 2002 2548 dis
2034 2478 2549 2567 inquisitionibus
2594 2478 2973 2546 incumbunt
2997 2501 3059 2544 ».
3101 2477 3215 2546 Die
3246 2482 3328 2544 27
3362 2479 3489 2544 Au-

1906 2570 2075 2655 gusti
2130 2572 2324 2636 1836.

1905 2709 2011 2777 2¹7
2015 2711 2130 2779 55
2144 2757 2163 2777 .
2409 2709 2970 2776 SENOGALLIEN.

2036 2833 2535 2901 Contradicente
2602 2832 2803 2898 altero
2874 2850 2956 2897 ex
3023 2831 3316 2900 Paroohis
3367 2833 3490 2900 loci

1906 2923 2133 2992 Montis
2196 2921 2352 2989 Novi
2406 2921 2472 2987 in
2516 2919 2804 2988 Dioecesi
2861 2920 3296 3008 Senogallien.
3348 2925 3489 2992 usui

1898 3005 2114 3083 Stolae
2160 3010 2557 3079 deferendae
2602 3030 2634 3074 a
2680 3011 3071 3098 cappellano
3127 3011 3492 3080 confrater-

1901 3101 2115 3169 nitatis
2161 3098 2651 3168 vexillariorum
2711 3096 3007 3164 eiusdem
3056 3097 3217 3187 loci;
3267 3103 3492 3169 Sacrae

1901 3191 2163 3259 Rituum
2208 3187 2702 3276 congregationi
2740 3185 2957 3253 enixas
2989 3186 3315 3258 dederunt
3345 3211 3492 3278 pre·

1903 3299 2012 3347 ces
2058 3278 2307 3344 Priores
2353 3278 2553 3364 ipsius
2598 3274 2960 3344 Sodalitatis
2997 3291 3118 3362 pro
3151 3289 3493 3346 consuetu·

1901 3367 2070 3439 dinis
2113 3366 2621 3450 manutentione,
2671 3373 2863 3450 atque
2911 3365 3183 3453 insuper
3216 3384 3334 3452 pro
3379 3369 3494 3437 de-

1905 3456 2290 3525 claratione:
2339 3458 2504 3524 Num
2547 3454 2916 3540 praedictus
2960 3455 3393 3542 cappellanus
3428 3457 3493 3524 in

1902 3544 2178 3636 publicis
2222 3542 2756 3627 Processionibus,
2807 3544 3188 3610 cadaverum
3238 3545 3495 3612 associa·

1901 3636 2078 3702 tione
2123 3632 2390 3719 aliisque
2437 3629 2899 3716 functionibus,
2935 3630 3171 3717 quibus
3216 3633 3495 3701 interve·

1901 3725 1996 3791 nit
2050 3721 2580 3876 Confragernitas,
2630 3721 2802 3787 Stola
2857 3740 2894 3787 e
2943 3721 3113 3788 collo
3167 3722 3497 3810 pendente

1901 3814 1997 3880 uti
2134 3813 2247 3878 ssit

2034 3831 2655 3967 iffi-:minentissimi
2704 3918 2774 3965 ac
2817 3898 3359 3968 Reverendissimi
3388 3905 3495 3968 Pa-

1904 4000 2045 4057 tres,
2082 3989 2286 4057 Sacris
2316 3988 2573 4058 tuendis
2605 3987 2853 4055 Ritibus
2884 3988 3258 4075 praepositi,
3292 3989 3355 4057 in
3385 3991 3494 4056 Or-

1900 4079 2162 4146 dinariis
2205 4077 2493 4146 comitiis
2523 4076 2599 4143 ad
2631 4074 2956 4155 Quirinale
2988 4075 3240 4160 habitis,
3270 4077 3498 4143 rescri-

1902 4168 2189 4235 bendum
2237 4176 2671 4232 censueruntz
2738 4185 2777 4228 ι
2809 4168 2989 4230 quta
3035 4163 3152 4231 alia
3199 4169 3493 4248 Decreta,

1899 4276 2020 4344 pro
2069 4257 2269 4343 gratia
2308 4277 2377 4322 ιν.
2425 4257 2540 4320 Die
2585 4258 2668 4322 27
2716 4252 2989 4338 Augusti
3042 4256 3235 4320 1836.

1901 4432 2156 4501 2756.
2199 4434 2583 4500 clvlTA‘rls
2629 4432 3233 4500 CASTELLANAE.·
3263 4432 3492 4521 (4797)

2032 4610 2398 4697 capitulum
2447 4620 2512 4676 et
2557 4606 2853 4675 canonici
2899 4607 3221 4675 Ecclesiae
3265 4609 3496 4677 cathe-

1900 4700 2098 4768 dralis
2143 4697 2430 4766 Civitatis
2468 4697 2861 4766 castellanae
2890 4705 3229 4783 exponunt
3258 4700 3492 4765 Rmum

1907 4787 2292 4874 Emygdium
2348 4786 2561 4854 Mattei
2618 4786 3006 4853 Canonicum
3061 4795 3129 4852 et
3173 4785 3494 4854 Vicarium

1901 4875 2279 4944 Generalem
2302 4874 2598 4941 eiusdem
2620 4874 2904 4941 Civitatis
2926 4885 3117 4961 atque
3148 4872 3492 4961 Dioecesis,

1903 4963 1981 5030 ab
2010 4962 2183 5031 Urbe
2232 4981 2441 5051 nuper
2485 4981 2850 5046 reversum,
2883 4973 3097 5030 vestes
3136 4980 3369 5051 gerere
3399 4963 3494 5031 ni-

1904 5052 2002 5140 gri
2037 5052 2294 5135 coloris,
2329 5051 2747 5118 Protonotarii
2781 5050 3131 5138 Apostolici
3164 5051 3493 5153 proprias3

1906 5139 2137 5227 quibus
2185 5150 2375 5207 utens
2419 5140 2774 5226 praesumit
2810 5150 3155 5227 sequentes
3188 5160 3253 5210 m
3281 5151 3495 5239 poste-

1903 5248 2050 5298 rum
2096 5227 2214 5294 sibi
2262 5227 2485 5295 deberi
2542 5228 3099 5311 honorificentias3
3147 5229 3492 5297 nimirum:

2042 5323 2101 5385 1.
2153 5321 2223 5384 ln
2276 5316 2789 5388 processionibus
2851 5316 3217 5404 digniorem
3281 5319 3496 5390 locum

1910 5418 2137 5475 tenere
2180 5406 2260 5474 ad
2303 5405 2639 5473 dexteram
2684 5403 2983 5475 canonici
3030 5408 3201 5476 Stola
3248 5405 3492 5490 induti3

3261 2705 3487 2793 (4796)
3606 2742 3614 2750 -
