4042 5950
2125 288 2542 366 ...96-

697 443 821 511 tius
863 443 928 510 id
977 443 1113 511 fieri
1161 442 1392 511 debeat
1439 463 1519 509 ex
1567 444 1880 530 permissu
1910 455 1976 511 et
2017 444 2273 513 licentia
2370 447 2455 513 sis
2484 446 2791 514 Elhoreu.
2818 446 2987 534 aptid
3020 450 3085 514 S.
3112 452 3187 514 R.
3215 450 3289 514 C.
3316 447 3684 515 humillime
3712 450 3917 534 suppli·

698 531 955 598 Paroohi
1002 535 1077 599 ad
1128 529 1379 598 libitum
1426 530 1852 620 deneganda?

829 624 895 685 4.
944 621 1040 686 Au
1085 619 1280 686 invito
1327 631 1566 685 asserto
1624 624 1888 687 Patrono
1947 641 2063 687 seu
2117 625 2271 708 cap-

697 706 950 795 pellano
997 706 1315 774 Ecclesiae
1365 707 1551 774 liceat
1596 708 1871 774 Parocho
1915 708 2163 775 Missam
2188 709 2273 792 ibi

695 794 1021 862 celebrare
1046 795 1322 880 aliasque
1348 794 1699 862 functiones
1725 797 2114 882 parochiales
2136 798 2272 863 sive

692 882 1066 967 simpliciter
1109 883 1531 949 sacerdotales
1576 882 1936 970 peragere?

822 974 904 1036 Et
937 974 1002 1037 S.
1029 975 1104 1037 R.
1133 972 1234 1053 c.,
1267 970 1586 1037 referente
1615 976 1770 1037 Emo
1805 983 1871 1038 et
1901 975 2060 1039 limo
2086 976 2266 1039 Dom.

692 1059 879 1125 Card.
913 1059 997 1125 de
1021 1056 1397 1142 Gentilibus,
1433 1059 1956 1146 respondendum
1989 1060 2267 1126 censuit:

822 1147 917 1212 Ad
976 1150 1033 1213 1.
1086 1169 1123 1210 ‹
1157 1141 1545 1213 Affirmative
1577 1170 1639 1213 ν.

825 1235 920 1300 Ad
969 1237 1035 1299 2.
1090 1256 1126 1297 «ι
1158 1233 1464 1319 Negative
1504 1257 1569 1302 ι.

822 1322 917 1389 Ad
969 1327 1029 1389 3.
1086 1345 1123 1386 ι
1155 1321 1570 1404 Affirmative,
1625 1324 1829 1408 quoad
1880 1322 2271 1391 administra-

693 1410 931 1477 tionem
976 1409 1364 1479 Sacramenti
1396 1409 1823 1477 Eucharistiae
1857 1410 1920 1476 in
1949 1412 2265 1490 Ecclesia3

691 1508 755 1563 et
802 1499 1010 1585 quoad
1057 1501 1533 1565 Sacramentum
1574 1498 2029 1577 poenitenliae,
2055 1519 2269 1566 serve-

691 1599 791 1652 tur
838 1587 1033 1652 forma
1077 1583 1546 1673 approbationis
1593 1585 1983 1687 Episcopi».

822 1674 916 1740 Ad
968 1677 1030 1739 4.
1082 1697 1119 1738 ‹
1154 1673 1486 1757 Negative,
1520 1673 1637 1739 nisi
1672 1674 1736 1740 in
1767 1673 2008 1742 casibus
2049 1694 2269 1743 neces-

690 1762 888 1827 sitatis
922 1785 988 1827 ν.

817 1849 930 1916 Die
979 1853 1061 1916 20
1111 1847 1251 1916 lulii
1306 1853 1494 1917 1748.

817 1936 1142 2023 Petitaque
1205 1956 1325 2026 per
1378 1937 1806 2024 Praepositum
1876 1950 1941 2004 et
2010 1938 2263 2026 obtenta

685 2044 846 2092 nova
890 2025 1231 2112 audientia,
1269 2030 1498 2094 SSmus
1529 2030 1599 2092 D.
1636 2027 1709 2092 N.
1749 2026 1825 2093 ad
1859 2045 2086 2113 preces
2118 2029 2265 2127 Epi-

686 2113 860 2199 scopi
905 2115 1348 2196 Cremonensis
1393 2112 1806 2201 supplicantis
1842 2133 1923 2180 ne
1964 2133 2046 2180 ex
2081 2114 2265 2206 buius

682 2204 917 2268 Causae
980 2201 1371 2269 resolutione
1433 2200 1894 2287 praeiudicium
1954 2201 2265 2269 inferatur

683 2289 899 2356 usibus
946 2300 1011 2355 et
1056 2289 1625 2358 consuetudinibus
1667 2307 1816 2354 suae
1849 2288 2163 2356 Dioecesis
2194 2312 2264 2357 ac

683 2375 1247 2445 constitutionibus
1277 2376 1708 2464 synodalibus,
1739 2376 1996 2442 attentis
2027 2380 2259 2444 Causae

683 2464 927 2531 meritis
974 2477 1038 2530 et
1086 2465 1433 2532 rationibus
1469 2464 1613 2531 hinc
1647 2464 1796 2530 inde
1842 2463 2161 2547 deductis,
2200 2467 2262 2531 iu

680 2553 999 2619 audientia
1054 2551 1180 2619 diei
1233 2557 1310 2619 17
1359 2552 1594 2639 Aprilis
1645 2553 1809 2619 1749
1856 2551 2146 2617 decrevit
2193 2573 2261 2619 ac

678 2641 970 2708 delinivit
1004 2639 1427 2707 resolutiones
1457 2644 1523 2708 S.
1561 2643 1634 2706 R.
1670 2641 1742 2706 C.
1778 2637 2257 2724 confirmandas,

680 2740 743 2794 et
802 2728 1157 2814 respective
1222 2727 1653 2794 reformandas
1711 2746 1780 2792 ac
1844 2726 2262 2795 moderandas

680 2836 815 2881 esse
865 2815 1056 2882 modo
1105 2814 1214 2899 qui
1260 2816 1597 2901 sequitur:

809 2903 904 2970 Ad
958 2908 1015 2969 1.
1068 2926 1105 2967 ‹
1138 2902 1531 2970 Affirmative
1565 2927 1627 2970 ι.

807 2992 904 3060 Ad
955 2996 1019 3058 2.
1071 3015 1108 3056 ι
1141 2992 1532 3059 Affirmative
1567 3016 1631 3059 ι.

806 3080 901 3146 Ad
953 3085 1015 3147 3.
1068 3103 1105 3144 ι
1139 3079 1530 3146 Affirmative
1597 3081 1804 3165 quoad
1865 3078 2256 3146 administra-

677 3170 911 3236 tionem
958 3169 1343 3236 Sacramenti
1392 3166 1821 3234 Eucharistiae
1855 3168 1916 3233 in
1949 3166 2255 3250 Ecclesia,

673 3279 744 3324 ac
811 3258 875 3323 in
943 3254 1380 3323 celebratione
1447 3255 1771 3321 Hissarum
1842 3264 2122 3331 tantum;
2195 3266 2260 3320 et

674 3344 882 3432 quoad
939 3347 1419 3411 Sacramentum
1479 3340 1952 3426 Poenitentiae,
2014 3354 2259 3409 servata

675 3434 873 3500 forma
917 3428 1384 3519 approbationis
1429 3428 1737 3497 ordinarii
1771 3451 1837 3496 ι».

802 3520 897 3586 Ad
947 3523 1010 3584 4.
1061 3541 1098 3582 ι
1134 3516 1548 3600 Affirmative,
1583 3517 1646 3583 in
1692 3517 2123 3583 functionibus
2155 3539 2258 3605 pa-

671 3604 1054 3674 rochialibus
1104 3616 1385 3689 tantum;
1436 3607 1579 3687 sed,
1627 3605 1881 3694 praevia
1926 3605 2258 3692 participa-

673 3696 846 3761 tione
878 3693 1161 3760 facienda
1192 3692 1599 3781 cappellano,
1637 3702 1706 3758 ut
1741 3692 2078 3760 decentius
2110 3712 2254 3760 cum

675 3804 784 3865 ea,
855 3800 975 3869 qua
1039 3782 1371 3864 convenit,
1434 3780 1767 3848 concordia
1817 3780 2025 3847 omnia
2078 3802 2257 3869 pera-

716 3881 903 3937 antur
936 3890 1001 3933 ».

672 3889 711 3957 g
801 3981 838 4022 ι
871 3955 1351 4041 Declaravitque
1384 3957 1686 4023 Sanctitas
1719 3959 1836 4023 Sua
1887 3960 2255 4055 praesentes

669 4045 1110 4113 Resolutiones
1143 4054 1207 4109 et
1233 4048 1522 4127 Decreta,
1551 4056 1865 4131 tamquam
1899 4045 2111 4111 innixa
2141 4065 2255 4132 pe-

670 4132 1010 4201 culiaribus
1055 4130 1399 4197 rationibus
1445 4142 1512 4197 et
1556 4130 2063 4216 circumstantiis,
2112 4134 2254 4199 nul-

672 4225 804 4289 lum
872 4218 1338 4308 praeiudicium
1410 4220 1647 4285 inferre
1708 4218 1952 4286 dehere
2012 4221 2252 4287 iuribus

667 4310 1094 4397 parochorum
1155 4306 1472 4373 Dioecesis
1530 4309 1739 4393 quoad
1802 4309 1919 4373 alia
1971 4308 2248 4375 Oratoria

667 4410 733 4464 et
764 4397 1076 4463 Ecclesias
1107 4393 1271 4460 intra
1303 4396 1461 4461 fines
1491 4395 1932 4462 Parochiarum
1975 4395 2250 4463 existen-

671 4498 789 4570 tes,
839 4496 904 4552 et
949 4485 1274 4572 signanter
1314 4481 1553 4567 usibus,
1588 4481 2153 4551 consuetudinibus
2186 4494 2251 4548 et

664 4569 1230 4641 constitutionibus
1276 4571 1714 4658 synodalibus,
1745 4589 1900 4656 quas
1945 4570 2149 4637 voluit
2182 4571 2243 4637 in

663 4682 778 4728 suo
827 4662 1056 4728 robore
1106 4677 1483 4747 permanere
1515 4681 1577 4725 iv.

719 4826 730 4837 Ι
796 4753 875 4814 Et
923 4749 1005 4814 ita
1049 4749 1377 4816 silentium
1423 4748 1758 4835 imponens
1803 4747 1950 4815 huic
1996 4759 2246 4815 coutro-

665 4835 932 4920 versiae,
981 4841 1245 4903 Decreta
1290 4836 1714 4924 suprascripta
1760 4835 1995 4904 servari
2044 4837 2247 4904 voluit

665 4943 735 4988 ac
784 4923 1106 5021 registrari
1152 4923 1216 4991 in
1263 4926 1434 4991 Actis
1480 4927 1702 4992 Sacrae
1762 4924 2020 4992 Rituum
2081 4928 2242 4993 con·

666 5009 1080 5096 gregationis.

666 5151 920 5222 2401.
1263 5152 1639 5219 ELBOREN.
2012 5150 2238 5236 (4199)

797 5279 1029 5342 Rector
1054 5283 1118 5339 et
1149 5273 1503 5359 Presbyteri
1533 5273 1850 5338 Ecclesiae
1874 5270 2245 5357 parochialis

2378 545 2623 619 cai-unt,
2658 545 2971 619 quatenus
3000 535 3077 601 ad
3110 535 3631 604 satisfaciendum
3660 536 3921 621 peculiari

2378 640 2599 688 eorum
2650 621 2999 704 devotioni,
3034 642 3222 709 quam
3268 624 3503 691 habent
3535 642 3693 711 erga
3733 623 3923 689 animas

2377 710 2443 776 in
2487 710 2856 799 purgatorio
2904 712 3273 793 existentes,
3308 711 3561 779 eisdem
3597 710 3923 777 facultatem
3962 725 3963 732 ¹

2376 797 2744 865 celebrandi
2803 797 2867 863 iu
2928 799 3206 884 praefata
3262 800 3548 866 Ecclesia
3620 798 3963 886 parochiali³

2376 884 2619 952 Missam
2664 895 2975 953 cantatam
3007 887 3089 953 de
3119 887 3430 972 Requiem
3460 886 3741 974 singulis
3770 885 3925 951 Feriis
3962 887 3963 962 ζ

2372 973 2673 1041 secundis
2714 973 2991 1060 benigne
3040 973 3356 1060 impertiri
3398 975 3819 1061 dignaretur3
3962 981 3963 986 ’

2507 1065 2585 1126 Et
2632 1065 2698 1128 S.
2745 1066 2820 1128 R.
2872 1066 2991 1130 C.:
3041 1085 3078 1126 ι
3112 1063 3383 1129 Gratiam
3439 1063 3713 1148 petitam
3760 1071 3923 1126 orato·
3962 1063 3963 1076 ¹

2376 1147 2572 1232 ribus,
2626 1150 2914 1234 exceptis
2963 1160 3171 1217 tamen
3216 1151 3415 1217 Festis
3461 1150 3711 1237 primae
3756 1161 3815 1213 et
3852 1167 3925 1212 se-

2374 1236 2620 1302 cundae
2652 1236 2863 1303 classis
2892 1238 2999 1303 vel
3031 1236 3302 1324 duplicis
3333 1237 3623 1319 maioris,
3653 1235 3839 1303 Festis
3860 1236 3923 1299 de

2375 1335 2719 1412 praecepto
2777 1337 2841 1391 et
2887 1326 3122 1391 octavis
3180 1325 3446 1411 aliisque
3490 1324 3726 1392 diebus
3768 1322 3925 1410 privi-

2374 1412 2660 1499 legiatis,
2732 1414 3213 1480 concedendam
3265 1432 3402 1479 esse
3472 1412 3763 1489 censuit;
3826 1421 3963 1475 uon‘

2373 1501 2599 1566 omissa
2646 1513 2854 1567 tamen
2903 1501 3079 1566 atissa
3124 1501 3207 1567 de
3238 1505 3424 1568 Festo
3454 1500 3710 1589 duplici
3741 1515 3924 1564 occur·

2373 1598 2560 1654 rente
2590 1610 2655 1653 ».
2708 1587 2817 1653 Die
2869 1594 2945 1655 11
2995 1589 3258 1658 Ianuarii
3312 1592 3505 1658 1749.

2375 1762 2639 1832 2402.
2966 1765 3367 1831 LlSBONEN.
3735 1763 3920 1848 (42⁰⁰)

2503 1935 2805 2002 Nonnulli
2849 1935 3108 2003 Paroohi
3154 1935 3589 2002 Ecclesiarum
3637 1932 3924 2023 parocbia·

2370 2027 2526 2092 lium
2573 2023 2890 2090 minorum
2937 2034 3002 2090 et
3043 2022 3332 2090 filialium
3361 2023 3651 2090 civitatis
3683 2032 3747 2089 et
3774 2019 3924 2090 Dioe-

2365 2115 2527 2181 cesis
2595 2110 2934 2179 Lisbonen.
2994 2131 3027 2177 a
3076 2112 3164 2178 ud
3225 2115 3294 2179 S.
3330 2116 3405 2192 R.
3453 2114 3526 2178 C.
3590 2107 3924 2177 humillime

2364 2201 2806 2289 supplicarunt
2851 2218 2968 2285 pro
3063 2199 3444 2266 eclaratione
3475 2197 3806 2285 sequentis
3830 2197 3923 2261 du-

2369 2289 2483 2373 bii,
2531 2287 2884 2354 videlicet:

2497 2379 2721 2442 Utrum
2772 2375 2835 2440 in
2881 2373 3179 2441 Ecclesiis
3225 2373 3581 2444 minoribus
3630 2371 3921 2476 parochia·

2368 2464 2532 2532 libus
2577 2475 2661 2529 et‹
2689 2461 3011 2545 filialibus,
3064 2463 3125 2528 in
3173 2461 3403 2548 quibus
3449 2483 3584 2530 non
3635 2460 3926 2528 invenitur

2363 2551 2680 2619 sufficiens
2720 2550 3145 2617 Ministrorum
3179 2570 3491 2620 numerus
3519 2563 3588 2616 et
3616 2555 3921 2618 ornamen-

2368 2653 2576 2706 torum
2626 2638 2832 2724 copia,
2880 2649 2951 2704 ut
2997 2639 3201 2705 valeat
3250 2638 3312 2704 in
3356 2639 3621 2726 propria
3668 2639 3775 2705 die
3830 2629 3964 2699 seu*

2362 2726 2685 2794 Dominica
2733 2727 2890 2793 infra
2937 2735 3221 2792 octavam
3269 2730 3526 2792 Festum
3578 2724 3754 2796 ssmi
3797 2725 3923 2789 cor·

2363 2815 2534 2903 poris
2567 2813 2797 2880 christi
2830 2834 2975 2886 cum
3007 2813 3224 2881 debita
3253 2812 3664 2882 solemnitate
3696 2818 3922 2879 Proces-

2360 2902 2453 2968 sio
2487 2902 2821 2985 celebrari,
2857 2901 3054 2991 possit
3086 2889 3241 2968 haec
3275 2900 3415 2968 lieri
3447 2900 3510 2968 in
3540 2913 3921 2988 quacumque

2364 2990 2685 3057 Dominica
2729 3001 2872 3077 post
2916 2982 3219 3057 octavam‘
3247 2990 3537 3057 eiusdem
3587 2988 3755 3058 Festi
3796 2999 3921 3051 cum

2363 3080 2539 3145 Missa
2586 3078 2670 3143 de
2719 3089 2850 3143 tem
2898 3098 3010 3143 ore
3042 3077 3431 3160 occurrenti,
3469 3089 3531 3144 et
3564 3088 3924 3146 commemo·

2364 3167 2604 3233 ratione
2652 3097 2894 3233 ssmig

2492 3258 2572 3320 Et
2617 3256 2680 3320 S.
2717 3258 2791 3320 R.
2829 3256 2933 3338 c.,
2982 3253 3198 3321 audito
3246 3263 3394 3318 voto
3441 3253 3632 3320 unius
3666 3272 3747 3319 ex
3775 3254 3917 3343 qu-

2357 3342 2727 3408 stolicarum
2765 3342 3318 3410 caeremoniarum
3350 3341 3685 3429 magistris,
3720 3353 3917 3405 resen·

2362 3430 2645 3499 bendum
2694 3431 2978 3497 censuit:
3026 3451 3066 3495 ι
3100 3428 3216 3496 Ubi
3262 3429 3584 3497 Processio
3633 3425 3800 3497 ssmi
3831 3424 3917 3487 Sa-

2357 3517 2661 3586 cramenti
2711 3517 2774 3584 in
2818 3517 2956 3585 eius
2986 3523 3169 3585 Festo
3202 3518 3310 3585 die
3338 3518 3444 3583 vel
3478 3536 3598 3602 per
3629 3526 3911 3604 octavam,

2363 3627 2431 3674 ea
2494 3624 2615 3691 qua
2675 3606 2868 3672 decet
2920 3605 3193 3673 solemni
3254 3622 3525 3694 pompa,
3573 3602 3913 3693 nequiverit

2359 3692 2601 3775 haberi,
2651 3691 3004 3778 designabit
3051 3693 3401 3781 Episcopus
3448 3713 3564 3780 pro
3610 3712 3731 3760 suo
3776 3685 3914 3780 arb!-

2360 3782 2480 3848 trio
2527 3791 2592 3847 et
2648 3782 2983 3868 prudentia
3046 3782 3392 3867 uuicuique
3454 3780 3774 3848 Ecclesiae
3820 3771 3911 3838 alt·

2356 3887 2543 3955 quam
2584 3888 2665 3934 ex
2709 3869 3124 3954 sequentibus
3156 3869 3516 3963 Dominicis,
3554 3869 3617 3936 in
3646 3886 3795 3954 qua,
3827 3876 3912 3951 ⁰⁶7

2356 3956 2595 4023 lehrata
2653 3956 2828 4022 Missa
2884 3976 3029 4024 cum
3088 3956 3693 4025 commemoratione
3760 3952 3908 4021 SSfiss

2356 4046 2766 4128 Sacramenti,
2804 4043 2975 4111 iuxta
3017 4044 3433 4112 Rubricarum
3482 4042 3909 4132 praescriptam

2354 4149 2680 4215 normam,
2728 4133 3031 4199 solemnis
3093 4133 3261 4200 illius
3325 4132 3645 4200 Processio
3715 4138 3904 4219 perag·

2354 4220 2550 4306 possit
2583 4242 2649 4286 ».
2702 4225 2778 4286 Et
2825 4220 2904 4285 ita
2936 4220 3306 4287 declaravit.
3342 4221 3458 4288 Die
3488 4225 3530 4288 8
3562 4219 3696 4287 Maii
3735 4213 3900 4283 1749.

2945 4354 3354 4462 PATAviivA.

2357 4394 2615 4463 2403.
3700 4382 3902 4480 (4203)

2482 4573 2640 4636 Cum
2688 4589 2769 4634 ex
2823 4580 3004 4656 parte
3049 4567 3324 4652 Magistri
3369 4565 3899 4635 caeremoniarum

2349 4658 2869 4744 Congregationis
2927 4660 2991 4723 S.
3045 4656 3312 4743 Philippi
3368 4655 3539 4721 Nerii
3598 4652 3900 4745 Patavinae

2350 4744 2651 4898 Cixgtatis,
2701 4744 2869 4830 apud
2918 4749 2981 4814 S.
3031 4749 3107 4812 R.
3155 4748 3230 4811 C.
3288 4743 3683 4832 propositum
3730 4740 3899 4808 fuertl

2348 4834 2435 4903 du
2482 4834 2642 4915 ium,
3477 4884 3485 4892 .

2443 4926 2570 4988 An
2615 4922 2950 4989 Instructio
2995 4941 3113 5008 pro
3157 4920 3449 4989 Oratione
3510 4913 3895 5004 quadraginta

2348 5011 2640 5077 horarum
2692 5014 2965 5094 Romae,
3017 5011 3187 5076 iussu
3234 5008 3408 5075 felic.
3460 5007 3712 5076 record.
3772 5000 3895 5068 Cle·

2349 5097 2575 5165 mentis
2621 5101 2701 5165 XI
2750 5100 3027 5197 primum
3076 5096 3281 5180 edita,
3331 5095 3520 5161 etiam
3578 5106 3754 5161 extra
3797 5090 3892 5154 Ur·

2344 5185 2494 5251 bem
2537 5190 2775 5250 servari
2822 5188 3017 5271 possit
3063 5198 3127 5252 et
3173 5182 3459 5252 debeat?

2475 5276 2539 5337 S.
2576 5276 2649 5338 lt.
2687 5276 2756 5338 c.
2792 5274 3162 5360 respondit:
3200 5296 3237 5337 ι
3264 5270 3652 5339 Praedictam
3683 5274 3890 5337 Instru-

664 5369 729 5432 S.
768 5361 1228 5431 Bartholomaei
1272 5363 1393 5427 loci
1423 5361 1508 5427 de
1541 5360 1702 5427 Villa
1735 5361 1956 5426 Vicosa
1988 5358 2244 5423 Dioece-
2342 5359 2619 5424 ctionem
2668 5370 2843 5425 extra
2876 5361 3109 5427 Urbem
3142 5380 3271 5427 non
3301 5358 3625 5445 obligare;
3661 5355 3887 5424 laudan·
