4042 5950
1566 313 1671 327 --
1734 268 1870 346 131
1936 255 2039 328 «έ-

200 426 445 492 dinalem
492 426 559 490 S.
609 423 835 509 Angeli
884 423 1263 491 humillimis
1309 426 1613 510 precibus
1642 429 1750 491 Pa-

205 525 348 577 trum
369 511 884 599 congregationis
907 512 1169 578 Oratorii
1197 514 1262 591 S.
1287 511 1444 578 Phili
1495 512 1559 598 pi
1582 512 1750 579 Nerii

201 610 422 664 erectae
492 600 556 666 in
604 600 749 665 villa
812 603 877 668 S.
931 599 1249 665 Michaelis
1302 604 1436 665 Meo
1488 619 1755 667 eacanae

199 686 482 753 Dioecesis
509 688 569 752 in
593 687 882 754 America
911 707 1027 753 seu
1051 706 1212 753 nova
1236 687 1523 775 Hispania
1557 691 1751 756 SSmo

202 774 431 841 Domino
475 779 700 842 Nostro
751 775 1070 842 Clementi
1114 777 1313 863 Papae
1345 777 1480 842 Xlll
1525 796 1751 863 porre-

197 862 316 946 ctis,
349 875 409 928 et
438 885 469 929 a
503 863 845 932 Sanctitate
892 868 1016 932 Sua
1065 862 1279 930 eidem
1326 866 1392 930 S.
1428 865 1502 929 R.
1541 867 1614 930 C.
1653 884 1753 931 re-

199 951 406 1034 missis,
463 950 728 1037 quibus,
794 951 1121 1017 occasione
1181 950 1751 1040 supplicationum,

197 1058 334 1123 quae
378 1039 696 1106 ordinarie
747 1040 907 1105 inl'ra
954 1056 1216 1124 annum,
1250 1042 1355 1108 vel
1404 1039 1756 1108 extraordi-

197 1125 367 1208 narie,
414 1128 617 1213 aliqua
665 1139 941 1215 urgente
990 1147 1195 1208 causa,
1232 1127 1297 1193 in
1332 1128 1558 1194 eadem
1593 1127 1754 1195 Villa

197 1226 599 1301 peraguntur,
663 1216 970 1281 declarari
1032 1217 1366 1299 petierunt
1421 1217 1753 1301 sequentia

198 1302 292 1366 tria
336 1304 724 1389 infrascripta
771 1303 992 1384 dubia,
1042 1322 1326 1391 nempe:

307 1394 363 1455 1.
411 1395 504 1459 An
556 1391 711 1458 dicti
744 1394 956 1458 Patres
989 1402 1330 1458 teneantur
1360 1392 1754 1459 intervenire

194 1478 356 1544 sacris
396 1478 994 1567 supplicationibus,
1030 1499 1192 1564 quae
1240 1480 1402 1546 flunt
1434 1479 1757 1546 ordinarie

196 1567 326 1632 inira
368 1588 628 1652 annum,
680 1567 782 1633 vel
835 1567 1363 1651 extraordinarie,
1412 1568 1621 1653 aliqua
1653 1589 1759 1634 ur·

195 1669 361 1742 gente
407 1655 647 1724 causa?

302 1749 360 1810 2.
407 1750 505 1811 An
537 1794 555 1830 ,
606 1764 753 1810 casu
801 1763 930 1828 quo
979 1755 1317 1810 teneantur
1362 1745 1759 1811 intervenire

193 1834 279 1899 vel
307 1826 560 1899 ‘invitati
609 1842 841 1918 sponte
887 1831 1321 1898 interveniant
1365 1850 1484 1917 pro
1531 1833 1755 1934 populi

67 1967 68 1972 η
193 1921 632 2004 aedificatione,
685 1921 988 1986 incedere
1036 1920 1314 1987 debeant
1361 1930 1542 1985 veste
1578 1939 1756 2008 nigra

194 2019 246 2072 et
286 2010 480 2097 capite
550 2019 820 2097 aperto;
882 2009 989 2074 vel
1039 2007 1254 2095 potius
1315 2026 1462 2073 cum
1533 2026 1758 2095 super-

194 2097 442 2182 pelliceo
490 2106 562 2164 et
611 2094 874 2162 bireto?

303 2189 361 2251 3.
410 2187 507 2251 An
557 2186 606 2250 si
660 2184 1098 2251 interveniunt
1131 2181 1480 2270 praedictis
1514 2204 1588 2250 su
1641 2184 1763 2271 pli·

191 2271 509 2339 rationibus
545 2273 820 2340 debeant
852 2273 1250 2359 praecedere
1297 2271 1596 2358 Regulari
1648 2293 1758 2358 us:

194 2361 276 2426 ve!
320 2361 531 2447 potius
577 2361 670 2426 eis
714 2359 1236 2446 praecedentiam
1272 2357 1678 2426 concedere?

305 2455 374 2514 Et
405 2451 469 2515 S.
507 2452 585 2515 R.
625 2453 726 2532 C.,
761 2449 971 2516 audita
1007 2449 1320 2514 relatione
1350 2447 1491 2512 Emi
1526 2460 1592 2513 et
1622 2449 1761 2514 Rmi

192 2537 408 2602 Domini
454 2536 812 2603 cardinalis
857 2539 923 2603 S.
974 2535 1206 2621 Angeli
1275 2535 1600 2618 Ponentis,
1658 2535 1760 2601 cui

193 2623 325 2690 haec
356 2625 588 2691 eadem
632 2625 761 2710 ipsa
795 2623 984 2691 dubia
1034 2622 1448 2690 examinanda
1498 2623 1762 2690 commi·

191 2723 358 2796 serat,
411 2713 903 2781 rescribendum
951 2713 1241 2779 censuit:

305 2801 393 2869 Ad
444 2804 510 2867 1.
563 2824 601 2864 «
637 2799 1031 2867 Affirmative
1067 2823 1128 2864 ν.

301 2889 390 2955 Ad
442 2893 514 2955 2.
565 2911 603 2953 ι
635 2887 968 2976 Negative,
1018 2891 1092 2954 ad
1143 2886 1414 2977 primam
1470 2897 1760 2974 partem;

192 2976 587 3060 Affirmative,
636 2979 710 3044 ad
761 2978 1109 3044 secundam
1148 2999 1211 3040 ν.

299 3066 393 3132 Ad
441 3070 512 3133 3.
564 3089 599 3128 a:
638 3064 1051 3149 Affirmative,
1079 3065 1155 3131 ad
1183 3062 1454 3150 primam
1480 3075 1760 3149 partem;

190 3153 503 3239 Negative,
555 3154 633 3220 ad
681 3153 1029 3220 secundam
1068 3175 1129 3216 ν.

301 3245 376 3306 Et
434 3242 520 3307 ita
577 3241 923 3307 declaravit
985 3250 1052 3305 et
1110 3239 1350 3306 servari
1412 3241 1762 3308 mandavit.

193 3328 284 3391 Die
328 3333 402 3395 2¹
459 3330 730 3397 Ianuarii
769 3332 961 3396 1769.

190 3468 427 3536 2486.
749 3469 1192 3535 DERTUSEN.

305 3597 387 3656 Ex
438 3603 624 3677 parte
672 3591 969 3675 Capituli,
1007 3589 1472 3656 canonicorum
1508 3589 1765 3655 univer-

185 3676 349 3762 sique
380 3680 583 3761 Cleri,
621 3683 892 3745 Senatus
926 3688 990 3745 et
1023 3677 1247 3764 populi
1294 3677 1580 3743 Civitatis
1611 3681 1764 3743 Der-

189 3777 382 3834 tusen.
432 3767 607 3855 apud
657 3771 724 3832 S.
773 3770 850 3833 R.
886 3769 955 3832 C.
1010 3764 1375 3851 expositum
1407 3764 1556 3846 suit,
1591 3766 1765 3850 quod

1532 3467 1760 3554 (43:50)

67 3894 71 3921 ι
187 3872 314 3919 cum
371 3856 619 3923 flumen
687 3852 828 3919 lber
894 3857 1226 3919 Der-tusam
1294 3851 1765 3940 praeterfluens

67 3978 70 3987 ·
187 3941 352 4006 nimis
403 3941 801 4024 intumescit,
859 3954 925 4008 et
965 3942 1178 4008 omnis
1238 3941 1494 4025 generis
1543 3940 1765 4007 fructi·

67 4160 68 4165 κ
186 4118 570 4186 memorabili

189 4030 292 4095 bus
333 4043 397 4096 et
448 4030 633 4096 bonis
680 4030 1065 4097 detrimenta
1120 4029 1477 4110 minitatur,
1527 4028 1605 4093 ab
1652 4029 1766 4094 im-

653 4129 781 4184 tem
833 4138 946 4184 ore

188 4204 361 4273 fuisse
419 4225 673 4274 morem
735 4208 790 4271 a‘
857 4225 1015 4292 ‚prae
1066 4204 1172 4272 icti
1237 4204 1516 4272 fluminis
1560 4204 1763 4290 ripam

187 4294 733 4378 processionaliter
787 4294 1135 4377 accedere,
1208 4293 1535 4361 afferendo
1596 4294 1770 4360 Reli-

187 4382 380 4464 quiam
443 4387 516 4451 S.
581 4381 900 4451 candidae
961 4382 1250 4447 eiusdem
1312 4379 1598 4448 Civitatis
1656 4385 1762 4447 Pa-

189 4480 390 4537 tronae
459 4481 805 4556 argenteae
873 4487 1073 4536 urnae
1146 4468 1345 4554 ipsius
1415 4470 1481 4534 S.
1547 4470 1769 4556 Imagi-

186 4576 317 4622 nem
363 4558 678 4626 referenti
727 4557 1063 4639 inclusam,
1115 4575 1417 4641 eamque,
1468 4556 1767 4622 universo

186 4658 508 4731 spectante
555 4646 841 4733 populo,
894 4645 954 4712 in
1002 4644 1169 4712 lberi
1217 4642 1496 4710 fluminis
1543 4663 1767 4729 aquam

187 4730 520 4819 intingere,
572 4735 688 4801 bac
732 4752 847 4819 spe
897 4743 966 4798 ut
1012 4737 1181 4799 Deus
1223 4734 1376 4818 Opt.
1417 4735 1578 4797 Max.
1616 4734 1768 4799 San-

67 4834 68 4841 *
185 4832 306 4885 ctae
351 4823 674 4890 Candidae
722 4820 1183 4887 intercessione
1231 4819 1771 4887 intumescentem

186 4905 411 4977 llumen
444 4911 608 4977 intra
643 4912 848 4997 ripam
895 4908 1202 4975 cohibere
1249 4905 1653 4994 dignaretur.
1691 4909 1772 4972 At

187 5014 322 5061 vero
371 5017 518 5064 cum
569 4999 745 5065 bisce
791 4995 1147 5062 novissimis
1195 4995 1597 5080 temporibus
1629 5011 1770 5081 gra-

188 5083 339 5149 viter
387 5086 750 5153 dubitatum
801 5083 1037 5150 fuerit:
1090 5085 1182 5149 An
1234 5081 1565 5171 legitimus
1593 5083 1676 5148 sit
1711 5094 1773 5148 et

185 5169 412 5240 decens
485 5172 880 5260 praenarrati
957 5173 1118 5238 ritus
1190 5184 1255 5237 et
1331 5170 1772 5237 caeremoniae

313 5367 395 5439 (1)
431 5369 488 5427 E.
525 5368 669 5426 nun.
705 5367 758 5423 3.

1109 4137 1140 4182 r
1209 4117 1376 4203 ipsos
1441 4118 1788 4184 servatum‘

1855 443 2031 509 usus,
2067 428 2170 493 vel
2220 428 2433 513 potius
2480 428 2785 495 indecens
2834 438 2897 495 et
2942 428 3449 517 superstitiosus,

1855 533 1934 578 eo
1968 514 2166 599 magis
2198 514 2344 600 quia
2390 516 2677 602 synodali
2726 518 3195 585 Constitutione
3243 516 3455 583 buius-

1857 602 2028 669 modi
2079 602 2243 668 ritus
2277 603 2535 670 omnino
2567 604 3068 691 prohibeantur:
3112 614 3457 692 eapropter

1856 689 2006 757 huic
2052 693 2116 756 S.
2169 694 2242 757 R.
2294 696 2365 759 C.
2418 691 2757 758 universus
2805 693 3030 760 Clerus
3075 702 3140 757 et
3173 692 3454 778 populus

1855 779 2259 844 Dertusensis
2307 779 2674 846 humillime
2720 780 3150 865 supplicavit,
3202 790 3274 846 ut
3340 779 3453 846 de-

1857 865 2099 931 clarare
2148 865 2567 952 dignaretur:
2620 871 2845 934 Utrum
2907 868 3230 954 praefatus
3295 868 3457 932 ritus

1856 953 2167 1019 hactenus
2214 964 2502 1022 servatus
2547 956 2622 1022 ab
2674 956 2900 1022 iisdem
2938 957 2997 1022 in
3042 954 3455 1041 supplicatio·

1857 1041 2046 1108 nibus
2092 1040 2233 1107 fieri
2281 1042 2483 1112 solitis
2516 1043 2592 1110 ad
2625 1043 2929 1110 arcendas
2963 1040 3123 1109 Iberi
3175 1042 3455 1110 fluminis

1858 1128 2291 1216 irruptioneS,
2344 1130 2410 1196 in
2469 1142 2802 1219 posterum
2866 1132 2959 1197 uti
3007 1131 3218 1198 licitus
3267 1140 3333 1196 et
3379 1130 3456 1196 ab

1858 1219 2031 1284 omni
2082 1217 2542 1303 superstitione
2586 1239 2822 1286 vacuus
2885 1218 3153 1286 retineri
3214 1219 3452 1306 possit:

1858 1325 1937 1373 an
1994 1323 2154 1371 vero
2223 1317 2540 1391 tamquam
2610 1306 3096 1391 irrationabilis,
3148 1306 3456 1373 indecens

1858 1406 1924 1460 et
1953 1393 2392 1548 superstitioni
2424 1395 2755 1480 proximus
2785 1395 3024 1464 aboleri
3051 1394 3313 1481 penitus
3345 1394 3457 1459 de-

1860 1483 2007 1551 beat

1997 1575 2071 1636 Et
2117 1574 2187 1638 S.
2219 1574 2298 1637 R.
2331 1572 2435 1651 C.,
2472 1569 2547 1635 iis
2593 1570 2891 1639 omnibus
2922 1589 3086 1656 quae
3118 1590 3315 1657 super
3346 1589 3456 1634 ex-

1859 1658 2083 1744 positis
2105 1657 2570 1744 perpendenda
2606 1670 2788 1725 erant
2822 1669 3070 1725 mature
3096 1659 3457 1745 perpensis,

1860 1745 1937 1812 ad
1987 1746 2365 1813 relationem
2417 1747 2561 1813 Emi
2607 1756 2673 1811 et
2731 1747 2870 1813 Rmt
2930 1747 3181 1812 Domini
3243 1745 3455 1812 Cardi-

1859 1833 2017 1900 nalis
2050 1833 2274 1901 Albani
2305 1834 2605 1922 Episcopi
2647 1834 2947 1901 Sabinen.
3001 1836 3321 1909 Ponentis,
3359 1852 3457 1896 re·

1861 1921 2279 1989 scribendum
2324 1923 2613 1990 censuit:
2663 1941 2701 1986 ι
2734 1925 3047 1988 Servetur
3077 1920 3457 1989 Constitutio

1813 2033 1817 2038 ·
1856 2009 2180 2095 synodalis
2212 2031 2273 2074 ›.
2308 2015 2385 2075 Et
2419 2009 2499 2074 ita
2535 2010 2885 2076 declaravit
2916 2029 2986 2076 ac
3012 2008 3250 2075 servari
3286 2025 3457 2073 man-

1864 2096 2064 2163 davit.
2116 2097 2231 2165 Die
2283 2101 2362 2163 12
2410 2098 2812 2183 Septembris
2865 2100 3056 2166 1769.

1869 2237 2119 2305 2487.

1994 2357 2233 2427 Relatis
2277 2378 2402 2445 per
2450 2363 2678 2427 Emum
2730 2368 2795 2425 et
2841 2362 3072 2426 Binum
3121 2359 3455 2425 Dominum

1863 2446 2270 2514 Cardinalem
2303 2469 2335 2512 a
2364 2447 2630 2514 Lanceis
2664 2448 2724 2515 in
2760 2450 2829 2516 S.
2862 2450 2940 2513 R.
2974 2450 3044 2513 C.
3084 2445 3460 2513 humillimis

1866 2534 2168 2623 precibus
2213 2536 2351 2601 Rmi
2400 2534 2885 2623 Archiepiscopi
2932 2533 3248 2600 Turritani
3276 2584 3292 2617 ,
3341 2553 3459 2620 pro

1864 2623 2297 2691 declaratione
2334 2622 2877 2708 infrascriptorum
2913 2620 3253 2690 dubiorum
3298 2622 3460 2688 circa

2435 2237 2909 2303 ruentum.
3229 2236 3457 2321 (tasi)

1743 2764 1763 2785 .
1868 2709 2390 2777 reformationem
2443 2711 2797 2779 Calendarii
2860 2729 3009 2777 suae
3069 2709 3351 2776 Civitatis
3397 2719 3463 2773 et

1867 2797 2213 2882 Dioecesis,
2264 2799 2458 2864 enixe
2504 2799 2950 2887 supplicantis,
2998 2815 3280 2884 nempe:

2007 2891 2066 2951 1.
2120 2889 2214 2952 An
2261 2886 2621 2973 abroganda
2668 2888 2795 2953 sint
2855 2885 3068 2954 Officia
3120 2890 3459 2973 Martyrum

1870 2974 2353 3042 Turritanorum
2400 2971 2864 3062 baptizatorum
2886 2973 2920 3040 ’ἓ

2001 3066 2066 3127 2.
2103 3063 2197 3128 An
2231 3062 2722 3129 concedendum
2743 3062 2825 3128 sit
2846 3062 3133 3129 Officium
3166 3063 3250 3128 de
3276 3066 3460 3128 Com·

1865 3148 2046 3217 muni
2093 3149 2521 3233 plurimorum
2572 3154 2917 3249 Martyrum
2964 3150 3168 3216 semel
3204 3151 3268 3215 in
3297 3167 3461 3214 anno

1872 3237 2267 3304 recitandum
2320 3237 2428 3303 die
2478 3237 2553 3302 ab
2600 3237 2932 3304 ordinario
2981 3236 3367 3323 designanda
3404 3236 3462 3301 in

1868 3327 2183 3477 bonogem
2232 3327 2608 3392 Sanctorum
2676 3328 3023 3411 Martyrum
3095 3326 3461 3391 Turritano·

1871 3432 2012 3480 rum
2115 3413 2209 3498 (1)

1999 3505 2063 3567 3.
2117 3501 2211 3566 An
2256 3505 2517 3567 Festum
2571 3504 2635 3567 S.
2688 3501 2893 3569 iacobi
2943 3499 3229 3589 Apostoli
3263 3521 3295 3564 a
3328 3498 3459 3565 ritu

1865 3588 2111 3675 duplici
2162 3588 2405 3675 primae
2456 3589 2668 3655 classis
2716 3608 2862 3656 cum
2895 3599 3110 3655 octava
3144 3590 3461 3655 reducen-

1865 3679 2023 3743 dum
2056 3677 2136 3741 sit
2167 3677 2243 3742 ad
2280 3676 2474 3743 ritum
2519 3678 2842 3743 secundae
2877 3676 3089 3744 classis
3120 3675 3258 3741 sine
3291 3686 3462 3740 octa—

1865 3784 1964 3847 va,
2017 3775 2208 3851 prout
2256 3763 2622 3830 inscribitur
2672 3766 2734 3830 in
2794 3763 3114 3832 Breviario
3177 3767 3461 3830 Romano

1869 3851 1975 3918 die
2025 3856 2111 3918 25
2160 3848 2352 3918 tulii?
2416 3864 2479 3918 et
2538 3873 2615 3919 an
2663 3852 3101 3937 abrogandum
3151 3851 3339 3919 etiam
3384 3850 3464 3916 sit

1868 3943 2123 4006 Festum
2148 3939 2598 4007 'translationis
2630 3940 2919 4008 eiusdem
2944 3939 3258 4026 Apostoli,
3289 3940 3463 4025 quod

1866 4025 2232 4094 celebratur
2278 4026 2384 4093 die
2434 4031 2518 4096 30
2568 4025 2998 4095 Decembris?

2001 4119 2082 4180 Et
2129 4118 2198 4181 S.
2224 4118 2300 4182 R.
2330 4119 2434 4199 C.,
2461 4117 2679 4182 audito
2727 4115 2906 4202 prius
2935 4135 3135 4202 super
3168 4114 3465 4202 praefatis

1867 4203 2083 4271 dubiis
2127 4214 2279 4268 voto
2329 4204 2515 4270 unius
2563 4222 2642 4270 ex
2693 4202 3198 4290 Apostolicarum
3235 4205 3468 4269 Caere·

1865 4291 2225 4359 moniarum
2275 4292 2609 4377 magistris,
2646 4290 3137 4357 rescribendum
3172 4290 3460 4357 censuit:

2000 4379 2096 4447 Ad
2154 4381 2215 4444 1.
2262 4403 2301 4444 ι
2334 4380 2725 4447 Affirmative
2756 4403 2820 4444 ».

2001 4468 2095 4534 Ad
2146 4470 2211 4532 2.
2265 4488 2303 4533 ι
2336 4472 2454 4534 Pro
2501 4468 2703 4555 gratia
2747 4467 2919 4534 iuxta
2965 4476 3187 4532 votum
3221 4489 3285 4531 ιν.

2002 4556 2097 4624 Ad
2148 4559 2212 4623 3.
2261 4579 2300 4620 ‹
2336 4555 2725 4623 Affirmative
2756 4603 2777 4639 ,
2838 4556 3047 4640 quoad
3120 4565 3461 4638 utramque

1870 4655 2123 4731 partem
2155 4666 2220 4709 ».
3377 4685 3388 4695 -

2004 4739 2083 4798 Et
2131 4732 2211 4797 ita
2273 4731 2619 4798 declaravit
2676 4752 2746 4797 ac
2807 4729 3048 4797 servari
3111 4727 3458 4795 mandavit.

1870 4819 1983 4885 Die
2041 4823 2117 4885 12
2166 4819 2563 4906 Septembris
2615 4822 2807 4886 1769.

1875 4958 2136 5027 2488.
2488 4961 2877 5026 GORlTIEN.

2005 5080 2287 5147 Remissa
2333 5082 2409 5146 ab
2458 5086 2615 5147 Emo
2665 5091 2728 5145 et
2765 5085 2924 5147 Rmo
2957 5079 3221 5146 Domino
3253 5079 3468 5146 Cardi-

1876 5170 2002 5236 nali
2050 5170 2463 5235 Pro-Datario
2511 5170 2585 5235 ad
2638 5171 2704 5236 S.
2749 5172 2828 5236 R.
2875 5171 2948 5235 C.
3001 5188 3119 5255 pro
3166 5179 3315 5233 voto
3377 5168 3467 5233 in·

3234 4958 3461 5043 (4352)
