4042 5950
1605 243 2079 322 -159—

201 406 505 489 decrevit,
572 418 641 472 ut
702 407 888 492 infra,
946 406 1296 473 videlicet:
1360 403 1781 483 ‹Canonicos

203 496 392 560 teneri
456 514 640 560 suam
697 509 1022 582 praestare
1084 494 1501 562 assistentiam
1564 492 1784 559 Archi·

198 581 571 669 presbytero
620 583 682 648 in
732 584 941 650 officio
980 582 1233 649 Diaconi
1270 592 1338 648 et
1370 582 1778 663 subdiaconi,

198 675 335 737 dum
384 671 775 737 solemniter
821 673 1108 739 celebrat
1155 674 1219 737 in
1266 670 1613 759 collegiata
1649 679 1782 734 tan·

200 770 366 825 tum:
433 760 793 825 Canonicos
851 780 1005 826 vero
1069 759 1157 849 pii
1205 759 1419 847 operis
1481 756 1779 823 Gabrielli

199 848 383 913 teneri
414 849 835 915 solummodo
868 849 943 915 ad
982 850 1247 914 formam
1275 846 1686 913 institutionis
1713 867 1778 911 ιι.

198 935 295 1001 013
338 939 423 1001 20
473 936 618 1002 Maii
674 940 868 1004 1801.
1364 965 1376 974 ·

194 1112 438 1179 2555.
810 1113 1152 1179 PARMEN.
1547 1108 1780 1195 (4476)

306 1293 471 1355 Cum
522 1290 820 1356 Director
870 1289 1227 1357 calendarii
1274 1289 1593 1356 Dioecesis
1639 1293 1779 1355 Par·

196 1397 351 1443 men.
400 1380 690 1466 supplex
738 1379 933 1445 fuerit
980 1379 1055 1445 ad
1108 1382 1172 1446 S.
1210 1382 1284 1445 R.
1323 1382 1423 1457 C.,
1475 1388 1545 1444 ut
1595 1377 1781 1443 infra-

193 1466 494 1554 scriptum
548 1466 817 1535 dubium
850 1466 1178 1534 declarare
1225 1466 1628 1551 dignaretur,
1664 1465 1783 1532 sci-

193 1554 375 1620 licet:
427 1558 530 1621 An
580 1554 903 1622 Dominica
951 1554 1112 1621 infra
1147 1565 1431 1621 octavam
1465 1554 1781 1621 Solemni-

194 1642 320 1706 tatis
364 1644 677 1733 Corporis
722 1643 981 1726 Christi,
1020 1643 1189 1709 iniis
1239 1644 1394 1709 locis
1442 1644 1505 1710 in
1550 1641 1780 1728 quibus

192 1729 341 1796 dicta
409 1744 635 1798 octava
691 1733 936 1819 respuit
981 1732 1192 1799 omnia
1240 1736 1444 1815 Festa,
1492 1742 1778 1818 praeter-

192 1837 359 1900 quam
384 1820 643 1907 primae
668 1822 907 1906 classis,
935 1822 1211 1908 gaudeat
1235 1820 1579 1908 privilegio
1614 1829 1780 1885 octa·

190 1925 318 1990 vae,
378 1909 784 1976 excludendi
846 1910 1094 1977 scilicet
1141 1911 1225 1975 tx
1273 1908 1649 1975 Lectionem
1697 1907 1777 1973 de

192 1998 356 2061 Festo
404 1997 691 2084 simplici
738 1996 800 2064 in
849 2018 922 2064 ea
968 1995 1408 2064 occurrente?

276 2088 381 2157 ,Et
414 2089 481 2153 S.
525 2090 603 2151 R.
640 2089 742 2169 C.‚
776 2085 1089 2172 exquisita
1123 2085 1442 2152 sententia
1475 2085 1663 2151 unius
1697 2103 1777 2149 ex

66 2183 69 2194 '
188 2175 689 2258 apostoticarum
733 2174 1294 2242 caeremoniarum
1332 2172 1646 2259 magistris
1678 2192 1777 2237 ea·

187 2279 301 2345 qne
334 2264 504 2350 typis
539 2266 863 2351 evulgata,
890 2282 957 2329 ac
984 2263 1313 2329 referente
1338 2267 1496 2328 Emo
1530 2273 1596 2328 et
1620 2266 1777 2328 Rmo

193 2351 437 2417 Domino
491 2352 808 2420 Cardinali
858 2353 941 2418 de
989 2350 1260 2418 Somalia
1307 2352 1493 2418 Urbis
1532 2349 1778 2418 Vicario

190 2449 245 2502 et
274 2443 335 2505 S.
380 2444 455 2508 R.
496 2445 571 2508 C.
610 2442 968 2523 Praefecto,
1006 2440 1334 2526 rescripsit
1366 2463 1382 2505 :
1434 2462 1470 2504 α
1498 2440 1779 2507 Affirma-

190 2526 304 2592 tive
338 2552 401 2595 1».
465 2530 584 2596 Die
640 2534 717 2596 16
766 2528 1166 2617 Septembris
1218 2532 1414 2597 1801.

191 2691 439 2772 2550.

700 2708 1232 2774 TARRActNEN.
1544 2702 1771 2791 (4483)

300 2885 593 2947 Ponente
627 2885 784 2946 Emo
834 2892 899 2946 et
930 2885 1088 2948 Rmo
1135 2881 1456 2949 Card.-de
1504 2880 1773 2946 Somalia

188 2970 531 3053 Praefecto,
566 2969 901 3055 sequentia
927 2968 1118 3037 dubia
1150 2968 1550 3039 discutienda
1577 2981 1643 3035 et
1667 2970 1776 3036 de·

66 3072 67 3083 ²
189 3057 449 3124 finienda
485 3058 814 3145 proposita
856 3070 1032 3143 sunt,
1083 3060 1254 3125 inter
1298 3058 1665 3144 Capitulum
1713 3069 1779 3123 et

186 3147 520 3213 Canonicos
571 3146 893 3213 Ecclesiae
940 3146 1222 3213 matricis
1255 3150 1320 3214 S.
1357 3148 1584 3213 Mariae
1631 3149 1776 3214 Ser-

188 3244 467 3301 monetae
501 3234 822 3302 Dioecesis
856 3236 1260 3303 Tarracinen.
1290 3255 1373 3300 ex
1409 3256 1555 3326 una,
1583 3246 1776 3321 atque

188 3322 481 3390 Abbatem
546 3326 855 3390 Curatum
916 3344 986 3395 ac
1052 3324 1471 3391 Beneficiatos
1532 3328 1597 3391 S.
1668 3327 1775 3393 Mi·

185 3412 405 3478 chaelis
452 3413 842 3500 Archangeli
893 3433 973 3478 ex
1019 3416 1217 3480 altera
1263 3412 1576 3499 partibus,
1629 3433 1775 3483 con-

66 3508 67 3555 t
189 3502 423 3567 cordata
451 3519 472 3581 ;
530 3499 843 3568 videlicet
870 3526 887 3569 :

306 3594 361 3655 1.
417 3595 519 3656 An
565 3590 629 3658 in
682 3589 1222 3672 processionibus,
1275 3590 1338 3657 in
1384 3591 1617 3677 quibus
1681 3595 1775 3660 in-

186 3688 422 3746 tersunt
475 3692 602 3745 tam
663 3679 979 3746 Parochus
1027 3690 1093 3745 et
1145 3678 1514 3746 Beneficiati
1563 3683 1629 3748 S.
1667 3682 1775 3748 Mi-

187 3766 409 3833 chaelis
459 3767 874 3852 Archangeli,
910 3786 1099 3852 quam
1136 3767 1675 3856 Archipresbyter
1709 3780 1773 3836 et

186 3855 472 3923 canonici
498 3858 821 3924 Ecclesiae
842 3860 908 3924 S.
930 3856 1152 3922 Mariae
1187 3876 1283 3922 ma
1294 3856 1492 3940 tricia,
1512 3878 1774 3945 praece-

186 3943 324 4010 dere
369 3946 761 4013 simultanee
794 3945 1075 4014 debeant
1107 3946 1236 4012 duo
1267 3948 1507 4012 Cruces
1539 3948 1773 4012 utrius-

184 4050 293 4115 que
326 4034 683 4117 Ecclesiae,
719 4047 786 4101 et
819 4043 964 4120 post
996 4054 1100 4099 eas
1145 4034 1529 4101 simultanee
1576 4035 1767 4102 etiam

187 4122 505 4208 utriusque
532 4121 970 4210 capitulares?
1001 4133 1065 4188 et
1090 4133 1410 4207 quatenus
1440 4125 1767 4209 negative:

188 4211 266 4274 An
306 4212 627 4278 Parochus
662 4225 725 4279 et
764 4210 1129 4279 Beneficiati
1179 4213 1244 4278 S.
1284 4212 1610 4278 Michaelis
1655 4213 1771 4278 Ar—

186 4297 463 4385 changeli
512 4300 817 4369 incedere
850 4300 1102 4387 priores
1133 4300 1412 4368 debeant
1443 4311 1589 4386 post
1622 4319 1769 4385 pro·

188 4387 365 4467 priam
431 4392 750 4474 Crucem,
811 4400 1127 4474 quatenus
1197 4389 1505 4455 incedere
1565 4389 1769 4456 nolint

188 4488 306 4558 post
351 4479 608 4544 unicam
656 4484 930 4547 Crucem
979 4476 1268 4569 matricis*
1306 4476 1528 4564 ipsiuS‚
1566 4478 1648 4544 ita
1699 4492 1770 4545 ut

190 4562 352 4631 huius
404 4567 944 4654 Archipreshyter
992 4578 1056 4632 et
1102 4565 1399 4632 Canonici
1447 4567 1629 4635 velut
1674 4567 1770 4634 tli-

188 4655 425 4735 gniores
474 4655 774 4724 incedant
820 4652 1185 4743 postremi?

296 4748 359 4810 2.
404 4748 496 4809 An
531 4744 593 4809 in
630 4745 833 4832 prima
868 4747 1296 4828 Rogationum
1333 4746 1769 4829 processione,

184 4844 327 4910 quae
373 4851 583 4918 aeque
632 4854 701 4899 ac
749 4837 1033 4900 secunda
1067 4844 1133 4898 et
1167 4830 1381 4915 tertia,
1435 4833 1774 4919 egreditur

187 4914 248 4979 ab
288 4920 570 4987 Ecclesia
622 4922 915 5004 matrice,
967 4932 1031 4986 et
1082 4921 1142 4988 in
1193 4939 1313 5005 qua
1363 4920 1503 4987 eius
1549 4921 1771 4989 Archi-

185 5010 506 5096 presbyter
538 5012 711 5076 Stola
742 5011 1009 5077 amictus
1045 5014 1301 5092 Preces,
1340 5010 1768 5095 egrediendo,

188 5099 477 5176 praecinit
511 5110 578 5165 et
608 5099 777 5185 agris
809 5100 1052 5166 deinde
1100 5097 1454 5181 benedicit,
1490 5099 1771 5166 debeant

188 5181 391 5251 Preces
422 5190 691 5255 eaedem
740 5188 817 5253 ab
865 5187 1001 5274 ipso
1050 5185 1631 5277 Archipresbytcro
1664 5186 1770 5251 ab·

189 5269 325 5337 solvi
359 5274 421 5342 in
458 5276 744 5342 Ecclesia
780 5276 1159 5343 Beneficiata
1194 5279 1262 5344 S.
1296 5274 1625 5342 Michaelis
1657 5277 1769 5341 Ar-

188 5355 486 5451 changeli,
539 5364 605 5432 in
653 5384 775 5451 qua
822 5365 993 5432 dicta
1026 5363 1347 5431 Processio
1391 5363 1620 5431 confici
1666 5384 1765 5431 so-

1886 403 2023 487 let3
2077 403 2181 468 vel
2231 401 2446 491 potius
2494 403 2570 470 ab
2618 403 2848 470 eodem
2903 393 3484 493 A'rchipresbytero

1884 490 2271 578 deponenda
2336 490 2418 556 sit
2479 492 2651 560 Stola
2697 491 2762 558 in
2818 503 2963 559 actu
3030 494 3359 581 ingressus
3406 497 3482 563 ad

1886 580 2238 645 Ecclesiam
2305 581 2634 664 eamdem,
2706 582 2783 648 ad
2857 581 2976 646 hoc
3033 593 3105 656 111
3173 584 3489 650 Parochus

1884 671 1948 733 S.
1993 667 2313 734 Michaelis
2360 668 2747 754 Archangeli
2795 669 2959 758 ipsas
3005 671 3290 738 absoltfat
3337 676 3482 738 Pre-

1881 776 1987 822 ces
2018 766 2086 821 et
2115 777 2326 822 sacrae
2366 756 2512 823 huic
2565 757 2879 824 functioni
2929 758 3124 823 finem
3161 758 3487 847 imponat?

2015 849 2078 910 3.
2118 850 2214 911 An
2261 845 2323 911 in
2371 846 2648 914 secunda
2697 846 3018 914 dictarum
3058 848 3481 934 Rogatianum

1882 934 2320 1018 Processione,
2369 953 2531 1020 quae
2579 953 2786 1020 aeque
2832 956 2904 1000 ac
2953 935 3133 1022 prior
3172 949 3235 1002 et
3271 936 3482 1021 tertia,

1885 1021 2224 1110 egreditur
2272 1022 2348 1087 ab
2394 1024 2679 1090 Ecclesia
2727 1022 3020 1106 matrice,
3059 1034 3124 1090 et
3158 1024 3339 1091 cuius
3370 1029 3484 1091 Ar·-

1887 1108 2338 1197 chipresbyter
2401 1114 2629 1178 Preces
2696 1111 2974 1199 pariter,
3042 1112 3484 1200 egrediendo,

1883 1198 2199 1285 praecinit
2243 1197 2540 1284 agrisque
2589 1200 2940 1284 benedicit,
2976 1201 3257 1267 debeant
3292 1201 3369 1268 ab
3404 1221 3481 1268 eo

1885 1286 2128 1352 absolvi
2177 1286 2238 1352 in
2301 1288 2582 1353 Ecclesia
2633 1293 2698 1356 S.
2750 1288 3027 1367 Nicolai3
3088 1291 3191 1356 vel
3242 1289 3479 1377 potius,

1884 1375 2176 1462 deposita
2221 1375 2297 1442 ab
2348 1375 2485 1462 ipso
2535 1378 2732 1460 stola,
2780 1376 3250 1446 continuandae
3299 1378 3361 1446 in
3410 1398 3478 1444 ea

1882 1464 2445 1550 absolvendaeque
2491 1462 2615 1532 sint
2650 1476 2716 1531 et
2748 1464 2892 1532 finis
2922 1485 3137 1531 sacrae
3169 1467 3481 1534 functioni
3581 1475 3588 1480 ’

1881 1553 2313 1639 imponendus
2352 1553 2430 1618 ab
2477 1554 2691 1639 aliquo
2742 1573 2823 1620 ox
2870 1554 3157 1621 Patribus
3190 1561 3482 1624 Conven-

1883 1643 2193 1724 tualibuS,
2247 1650 2312 1706 et
2359 1640 2422 1706 in
2484 1661 2710 1708 eorum
2777 1643 3072 1726 defectu,
3122 1665 3154 1710 a
3201 1646 3482 1712 Parocho

1879 1726 2541 1797 (1131338311311313133
2575 1731 2897 1798 Ecclesiae
2934 1735 2996 1798 S.
3030 1733 3349 1800 Michaelis
3373 1738 3483 1800 Ar·

1883 1817 2232 1903 changeli‘?
2352 1819 2360 1825 ’

2013 1910 2094 1972 Ε1
2140 1911 2232 1974 S«
2258 1912 2332 1976 R.
2386 1912 2456 1975 C.
2509 1908 2878 1995 respondit:

2012 1995 2106 2084 Ad
2165 2001 2224 2062 1.
2277 2018 2313 2060 ‹
2348 1997 2812 2082 Negative,'ad
2866 1997 3142 2084 primam
3188 2008 3476 2087 partem:

1876 2085 2301 2168 Affirmative,
2349 2086 2426 2153 ad
2475 2087 2827 2153 secundam
2861 2108 2928 2152 ν.
3251 2121 3256 2126 -

2010 2173 2108 2240 Ad
2145 2178 2207 2240 2.
2245 2195 2284 2237 ‹
2314 2172 2733 2257 Affirmative,
2769 2174 2843 2240 ad
2881 2174 3151 2261 primam
3189 2186 3474 2263 partem;

1877 2263 2215 2349 Negative,
2266 2263 2343 2328 ad
2390 2263 2736 2329 secundam
2769 2286 2835 2328 ν.

2012 2351 2110 2418 Ad
2145 2355 2213 2418 3.
2251 2373 2287 2415 α
2317 2354 2398 2417 Ut
2428 2351 2505 2418 ad
2540 2351 2909 2438 proximum
2944 2372 3008 2420 ν.

2013 2441 2124 2506 Die
2153 2444 2240 2506 27
2275 2438 2476 2505 Martii
2526 2442 2715 2506 1802.

2008 2533 2248 2596 lterum
2280 2547 2434 2595 vero
2461 2528 2784 2616 proposita
2819 2549 3000 2595 causa
3026 2528 3090 2596 in
3115 2535 3476 2618 congrega·

1884 2617 2055 2684 tione
2085 2612 2412 2685 Ordinaria
2439 2616 2559 2684 sub
2588 2617 2695 2682 die
2736 2621 2809 2683 11
2846 2619 3244 2705 Septembris
3281 2623 3472 2703 1802,

1874 2724 2075 2791 super
2099 2705 2330 2776 dubio:
2360 2707 2458 2772 An
2480 2703 2561 2770 sit
2583 2707 2878 2773 standum
2902 2706 3005 2772 vel
3031 2707 3475 2776 recedendum

1877 2815 1911 2859 3
1944 2793 2170 2860 decisis
2215 2791 2334 2860 sub
2381 2794 2487 2860 die
2520 2797 2602 2860 27
2651 2795 2849 2861 Martii
2896 2794 3189 2882 proxime
3228 2808 3475 2884 praete-

1879 2881 1982 2947 riti
2020 2893 2148 2947 tam
2179 2881 2390 2968 quoad
2427 2881 2708 2969 primum
2755 2902 2947 2968 quam
2993 2884 3203 2969 quoad
3241 2895 3477 2952 'secun-

1878 2971 2035 3039 dum
2086 2982 2151 3037 et
2200 2969 2463 3037 tertium
2510 2970 2780 3037 dubium
2826 2970 2894 3038 111
2942 2969 3139 3039 casu?

2012 3064 2077 3127 S.
2126 3064 2202 3126 R.
2253 3062 2325 3126 C.
2379 3059 2760 3146 respondit:
2832 3081 2870 3125 ι
2902 3061 3119 3138 Quoad
3191 3062 3473 3150 primum

1873 3159 2174 3215 servetur
2218 3148 2508 3230 solitum,
2546 3149 2719 3213 iuxta
2753 3148 3068 3227 modum;
3119 3149 3474 3217 dummodo

1875 3238 2040 3304 duae
2086 3243 2322 3305 Cruces
2369 3235 2717 3323 procedant
2752 3256 2872 3302 una
2909 3248 3049 3324 post
3079 3237 3262 3309 aliam
3302 3240 3470 3327 pari-

1875 3336 2106 3411 terque
2154 3327 2283 3392 duo
2331 3324 2544 3392 Cleri:
2592 3324 2802 3410 quoad
2860 3334 3071 3391 cetera
3118 3326 3349 3393 dubia:
3404 3333 3469 3394 ln

1876 3413 2105 3481 decisis
2136 3438 2198 3479 ›.

2003 3505 2219 3570 Tertio
2247 3504 2504 3570 tandem
2540 3500 2928 3591 reintegrata
2953 3505 3329 3588 quaestione
3352 3504 3473 3571 suh

1872 3591 2119 3657 dubio:
2171 3594 2267 3658 An
2312 3592 2393 3658 sit
2438 3591 2736 3657 standum
2789 3591 2893 3656 vel
2953 3595 3395 3662 recedendum
3438 3615 3469 3660 a

1871 3679 2106 3747 decisis
2150 3680 2271 3747 sub
2317 3678 2548 3747 diebus
2593 3685 2674 3746 27
2727 3680 2926 3745 Martii
2961 3692 3027 3746 et
3065 3687 3140 3749 11
3177 3685 3469 3771 Septem-

1871 3768 2001 3833 bris
2054 3767 2278 3838 1802?
2325 3769 2388 3835 in
2437 3790 2583 3835 casu
2633 3766 2805 3835 etc.‘?

2002 3861 2187 3924 Sacra
2256 3859 2517 3926 Rituum
2592 3858 3016 3944 Congregatio
3088 3860 3465 3948 respondit:

1870 3969 1909 4011 ι
1942 3951 2010 4013 111
2057 3948 2344 4014 secundo
2381 3948 2519 4014 loco
2554 3946 2826 4023 decisis;
2863 3958 2930 4012 et
2961 3948 3234 4035 amplius
3260 3972 3326 4016 ».
3356 3951 3468 4016 Die

1872 4039 1958 4101 22
2008 4035 2272 4102 lanuarii
2328 4039 2521 4103 1803.

1874 4211 2127 4279 2557.
2419 4214 2918 4278 BRUGNATEN.
3239 4214 3465 4298 (4485)

2005 4391 2181 4458 Circa
2206 4390 2597 4458 delationem
2631 4390 2805 4459 SSrhi
2841 4392 3226 4457 Sacramenti
3256 4392 3318 4459 in
3345 4397 3466 4460 Ma-

1869 4480 2056 4547 china
2100 4491 2506 4569 nuncupata:
2562 4484 2759 4545 Cassa
2809 4480 3237 4562 illuminata,
3290 4502 3465 4548 occa-

1865 4569 2047 4654 sione
2079 4570 2382 4635 solemnis
2441 4569 2862 4635 Processionis
2922 4568 2985 4634 in
3046 4572 3229 4635 Festo
3290 4571 3462 4639 881ἶ11

1870 4657 2169 4745 Corporis
2213 4657 2483 4735 Christi3
2536 4658 2807 4724 instante
2853 4656 3148 4741 Capitulo
3180 4669 3247 4723 et
3275 4659 3465 4726 Clero

1868 4746 2261 4832 Collegiatae
2307 4749 2377 4812 S.
2417 4748 2645 4811 Mariae
2703 4745 2949 4811 Maioris
3012 4746 3096 4812 de
3155 4747 3466 4814 Nazareth

1868 4833 2152 4900 Civitatis
2215 4834 2465 4900 Sisestri
2523 4832 2840 4900 Dioecesis
2895 4837 3330 4920 Brugnaten.,
3396 4856 3464 4901 ac

1869 4926 2154 4988 Ponente
2209 4925 2366 4987 Emo
2414 4922 2680 4989 Saluzzo
2729 4924 2797 4988 S.
2847 4924 2924 4988 R.
2971 4925 3047 4989 C.
3095 4924 3460 5011 respondit:

1867 5034 1905 5078 ‹
1941 5010 2277 5094 Negative,
2328 5010 2404 5076 ad
2453 5021 2767 5077 mentem.
2818 5013 2993 5079 Mens
3039 5023 3167 5078 est:
3222 5023 3290 5078 ut
3322 5013 3469 5078 scri-

1869 5101 2052 5166 batur
2100 5098 2419 5186 Episcopo
2449 5103 2879 5184 Brugnaten.‚
2938 5099 3043 5187 qui
3091 5101 3465 5168 auctoritate

1867 5193 2094 5257 Sacrae
2142 5187 2669 5276 Congregationis
2708 5187 2946 5275 iubeat,
2981 5209 3066 5256 ne
3099 5191 3460 5257 executioni

1866 5280 2209 5347 mandetur
2253 5275 2659 5362 Rescriptum
2703 5281 2772 5344 S.
2807 5282 2881 5344 C.
2916 5278 3037 5345 suh
3081 5277 3187 5344 die
3241 5281 3320 5346 10
3368 5283 3464 5343 111-

1875 5369 1939 5434 lii
1992 5371 2162 5435 1802
2218 5364 2435 5431 favore
2497 5366 2619 5433 loci
2686 5368 3118 5452 Fossalupara
3175 5367 3462 5434 eiusdem
