4042 5950
1466 307 1941 388 —193—

106 464 433 550 subscriptis
456 473 525 529 et
544 462 754 549 sigillo
786 466 1098 530 Personae
1122 464 1188 531 in
1221 465 1643 533 ecclesiastica

106 552 367 638 dignitate
407 551 784 617 constitutae
821 551 925 618 vel
973 554 1404 619 Procuratoris
1436 555 1642 619 Gene-

108 643 224 708 ralis
263 640 404 706 dicti
452 637 704 705 Ordinis
748 639 1045 724 munitis,
1095 640 1321 707 eadem
1380 660 1644 728 prorsus

109 730 235 796 fides
275 726 599 810 habeatur,
648 745 811 812 quae
871 729 1220 795 haberetur
1267 729 1417 818 ipsis
1461 747 1644 816 prae-

109 815 373 898 sentibus,
418 814 472 880 si
520 815 730 881 forent
789 816 1109 883 exhibitae
1162 817 1266 884 vel
1329 826 1640 884 ostensae.

112 910 292 970 Datum
335 908 569 970 Romae
614 903 783 988 apud
831 906 1119 970 Sanctam
1169 905 1420 971 Mariam
1460 903 1677 984 Maio-¹

110 1010 215 1056 rem
255 990 367 1057 sub
408 992 662 1057 Annulo
722 991 1052 1057 Piscatoris
1098 983 1216 1059 die'
1254 997 1306 1060 V
1353 996 1646 1079 Septem-

112 1080 209 1146 bris
227 1081 579 1148 MDCCCXX
593 1127 610 1161 ,
631 1079 1035 1146 Pontificatus
1053 1081 1262 1147 Nostri
1280 1083 1459 1148 Anno
1476 1084 1641 1148 xxi.

210 1205 359 1268 Loco
393 1207 464 1280 ›1‹
502 1200 712 1286 Sigilli

764 1310 843 1395 Η.
891 1311 1098 1376 Canu.
1150 1312 1541 1415 consatvus.

116 1465 334 1534 2666.
664 1467 1032 1535 usurus.
1418 1469 1648 1557 (4571)

212 1615 337 1678 Orta
362 1612 792 1678 controversia
821 1612 988 1678 inter
1014 1612 1427 1680 Sodalitatem
1464 1617 1528 1681 S.
1557 1618 1653 1681 lo·

116 1700 239 1787 seph
279 1710 551 1766 erectam
606 1699 668 1765 in
730 1700 1014 1765 Ecclesia
1064 1700 1378 1768 minorum
1426 1704 1655 1769 Obser-

80 1787 351 1853 nntium
397 1786 459 1854 in
505 1785 831 1853 suburbiis
878 1787 1163 1855 Civitatis
1202 1789 1510 1857 Notabilis
1557 1795 1657 1856 ln-

118 1875 253 1940 sulae
288 1876 534 1942 Melitae
569 1886 636 1942 et
667 1877 935 1941 alteram
967 1876 1140 1942 88ῶί
1174 1878 1558 1944 sacramenti
1592 1879 1655 1944 in

118 1964 354 2030 Paroecia
412 1967 480 2030 S.
529 1964 706 2029 Pauli
767 1963 1056 2030 eiusdem
1103 1965 1411 2049 Civitatis,
1463 1968 1661 2052 supe‘r

118 2051 516 2135 praecedentia
580 2051 644 2118 in
703 2050 979 2137 publicis
1045 2053 1655 2139 supplicationibus,

119 2157 278 2238 caque
320 2140 521 2206 delata
573 2140 651 2206 ad
700 2144 1035 2209 Sacrorum
1085 2141 1343 2206 Rituum
1379 2145 1659 2229 Congre-

150 2237 388 2293 ationem
408 2243 438 2307 ;·

118 2244 149 2310 g
218 2318 274 2381 S.
308 2316 529 2383 eadem
563 2320 643 2382 R.
676 2320 782 2400 c.,
826 2316 1057 2383 auditis
1104 2316 1348 2383 iuribus
1380 2337 1544 2404 quae
1575 2318 1662 2384 af-

122 2401 438 2470 ferebantur
495 2423 619 2492 pro
677 2414 858 2494 parte
917 2404 1275 2472 sodalitatis
1329 2409 1393 2472 S.
1433 2407 1659 2493 loseph

121 2489 422 2576 dumtaxat,
457 2509 605 2559 cum
641 2512 760 2579 pro
792 2492 1323 2560 confraternitate
1356 2495 1528 2562 88ῶί
1557 2498 1661 2561 Sa-

122 2579 374 2645 cramenti
419 2598 617 2646 nemo
666 2581 1124 2669 comparuerit,
1159 2583 1236 2648 ad
1283 2584 1663 2649 relationem

123 2668 229 2731 Emi
271 2679 329 2732 et
370 2670 507 2735 Βῶί
557 2673 740 2735 Dom.
793 2670 983 2738 card.
1033 2669 1661 2755 Galleffi‘Ponentis,

124 2755 559 2823 rescribendum
608 2758 898 2824 censuit:
937 2779 975 2822 ι
1001 2758 1519 2827 praecedentiam
1552 2760 1665 2826 de·

124 2842 227 2907 beri
283 2844 607 2911 Sodalitati
666 2848 730 2911 S.
784 2846 1048 2933 loseph,
1104 2856 1554 2932 praeterquam
1601 2849 1665 2915 in

122 2931 582 3001 Processionibus
636 2935 812 3002 88ῶί
861 2934 1295 3010 Sacramenti;
1358 2936 1667 3003 Sodalita·

126 3028 225 3083 tem
264 3040 408 3087 vero
453 3023 631 3091 88ῶί
694 3024 1080 3090 Sacramenti
1146 3024 1349 3090 teneri
1411 3037 1476 3091 et
1522 3026 1663 3111 cogi

124 3125 273 3190 posse
327 3110 399 3175 ad
457 3111 609 3177 alias
671 3112 1152 3195 Processiones,
1199 3112 1375 3178 iussu
1423 3122 1663 3197 tamen,

124 3196 416 3277 prudentia
448 3210 515 3265 et
545 3196 811 3265 arbitrio
842 3199 1156 3265 ordinarii
1185 3221 1246 3264 ιν.
1294 3202 1407 3266 Die
1440 3206 1522 3267 23
1557 3204 1669 3268 Se-

122 3284 387 3365 ptembris
438 3289 641 3354 1820.

128 3459 347 3531 260⁷.
569 3465 1173 3532 CALAGURITANA

469 3572 588 3638 ET
660 3572 1263 3637 CALCEATEN.

231 3729 557 3796 Canonicus
573 3728 1105 3797 Poenitentiarius
1123 3727 1519 3796 cathedralis
1534 3729 1670 3797 cal-

132 3825 335 3882 ceaten.
370 3818 431 3883 in
462 3818 754 3919 Hispania
805 3816 1032 3903 loseph
1073 3816 1395 3884 Tiburtius
1437 3817 1672 3884 Calleia

134 3902 271 3968 Emis
315 3907 421 3970 PP.
453 3924 647 3971 sacris
703 3904 957 3972 tuendis
1002 3902 1250 3971 Ritibus
1294 3905 1673 3991 Praepositis

134 3987 357 4057 dubium
408 3993 734 4078 quoddam
790 3993 961 4059 hisce
1017 4000 1396 4078 conceptum
1460 3995 1672 4060 verbis

135 4073 525 4148 deliniendum
573 4091 767 4167 atque
817 4080 1223 4148 enodandum
1270 4080 1579 4147 subiecit:

237 4169 528 4243 Pan-ochus
577 4170 643 4235 in
690 4188 835 4235 casu
867 4168 1265 4234 necessitatis
1309 4169 1675 4255 periclitan-

141 4258 242 4316 tem
290 4274 555 4343 puerum
622 4258 793 4325 Stola
853 4255 1129 4322 violacea
1179 4256 1442 4322 indutus
1502 4257 1673 4323 domi

140 4334 452 4430 baptizavit,
502 4345 694 4433 eique
737 4362 989 4411 sacrum
1036 4343 1320 4410 Chrisma
1354 4355 1418 4409 et
1447 4344 1677 4412 Oleum

142 4443 368 4521 sacrum,
396 4435 565 4517 quod
601 4450 821 4499 secum
854 4430 1115 4515 detulit,
1150 4431 1455 4518 imposuit
1483 4444 1680 4519 prout

143 4530 193 4577 m
227 4516 433 4587 Rituali
476 4525 785 4588 Romano.
835 4520 1173 4599 Quaeritur
1220 4538 1295 4585 an
1344 4521 1511 4587 bene
1570 4520 1676 4587 vel

144 4603 274 4750 ¹¹:³¹¹?
310 4608 691 4761 se?gesserit
721 4608 787 4676 in
820 4628 965 4674 casu
998 4607 1315 4673 unctionis
1348 4617 1525 4673 extra
1558 4612 1677 4675 Ec·

146 4705 355 4760 casiam
1128 4712 1132 4721 ·

248 4783 314 4846 Et
356 4786 417 4849 S.
456 4787 536 4852 R.
585 4787 690 4869 c.,
741 4783 1052 4870 exquisita
1113 4782 1294 4869 prius
1340 4783 1683 4871 habitaque

147 4870 409 4936 sententia
466 4873 726 4940 alterius
773 4892 853 4938 ex
901 4872 1409 4959 Apostolicarum
1457 4875 1684 4939 caere-

148 4954 451 5025 moniarum
481 4961 788 5047 magistris
829 4961 1069 5048 scripto
1102 4960 1353 5027 reddita
1385 4962 1683 5049 typisque

150 5040 386 5129 vulgata,
434 5048 511 5116 ad
569 5049 947 5115 relationem
1009 5048 1148 5115 Emi
1194 5068 1264 5114 ac
1311 5049 1449 5114 Βῶί
1495 5054 1678 5115 Dom.

151 5126 303 5226 Gard.
366 5135 498 5201 lulii
575 5136 801 5203 Mariae
877 5136 961 5203 de
1038 5137 1306 5203 Somalia
1382 5135 1678 5224 Episcopi

150 5214 345 5284 Ostien.
380 5234 441 5287 et
470 5224 899 5308 Veliternen.,
933 5223 1100 5292 Sacri
1137 5223 1404 5311 collegii
1454 5224 1682 5290 Decani

154 5317 207 5364 ³0
252 5306 564 5404 Sacrorum
618 5313 881 5379 Rituum
948 5310 1442 5399 congregationi
1500 5316 1682 5377 Prae-

157 5384 302 5477 lecu,
343 5400 857 5486 respondendum
921 5400 1218 5467 censuit:
1280 5421 1316 5462 ι
1352 5403 1526 5465 quta
1571 5418 1681 5465 vo-

331 5536 536 5586 umet·
560 5536 871 5586 Anthentiet
896 5541 948 5583 8.
975 5539 1035 5583 R.
1064 5539 1117 5583 c.
1146 5560 1195 5570 -
1212 5536 1335 5605 *vol-
1360 5539 1421 5583 11.

1436 3462 1665 3550 (4572)

1740 475 1926 545 tum;
1975 466 2305 551 nimirum,
2355 468 2706 535 Parochum
2755 470 2921 536 male
2959 491 3028 538 se
3062 475 3337 559 gessisse

1746 551 2123 642 baptizando
2171 575 2318 628 cum
2379 559 2550 624 Stola
2605 557 2884 625 violacea
2935 570 3001 625 et
3045 560 3341 628 liniendo

1743 661 2021 729 puerum
2069 643 2543 730 periclitantem
2591 655 2767 711 extra
2804 647 3155 714 Ecclesiam
3186 650 3341 716 Oleo

1743 730 1936 796 etiam
1983 732 2627 799 catechumenorum.
2688 737 2756 800 In
2813 753 2958 801 casu
3007 735 3177 802 enim
3230 756 3342 802 ne-

1746 818 2081 901 cessitatis,
2105 820 2278 886 iuxta
2307 820 2569 887 Ritualis
2600 822 3098 910 praescriptum,
3134 825 3345 891 omnia

1748 917 1895 972 sunt
1929 907 2283 974 omittenda
2310 927 2472 993 quae
2499 909 2885 997 Baptismum
2913 911 3343 997 praecedunt,

1750 1013 2043 1081 quaeque
2090 997 2499 1083 postmodum
2547 999 2906 1085 supplenda
2949 998 3195 1065 suntin
3226 1003 3345 1065 Ec-

1750 1082 1967 1166 clesia,
2002 1085 2080 1150 ad
2115 1102 2304 1169 qnam
2336 1086 2837 1172 praesentandus
2871 1095 2967 1151 est
2997 1103 3166 1174 puer
3196 1105 3344 1153 cum

1751 1171 2234 1238 convalescit».
2292 1178 2368 1239 Et
2415 1172 2499 1239 ita
2543 1173 2898 1263 respondit.
2951 1176 3065 1241 Die
3111 1177 3197 1242 23
3230 1179 3342 1242 Se-

1753 1260 2067 1346 ptembris
2119 1264 2311 1329 1820.

1755 1401 2020 1470 2608.
2383 1405 2712 1470 sonam.
3114 1406 3342 1493 (4573)

1887 1526 2181 1603 Quamvis
2227 1529 2407 1595 Sacra
2449 1526 2708 1604 Rituum
2740 1528 3170 1615 congregatio
3199 1532 3344 1617 plu·

1753 1613 1880 1679 ries
1911 1615 2297 1700 interrogata
2329 1615 2736 1702 responderit
2767 1638 2783 1680 ι
2836 1636 2874 1679 ‹
2901 1619 3343 1702 Aspersorium

1755 1700 2071 1787 Episcopo
2120 1703 2196 1768 ad
2243 1703 2553 1768 Ecclesias
2583 1702 2865 1769 civitatis
2897 1703 3004 1768 vel
3035 1704 3352 1772 Dioecesis

1756 1790 2086 1856 accedenti
2121 1809 2238 1878 per
2270 1790 2629 1876 digniorem
2661 1792 3015 1874 Ecclesiae,
3049 1793 3125 1859 ad
3161 1809 3348 1878 quam

1756 1878 2029 1961 accedit,
2079 1897 2216 1944 esse
2261 1878 2724 1965 porrigendum
2755 1902 2819 1963 ιν,
2857 1899 2982 1946 non
3038 1880 3353 1948 deficiunt
3389 1875 3396 1888 '

1758 1976 1974 2031 tamen
2021 1967 2130 2051 qui
2180 1965 2443 2053 regulae
2491 1967 2641 2033 huic
2685 1967 3096 2052 acquiescere
3135 1970 3351 2036 detre-

1758 2063 1984 2132 ctent;
2036 2065 2512 2140 proptereaque
2561 2055 2725 2120 haud
2776 2056 3010 2121 mirum
3046 2056 3097 2121 si
3136 2058 3352 2123 huius-

1758 2140 1930 2207 modi
1965 2143 2403 2228 quaestionem
2452 2142 2689 2208 iterum
2739 2142 2933 2209 hodie
2967 2143 3030 2209 in
3061 2145 3351 2210 medium

1765 2229 1981 2295 trudat
2027 2230 2318 2296 Nicolaus
2372 2230 2562 2296 Nardi
2624 2231 2829 2319 prima
2875 2231 3156 2317 Dignitas
3206 2232 3352 2298 insi-

1763 2318 1904 2404 gnis
1950 2318 2342 2405 Collegiatae
2400 2319 2721 2385 Ecclesiae
2768 2323 2834 2387 S.
2873 2318 3193 2386 Michaelis
3239 2325 3352 2386 Ar·

1762 2407 1896 2493 pini
1932 2407 2253 2473 Dioecesis
2277 2409 2577 2491 Soranae,
2601 2411 2797 2474 Emos
2817 2410 2931 2473 PP.
2959 2407 3171 2474 eidem
3198 2411 3355 2475 con-

1765 2495 2121 2581 gregationi
2167 2494 2566 2582 praepositos
2610 2514 2839 2582 rogans
2884 2513 3002 2583 pro
3034 2496 3356 2562 solutione

1763 2584 2092 2668 sequentis
2154 2581 2378 2662 dubii:
2443 2588 2492 2648 A
2555 2599 2831 2669 quonam
2891 2582 3352 2672 porrigendum

1765 2671 2190 2757 aspersorium
2237 2670 2468 2757 Episco
2519 2690 2555 2734 o
2604 2671 2668 2737 in
2718 2689 3192 2756 quamcumque
3238 2676 3353 2738 Ec-

1768 2758 2023 2825 clesiam
2071 2759 2353 2826 Civitatis
2401 2778 2479 2823 ve
2563 2757 2880 2824 Dioecesis
2927 2758 3352 2846 ingredienti3

1767 2865 1842 2912 an
1889 2847 2136 2913 scilicet
2183 2866 2213 2911 a
2244 2849 2519 2912 Rectore
2551 2845 2723 2913 illius
2762 2847 3109 2929 Ecclesiae,
3142 2848 3247 2914 vel
3283 2847 3359 2912 ab

1764 2953 1892 3001 uno
1949 2954 2033 3001 ex
2087 2933 2338 3002 duobus
2389 2935 2719 3019 canonicis
2769 2935 3190 3020 cathedralis,
3247 2935 3356 3022 qui

1766 3042 1961 3109 cappa
2009 3021 2214 3089 induti
2262 3023 2651 3109 Episcopum
2702 3022 3137 3090 comitantur?

1899 3116 1978 3177 Et
2039 3113 2104 3177 S.
2156 3108 2228 3177 R.
2280 3114 2384 3197 c.,
2442 3112 2752 3197 exquisita
2810 3112 2990 3198 prius
3042 3112 3355 3177 sententia

1766 3198 2032 3265 alterius
2087 3217 2164 3263 ex
2225 3199 2739 3287 Apostolicarum
2803 3200 3357 3266 eaeremoniarum

1766 3285 2076 3371 Magistris
2106 3286 2346 3374 scripto
2379 3297 2629 3352 exarata
2663 3288 3011 3374 praeloque
3051 3302 3221 3370 cusa,
3257 3300 3380 3351 rof

1768 3376 2021 3441 ferente
2069 3378 2227 3440 Emo
2263 3384 2343 3440 ·et
2386 3377 2546 3440 Rmo
2582 3378 2769 3441 Dom.
2802 3374 2990 3442 card.
3027 3375 3220 3459 Naro,
3255 3393 3356 3439 re-

1771 3462 2225 3551 spondendum
2284 3461 2575 3528 censuit:
2635 3484 2673 3527 ι
2705 3463 3150 3550 Aspersorium
3211 3480 3358 3551 por-

1770 3552 2116 3636 rigendum
2152 3569 2290 3616 esse
2322 3569 2352 3614 a
2386 3555 2657 3616 Rectore
2691 3549 3034 3634 Ecclesiae,
3064 3551 3359 3635 adquam

1774 3638 2123 3726 Episcopus
2181 3638 2429 3704 accedit
2462 3659 2523 3702 ιν.
2592 3643 2801 3725 Atque
2858 3638 2938 3704 ita
2999 3638 3356 3726 respondit.

1770 3729 1883 3793 Die
1930 3730 2016 3793 23
2064 3726 2463 3814 Septembris
2516 3729 2708 3794 1820.
2773 3780 2780 3793 .

1775 3869 2042 3939 2609.
2265 3866 2868 3937 voLATEnsANA.
3132 3869 3356 3957 (4574)

1906 3995 2114 4071 Quum
2176 3990 2654 4059 caeremoniale
2713 3991 3181 4078 Episcoporum
3238 3994 3362 4057 Au-

1776 4092 2116 4168 ctoresque
2188 4097 2409 4147 omnes
2467 4078 2772 4165 Liturgici
2847 4078 3022 4145 illius
3095 4079 3362 4165 disposi-

1774 4170 2016 4236 tionem
2042 4167 2332 4255 apprime
2356 4176 2724 4252 sequentes,
2750 4166 3127 4251 praesertim
3164 4166 3275 4233 lib.
3293 4173 3362 4250 2,

1779 4276 1918 4344 cap.
1971 4260 2081 4341 33,
2132 4260 2171 4335 g
2219 4259 2328 4339 ²2,
2368 4252 2530 4321 ritus
2591 4253 2905 4320 edoceant
2950 4253 3168 4337 initio,
3218 4272 3364 4341 pro·
3491 4300 3498 4305 .
3566 4233 3576 4240 ’

1778 4359 2001 4431 gressu
2029 4354 2095 4411 et
2113 4342 2242 4408 fine
2261 4341 2683 4409 Processionis
2707 4340 3006 4407 solemnis
3026 4339 3200 4408 88ῶί
3220 4344 3366 4408 cor-

1781 4432 1951 4522 poris
1983 4430 2216 4498 Christi
2263 4430 2635 4514 servandos,
2671 4447 3002 4515 quumque
3050 4426 3218 4494 inter
3261 4448 3365 4494 ce·

1780 4532 1915 4588 tera
1941 4522 2125 4587 Sacra
2147 4519 2408 4585 Rituum
2431 4517 2882 4602 congregatio,
2907 4515 3196 4582 eiusdem
3220 4520 3369 4584 Cae-

1778 4606 2143 4675 remonialis
2195 4605 2592 4694 dispositioni
2657 4605 3019 4686 inhaerenS,
3074 4605 3362 4688 regulam

1779 4694 2058 4763 edixerit
2085 4692 2437 4779 elargiendi
2471 4692 2668 4759 semel
2707 4702 2950 4758 tantum
2981 4692 3224 4778 populo
3257 4691 3366 4758 be·

1781 4782 2214 4851 nedictionem
2275 4781 2340 4847 in
2399 4781 2526 4848 fine
2591 4780 3010 4849 processionis
3070 4781 3367 4867 corporis

1780 4869 2040 4952 Christi,
2092 4869 2252 4936 hanc
2300 4868 2592 4935 eamdem
2639 4869 2703 4935 in
2748 4867 2984 4934 Ordine
3031 4867 3233 4934 Divini
3265 4866 3366 4933 of-

1786 4958 1907 5027 ficii
1942 4955 2250 5023 recitandi
2284 4975 2399 5044 pro
2435 4955 2795 5023 Cathedrali
2831 4967 2898 5021 et
2925 4956 3209 5022 Dioecesi
3246 4958 3368 5022 Vo-

1788 5049 2098 5114 laterrana
2146 5043 2318 5111 illius
2364 5045 2561 5110 Rmus
2605 5043 2915 5128 Antistes,
2968 5062 3088 5145 pro
3151 5054 3371 5111 exacta

1785 5133 2224 5220 liturgicarum
2258 5150 2475 5198 rerum
2510 5131 2934 5212 observantia,
2971 5132 3368 5197 inserendam

1790 5233 1853 5289 et
1884 5220 2243 5288 cudendam
2291 5219 2497 5286 iussit.
2552 5220 3010 5285 Verumtamen
3048 5237 3194 5285 cum
3225 5238 3374 5285 con-

1788 5309 1976 5376 traria
2022 5309 2237 5396 vigeat
2269 5327 2341 5374 ea
2374 5308 2436 5373 in
2468 5306 2738 5375 Civitate
2786 5317 2852 5371 et
2897 5306 3181 5372 Dioecesi
3230 5325 3375 5393 per-

1790 5396 2221 5485 antiquissima
2271 5395 2693 5478 consuetudo,
2743 5404 2814 5460 ut
2859 5392 3110 5479 quoties
3155 5396 3374 5460 Eccle-

3007 5534 3059 5589 13³
