4042 5950
2003 246 2474 327 —358—

597 417 877 490 maneat,
911 425 1037 472 non
1084 425 1204 472 una
1251 416 1348 472 est
1388 405 1558 473 Cleri
1604 405 1916 473 Collensis
1962 405 2177 492 opinio

598 495 764 561 circa
808 493 1292 581 assignationem
1335 490 1532 562 Officii
1577 494 1931 561 cathedrae
1963 492 2181 560 Antio-

599 581 896 660 chensis;
957 581 1278 667 siquidem
1321 580 1751 649 asserentibus
1796 581 1957 666 aliis,
2007 582 2181 668 quod

600 669 886 737 Officium
934 669 1100 735 istud
1165 669 1303 735 fieri
1350 667 1584 738 debeat
1645 688 1790 735 cum
1841 671 2180 735 universali

604 757 886 824 Ecclesia
931 756 1041 823 die
1084 760 1195 840 22,
1241 757 1347 823 alii
1394 758 1608 825 verius
1655 766 1721 822 et
1766 757 2004 823 rectius
2051 756 2186 844 opi-

605 854 836 912 nantur
879 864 1004 911 nec
1065 855 1216 911 tunc
1275 847 1740 913 removendum
1786 865 1819 910 a
1864 844 2189 932 designata

608 932 712 1000 die
758 936 843 999 25
888 931 1235 998 Februarii.
1298 934 1396 1001 Ad
1448 933 1798 1001 tollendam
1848 945 2189 1033 propterea

610 1037 1082 1107 quamcumque
1151 1020 1615 1088 dubitationem
1687 1031 1753 1087 et
1818 1020 2192 1108 ambiguita-

610 1118 774 1191 tem,
836 1108 1009 1175 idem
1067 1109 1659 1177 Reverendissimus
1711 1110 1961 1177 Collen.
2012 1108 2189 1174 Anti-

611 1206 740 1261 stes
780 1195 981 1295 ipsius
1028 1199 1251 1263 Sacrae
1298 1196 1820 1285 congregationis
1864 1196 2195 1264 oraculum

612 1284 970 1368 requisivit.

743 1375 823 1437 Et
868 1375 1053 1441 Sacra
1082 1371 1309 1438 eadem
1340 1373 1598 1440 Rituum
1630 1372 2079 1462 Congregatio,
2112 1370 2190 1437 ad

610 1458 930 1538 Quirinale
986 1461 1048 1526 in
1112 1459 1435 1527 hodiernis
1499 1460 1844 1528 Ordinariis
1912 1459 2198 1528 comitiis

616 1546 992 1631 coadunata,
1043 1548 1118 1613 ad
1186 1548 1561 1614 relationem
1623 1547 1994 1632 Secretarii,
2052 1559 2199 1635 post

613 1633 729 1701 dili
777 1653 892 1700 ens
923 1635 1249 1722 expositae
1289 1637 1759 1704 controversiae
1795 1654 2067 1704 examen
2096 1653 2197 1701 re·

614 1723 738 1788 scri
766 1723 1026 1802 *endum
1057 1723 1342 1790 censuit:
1392 1744 1430 1787 α
1456 1727 1523 1791 ln
1558 1744 1702 1791 casu
1737 1725 2028 1811 exposito
2060 1722 2201 1791 dies

617 1813 702 1875 25
734 1809 1054 1875 Februarii
1103 1812 1388 1880 habenda
1435 1822 1532 1879 est
1578 1822 1897 1900 tamquam
1947 1811 2069 1878 fixa
2099 1810 2202 1879 of-

620 1896 764 1963 ficio
824 1897 1176 1965 Cathedrae
1235 1900 1444 1967 Sancti
1511 1901 1679 1966 Petri
1738 1900 2197 1984 Antiochenae,

621 2003 748 2050 non
793 1985 1080 2053 obstante
1124 1986 1307 2054 citata
1353 1990 1750 2055 occurrentia
1786 2010 1851 2055 ι.

750 2076 958 2159 Atque
1008 2075 1090 2142 ita
1131 2075 1458 2165 rescripsit
1486 2096 1556 2142 ac
1586 2076 1824 2143 servari
1857 2075 2200 2144 mandavit.

754 2161 865 2229 Die
912 2165 998 2229 22
1045 2162 1182 2230 Iulii
1234 2167 1428 2232 1848.

627 2335 891 2406 2964.
1201 2339 1615 2406 Dunlonuu.
1983 2338 2212 2425 (5125)

706 2591 710 2595 ⁴
753 2517 960 2592 Quum
992 2517 1177 2582 Sacra
1207 2514 1467 2582 Rituum
1498 2516 1922 2604 congregatio
1946 2517 2030 2583 de
2063 2536 2206 2584 sen·

626 2601 822 2670 tentia
860 2602 1159 2689 requisita
1191 2602 1386 2669 fuerit
1417 2622 1611 2690 super
1641 2603 2061 2690 sequentibus
2092 2604 2210 2671 du-

629 2689 745 2789 biis
788 2709 820 2754 a
867 2690 1223 2757 Secretario
1282 2691 1637 2778 subscripto
1685 2692 2059 2780 propositis3
2118 2693 2212 2759 ni·

631 2794 864 2930 mail?
885 2825 980 2931 ..An
1038 2864 1336 2952 Religiosi
1398 2866 1729 2953 utriusque
1783 2887 2000 2952 sexus,
2060 2889 2207 2958 pro·

630 2950 842 3106 prium
885 2953 1347 3055 Calendarium·
1387 2975 1516 3022 non
1576 2954 1907 3041 habentes,
1960 2957 2052 3025 uti
2099 2957 2211 3025 de·

677 3050 821 3106 eant
863 3042 1234 3109 Calendario
1280 3047 1664 3110 Dioecesano
1686 3042 1720 3110 ‘2

763 3132 827 3196 2.
889 3134 986 3195 An
1054 3131 1233 3197 oneri
1301 3131 1679 3198 satisfaciant
1746 3131 1947 3199 divini
2008 3132 2210 3203 Officii

678 3218 1079 3301 ersolvendi,
1127 3217 1180 3283 si
1240 3219 1365 3287 alio
1423 3237 1614 3306 quam
1674 3220 2057 3288 Dioecesano
2104 3225 2214 3289 Ga-

527 3383 535 3388 ,
662 3305 922 3372 eudario
967 3305 1283 3373 utantur?

764 3396 831 3460 3.
888 3396 983 3459 An
1043 3393 1123 3460 sit
1180 3397 1488 3464 servanda
1534 3399 1956 3483 cousuetudo,
2011 3417 2214 3488 penes

633 3480 976 3547 nonnullos
1019 3482 1740 3568 Regulariumordines
1787 3485 2061 3571 invecta,
2104 3486 2215 3553 ad·

635 3567 836 3635 dendi
858 3568 1230 3655 Symbolum
1259 3573 1601 3639 Nicaenum
1627 3571 1842 3640 Missae
1869 3574 2212 3663 insignium

635 3658 1051 3721 Patronorum
1094 3657 1364 3742 Ordinis,
1399 3660 1507 3746 qui
1553 3679 1682 3727 non
1725 3660 1851 3728 sint
1896 3662 2215 3729 Instituto-

639 3761 767 3825 res,
816 3742 1129 3810 Titulares
1172 3746 1278 3811 vel
1325 3746 1595 3832 Patroni,
1630 3748 1820 3814 etiam
1868 3749 1918 3814 si
1949 3751 2034 3818 de
2067 3748 2216 3837 ipsis

637 3828 926 3983 Olfficingi
994 3831 1301 3898 recitetur
1368 3834 1494 3900 ritu
1555 3836 1829 3923 duplicis
1896 3837 2215 3904 secundae

641 3936 673 3983 c
704 3936 853 3984 assis

776 4003 1267 4073 Eminentissimi
1302 4019 1367 4074 et
1398 4007 1936 4080 Reverendissimi
1974 4016 2212 4096 Patres,

642 4092 708 4159 in
750 4092 1091 4162 Ordinariis
1135 4097 1420 4163 comitiis
1464 4098 1767 4166 hodierna
1816 4099 1925 4166 die
1965 4101 2041 4168 ad
2075 4101 2218 4178 Qui·

642 4180 840 4247 rinale
888 4182 1245 4263 coadunati,
1294 4195 1434 4274 post
1480 4198 1816 4275 acceptum
1860 4199 2085 4255 votum
2128 4189 2217 4255 al·

644 4268 843 4336 terius
875 4287 956 4334 ex
988 4271 1493 4357 ,apostolicarum
1523 4276 2075 4343 caeremoniarum
2103 4278 2220 4343 Ha-

645 4355 879 4444 gistris,
926 4360 1448 4445 respondendum
1493 4375 1919 4438 censuerunt:

778 4445 872 4513 Ad
929 4449 986 4511 1.
1038 4467 1076 4510 «
1108 4447 1543 4529 Affirmative;
1591 4452 1820 4518 additis
1851 4451 2080 4520 Officiis
2113 4473 2221 4542 pe·
2306 4469 2312 4478 ·

645 4532 970 4600 culiariter
998 4536 1308 4602 concessis
1356 4538 1774 4624 Regularibus
1808 4540 1870 4608 in
1904 4541 2008 4608 illa
2041 4541 2218 4608 Dice-

645 4620 774 4688 cesi
820 4623 1350 4691 commorantibus
1383 4645 1447 4690 ν.

775 4709 869 4775 Ad
917 4713 983 4776 2.
1031 4730 1070 4776 ‹
1103 4713 1430 4780 Provisum
1476 4714 1541 4781 in
1588 4716 2088 4802 praecedenti».

775 4796 872 4863 Ad
920 4801 983 4864 3.
1037 4819 1075 4862 «
1105 4802 1650 4870 Consuetudinem
1718 4823 1858 4871 esse
1918 4806 2220 4893 abrogan-

645 4883 834 4984 dam;
904 4895 969 4951 et
1026 4888 1233 4953 solum
1287 4889 1656 4958 addendum
1715 4893 2120 4980 Symbolum,
2170 4896 2220 4961 si

644 4981 770 5038 sint
814 4973 1239 5060 Institutores,
1283 4979 1591 5046 Titulares
1636 4981 1740 5046 vel
1788 4980 2035 5048 Patroni
2069 5002 2129 5048 ι.

778 5062 986 5145 Atque
1034 5064 1113 5128 ita
1160 5065 1547 5132 servandum
1592 5068 1992 5137 mandarunt.

777 5147 888 5213 Die
936 5153 1021 5216 22
1068 5150 1208 5218 ΙιιΙίἰ
1261 5155 1450 5219 1848.

784 5346 866 5421 (ι)
901 5349 963 5407 s.
1000 5350 1141 5409 nuh.
1182 5353 1230 5408 ι.

2286 405 2546 475 2965.
2829 403 3312 472 FLoRssN'rmA

2625 514 2775 580 SEU
2818 511 3122 578 ORDINIS
3177 511 3526 577 Minoum!

2727 621 2830 684 DE
2861 616 3425 685 OBSERVANTIA.

2415 759 2620 837 Quum
2666 756 3014 823 hodiernus
3058 754 3449 822 Guardianus
3478 754 3731 823 Ordinis
3759 757 3852 822 ni-

2288 865 2518 912 norum
2551 845 2762 915 Sancti
2796 842 3104 912 Francisci
3136 843 3222 910 de
3251 842 3685 926 Observantia,
3717 848 3856 911 Goe-

2291 934 2462 1000 nobii
2508 933 2808 1001 Omnium
2867 935 3244 998 Sanctorum
3291 930 3356 997 in
3399 931 3676 999 civitate
3731 932 3856 998 Flo·

2295 1021 2576 1104 rentina,
2649 1019 2901 1088 Sacram
2972 1018 3233 1086 Rituum
3298 1018 3859 1107 congregationem

2296 1108 2487 1176 enixe
2538 1108 2795 1197 rogarit,
2852 1119 2925 1175 ut
2971 1107 3298 1174 declarare
3357 1106 3736 1195 dignaretur
3775 1128 3857 1173 se·

2297 1195 2553 1284 quentia
2600 1196 2815 1281 dubia,
2864 1194 3206 1262 nimirum:
3254 1194 3349 1294 (1)

2434 1289 2497 1351 1.
2530 1286 2626 1351 An
2658 1283 2845 1351 liceat
2875 1282 2942 1350 in
2971 1281 3310 1350 Dominicis
3342 1282 3512 1351 Sacri
3545 1284 3861 1350 Adventus

2302 1383 2366 1439 et
2411 1364 2939 1460 Quadragesimae
2996 1370 3253 1456 pulsare
3297 1387 3530 1458 organa
3575 1371 3644 1438 in
3689 1369 3863 1437 Missis

2300 1460 2729 1545 solemnibus,
2792 1469 3051 1548 praeter
3105 1457 3455 1525 Dominicas
3516 1480 3552 1524 a
3617 1458 3866 1526 Rubi-ica

2306 1545 2648 1636 exceptas?
2693 1560 2758 1614 et
2804 1567 2907 1631 an,
2958 1556 3271 1633 quatenus
3319 1546 3419 1613 hic
3465 1566 3624 1614 usus
3670 1545 3732 1612 in
3773 1544 3868 1610 ali·

2306 1655 2427 1723 qua
2474 1635 2756 1704 Ecclesia
2803 1637 3038 1724 vigeat,
3086 1633 3166 1700 sit
3213 1632 3699 1703 eliminandus?

2436 1728 2500 1792 2.
2549 1725 2753 1803 Quum
2802 1743 2884 1790 ex
2929 1721 3215 1791 Rubricis
3263 1721 3537 1804 Sabbato
3581 1724 3868 1790 Sitimoe

2307 1814 2607 1879 velentur
2673 1814 2896 1880 Sacrae
2945 1809 3253 1898 Imagines
3300 1810 3644 1894 Altarium,
3706 1828 3872 1896 qnae-

2310 1900 2518 1967 ritur:
2567 1905 2665 1966 An
2724 1899 2910 1966 liceat
2956 1919 3060 1965 eas
3104 1897 3419 1987 detegere
3472 1898 3656 1966 Feria
3701 1900 3776 1966 Vl
3817 1896 3871 1963 in

2310 1993 2675 2072 Parasceve,
2726 1997 2793 2054 et
2836 2007 2967 2055 non
3010 1986 3089 2053 ad
3133 1989 3454 2074 Hymnum
3511 1986 3873 2075 Angelicnm

2309 2077 2375 2144 in
2420 2074 2688 2231 {abba‘go
2735 2079 2988 2159 Sancto,
3022 2074 3115 2141 uti
3161 2074 3471 2142 Rubricae
3501 2073 3684 2164 ipsae
3712 2091 3874 2162 prae·

2309 2163 2431 2231 scri
2477 2173 2594 2231 unt

2445 2256 2510 2320 3.
2561 2253 2659 2319 An
2705 2251 3073 2319 tolerandus
3115 2251 3198 2318 sit
3241 2271 3393 2319 usus
3424 2250 3596 2319 utin
3628 2249 3879 2318 Sabbato

2315 2342 2544 2409 Sancto
2589 2339 3002 2407 Praeconium
3047 2339 3423 2407 decantetur
3467 2340 3545 2407 ab
3591 2336 3719 2406 alio
3761 2335 3878 2403 Dia·

2316 2447 2475 2495 cono
2520 2429 2773 2496 diverso
2832 2425 2910 2492 ab
2955 2427 3101 2511 illo,
3149 2428 3260 2513 qni
3318 2427 3538 2493 Missae
3584 2423 3876 2507 inservit3

2314 2517 2473 2584 adeo
2504 2527 2576 2583 ut
2607 2516 2740 2583 duo
2768 2515 2894 2581 sint
2923 2516 3200 2600 Diaconi,
3249 2514 3411 2580 alter
3456 2513 3706 2597 Missae,
3739 2511 3884 2578 alter

2314 2623 2473 2670 vero
2518 2602 2840 2671 Praeconii
2860 2601 2894 2670 ἰ’

2451 2695 2516 2758 4.
2549 2692 2645 2758 An
2678 2690 2915 2780 pariter
2945 2691 3230 2780 permitti
3278 2691 3476 2780 possit
3506 2700 3581 2758 ut
3612 2686 3882 2757 Clericus

2317 2780 2674 2868 Regularis,
2721 2781 3048 2847 interdum
3094 2797 3214 2846 nec
3259 2782 3540 2846 Tonsura
3596 2777 3881 2855 initiatus,

2317 2866 2702 2939 Subdiaconi
2727 2867 2931 2935 officio
2953 2867 3253 2957 fungatur
3285 2866 3351 2933 in
3383 2866 3562 2934 lissa
3590 2860 3879 2944 solemni3

2318 2957 2474 3025 dum
2498 2958 2660 3024 alter
2684 2957 2787 3023 vel
2822 2956 3125 3023 Sacerdos
3150 2955 3258 3022 vel
3295 2955 3358 3022 in
3381 2953 3732 3022 maioribus
3754 2969 3881 3019 con·

2315 3046 2572 3113 stitutus
2602 3042 2939 3112 Ordinibus
2971 3044 3176 3128 adest,
3218 3037 3328 3130 {lui
3358 3054 3430 3111 ut
3463 3042 3883 3110 subdiaconus

2316 3133 2628 3201 inservire
2659 3142 2871 3220 potest
2916 3132 3127 3201 eidem
3177 3135 3393 3199 Missae
3423 3125 3748 3198 solemni?
3841 3211 3854 3223 .

2447 3224 2632 3289 Sacra
2676 3220 2934 3288 Rituum
2973 3218 3420 3309 congregatim
3465 3219 3531 3286 in
3578 3216 3884 3286 hodiernis
3981 3261 3982 3308 ζ

2315 3309 2658 3378 Ordinariis
2704 3308 2989 3377 comitiis
3034 3309 3110 3375 ad
3158 3307 3483 3388 Quirinale
3526 3305 3881 3380 coadunata,

2317 3397 2642 3465 referente
2686 3399 3046 3483 subscripto
3093 3394 3472 3479 Secretario,
3509 3389 3886 3482 responden·

2320 3486 2476 3553 dum
2521 3486 2819 3554 censuit:

2451 3574 2546 3641 Ad
2598 3579 2657 3641 1.
2709 3593 2747 3636 «
2781 3572 3063 3641 Abusum
3097 3591 3234 3639 esse
3267 3569 3732 3639 eliminandum
3757 3591 3817 3636 ι.

3639 400 3844 488 (sias)

2454 3662 2547 3729 Ad
2595 3665 2660 3730 2.
2712 3681 2750 3724 «
2782 3663 3032 3729 velatas
3090 3679 3352 3727 manere
3406 3658 3656 3727 debere
3701 3671 3882 3744 usque
3981 3721 3982 3740 χ

2319 3749 2395 3816 ad
2444 3752 2761 3837 Hymnum
2808 3751 3190 3836 ,angelicum
3235 3747 3484 3817 Sabbati
3531 3746 3768 3831 Sancti,
3803 3744 3882 3811 iu·

2324 3847 2428 3904 xta
2473 3843 2738 3905 Decreta
2782 3837 2931 3904 alias
2977 3838 3145 3905 edita
3176 3858 3241 3904 ι.

2451 3925 2545 3992 Ad
2609 3930 2671 3993 3.
2742 3947 2780 3990 «
2829 3929 3028 3993 Usum
3104 3944 3244 3992 esse
3322 3922 3716 3991 contrarium
3787 3926 3883 3988 De·

2323 4015 2514 4083 cretis
2546 4034 2613 4080 ι.

2452 4102 2547 4170 Ad
2597 4106 2663 4168 4.
2713 4123 2751 4166 «
2784 4108 2852 4171 ln
2898 4122 3045 4169 casu
3090 4101 3511 4183 necessitatis,
3553 4095 3880 4167 dummodo

2322 4209 2450 4259 non
2481 4190 2643 4257 adsit
2673 4190 2867 4270 alter;
2903 4190 3017 4257 sed
3049 4189 3295 4258 debere
3323 4207 3462 4256 esse
3487 4188 3806 4255 clericum
3826 4207 3878 4284 y.

2453 4280 2661 4364 Atque
2695 4278 2779 4344 ita
2810 4278 3141 4365 rescripsit
3169 4299 3237 4345 ac
3270 4277 3510 4344 servari
3558 4275 3878 4344 mandarit.

2457 4365 2566 4434 nie
2615 4372 2699 4435 22
2747 4366 2891 4435 Iulii
2945 4370 3139 4435 1848.

2328 4508 2596 4578 2966.
2893 4508 3345 4576 caunum.
3680 4499 3881 4594 (ων)

2450 4630 2658 4708 Quum
2706 4629 3301 4697 Reverendissimus
3347 4630 3713 4696 Gandaven.
3765 4620 3885 4711 Epi·

2323 4736 2552 4804 scopus
2597 4720 2847 4785 Sacram
2881 4718 3142 4786 Rituum
3188 4717 3766 4805 congregationem
3793 4713 3886 4780 hu·

2324 4805 2594 4873 millime
2654 4805 2893 4893 rogarit
2952 4816 3024 4872 ut
3081 4805 3409 4872 declarare
3479 4804 3881 4891 dignaretur:

2289 4915 2294 4916 *
2324 4897 2551 4961 Utrum
2583 4893 2933 4982 Episcopus
2967 4893 3033 4960 in
3062 4892 3469 4961 ordinatione
3493 4889 3884 4981 Regularium

2323 4983 2388 5048 in
2436 5002 2546 5049 sua
2592 4983 2876 5049 Dioecesi
2924 4980 3304 5069 degentium
3359 4982 3579 5049 dicere
3638 4977 3922 5060 debeata
3981 4993 3982 5008 ¹

2324 5072 2666 5137 Promittis
2717 5070 3070 5138 ordinario
3119 5080 3230 5137 tuo
3285 5069 3707 5136 obedientiam
3747 5075 3886 5142 otc-5

2325 5177 2403 5225 an
2450 5158 2705 5248 potius:
2756 5160 3100 5226 Promittis
3148 5157 3310 5225 milti
3356 5167 3475 5224 etc.
3505 5155 3538 5221 5
3577 5177 3592 5192 ·
