4042 5950
1603 231 2083 310 -201-

176 409 307 456 nae
354 388 646 478 capitulo
684 389 1160 458 moderandum
1209 400 1304 457 est
1334 390 1567 458 visum.
1615 392 1775 469 Qua-

177 490 497 565 propter,
545 476 876 565 proposito
922 477 986 544 in
1033 481 1219 545 Sacra
1285 480 1549 545 Rituum
1617 480 1776 546 Con-

146 566 567 653 ·gregatione
597 563 925 633 ordinaria
954 566 1192 633 dubioz
1241 572 1339 634 An
1369 566 1627 634 Parochi
1661 569 1777 633 Ra·

174 664 614 722 vennatenses
681 655 1048 739 Apostolico
1116 652 1459 741 privilegio
1529 653 1774 721 suffulti

172 742 479 829 gestandi
514 741 579 807 in
611 740 1049 809 ecclesiasticis
1097 741 1529 809 functionibus
1563 753 1628 808 et
1660 760 1777 827 pu·

174 828 368 896 blicis
414 826 1011 918 supplicationibus,
1045 829 1393 896 sive'intra
1423 829 1560 897 sive
1600 839 1779 895 extra

174 936 417 984 eorum
441 937 632 985 curae
657 915 1023 983 commissas
1046 918 1383 1002 Ecclesias,
1412 919 1777 986 rochettum

176 1005 329 1071 loco
378 1008 604 1072 Cottae
647 1006 767 1072 sub
816 1015 1133 1072 muzzetta
1167 1005 1445 1072 violacea
1493 1017 1559 1074 et
1605 1006 1776 1073 Stola

172 1113 337 1158 auro
384 1093 657 1176 intexta,
708 1093 951 1180 possint
998 1092 1091 1159 uti
1139 1094 1431 1160 rochetto
1470 1095 1663 1162 etiam
1709 1094 1772 1160 in

171 1183 744 1248 Sacramentorum
774 1180 1347 1265 administratione,
1384 1181 1776 1250 benedictio-

172 1267 371 1335 nibus
433 1269 719 1354 aliisque-
770 1268 1236 1353 functionibus,
1289 1269 1350 1337 in
1412 1271 1645 1356 quibus
1693 1290 1773 1337 ex

170 1356 498 1423 Rubricae
544 1368 896 1444 praecepto
950 1357 1262 1424 Sacerdos
1321 1369 1557 1425 cottam
1602 1379 1774 1425 assu-

174 1463 365 1512 mere
412 1442 658 1512 debet?

312 1537 397 1600 Et
446 1536 511 1600 S.
546 1537 621 1601 R.
659 1535 762 1616 C.,
796 1533 1108 1618 exquisita
1149 1534 1463 1604 sententia
1511 1535 1776 1602 alterius

177 1641 261 1686 ex
310 1621 830 1707 Apostolicarum
875 1621 1433 1689 caeremoniarum
1464 1622 1776 1708 magistris

170 1708 422 1798 scripto
473 1709 641 1777 edita
689 1709 986 1796 typisque
1031 1711 1312 1797 vulgata,
1347 1731 1416 1777 ac
1448 1711 1774 1778 referente

170 1800 340 1863 Effio
393 1809 460 1864 et
506 1800 665 1864 ano
712 1800 786 1862 D.
839 1798 1026 1866 Card.
1084 1799 1243 1865 Iulio
1301 1799 1485 1864 Maria
1532 1799 1615 1866 de
1664 1802 1774 1867 So·-

173 1885 407 1970 malia,
458 1885 601 1952 loco
648 1885 784 1952 Emi
834 1896 902 1952 et
946 1887 1087 1954 ami
1148 1891 1224 1953 D.
1273 1886 1460 1954 Card.
1525 1888 1769 1955 Galleffi

170 1973 483 2041 Ponentis
523 1971 838 2058 absentis,
892 1975 1417 2062 respondendum
1477 1975 1766 2043 censuit:

170 2082 209 2125 ‹
244 2064 606 2149 Negative3
657 2071 721 2127 et
770 2062 834 2129 in
884 2082 1052 2148 casu,
1102 2063 1302 2131 solam
1342 2073 1576 2132 cottam
1624 2082 1770 2131 cum

171 2151 353 2218 Stola
407 2169 546 2216 esse
591 2148 1024 2218 adhibendam
1057 2174 1120 2216 ».
1181 2152 1294 2218 Die
1349 2155 1425 2218 17
1476 2154 1771 2238 Septem-

172 2238 307 2305 bris
364 2241 560 2306 1822.

304 2330 623 2413 Factaque
671 2324 756 2392 de
790 2326 1155 2414 praemissis
1200 2326 1495 2396 omnibus
1528 2347 1647 2417 per
1678 2327 1770 2394 in·

171 2413 588 2515 trascriptum
635 2416 1068 2482 Secretarium
1115 2418 1310 2485 SSmo
1349 2416 1618 2484 Domino
1646 2418 1768 2483 No-

170 2515 306 2569 stro
375 2506 480 2568 Pio
541 2505 650 2569 Vll
708 2505 892 2569 Pont.
955 2506 1120 2571 Max.
1194 2504 1545 2590 relatione,
1619 2509 1767 2574 San·

171 2590 361 2657 ctitas
408 2593 534 2659 Sua
565 2591 793 2658 Sacrae
824 2592 1358 2678 congregationis
1388 2612 1770 2682 responsum

169 2677 597 2766 approbavit,
654 2678 1092 2764 confirmavit,
1142 2692 1206 2747 et
1266 2681 1350 2748 ita
1399 2701 1431 2747 a
1478 2680 1769 2749 Parochis

170 2770 612 2834 Ravennaten.
666 2765 730 2832 in
775 2778 1113 2855 posterum
1143 2769 1389 2836 servari
1418 2769 1765 2852 mandavit.

170 2855 313 2939 Die,
370 2858 613 2940 Mense,
660 2857 870 2938 Anno,
921 2855 1151 2941 quibus
1196 2876 1413 2945 supra.

172 2996 438 3065 2623.
725 2999 1226 3066 ‘rammi-mit.
1541 3000 1766 3088 (4592)

302 3123 471 3187 Usus
516 3119 584 3186 in
630 3120 1002 3189 Tridentina
1047 3122 1314 3191 Civitate
1362 3123 1654 3208 invaluit,
1695 3137 1768 3193 ut

168 3208 711 3294 quotiescumque
741 3209 1136 3278 cathedralis
1168 3213 1492 3281 Ecclesiae
1524 3214 1771 3280 Chorus

169 3298 242 3365 ad
298 3296 532 3364 lunera
575 3296 973 3382 reliquarum
1017 3300 1457 3368 Paroeciarum
1511 3319 1768 3368 vocare·

132 3394 275 3453 2tur
309 3432 329 3467 ,
381 3384 675 3452 defuncti
721 3384 1039 3455 Parochus
1106 3406 1255 3454 cum
1299 3409 1417 3456 suo
1464 3391 1655 3457 Clero
1702 3389 1765 3457 in

169 3473 373 3560 ipsam
404 3472 859 3540 cathedralem
903 3476 1280 3542 conveniret
1309 3476 1386 3545 ad
1421 3475 1764 3545 levandum

167 3561 456 3627 chorum
504 3580 620 3648 pro
653 3562 902 3647 agendo
951 3563 1220 3643 lunere;
1256 3565 1428 3651 quod
1469 3585 1598 3634 non
1631 3576 1765 3633 tan-

170 3660 309 3716 tum
361 3668 395 3712 a
444 3648 689 3717 duabus
726 3651 1040 3717 Paroeciis
1088 3651 1298 3720 eidem
1328 3654 1622 3740 Capitulo
1672 3654 1766 3721 in-

169 3736 555 3821 corporatis,
600 3736 715 3805 sed
764 3737 957 3806 etiam
1002 3760 1034 3805 a
1080 3741 1368 3809 Paroecia
1423 3746 1487 3811 S.
1537 3742 1762 3809 Mariae

167 3823 585 3910 Magdalenae
631 3825 707 3892 ab
740 3825 860 3893 boc
908 3826 1422 3915 independente,
1459 3830 1767 3897 hactenus

167 3924 498 3978 servatum
533 3924 651 3979 est.
681 3914 1100 4001 Regularibus
1131 3937 1252 4004 sup
1305 3919 1515 4003 ressis,
1541 3922 1764 3986 Paroe-

171 4001 261 4066 cia
324 4002 393 4066 S.
444 4001 613 4066 Petri
658 4022 691 4066 a
746 4003 1007 4070 Clericis
1073 4009 1253 4090 Regu
1284 4006 1494 4073 aribus
1549 4008 1763 4074 Soma-

169 4089 358 4155 schae
407 4089 936 4175 congregationis
965 4091 1033 4159 in
1065 4104 1464 4161 antecessum
1496 4094 1765 4162 admini-

170 4186 389 4258 strata,
437 4178 730 4265 eapitulo
776 4179 966 4246 cessit
1011 4200 1081 4247 ac
1126 4182 1343 4266 paullo
1383 4193 1529 4282 post
1577 4181 1765 4249 ambo

171 4263 456 4347 Parochi,
496 4276 628 4330 tum
665 4266 730 4333 S.
766 4267 934 4333 Petri
984 4276 1119 4334 tum
1156 4270 1222 4336 S.
1259 4272 1484 4337 Mariae
1517 4269 1764 4337 Maioris

172 4355 367 4436 pleno
426 4351 567 4419 iure
615 4372 762 4420 cum
832 4354 1206 4423 investitura
1268 4356 1540 4426 instituti
1584 4368 1755 4426 sunt.

173 4439 324 4506 lude
350 4450 569 4507 ortum
594 4439 952 4511 dissidium.
987 4442 1245 4510 Parochi
1277 4445 1597 4532 siquidem
1622 4464 1762 4533 gra·

174 4527 299 4593 vari
324 4539 687 4614 coeperunt
705 4532 786 4599 de
808 4532 1139 4618 praedicto
1166 4552 1285 4600 usu
1309 4535 1659 4602 accedendi
1683 4535 1761 4601 ad

174 4615 652 4702 Cathedralem,
688 4620 1155 4687 contendentes
1203 4620 1558 4689 funeralem
1611 4643 1759 4710 pro·

172 4704 531 4772 cessionem
575 4707 655 4774 ad
700 4725 988 4774 normam
1020 4712 1438 4777 Decretorum
1480 4712 1549 4778 S.
1575 4715 1648 4778 R.
1679 4715 1755 4781 C.

173 4793 689 4879 congregandam
759 4814 898 4861 esse
946 4795 1010 4861 in
1072 4797 1382 4881 Ecclesia,
1439 4798 1515 4866 ad
1566 4818 1757 4885 quam

172 4878 602 4948 deferendum
673 4893 767 4949 est
827 4882 1134 4969 cadaver3
1207 4886 1602 4954 Mansionarii
1674 4907 1754 4955 ex

173 4966 442 5034 adverso
510 4969 845 5057 ceterique
902 4991 935 5037 a
995 4972 1203 5040 Choro
1272 4973 1565 5063 deputati
1634 4974 1755 5043 iuri

173 5055 457 5140 quaesito
505 5057 845 5143 insistunt,
895 5059 1278 5129 affirmantes
1345 5062 1755 5153 praecipuam

175 5142 233 5207 in
277 5145 588 5211 Ecclesiis
634 5148 971 5214 Sacrorum
1015 5148 1277 5217 Rituum
1303 5152 1592 5218 normam
1618 5168 1758 5218 esse

173 5232 732 5318 consuetudinem,
781 5252 944 5321 quae
991 5239 1377 5325 quandoque
1422 5235 1552 5307 vim
1590 5239 1753 5327 legis

172 5321 564 5402 particularis
611 5321 855 5391 obtinet
900 5335 1120 5392 contra
1152 5326 1348 5415 ipsam
1379 5329 1755 5415 generalem

1876 371 2186 474 regulam.
2258 389 2356 456 Ad
2400 385 2766 456 huiusmodi
2813 384 3144 456 dissidium
3198 403 3454 486 compo-

1876 477 2163 544 nendum
2216 480 2295 544 P..
2343 481 2417 543 D.
2482 475 2744 545 Carolus
2808 475 3123 562 Sardagna
3171 473 3457 542 vicarius

1878 565 2205 632 Generalis
2232 563 2605 652 capitularis
2638 561 3069 647 Tridentinus,
3105 563 3463 648 obsequen·

1878 651 2132 720 tissimis
2179 653 2378 719 literis
2438 656 2596 719 Eme
2643 650 2906 718 Domino
2968 650 3154 719 Card.
3216 649 3466 716 Praefe-

1879 748 1981 806 cto
2037 740 2200 807 datis
2231 791 2247 824 ,
2297 738 2691 827 infrascripta
2759 738 2949 807 dubia
3011 739 3178 805 inter
3245 748 3463 837 partes

1879 829 2255 896 concordata
2301 850 2332 893 a
2380 832 2449 897 S.
2490 831 2567 895 R.
2600 831 2674 897 G.
2721 827 3050 895 enodanda
3099 825 3457 894 bum1llime

1884 915 2255 1005 proposuitz
2717 928 2724 936 ·

2015 1009 2079 1071 1.
2129 1008 2194 1070 ln
2243 1023 2513 1090 quanam
2561 1003 2841 1084 Ecclesia
2889 1002 3267 1090 regulariter
3314 1020 3462 1068 con-

1881 1092 2272 1159 veniendum
2319 1091 2401 1158 sit
2444 1093 2521 1160 ad
2552 1090 3027 1160 Processionem
3062 1086 3467 1157 funeralem‘?

2011 1185 2080 1246 2.
2129 1180 2226 1246 An
2255 1199 2415 1247 nova
2450 1179 2728 1246 conditio
2760 1179 3183 1245 Parocborum
3232 1181 3298 1246 S.
3335 1180 3458 1246 lla·

1880 1267 2009 1334 riae
2072 1267 2318 1334 Maioris
2373 1277 2437 1333 et
2483 1269 2550 1335 S.
2600 1265 2767 1335 Petri
2816 1266 3081 1333 eosdem
3143 1266 3377 1334 liberet
3428 1285 3461 1331 a

1878 1356 2192 1423 servando
2240 1377 2386 1440 usu,
2435 1356 2542 1442 qui
2588 1366 2769 1423 antea
2815 1351 3058 1440 viguit,
3107 1352 3461 1422 accedendi

1878 1445 1955 1512 ad
2022 1445 2376 1512 Ecclesiam
2452 1443 2895 1511 Cathedralcm
2963 1441 3039 1508 ad
3112 1443 3456 1510 levandum

1879 1533 2200 1616 cnorum,
2251 1530 2584 1599 invitatum
2638 1532 2714 1599 ad
2765 1532 2988 1597 funera
3040 1548 3304 1599 suorum
3352 1548 3459 1617 pa-

1880 1619 2372 1688 rochianorum?

2009 1713 2078 1776 3.
2126 1709 2250 1791 An,
2286 1709 2441 1776 dum
2470 1709 2546 1776 ad
2597 1708 2786 1776 funus
2817 1707 3081 1775 alterius
3125 1704 3459 1776 Paroeciae

1878 1797 2162 1864 Ecclesia
2230 1795 2621 1865 cathedralis
2688 1815 2804 1862 seu
2873 1796 3119 1865 Chorus
3164 1799 3303 1865 sine
3347 1796 3458 1860 Ca·

1881 1885 2086 1973 pitulo
2156 1885 2620 1952 canonicorum
2691 1883 2990 1952 invitatur
3020 1934 3037 1969 ,
3088 1885 3192 1954 hic
3244 1885 3320 1953 ad
3368 1880 3462 1948 in-

1880 1973 2156 2044 eundam
2203 1972 2670 2041 processionem
2732 1971 3089 2046 funeralem
3145 1973 3460 2043 accedere

1877 2061 2109 2129 debeat
2153 2062 2232 2129 ad
2280 2059 2625 2128 Ecclesiam
2694 2060 2867 2127 illius
2911 2063 3280 2146 Paroeciae,
3331 2081 3458 2130 non

1877 2151 2166 2218 obstante
2227 2148 2536 2216 contraria
2603 2149 3110 2230 consuetudine;
3173 2151 3276 2221 vel
3341 2154 3459 2216 sal·

1876 2248 2008 2305 tem
2058 2238 2256 2328 possit
2301 2237 2369 2304 in
2410 2238 2510 2305 via
2558 2246 2904 2325 expectare
2965 2239 3228 2308 Clarum
3289 2239 3457 2306 eius-

1874 2327 2027 2395 dem
2072 2325 2441 2410 Paroeciae,
2490 2335 2596 2394 aut
2656 2325 3000 2394 convenire
3054 2328 3131 2396 ad
3188 2329 3457 2398 domum

1877 2415 2207 2494 defuncti3
2255 2415 2359 2481 vel
2405 2414 2662 2481 tandem
2707 2415 2906 2499 possit
2934 2413 3255 2485 abstinere
3287 2438 3320 2484 a
3351 2434 3455 2486 co·

1878 2504 2166 2571 mitando
2213 2499 2489 2570 funere?

2006 2594 2069 2658 4.
2119 2590 2278 2669 Quid
2347 2590 2756 2658 statuendum
2829 2590 2941 2675 hac
3001 2591 3068 2659 in
3125 2614 3197 2663 re
3224 2644 3243 2680 ,
3291 2592 3450 2661 dum

1870 2680 2155 2748 Ecclesia
2201 2676 2594 2747 cathedralis
2638 2697 2763 2748 una
2810 2699 2958 2747 cum
3003 2682 3294 2770 Capitulo
3344 2685 3455 2749 Ca-

1874 2768 2253 2835 nonicorum
2313 2766 2615 2834 invitatur
2674 2767 2751 2834 ad
2800 2767 2989 2836 funus
3042 2772 3303 2839 alterius
3346 2772 3455 2836 Pa·

1752 2919 1759 2930 ,
1874 2852 2176 2924 roeciae‘?
3072 2887 3079 2893 ·

2004 2949 2068 3013 5.
2119 2941 2408 3030 Denique
2477 2942 2732 3013 ubinam
2794 2947 3312 3017 conveniendum
3357 2955 3456 3015 est

1871 3035 1949 3102 ad
1981 3032 2459 3100 processionem
2490 3031 2871 3115 funeralem,
2908 3034 3065 3103 dum
3104 3035 3455 3106 canonicus

1874 3121 2196 3190 Ecclesiae
2226 3119 2620 3197 cathedralis
2650 3119 2713 3187 in
2759 3120 2961 3188 aliena
3006 3125 3296 3192 Paroecia
3341 3124 3454 3191 do-

1872 3208 2183 3278 micilium
2218 3207 2455 3276 babens
2501 3209 2797 3294 moritur,
2832 3210 3013 3279 cuius
3045 3212 3315 3282 cadaver
3360 3211 3455 3278 iu-

1874 3312 1979 3367 xta
2023 3316 2273 3364 morem
2319 3307 2609 3365 nostrum
2642 3316 2759 3385 pro
2790 3302 3081 3386 exequiis
3127 3300 3454 3369 celebran-

1873 3388 1972 3455 dis
1993 3386 2072 3453 ad
2108 3385 2456 3453 Ecclesiam
2482 3386 2928 3455 cathedralem
2953 3389 3199 3457 deferri
3223 3384 3458 3457 debet?

2003 3478 2083 3541 Et
2129 3476 2199 3542 S.
2245 3478 2321 3542 tt.
2373 3476 2475 3555 C..
2543 3494 2611 3541 re
2671 3483 2920 3542 mature
2973 3477 3454 3566 diligenterque

1870 3564 2183 3647 discussa,
2233 3574 2298 3629 et
2345 3561 2657 3664 exquisita
2710 3562 2888 3649 prius
2933 3566 3251 3635 sententia
3296 3566 3451 3631 alte·

1870 3653 2003 3720 rius
2050 3671 2131 3718 ex
2175 3651 2682 3750 Apostolicarum
2728 3654 3285 3731 caeremoniarum
3330 3655 3451 3720 nta-

1867 3740 2082 3829 gistris
2125 3739 2380 3828 scriptis
2439 3740 2692 3807 reddita
2745 3744 3098 3830 praeloque
3144 3762 3315 3830 cusa,
3372 3738 3451 3808 ad

1866 3828 2249 3896 relationem
2306 3823 2446 3895 Emi
2510 3839 2575 3895 et
2630 3830 2770 3895 ami
2825 3834 3007 3898 Dom.
3066 3833 3254 3905 Gard.
3311 3828 3452 3899 lulii

1867 3917 2054 3985 Maria
2099 3917 2182 3984 de
2230 3916 2501 3984 Somalia
2547 3916 2846 4016 Episcopi
2892 3920 3136 3989 Ostien.
3184 3932 3249 3988 et
3280 3919 3453 3989 Veli·

1867 4018 2040 4073 tern.
2071 4004 2394 4105 ‘Praefecti
2441 4014 2508 4071 et
2551 4009 2874 4091 Ponentis,
2923 4009 3452 4097 respondendum

1870 4104 2158 4161 censuit:

1996 4181 2096 4250 Ad
2149 4185 2211 4247 1.
2257 4202 2296 4245 ‹
2329 4181 2739 4267 Regulariter
2808 4184 3324 4253 conveniendum
3370 4185 3448 4252 ad

1863 4269 2322 4353 parochialem,
2356 4268 2475 4336 nisi
2509 4271 2907 4338 consuetudo
2942 4271 3024 4338 sit
3064 4272 3450 4340 convenien-

1864 4357 1931 4425 di
1979 4357 2044 4424 in
2087 4357 2273 4425 aliam
2320 4357 2668 4426 Ecclesiam
2698 4407 2715 4441 ,
2767 4357 2940 4426 iuxta
2985 4360 3452 4449 praescriptum

1862 4447 2128 4514 Ritualis
2174 4445 2435 4513 Romani
2486 4456 2550 4513 et
2583 4445 2769 4514 huius
2817 4448 3043 4515 Sacrae
3090 4452 3450 4534 congrega·

1867 4534 2054 4601 tionis
2101 4538 2368 4602 Decreta
2404 4557 2471 4601 ιι.

1995 4623 2092 4691 Ad
2142 4627 2208 4690 2.
2269 4643 2307 4687 α
2340 4626 2406 4690 ln
2456 4643 2640 4706 casu,
2690 4622 2775 4690 de
2823 4644 2952 4709 quo
3016 4624 3267 4710 agitur,
3316 4643 3451 4691 ser-

1861 4711 2130 4779 vandam
2181 4728 2320 4777 esse
2381 4711 2916 4779 consuetudinem
2975 4712 3319 4780 accedendi
3369 4711 3445 4779 ad

1859 4798 2334 4882 cathedralem,
2385 4800 2541 4867 dum
2589 4799 2833 4867 Chorus
2879 4800 3185 4868 invitatur
3230 4800 3308 4869 ad
3359 4800 3451 4868 fu·

1858 4906 2016 4973 nus;
2077 4906 2206 4954 non
2253 4887 2544 4954 obstante
2591 4906 2751 4954 nova
2812 4889 3236 4956 Parochorum
3298 4908 3449 4961 con·

1864 4974 2107 5043 ditione
2143 4998 2206 5041 ».

1991 5063 2088 5130 Ad
2136 5068 2201 5131 3.
2253 5084 2292 5127 ‹
2325 5067 2395 5130 ln
2443 5082 2590 5130 casu
2640 5074 2761 5133 etc.
2807 5065 3015 5150 quoad
3067 5066 3337 5167 primam
3386 5076 3450 5134 et

1864 5151 2118 5218 tertiam
2164 5162 2448 5239 partem,
2498 5150 2620 5221 iam
2680 5154 3008 5239 provisum
3070 5173 3134 5222 in
3195 5167 3447 5223 antece·

1861 5240 2077 5321 denti3
2141 5241 2347 5327 quoad
2416 5241 2807 5321 secundam,
2857 5242 3086 5310 nullibi
3135 5244 3450 5330 nulloque

1860 5329 1926 5395 in
1972 5348 2119 5396 casu
2153 5329 2349 5398 licere
2396 5340 2744 5417 expectare
2775 5350 2894 5420 per
2924 5331 3120 5418 viam,
3150 5343 3259 5399 aut
3291 5351 3443 5401 con-
