4042 5950
1674 259 2092 336 ...41—

246 437 325 481 eo
373 416 871 500 interveniente,
920 428 1282 516 opportuno
1330 428 1646 503 tempore,
1698 414 1828 480 bal·
1918 419 2347 503 Praepositum
2395 429 2460 483 et
2504 417 2848 485 canonicos
2907 416 3228 484 Ecclesiae
3271 415 3479 482 colle·

244 504 592 570 dacbinum
639 504 1144 591 Archiepiscopi,
1180 505 1283 570 vel
1324 526 1401 570 eo
1440 503 1702 570 nolente
1737 503 1825 567 in-

250 591 603 673 tei-venire,
639 591 800 656 illud
848 591 1099 658 Abbatis
1131 593 1459 676 Regularis
1492 590 1651 676 erigi
1684 608 1827 674 pos-

244 679 379 756 sit;
444 678 783 763 iniungens
845 684 1000 745 Eme
1054 688 1120 743 et
1172 683 1329 745 Rffio
1398 684 1580 745 Dom.
1637 677 1823 742 card.

250 785 369 849 pro
426 776 721 849 tempore
782 766 1028 852 legato,
1090 777 1159 830 ut
1220 765 1581 833 executioni
1638 764 1823 830 huius

250 852 503 919 moreti
550 851 902 919 sanctitatis
976 856 1183 937 Suae,
1260 852 1562 919 adhibitis
1638 853 1825 917 etiam

249 939 631 1004 auctoritate
690 960 799 1006 sua
860 939 1016 1005 iuris
1069 940 1398 1022 remediis,
1453 940 1681 1005 sedulo
1740 939 1829 1003 in-

246 1026 509 1092 cumbat
557 1049 618 1091 ».
672 1027 781 1092 Die
833 1031 910 1091 12
958 1026 1155 1093 Martii
1209 1031 1397 1094 1727.

247 1164 515 1233 2280.
840 1169 1253 1235 nAcnsmA.
1598 1164 1821 1252 (3972)

380 1289 543 1352 cum
590 1306 672 1352 ex
718 1300 899 1387 parte
931 1294 1183 1356 Patrum
1222 1289 1533 1356 Abbatum
1576 1286 1825 1355 Ordinis

248 1373 463 1443 Sancti
510 1375 837 1443 Benedicti
872 1380 1083 1445 Status
1112 1379 1408 1465 Ragusini
1458 1374 1821 1462 expositum

250 1460 474 1545 fuerit,
534 1461 737 1545 quod,
788 1463 905 1549 ipsi
961 1463 1824 1547 occasionel'rocessicnum

250 1560 317 1612 et
361 1547 833 1615 absolutionum
866 1552 957 1617 ,ad
1010 1551 1319 1618 funeralia
1364 1556 1668 1619 Rmorum
1714 1553 1826 1613 Ar·

248 1634 809 1722 cbiepiscoporum
875 1649 939 1703 et
1007 1639 1418 1719 Dominorum
1486 1641 1827 1715 Rectcrum

248 1722 663 1806 Reipublicae
720 1725 1112 1809 Ragusinae,
1160 1727 1233 1791 ad
1287 1746 1440 1812 quas
1488 1724 1682 1790 iidem
1736 1724 1826 1788 in-

249 1807 428 1874 vitati
474 1819 622 1874 sunt
680 1810 871 1901 simul
924 1831 1074 1881 cnm
1138 1814 1458 1913 Episcopis
1517 1811 1826 1909 Suffraga-

249 1897 386 1960 neis
417 1945 434 1980 ,
483 1897 657 1962 nulla
702 1918 971 1984 persona
1016 1901 1081 1966 in
1136 1902 1451 1985 nignitate
1519 1899 1825 1964 Ecclesia-

247 1984 400 2048 stica
432 1985 774 2052 constituta
804 1986 1200 2073 interposita,
1229 1986 1695 2075 pontificalibus
1724 2005 1826 2050 or-

250 2071 569 2137 namentis
615 2073 819 2140 induti
864 2092 1123 2161 semper
1166 2085 1602 2151 accesserunt;
1652 2090 1827 2140 cum-

250 2176 379 2241 que
424 2160 647 2241 mod0‚
681 2160 759 2226 ad
794 2161 1095 2229 effectum
1141 2180 1223 2229 ne
1270 2184 1301 2227 a
1346 2163 1536 2228 simili
1583 2180 1828 2247 posses-

249 2246 426 2312 sione
475 2268 508 2311 a
552 2247 878 2314 canonicis
922 2250 1314 2317 cathedralis
1359 2250 1707 2337 Ragusinae
1760 2248 1830 2314 ii·

251 2334 402 2399 dem
448 2332 515 2400 in
562 2346 891 2420 posterum
960 2337 1318 2422 perturbari
1373 2338 1667 2418 valeant,
1716 2337 1847 2409 de-.

251 2421 665 2489 cierationem
733 2425 1224 2491 manutentionis
1300 2423 1663 2491 huiusmodi
1736 2444 1828 2489 as·

248 2519 461 2574 sertae
508 2511 983 2578 consuetudinis
1029 2530 1062 2575 a
1109 2515 1173 2578 S.
1225 2516 1298 2579 R.
1343 2516 1412 2579 c.
1465 2511 1827 2578 humillime

249 2595 682 2682 supplicatum
726 2597 922 2664 fuerit
961 2598 1302 2665 declarari:

379 2688 451 2751 S.
501 2688 740 2768 R.=c.,
812 2686 960 2752 visis
1019 2686 1522 2754 attestationibus
1576 2687 1829 2772 Episco-

252 2790 489 2859 porum
534 2775 872 2861 Stagnen.,
928 2777 1287 2840 Mei-canen.
1339 2785 1403 2840 et
1449 2774 1826 2857 Tribunen.‚

249 2872 441 2945 atque
480 2860 649 2926 lecto
679 2871 829 2927 voto
860 2882 892 2924 a
926 2865 1083 2927 Rmo
1114 2860 1609 2949 Arcbiepiscopo
1647 2867 1829 2926 Ama·

252 2967 405 3014 seno
455 2948 957 3033 Apostolicarum
1002 2950 1556 3016 caeremoniarum
1583 2948 1827 3015 Praefe-

256 3047 353 3100 cto
403 3047 682 3118 exarato,
735 3035 1213 3102 rescribendum
1250 3037 1531 3104 censuit:
1585 3059 1622 3101 ‹
1657 3039 1830 3102 Prae·

252 3123 609 3190 cedentiam
638 3143 827 3211 supra
858 3122 1202 3190 Canonicos
1233 3122 1452 3191 deberi
1487 3123 1830 3191 Abbatibus

252 3211 618 3296 praedictis,
680 3224 745 3278 et
804 3211 1066 3277 solitum
1113 3213 1348 3278 servari
1408 3212 1825 3280 mandavit».

250 3303 325 3365 Et
372 3299 457 3364 ita
499 3298 810 3366 decrevit.
870 3298 982 3364 Die
1022 3303 1099 3366 12
1133 3299 1271 3364 Iulii
1310 3303 1499 3365 1727.

252 3456 493 3526 2281.
876 3457 1209 3522 SORANA.

476 3562 991 3629 PRAETENSAE
1036 3562 1589 3632 ASSISTENTIAE

650 3667 728 3730 m
773 3666 1418 3732 PONTmchLlBUS.

1598 3456 1823 3543 (3974)

372 3829 789 3912 Reassumpta
836 3824 1072 3889 iterum
1120 3823 1550 3890 controversia
1619 3823 1739 3889 iam
1796 3845 1825 3888 a

246 3912 571 3978 Canonicis
624 3912 948 3977 Ecclesiae
1007 3910 1403 3976 Cathedralis
1451 3922 1515 3975 et
1573 3907 1862 3976 Promo-'

249 4011 378 4064 tore
424 3999 649 4066 Fiscali
694 3997 924 4066 curiae
972 3998 1347 4085 episcopalis
1387 3998 1669 4068 civitatis
1717 4001 1828 4064 So·

245 4105 453 4169 ranae,
486 4086 795 4152 adversus
857 4085 1296 4170 Praepositum
1353 4095 1417 4150 et
1464 4085 1828 4172 Capitulum

246 4174 562 4240 Ecclesiae
607 4172 997 4257 collegiatae
1038 4175 1107 4237 S.
1142 4172 1492 4254 Restitutae
1543 4171 1828 4238 eiusdem

241 4261 547 4344 civitatis,
595 4279 795 4347 super
838 4259 1187 4324 assistentia
1252 4258 1315 4324 in
1360 4257 1829 4326 Pontificalibus

244 4349 532 4430 excitata,
582 4367 748 4433 quae
795 4346 860 4412 in
906 4350 975 4413 S.
1008 4350 1083 4413 R.
1122 4350 1191 4413 c.
1244 4346 1449 4413 habita
1495 4351 1534 4412 ὅ
1565 4351 1826 4413 Decem-

240 4434 363 4500 bris
416 4439 621 4518 1716,
671 4445 976 4521 respectu
1021 4434 1367 4518 Praepositi
1432 4443 1495 4498 et
1551 4434 1824 4520 Capituli

240 4522 559 4609 praefatae
607 4522 995 4610 collegiatae
1037 4522 1325 4587 nondum
1358 4519 1613 4606 penitus
1658 4542 1829 4589 reso-

243 4610 373 4675 luta
418 4608 566 4688 fuit3
602 4621 669 4675 et
713 4629 836 4696 per
882 4612 1113 4676 Emum
1148 4619 1212 4674 et
1258 4611 1487 4673 Rmum
1528 4613 1597 4673 D.
1635 4611 1821 4675 card.

242 4695 534 4781 Pelignac
571 4695 973 4782 infrascripto
1006 4695 1202 4762 dubio
1239 4696 1407 4761 inter
1441 4708 1650 4782 partes
1683 4715 1831 4762 con-

245 4783 501 4850 cordate
549 4784 919 4869 preposito:

370 4871 466 4934 An
510 4870 726 4936 decisa
771 4870 889 4936 sub
934 4872 1039 4937 die
1104 4875 1141 4935 5
1195 4869 1564 4936 Decembris
1630 4875 1820 4953 1716,

247 4967 459 5022 contra
504 4955 1151 5043 Ascbipresbyterum
1201 4968 1265 5023 et
1308 4957 1651 5025 canonicos
1709 4964 1824 5024 Ec-

252 5043 471 5108 clesiae
514 5041 905 5127 Collegiatae
950 5048 1014 5111 S.
1052 5044 1512 5113 Bartholomaei
1545 5046 1825 5113 Civitatis

252 5132 432 5196 Sorae
465 5179 481 5210 ,
534 5127 813 5194 militent
882 5133 1069 5199 etiam
1131 5135 1195 5201 in
1258 5132 1552 5199 omnibus
1607 5146 1823 5200 contra

382 5321 463 5391 (1)
500 5322 567 5376 Ε.
604 5321 742 5377 nuh.
781 5323 808 5377 1
844 5330 897 5379 ct
934 5326 984 5382 2.

1927 504 2129 589 giatae
2175 508 2239 570 S.
2291 506 2641 571 Restitutae
2689 500 2980 572 eiusdem
3029 502 3366 572 Civitatis?

2059 594 2122 657 S.
2172 596 2245 658 R.
2295 595 2411 673 C.,
2476 594 2757 677 partibus
2817 603 2945 657 tam
3001 591 3254 677 scriptis
3309 608 3497 677 quam

1927 697 2085 744 voce
2133 678 2275 743 binc
2324 679 2476 745 inde
2524 679 3006 747 informantibus
3051 678 3306 761 auditis,
3355 676 3500 742 alias

1927 765 2407 832 rescribendum
2457 769 2740 835 censuit:
2790 788 2828 831 ‹
2861 766 3249 832 Affirmative
3291 764 3495 850 quoad

1928 852 2135 917 omnia
2168 875 2234 917 ν.
2283 853 2604 920 Adversus
2647 865 2861 921 tamen
2922 852 3285 920 huiusmodi
3327 871 3498 917 reso·

1930 939 2241 1006 lationem
2287 939 2543 1007 obtenta
2589 962 2620 1005 a
2667 940 2957 1026 capitulo
3018 951 3083 1006 et
3137 938 3498 1026 Praeposito

1930 1026 2246 1114 praefatae
2289 1028 2673 1112 collegiatae
2720 1031 2784 1094 S.
2823 1028 3170 1094 Restitutae
3201 1046 3363 1093 nova
3394 1046 3499 1092 au·

1929 1113 2192 1198 dientia,
2242 1125 2306 1180 et
2354 1116 2546 1181 modo
2594 1115 2829 1181 iterum
2883 1114 3282 1202 reproposita
3336 1114 3501 1180 dicta

1929 1202 2356 1267 controversia
2403 1221 2598 1287 super
2641 1203 3069 1291 suprascripto
3116 1202 3337 1279 dubio,

2061 1291 2125 1354 S.
2179 1289 2403 1355 eadem
2448 1293 2527 1356 R.
2574 1293 2689 1373 C.,
2739 1289 2814 1355 ad
2875 1289 3252 1355 relationem
3307 1288 3503 1375 ipsius

1933 1375 2071 1441 Emi
2099 1387 2162 1441 et
2186 1377 2322 1442 Rmi
2354 1382 2428 1442 D.
2464 1378 2648 1444 card.
2680 1375 2995 1464 Polignac,
3023 1386 3293 1460 utraque
3324 1385 3505 1462 parte

1929 1482 2089 1528 voce
2144 1474 2205 1528 et
2272 1464 2524 1549 scriptis
2576 1465 2956 1530 informante
3007 1464 3220 1529 denuo
3264 1462 3499 1544 audita,

1930 1550 2414 1618 rescribendum
2447 1551 2731 1618 censuitt
2781 1572 2819 1616 α
2853 1556 2921 1617 ln
2952 1550 3218 1633 decisis;
3272 1559 3338 1616 et
3381 1568 3504 1614 am·

1927 1638 2098 1723 plius
2131 1660 2194 1702 ».
2245 1643 2324 1704 Et
2356 1638 2436 1703 ita
2463 1639 2750 1705 decrevit
2782 1660 2851 1704 ac
2882 1638 3122 1704 servari
3154 1637 3497 1704 mandavit.

1931 1725 2043 1790 Die
2089 1728 2175 1791 24
2221 1726 2485 1792 Ianuarii
2536 1730 2731 1793 1728.

1930 1863 2186 1932 2282.
2535 1866 2908 1930 MILETEN.

2063 1991 2221 2053 cum
2269 1987 2332 2053 in
2377 1985 2645 2053 civitate
2704 1988 2942 2070 Mileti,
2993 1998 3121 2053 tam
3179 1987 3506 2055 occasione

1906 2067 2219 2142 'accessus
2275 2075 2447 2141 illius
2499 2074 2894 2159 Magistratus
2953 2085 3018 2140 et
3070 2075 3344 2161 capituli
3389 2080 3507 2141 Ec-

1930 2163 2160 2230 clesiae
2205 2162 2598 2229 cathedralis
2644 2163 2720 2229 ad
2767 2162 3073 2249 palatium
3142 2163 3506 2250 episcopale

1927 2251 2005 2317 ad
2056 2249 2356 2316 effectum
2401 2248 2744 2317 associandi
2805 2249 3190 2336 Episcopum
3253 2249 3505 2316 Pontifi-

1931 2337 2084 2404 calia
2129 2345 2538 2422 peracturum
2570 2357 2646 2402 ac·
2687 2336 2750 2402 in
2787 2336 3021 2402 ceteris
3068 2335 3507 2402 ecclesiasticis

1933 2418 2361 2491 functionibus
2413 2443 2560 2491 cum
2615 2423 2942 2491 delatione
2993 2424 3255 2507 Clarae,
3311 2424 3506 2510 vulgo

1930 2514 2167 2580 Hazza
2212 2509 2486 2594 d’onore,
2535 2529 2726 2597 quam
2771 2530 2968 2598 super
3011 2510 3148 2577 aliis
3192 2510 3507 2596 praeemi-

1929 2598 2186 2683 nentiiS,
2236 2608 2451 2664 contra
2498 2599 2703 2686 ipsum
2751 2598 3178 2683 Magistratum
3223 2610 3290 2664 et
3328 2599 3510 2684 capi-

1932 2687 2141 2752 tulum
2172 2707 2201 2750 a
2235 2689 2463 2752 Ioanne
2510 2687 2841 2753 Francisco
2875 2685 3184 2772 blangioni
3223 2685 3509 2752 eiusdem

1932 2773 2323 2840 Cathedralis
2366 2775 2682 2842 canonico
2728 2773 3039 2841 excitatae
3084 2772 3323 2841 fuerint
3360 2791 3509 2841 con·

1935 2860 2318 2942 troversiae‚
2381 2870 2571 2945 atque
2633 2861 2710 2926 ad
2778 2860 3137 2927 instantiam
3198 2860 3352 2927 dicti
3399 2864 3511 2928 Ca·

1931 2948 2141 3015 nonici
2186 2946 2499 3032 blangioni
2532 2949 2609 3016 ad
2643 2951 2708 3015 S.
2744 2952 2819 3015 R.
2855 2950 2928 3014 G.
2965 2948 3212 3018 delatae
3245 2947 3507 3028 fuerint;

1934 3040 2130 3102 Emus
2177 3047 2240 3101 et
2285 3038 2480 3104 umus
2526 3040 2597 3104 D.
2649 3037 2834 3103 card.
2892 3036 3061 3122 Pipia
3108 3036 3502 3123 infrascripta

1931 3121 2124 3189 dubia
2179 3124 2345 3189 inter
2399 3134 2608 3211 partes
2656 3123 3031 3190 concordata
3076 3122 3141 3188 in
3189 3126 3253 3190 S.
3305 3127 3381 3190 R.
3427 3126 3498 3190 c.

1933 3211 2308 3278 declaranda
2354 3212 2727 3298 proposuit:
2779 3211 2873 3297 (1)

2071 3302 2128 3362 1.
2181 3301 2275 3364 An
2321 3297 2703 3386 magistratui
2753 3308 2818 3363 et
2863 3296 3200 3383 capitaneo
3246 3297 3501 3384 Virgae,

1931 3396 2266 3472 postquam
2312 3385 2755 3452 associaverint
2784 3385 3170 3472 Episcopum
3195 3404 3396 3471 usque
3428 3388 3504 3454 ad

1936 3473 2150 3538 Altare
2193 3473 2368 3539 ssffii
2415 3472 2827 3556 Sacramenti,
2864 3473 3046 3539 liceat
3092 3471 3357 3538 transire
3389 3492 3507 3574 per

1932 3560 2401 3646 Presbyterium
2433 3561 2509 3628 ad
2543 3561 2842 3626 effectum
2874 3560 3306 3647 prosequendi
3348 3580 3508 3628 etus-

1934 3648 2099 3800 dfim
2127 3648 2605 3802 ⁴associationem
2666 3667 2872 3734 usque
2915 3647 2992 3713 ad
3039 3647 3252 3713 locum
3298 3646 3507 3715 balda-

1933 3755 1965 3799 c
2018 3756 2103 3801 mi

2063 3827 2131 3889 2.
2180 3829 2274 3888 An
2325 3823 2508 3890 liceat
2541 3824 2784 3891 eisdem
2831 3823 2895 3888 in
2939 3820 3370 3889 functionibus
3406 3843 3505 3890 ec-

1931 3911 2293 3976 clesiasticis
2335 3913 2469 3994 uti,
2518 3912 2655 3977 sine
2702 3913 2966 3977 Sanctae
3012 3910 3193 3977 Sedis
3238 3911 3507 3996 permis·

1930 3998 2106 4063 sione
2133 4047 2150 4080 ‚
2199 4002 2383 4064 clava
2412 4046 2429 4081 ,
2480 4017 2668 4088 quam
2728 3999 2813 4064 de
2860 3996 3177 4084 praesenti
3247 4008 3392 4064 ante
3435 4018 3509 4066 se

1932 4085 2185 4150 deferre
2208 4084 2497 4238 Pfaciunt,
2549 4096 2675 4151 tam
2724 4095 2902 4151 extra
2947 4102 3134 4170 quam
3182 4084 3344 4151 intra
3390 4090 3507 4152 Ec-

1936 4172 2193 4238 clesiam
2675 4237 2680 4248 ,

2063 4265 2125 4325 3.
2178 4263 2276 4326 An·
2320 4262 2545 4328 eadem
2576 4263 2763 4328 clava
2808 4260 2902 4325 uti
2948 4260 3200 4327 valeant
3231 4260 3293 4326 in
3327 4279 3507 4348 prae·

1929 4346 2068 4412 fatis
2115 4347 2543 4416 functionibus
2609 4344 3090 4429 ecclesiasticis,
3142 4358 3268 4415 tam
3322 4367 3504 4433 prae·

1928 4433 2212 4588 sentilbu2s
2260 4455 2451 4521 quam
2498 4435 2864 4503 absentibus
2907 4433 3222 4521 Episcopo
3278 4444 3344 4500 et
3397 4438 3507 4501 ca-

1980 4532 2070 4588 ttu
2101 4542 2138 4586 o

1932 4539 1974 4607 p
2065 4614 2125 4675 4.
2177 4617 2300 4692 An,
2349 4611 2591 4698 pariter
2634 4611 2770 4677 sine
2817 4613 3079 4676 Sanctae
3139 4609 3319 4675 Sedis
3366 4626 3505 4694 gra-

1929 4696 2039 4778 tia,
2093 4698 2275 4763 liceat
2322 4699 2565 4765 eisdem
2616 4698 2706 4765 uti
2756 4698 2923 4763 dicta
2956 4697 3142 4763 clava
3177 4695 3344 4762 intus
3391 4700 3509 4764 Ec-

1930 4785 2209 4867 clesiam,
2246 4796 2540 4870 tempore
2588 4803 2715 4869 quo
2765 4802 2893 4850 non
2934 4782 3342 4850 celebrantur
3374 4784 3513 4852 fnn-

1929 4871 2170 4937 ctiones
2217 4870 2729 4940 ecclesiasticae?

2061 4962 2124 5023 5.
2177 4963 2272 5023 An
2318 4959 2503 5025 liceat
2563 4957 2853 5046 capitulo
2912 4958 3238 5025 Ecclesiae
3281 4961 3506 5026 Cathe-

1930 5046 2161 5127 dralis,
2209 5046 2348 5113 sine
2406 5047 2804 5133 Apostolicae
2867 5049 3047 5114 Sedis
3094 5047 3384 5129 indulto,
3446 5048 3507 5113 in

1935 5133 2364 5202 functionibus
2438 5133 2881 5200 ecclesiasticis
2956 5134 3047 5202 uti
3125 5145 3250 5202 tam
3328 5148 3508 5203 extra

3280 1864 3502 1951 (3975)
3537 1854 3542 1860 ’
3635 1856 3652 1862 ’
