4042 5950
1634 212 1935 292 —251
1998 255 2103 273 —-

210 372 452 441 iterum
491 358 647 440 'sub
711 372 820 440 die
881 375 919 440 7
983 370 1220 460 Aprilis
1284 372 1629 460 superioris
1699 391 1806 439 an-

211 464 273 528 ni
326 465 531 544 1832,
584 460 912 550 praecepit
966 471 1037 528 ut
1090 470 1446 548 poneretur
1493 461 1556 528 in
1601 459 1799 545 Folio,

210 559 282 617 ut
313 549 536 617 omnia
574 548 877 616 maturius
911 549 1296 617 considerari
1340 549 1651 617 valerent.
1687 552 1803 614 lla-

211 638 338 705 bita
386 636 809 725 postmodum
854 657 1013 705 nova
1061 637 1348 704 eiusdem
1381 637 1679 726 Episcopi
1714 635 1804 702 in-

209 725 604 792 formatione
647 723 767 792 suh
798 725 903 792 die
947 729 1026 793 16
1058 724 1259 792 Martii
1290 724 1600 793 vertentis
1630 724 1801 807 anni,

209 813 588 907 rescripsitt
622 835 661 878 ‹
685 813 914 900 Dilata;
949 824 1016 880 et
1044 813 1352 880 scribatur
1381 814 1696 916 Episcopo
1726 814 1801 880 ad

163 904 173 917 '
209 911 504 968 mentem
523 923 593 970 ».
612 905 835 969 Sacrae
855 912 1068 969 autem
1087 900 1603 990 congregationis
1626 920 1807 968 mens

211 990 333 1057 tuit
375 990 727 1080 percipere
772 1008 875 1075 an,
924 1009 1124 1076 quum
1171 989 1293 1057 iam
1331 991 1407 1057 ab
1438 1008 1602 1056 anno
1637 992 1803 1058 1780

212 1077 493 1147 firmiter
544 1078 907 1164 recogn'tus
952 1078 1145 1146 fuerit
1187 1077 1361 1145 Beati
1391 1076 1568 1145 Lucii
1595 1082 1803 1145 Patro·

210 1175 392 1233 natus
467 1176 536 1232 et
604 1164 890 1234 Officium
949 1166 1283 1256 proprium
1342 1165 1797 1253 adprobatum,

211 1253 451 1340 aliquid
507 1263 677 1321 esset
724 1255 801 1320 ab
847 1254 983 1342 ipso
1026 1255 1342 1342 Episcopo
1390 1254 1454 1321 in
1484 1272 1556 1320 re
1588 1253 1802 1319 obser-

211 1340 521 1410 vandum.
557 1344 763 1422 Quum
792 1351 1005 1409 autem
1036 1342 1626 1410 Reverendissimus
1656 1341 1797 1409 Col-

215 1432 346 1497 len.
370 1430 660 1498 Antistes
685 1430 1061 1497 declarasset
1083 1429 1243 1498 nibil
1268 1429 1439 1497 aliud
1464 1448 1799 1517 superesse

214 1517 685 1586 observandum
708 1566 725 1601 ,
774 1529 1275 1608 promptumque
1322 1537 1462 1584 esse
1514 1517 1590 1584 ad
1646 1536 1798 1604 qua-

216 1607 632 1694 lemcumque
677 1607 1064 1674 decisionem
1108 1606 1607 1684 admittendam;

339 1696 532 1763 Sacra
582 1694 808 1761 eadem
852 1693 1299 1784 congregatio,
1346 1694 1412 1759 in
1456 1692 1797 1761 ordinariis

217 1781 503 1853 Comitiis
561 1782 639 1849 ad
696 1782 1014 1863 Quirinale
1072 1782 1192 1850 sub
1249 1781 1638 1869 infrascripta
1690 1782 1798 1850 die

217 1870 616 1955 coadunatis,
660 1872 737 1939 ad
783 1871 1157 1937 relationem
1200 1869 1686 1937 Eminentissimi
1734 1877 1799 1936 et

214 1958 757 2026 Reverendissimi
780 1958 1030 2026 Domini
1053 1958 1397 2027 cardinalis
1416 1958 1621 2025 Caroli
1640 1959 1799 2026 Ode·

215 2045 444 2113 scalchi
476 2045 780 2135 Episcopi
814 2047 1109 2114 Sabinen.
1147 2047 1467 2130 Ponentis,
1503 2045 1796 2114 omnibus

218 2135 423 2201 denuo
457 2144 713 2202 mature
737 2135 990 2221 riteque
1015 2134 1282 2219 libratis,
1308 2134 1795 2204 rescribendum

220 2223 506 2290 censuit:
559 2243 600 2287 α
630 2227 750 2289 Pro
796 2222 1017 2309 gratia,
1064 2221 1313 2291 sublato
1360 2222 1550 2289 etiam
1598 2241 1794 2291 onere

218 2308 511 2378 audiendi
559 2314 822 2379 Sacrum
866 2311 934 2377 in
978 2311 1083 2379 die
1129 2310 1344 2379 Sancti
1399 2311 1692 2378 Martialis
1724 2332 1789 2376 ».

223 2398 322 2465 Die
373 2403 450 2466 17
499 2398 773 2485 Augusti
827 2403 1016 2468 1833.

340 2488 425 2553 Su
478 2507 553 2554 er
583 2486 813 2573 quibus
846 2488 1139 2555 omnibus
1184 2488 1341 2555 facta
1385 2488 1793 2575 postmodum

223 2594 331 2663 per
373 2574 392 2640 i
468 2575 851 2664 rascriptum
912 2577 1338 2644 secretarium
1397 2577 1794 2645 sanctissimo

221 2662 476 2731 Domino
521 2667 751 2731 Nostro
798 2664 1104 2751 Gregorio
1156 2667 1294 2732 XVI
1346 2664 1629 2733 Pontifici
1674 2668 1794 2732 Ma-

223 2751 384 2817 ximo
461 2751 644 2820 fideli
720 2752 1027 2818 relatione
1058 2801 1075 2835 ,
1161 2752 1267 2819 die
1344 2757 1427 2820 23
1504 2753 1791 2820 eiusdem

224 2839 448 2905 mensis
496 2852 562 2908 et
621 2840 800 2924 anni,
852 2839 1156 2908 Sanctitas
1217 2843 1337 2908 Sua
1392 2841 1792 2929 Rescriptum

225 2930 433 2995 Sacrae
491 2927 1017 3017 congregationis
1074 2926 1492 3014 confirmavit,
1548 2929 1796 2999 annuit·

226 3034 339 3102 que
382 3026 453 3084 ut
499 3017 567 3084 in
612 3018 858 3106 Oppido
896 3018 1069 3085 Podii
1100 3017 1328 3086 Bonitii
1378 3018 1641 3105 eiusque
1674 3022 1790 3086 Go-

223 3103 431 3172 mitatu
477 3117 775 3173 servetur
834 3115 1078 3173 tantum
1125 3106 1243 3174 suh
1286 3117 1561 3207 utroque
1611 3124 1792 3193 prae-

229 3211 293 3258 ce
337 3202 400 3258 to
445 3196 706 3261 Festum
752 3194 920 3261 Beati
951 3194 1123 3261 Lucii
1157 3194 1481 3282 praecipui
1511 3196 1788 3280 Patroni,

226 3299 293 3345 su
336 3281 456 3349 lato
489 3283 685 3349 etiam
732 3301 927 3350 onere
973 3281 1259 3350 adstandi
1292 3285 1480 3349 Sacro
1512 3284 1577 3350 in
1607 3287 1792 3352 Festo

231 3369 420 3436 Sancti
480 3370 775 3438 Martialis
835 3369 1159 3458 praecipui
1217 3371 1476 3438 Patroni³
1509 3371 1791 3440 Civitatis

230 3464 287 3520 et
328 3458 642 3527 Dioecesis
686 3460 937 3527 Collen.

231 3593 466 3665 2708.
700 3600 1304 3666 BENEVENTANA.
1561 3599 1788 3690 (4713)

345 3725 492 3789 Tres
541 3733 760 3790 extant
797 3723 1174 3792 sodalitates
1206 3742 1404 3812 penes
1434 3727 1788 3792 Commune

231 3810 410 3894 Lapio
468 3813 666 3899 vulgo
726 3823 1163 3901 nuncupatum
1223 3811 1401 3879 istius
1461 3816 1787 3880 Beneven-

232 3905 393 3964 tanae
456 3899 994 3986 ArchidioecesiS,
1063 3919 1331 3988 nempe,
1403 3900 1786 3968 Sanctissimi

231 3986 502 4071 Corporis
562 3988 829 4073 Christi,
877 3991 1136 4057 Sanctae
1196 3992 1421 4057 Mariae
1466 3989 1543 4056 ad
1598 3990 1788 4056 Nives

234 4079 289 4135 et
329 4076 584 4144 Sanctae
630 4076 855 4143 Mariae
888 4077 973 4144 de
1012 4080 1223 4144 Monte
1267 4077 1584 4161 Carmelo,
1618 4076 1786 4144 inter

233 4176 367 4243 quas
409 4164 710 4233 sodalitas
757 4168 1019 4233 Sanctae
1064 4165 1294 4232 Mariae
1324 4167 1400 4233 ad
1433 4166 1619 4232 Nives
1651 4165 1787 4231 aliis

233 4253 603 4346 praecedere
662 4255 1013 4341 praesumit
1065 4253 1255 4320 etiam
1315 4254 1380 4320 in
1439 4251 1786 4320 Processio-

235 4335 397 4403 mbus
452 4341 835 4410 Sanctissimi
895 4340 1313 4409 sacramenti.
1374 4341 1471 4409 Ad
1536 4352 1786 4407 exortas

235 4431 664 4497 controversias
728 4428 992 4497 omnino
1048 4430 1134 4497 de
1200 4429 1414 4497 medio
1471 4428 1787 4496 tollendas

238 4510 516 4594 Sodalitas
561 4518 941 4589 Sanctissimi
988 4520 1282 4606 Corporis
1328 4516 1587 4600 Christi,
1623 4536 1787 4604 quae

237 4600 551 4686 antiquitus
587 4606 650 4674 in
688 4606 1300 4695 Archipresbyterali
1335 4605 1611 4673 Ecclesia
1643 4624 1785 4672 ere-

239 4692 324 4751 cta
362 4691 473 4758 luit
515 4714 584 4762 ac
630 4694 867 4763 deinde
913 4714 1073 4761 anno
1126 4697 1293 4762 1690
1345 4693 1784 4761 Archiconfra-

240 4776 487 4846 temitati
517 4780 634 4850 sub
660 4783 888 4851 eodem
912 4783 1096 4849 titulo
1131 4791 1380 4850 erectae
1414 4783 1478 4847 in
1503 4782 1784 4849 Ecclesia

240 4858 473 4935 Sanctae
521 4871 742 4937 Mariae
794 4890 985 4959 supra
1035 4871 1378 4939 Minervam
1428 4869 1612 4938 Urbis
1665 4869 1786 4935 fuit

240 4962 565 5042 aggregata,
613 4961 862 5026 Sacram
907 4958 1163 5027 Rituum
1208 4958 1785 5046 congregationem

241 5034 375 5105 adiit
413 5047 725 5129 postulans
756 5048 1088 5133 declarari,
1122 5047 1223 5115 cui
1254 5057 1575 5133 competat
1605 5064 1786 5132 prae·
1849 5105 1854 5110 .

243 5125 497 5200 cedentia
541 5134 606 5201 in
650 5135 1185 5204 processionibus.

354 5219 829 5292 Eminentissimi
876 5236 941 5292 et
996 5223 1527 5294 Reverendissimi
1571 5227 1785 5291 Patres

245 5295 416 5372 Sacris
432 5309 667 5381 Ritibus
694 5312 947 5383 tuendis
968 5313 1341 5402 praepositi,
1358 5330 1557 5403 quum
1578 5312 1784 5401 probe

1905 381 2243 439 noscerent
2285 371 2878 459 praecedentiamm
2930 374 3290 446 huiusmodi
3335 399 3487 448 con-

1908 459 2245 527 troversias
2275 458 2516 549 pluries
2548 461 2834 530 definitas
2866 462 3093 531 fuisse:
3128 467 3203 531 In
3234 470 3487 534 Proces-

1902 548 2192 615 sionibus
2215 548 2631 617 Sanctissimi
2655 550 2954 636 Corporis
2976 552 3222 622 Christi
3239 575 3488 640 praeco-

1905 638 2191 703 dcntiam
2235 638 2515 704 dandam
2559 659 2684 705 csse
2731 641 3284 724 Confratornitati
3328 644 3487 712 San-

1905 727 2182 792 ctissimi
2226 726 2647 807 sacramenti,
2693 729 3025 795 dummodo
3070 731 3281 796 cadom
3326 734 3484 802 aliis

1905 814 2416 881 Proca-saionibus
2464 817 2749 899 intersit,
2785 825 2844 881 et
2883 819 3366 901 antiquioribus
3394 820 3485 887 lo-

1905 919 2053 966 cum
2098 901 2318 977 cedam·
2368 902 2516 970 ideo
2554 904 2620 969 in
2650 904 2976 972 ordinario
3009 908 3209 973 Coetu
3239 905 3357 974 sub
3389 907 3483 977 in·

1906 987 2229 1076 trascripta
2274 990 2382 1058 die
2425 991 2502 1059 ad
2547 992 2863 1070 Quirinale
2909 992 3279 1078 coadunati,
3329 995 3483 1082 quin

1907 1076 2252 1162 quidquam
2310 1078 2608 1166 precibus
2671 1080 3119 1166 rescriberent,
3179 1082 3481 1152 Eminen-

1906 1163 2146 1231 tissimo
2217 1175 2284 1232 et
2354 1166 2908 1234 Reverendissimo
2982 1169 3478 1260 Archiepiscopo

1902 1252 2389 1340 significandum
2413 1266 2840 1341 censuerunt,
2874 1267 2970 1342 ut,
3004 1256 3279 1326 dissidiis
3310 1278 3480 1327 com·

1903 1339 2147 1428 positis,
2197 1352 2378 1409 curet
2425 1343 2883 1411 observantiam
2941 1342 3307 1414 huiusmodi
3357 1352 3476 1415 De·

1907 1438 2251 1497 cretorum.
2303 1429 2414 1497 Die
2466 1434 2544 1497 17
2589 1432 2858 1518 Augusti
2909 1437 3097 1501 1833.

1904 1605 2162 1676 2709.
2523 1610 2861 1675 summ.
3250 1612 3477 1704 (4714)

2034 1781 2337 1849 Sacerdos
2379 1780 2529 1848 Azzi
2582 1782 2858 1852 Brixien.
2906 1785 3248 1873 Dioecesis,
3298 1799 3370 1856 ut
3414 1790 3479 1858 in

1904 1868 2369 1963 ecclesiasticis,
2390 1867 2816 1939 functionibus
2852 1872 3100 1960 singula
3146 1875 3265 1943 rite
3299 1896 3478 1944 accu-

1903 1967 2165 2043 rateque
2214 1967 2657 2042 exerceantur,
2708 1962 2956 2028 Sacram
3008 1961 3270 2030 Rituum
3317 1968 3479 2033 Con-

1902 2045 2340 2132 gregationem
2375 2045 2748 2113 humillimis
2777 2048 3072 2137 precibus
3101 2054 3373 2139 rogavit,
3408 2063 3479 2122 ut

1901 2132 2231 2234 sequentia
2276 2134 2403 2201 duo
2450 2132 2636 2201 dubia
2682 2135 3007 2203 declarare
3062 2138 3475 2225 dignaretur3

1901 2238 2252 2289 nimirum:

2038 2314 2099 2376 1.
2133 2311 2254 2395 An,
2292 2319 2468 2376 extra
2500 2311 2963 2380 occurrentiam
2993 2312 3241 2383 Sabbati
3265 2317 3477 2385 Sancti

1901 2405 1968 2465 et
1997 2401 2427 2484 Pentecostes,
2459 2398 2701 2499 possint
2746 2399 2810 2466 in
2854 2400 3064 2468 votiva
3094 2402 3300 2491 aliqua
3332 2404 3474 2471 fun-

1900 2484 2110 2553 ctione
2156 2485 2477 2553 decantari
2520 2486 2795 2555 Litaniae
2839 2507 3001 2574 quae
3039 2490 3103 2558 in
3134 2491 3476 2580 praedictis

1901 2572 2180 2641 Sabbatis
2225 2574 2543 2642 canendae
2590 2574 2984 2645 occurrunt?
3098 2606 3105 2627 ·

2032 2665 2095 2729 2.
2168 2664 2265 2729 An
2330 2661 2567 2730 servari
2628 2675 2820 2749 queat
2887 2664 3144 2734 inducta
3211 2687 3476 2735 consue·

1897 2748 2089 2836 tudo,
2147 2769 2226 2815 ex
2281 2769 2400 2836 qua
2448 2752 2602 2819 dum
2651 2752 3125 2822 Sanctissimum
3178 2755 3476 2825 Euchari-

1897 2836 2050 2904 stiae
2097 2839 2573 2906 Sacramentum
2620 2838 2913 2928 publicae
2943 2844 3335 2912 venerationi
3365 2862 3477 2911 ex-

1895 2925 2176 3013 positum
2223 2935 2346 3012 est,
2381 2926 2682 2995 continuo
2714 2927 2843 2996 duo
2876 2929 3106 2999 Clerici
3138 2932 3477 3022 superpel-

1899 3013 2061 3082 liceo
2120 3015 2359 3100 induti,
2419 3015 2669 3083 Diaconi
2730 3027 2941 3085 autem
2989 3029 3056 3085 et
3102 3021 3477 3089 Sacerdotes

1897 3102 2089 3169 etiam
2135 3102 2372 3169 stolam
2418 3103 2620 3171 albam
2665 3104 2992 3192 babentes,
3040 3117 3113 3175 ut
3155 3107 3221 3176 in
3265 3111 3476 3176 Coena

1895 3191 2168 3276 Domini,
2217 3191 2400 3259 flexis
2460 3190 2727 3279 genibus
2789 3192 2950 3260 intra
3000 3193 3475 3283 presbyterium

1895 3279 2189 3348 assistunt
2234 3298 2353 3367 per
2396 3280 2591 3348 horae
2637 3280 2909 3367 spatium
2929 3279 2963 3349 ⁴?

2025 3371 2105 3434 Et
2150 3369 2333 3435 Sacra
2377 3369 2637 3436 Rituum
2682 3370 3137 3473 congregatio,
3187 3371 3253 3439 in
3295 3371 3475 3440 Ordi-

1894 3454 2067 3521 nario
2099 3458 2299 3523 Coetu
2330 3456 2409 3524 ad
2437 3455 2754 3537 Quirinale
2797 3458 3154 3546 subsignata
3190 3460 3296 3529 die
3329 3478 3469 3528 coa-

1892 3545 2149 3629 dunata,
2197 3543 2406 3612 audita
2450 3544 2762 3612 relatione
2805 3544 2882 3611 ab
2928 3545 3323 3637 infrascripto
3362 3550 3472 3615 Se·

1890 3632 2161 3699 cretario
2208 3632 2391 3718 facta,
2440 3633 2732 3726 omuibus
2777 3642 3025 3701 mature
3055 3646 3472 3724 accurateque

1891 3718 2155 3804 libratis,
2205 3721 2606 3790 considerans
2652 3721 2921 3790 Litanias
2951 3726 3326 3793 Sanctorum
3404 3744 3469 3792 o-

1891 3808 2038 3874 sitas
2083 3809 2149 3874 in
2193 3809 2444 3895 Missali,
2491 3810 2840 3878 recitandas
2885 3822 3030 3900 post
3088 3814 3303 3880 Fontis
3405 3832 3473 3880 e-

1892 3896 2355 3983 nedictionem‚
2393 3899 2685 3988 proprias
2730 3918 2867 3966 esse
2914 3900 3086 3967 illius
3130 3900 3473 3969 functionis

1894 3994 1956 4051 et
2002 3982 2134 4052 diei
2197 3987 2645 4074 inductamque
2692 3988 3245 4074 consuetudinem,
3308 4007 3472 4077 quae

1887 4082 2177 4140 servatur
2216 4073 2309 4141 ,in
2375 4074 2738 4143 adoratione
2807 4076 3191 4144 Sanctissimi
3260 4079 3472 4145 sacra·

1891 4161 2116 4248 menti,
2152 4162 2217 4229 in
2246 4182 2391 4231 casu
2430 4163 2670 4231 debere
2701 4182 2837 4231 esse
2868 4163 3042 4230 illam
3073 4183 3264 4250 quam
3296 4183 3471 4255 prae-

1891 4250 2110 4317 scribit
2144 4269 2266 4338 pro
2311 4250 2499 4319 Clero
2532 4250 2714 4319 Urbis
2744 4252 3080 4320 Instructio
3112 4272 3164 4321 s.
3199 4271 3290 4320 m.
3325 4253 3467 4322 Gle-

1892 4338 2124 4405 mentis
2169 4342 2364 4428 Papae
2410 4343 2518 4426 Xl,
2565 4338 3047 4408 rescribendum
3094 4341 3381 4410 censuit:

2020 4427 2118 4494 Ad
2171 4431 2227 4494 1.
2278 4449 2319 4493 α
2352 4428 2662 4516 Negative
2692 4447 2761 4495 »-

2020 4515 2118 4582 Ad
2165 4519 2230 4582 2.
2280 4536 2318 4581 ‹
2352 4515 2781 4601 Affirmative,
2862 4516 3035 4584 iuxta
3106 4517 3470 4585 Instructio·

1889 4622 2040 4671 nem
2101 4605 2446 4672 Clementis
2514 4608 2713 4691 Papae
2775 4607 2857 4672 XI
2911 4604 3018 4673 die
3082 4611 3115 4674 1
3177 4609 3469 4694 Septem-

1890 4690 2018 4757 bris
2071 4694 2236 4758 1736
2271 4712 2332 4759 ».

2012 4785 2221 4866 Atque
2268 4780 2351 4848 ita
2381 4779 2706 4869 rescripsit
2735 4799 2806 4847 ac
2837 4781 3074 4848 servari
3117 4781 3466 4850 mandavit.

1887 4869 1999 4936 Die
2054 4872 2130 4936 17
2177 4869 2446 4956 Augusti
2503 4873 2693 4937 1833.

1890 5011 2136 5081 2710.
2420 5013 2950 5081 ιιΕυιοιΑΝΕΝ.
3177 5051 3188 5064 ·
3238 4975 3466 5101 (471⁶)

2017 5132 2400 5201 Humillimis
2460 5133 2756 5235 precibus
2802 5137 2877 5204 ab
2933 5134 3292 5225 subscripto
3354 5139 3468 5205 Se·

1886 5222 2156 5290 cretario
2215 5222 2431 5290 relatis
2475 5242 2541 5291 1n
2585 5222 2929 5291 ordinariis
2985 5228 3318 5296 sacrorum
3362 5223 3468 5292 Ri-

1890 5322 2074 5379 tuum
2132 5310 2665 5401 congregationis·
2697 5310 2979 5380 comitiis
3022 5312 3104 5382 ad
3147 5311 3467 5393 Quin'nale
