4042 5950
1570 271 2037 347 -135—

187 425 308 490 beat
347 423 432 489 de
480 428 663 489 Festo
711 423 888 491 ssmi
938 423 1223 491 Nominis
1271 425 1496 492 Mariae
1543 436 1610 490 et
1671 425 1751 490 si-

185 513 400 578 militer
431 513 516 576 de
540 512 1020 597 Conceptione;
1062 514 1159 577 vel
1200 512 1411 598 potius
1441 514 1750 579 sumenda

179 617 246 665 sit
288 601 367 666 de
411 599 696 684 quinque
745 599 976 664 votivis
1023 600 1349 684 assignatis
1381 620 1496 685 pro
1536 598 1749 668 diver-

179 689 339 752 sitate
389 684 746 772 temporis?
791 687 887 771 (t)

293 779 356 841 4.
426 778 585 841 Cum
659 776 723 840 in
798 777 997 842 Festis
1073 775 1440 861 duplicibus
1505 776 1750 861 primae

75 901 78 924 .
181 863 370 927 classis
401 881 528 928 non
564 861 760 949 possit
806 864 1042 929 cantari
1078 864 1254 928 Missa
1299 864 1604 929 solemnis
1643 881 1751 928 vo-

75 1009 78 1040 ,
183 951 323 1031 tiva,
373 949 569 1016 etiam
614 951 691 1016 ad
755 952 1180 1018 invocandum
1228 952 1538 1039 Spiritum
1602 954 1750 1018 San-

75 1053 78 1084 ³
181 1048 328 1104 ctum
378 1057 496 1123 pro
547 1037 717 1104 felici
763 1059 1060 1105 successu
1095 1040 1514 1107 comitiorum
1554 1057 1749 1125 gene-

75 2197 78 2244 ὶ
180 2179 534 2247 relationem
598 2201 716 2268 per
777 2200 882 2246 me
946 2181 1418 2268 infrascriptum
1468 2186 1788 2262 Secretaf

183 1125 384 1191 talium
445 1125 550 1189 vel
609 1126 927 1212 Capituli3
993 1126 1372 1212 quaeritur:
1433 1130 1527 1194 An
1602 1140 1753 1193 tunc

182 1213 306 1279 addi
351 1214 554 1298 possit
598 1214 882 1280 Collecta
931 1215 1012 1281 de
1063 1216 1299 1301 Spiritu
1350 1218 1578 1281 Sancto
1634 1215 1753 1279 sub

185 1303 339 1366 unica
388 1299 860 1367 conclusione?

290 1394 354 1452 ὅ.
405 1391 568 1454 Cum
619 1391 680 1454 in
728 1390 1048 1474 aliquibus
1095 1389 1505 1457 Dioecesibus
1549 1391 1749 1475 Regni

181 1476 456 1541 Poloniae
505 1489 569 1540 et
618 1481 892 1543 Ducatus
939 1478 1307 1544 Lithuaniae
1356 1498 1438 1543 ex
1501 1478 1752 1544 indulto

183 1564 526 1649 apostolico
576 1564 1034 1632 transferantur
1081 1572 1260 1633 Festa
1306 1567 1516 1651 quoad
1548 1585 1750 1654 popu·

184 1652 293 1716 lum
340 1651 403 1717 in
455 1653 837 1735 DominicaS,
874 1655 1202 1720 mensibus
1240 1654 1428 1736 lulio,
1464 1655 1754 1740 Augusto

182 1751 232 1802 et
273 1741 680 1826 Septembri;
730 1744 1105 1826 quaeritur:
1157 1746 1252 1808 An
1298 1745 1381 1810 de
1414 1742 1756 1827 praedictis

182 1828 632 1894 {festivitatibus
678 1829 911 1895 cantari
969 1830 1160 1917 possit
1206 1832 1283 1896 ad
1323 1830 1639 1917 populum
1674 1830 1754 1897 de

179 1917 348 1980 dictis
395 1917 598 1982 Festis
644 1919 822 1981 Missa
867 1914 1233 1984 solemnis?
1417 1943 1422 1952 ·

295 2009 364 2070 Et
416 2008 481 2070 S.
517 2009 596 2071 R.
633 2010 733 2088 C.,
768 2006 984 2071 audito
1035 2006 1211 2092 prius
1258 2017 1408 2071 voto
1455 2005 1643 2073 unius
1677 2025 1754 2070 ex

176 2094 712 2159 caeremoniarum
762 2095 1276 2179 Apostolicarum
1313 2095 1646 2181 Magistris,
1679 2094 1755 2160 ad

181 2267 324 2332 rium
379 2269 653 2351 factam,
707 2271 848 2335 loco
913 2270 1050 2335 Emi
1099 2282 1163 2334 et
1210 2271 1349 2336 ani
1407 2269 1759 2336 Cardinalis

75 2407 78 2424 i
178 2355 378 2421 Albani
414 2356 714 2444 Episcopi
747 2358 1110 2425 Portuensis
1147 2359 1472 2440 Ponentis,
1508 2358 1758 2424 censuit

178 2443 648 2511 rescribendum
683 2470 699 2511 ε

291 2533 383 2597 Ad
442 2536 499 2597 l.
552 2555 589 2596 ‹
622 2533 958 2618 Negative‚
1009 2534 1216 2619 quoad
1279 2533 1548 2622 primam
1615 2554 1759 2620 par·

183 2630 335 2704 teut3
389 2620 809 2703 Affirmative,
859 2625 1070 2707 quoad
1118 2623 1578 2689 secundam-v.

291 2710 382 2772 Ad
435 2713 502 2774 2.
555 2731 592 2772 ‹
628 2709 1024 2775 Affirmative
1062 2733 1122 2774 ι.

293 2796 384 2861 Ad
432 2802 497 2862 3.
550 2819 587 2860 ‹
624 2797 1041 2883 Affirmative,
1069 2798 1278 2883 quoad
1321 2798 1584 2884 primam
1618 2819 1758 2885 par-

183 2897 326 2956 tem;
387 2885 736 2973 Negative,
787 2886 996 2970 quoad
1060 2886 1453 2964 secundam;
1518 2899 1760 2953 mutato

187 2983 374 3036 tamen
397 2975 692 3040 Graduali
729 2974 793 3040 in
817 2976 1144 3055 Adventu,
1181 2983 1247 3037 et
1281 2975 1499 3041 addito
1532 2980 1759 3041 Tractu

185 3080 222 3154 a·
248 3062 725 3147 septuagesima
774 3081 978 3147 usque
1025 3064 1097 3128 ad
1156 3073 1350 3127 totam
1404 3063 1763 3151 Quadrage·

187 3164 387 3212 simam
421 3170 482 3214 ιν.

299 3236 390 3301 Ad
445 3240 512 3303 4.
563 3258 600 3299 ι
651 3237 1048 3304 Affirmative
1084 3261 1149 3302 ιι.

302 3324 391 3389 Ad
444 3329 506 3389 ὃ.
562 3345 599 3386 «
634 3325 1072 3409 Affirmative,
1124 3346 1250 3395 non
1299 3327 1528 3393 omissa
1588 3328 1767 3395 Missa

188 3414 586 3479 Conventuali
638 3415 722 3481 de
771 3408 956 3480 Festo
1004 3428 1387 3482 occurrente
1421 3438 1482 3480 ».

302 3504 376 3565 Et
434 3500 517 3565 ita
577 3501 952 3569 declaravit.
1022 3504 1131 3568 Die
1180 3507 1262 3570 27
1313 3502 1511 3569 Martii
1567 3506 1756 3569 1773.

193 3659 428 3730 2495.
815 3663 1120 3728 oaoths
1536 3662 1761 3745 (4364)

507 3770 860 3836 amonuit
909 3771 978 3833 s,
1019 3769 1419 3835 ramotsct

603 3878 705 3939 on
753 3874 1317 3942 osseavanm.

306 4038 464 4099 Cum
524 4032 672 4097 alias
731 4033 807 4098 ad
869 4050 1095 4119 preces
1142 4036 1206 4097 P.
1243 4031 1510 4098 Ministri
1557 4036 1766 4098 Gene-

197 4119 320 4184 ralis
372 4119 626 4188 Ordinis
692 4120 1002 4185 Minorum
1051 4124 1117 4186 S.
1155 4121 1466 4185 Francisci
1517 4122 1598 4187 de
1646 4119 1767 4187 Ob-

197 4208 482 4274 servantia
533 4212 601 4273 S.
636 4211 713 4274 R.
748 4211 847 4290 C.‚
900 4207 1228 4273 referente
1279 4213 1432 4273 Erito
1497 4218 1561 4273 et
1607 4213 1766 4274 Rmo

201 4297 358 4361 Dom.
402 4295 719 4363 cardinali
766 4295 1158 4380 Tot-regiani,
1197 4295 1560 4377 indulserit,
1597 4310 1670 4361 ut
1705 4299 1766 4362 in

199 4384 468 4449 omnibus
501 4384 801 4450 Ecclesiis
846 4383 1000 4449 dicti
1045 4382 1298 4448 Ordinis
1329 4384 1598 4470 singulis
1629 4385 1770 4451 Sab-

203 4471 336 4535 batis
393 4493 512 4558 per
573 4490 843 4554 annum,
893 4471 1180 4559 exceptis
1233 4472 1652 4557 privilegiatis
1699 4493 1768 4539 ac

205 4559 374 4623 Pestis
401 4557 764 4646 duplicibus
797 4561 1042 4645 primae
1075 4570 1141 4624 et
1170 4560 1494 4625 secundae
1527 4560 1766 4643 classis,

203 4646 488 4713 celebrari
521 4659 740 4732 posset
771 4648 949 4712 Missa
982 4646 1187 4712 votiva
1219 4648 1301 4713 de
1334 4648 1772 4732 Conceptione

207 4735 261 4796 B.
293 4737 366 4801 M.
401 4739 507 4819 V„
543 4754 673 4802 non
720 4736 942 4801 omissa
994 4747 1206 4800 tamen
1254 4735 1432 4799 Missa
1479 4739 1772 4802 Conven-

208 4823 332 4887 tuali
379 4843 524 4889 cum
573 4836 757 4889 cantu
806 4823 888 4889 de
939 4826 1122 4888 Festo
1173 4824 1271 4887 vel
1325 4823 1502 4889 Feria
1550 4843 1772 4889 occur-

209 4919 410 4985 rente;
461 4931 670 4999 nuper
713 4911 882 4976 idem
922 4915 1103 4975 Pater
1139 4909 1417 4976 Minister
1449 4913 1775 4977 Generalis

209 4996 539 5064 humillime
587 4997 972 5085 supplicavit
1034 5017 1147 5084 pro
1196 4999 1628 5065 declaratione
1676 5022 1774 5066 se·

209 5087 436 5167 quentis
479 5086 706 5152 dubii:
758 5089 853 5153 An
902 5106 1018 5171 per
1063 5086 1501 5173 supradictum
1569 5090 1777 5157 indul-

215 5182 327 5236 tum
381 5175 632 5241 inducta
696 5175 891 5241 fuerit
954 5175 1258 5262 obligatio
1320 5175 1563 5244 Missam
1615 5181 1777 5245 Con-

328 5370 403 5441 (1)
439 5373 500 5428 Ε.
537 5371 682 5428 nub.
720 5371 768 5435 t,
806 5370 856 5437 ὅ,
895 5372 945 5438 6,
981 5372 1032 5437 8,
1068 5374 1122 5438 9,
1159 5372 1244 5440 tt),
1286 5374 1350 5429 12
1385 5380 1438 5429 el
1487 5373 1566 5429 13.

1854 426 2220 492 ventualem
2282 429 2584 512 canendi,
2651 428 2839 496 etiam
2890 431 2953 496 in
3013 431 3084 497 iis
3142 433 3444 502 Ecclesiis

1855 513 1961 578 ubi
2012 514 2180 580 dicta
2228 514 2526 602 obligatio
2576 535 2699 582 non
2747 517 2982 586 adest‘?

1984 605 2064 666 Et
2110 605 2174 668 S.
2212 608 2286 670 R.
2325 608 2427 687 C.,
2477 605 2802 671 referente
2852 608 3078 674 eodem
3129 613 3286 674 Eme
3326 612 3443 674 Do·

1853 690 2028 755 mino
2074 691 2387 771 Cardinali
2437 692 2827 778 Torregiani,
2881 695 3159 780 benigne
3220 695 3447 762 rescri-

1853 777 2025 862 psit:
2078 799 2115 862 ᾳ
2149 779 2420 845 Gratiam
2467 799 2826 847 concessam
2865 784 3103 849 nullam
3138 783 3447 851 inducere

1854 864 2311 950 obligationem
2383 868 2674 936 cantandi
2733 869 2973 936 Missam
3046 874 3445 938 Conventua-

1855 952 2012 1035 lem,
2066 953 2173 1020 ubi
2222 975 2294 1020 ea
2343 956 2647 1042 obligatio
2694 977 2821 1024 non
2867 960 2948 1025 sit
2993 979 3113 1025 nec
3163 979 3299 1024 esse
3332 960 3445 1024 de-

1856 1039 2025 1124 beat,
2063 1042 2237 1107 iuxta
2268 1045 2766 1111 constitutiones
2808 1047 3204 1133 Apostolicas
3232 1069 3291 1112 ι.
3336 1046 3446 1114 Die

1864 1131 1941 1196 te
1979 1128 2134 1196 lunii
2192 1134 2380 1199 1773.

1859 1303 2124 1372 2496.
2453 1309 2840 1374 CONCHEN.
3219 1309 3447 1394 (4367)

1989 1483 2151 1546 Cum
2196 1481 2537 1568 Presbyter
2588 1483 2857 1550 Thomas
2913 1485 3052 1554 Saix
3110 1490 3448 1554 caeremo-

1857 1567 2109 1634 niarum
2160 1569 2455 1654 Magister
2502 1572 2823 1638 Ecclesiae
2863 1573 3259 1640 cathedralis
3288 1577 3449 1640 Con-

1859 1654 2111 1721 chensis
2161 1657 2224 1720 in
2272 1657 2582 1745 Hispaniis
2627 1662 2797 1746 apud
2854 1665 2921 1727 S.
2970 1664 3047 1728 R.
3094 1665 3167 1727 C.
3218 1660 3449 1727 humil-

1860 1742 2012 1808 lime
2050 1747 2449 1828 exposuerit,
2500 1766 2617 1833 per
2665 1759 2857 1815 totam
2909 1751 3261 1816 Dioecesim
3293 1752 3453 1814 Con·

1859 1831 2165 1897 chensem
2194 1836 2449 1898 Festum
2484 1837 2551 1902 S.
2587 1835 2761 1900 Eliae
2795 1837 3149 1925 Prophetae
3182 1834 3452 1903 cum-Of-

1859 1918 2004 1984 ficio
2056 1932 2120 1985 et
2172 1919 2346 1987 Missa
2393 1923 2513 1988 sub
2564 1922 2689 1988 ritu
2722 1924 2996 2011 duplici,
3032 1925 3139 1993 die
3183 1931 3222 1991 6
3258 1921 3453 1991 Martii

1858 2028 1890 2070 a
1939 2012 2095 2074 Rmo
2142 2007 2474 2074 Ordinario
2524 2009 2879 2096 designata,
2914 2013 3253 2098 quotannis
3286 2011 3454 2077 cele·

1860 2095 2051 2181 brari;
2089 2096 2244 2161 haec
2267 2116 2423 2160 vero
2448 2097 2588 2163 dies
2620 2099 2959 2184 aliquando
2993 2111 3286 2166 occurrat
3310 2118 3455 2164 cum

1858 2184 2127 2249 Sabbato
2188 2195 2461 2267 quatuor
2521 2190 2911 2272 Temporum
2980 2200 3124 2276 post
3178 2186 3455 2256 Domini-

1861 2290 1995 2336 cam
2057 2270 2329 2356 primam
2393 2272 2966 2360 Quadragesimae,
3043 2284 3106 2341 et
3165 2281 3453 2361 Evange-

1860 2360 2019 2425 lium
2067 2359 2381 2444 praedicti
2444 2362 2611 2436 Flesti
2675 2363 2754 2428 sit
2811 2383 3011 2430 unum
3060 2382 3208 2430 cum
3254 2367 3455 2428 Evan-

1857 2447 2033 2533 gelio
2080 2447 2303 2512 Feriae
2363 2450 2705 2532 currentis,
2754 2470 3042 2539 nempe:
3094 2452 3453 2533 Assumpsit

1858 2539 2029 2601 lesus
2061 2546 2183 2601 etc.
2237 2536 2319 2602 de
2366 2538 2984 2624 Transfigurationffi
3037 2539 3250 2606 eidem
3285 2542 3349 2606 S.
3379 2540 3451 2603 C.

1861 2623 2222 2689 humillime
2275 2625 2700 2710 supplicavit,
2756 2641 3072 2712 quatenus
3136 2628 3457 2693 declarare

1858 2711 2240 2796 dignaretur
2294 2732 2572 2798 sequens
2639 2715 3116 2801 infrascriptum
3160 2714 3456 2795 dubium,

1860 2798 2217 2865 videlicet:
2282 2804 2375 2865 An
2425 2802 2486 2867 in
2541 2802 2642 2868 tali
2696 2804 3098 2870 occurrentia
3165 2815 3294 2868 tres
3342 2805 3458 2866 Le-

1861 2887 2107 2953 ctiones
2154 2890 2227 2953 111
2277 2889 2603 2966 Nocturni,
2634 2892 2944 2958 dicendae
2993 2894 3118 2957 sint
3157 2891 3240 2956 de
3275 2893 3459 2955 Festo

1859 2976 1997 3041 sine
2062 2979 2140 3042 tx
2200 2976 2502 3043 Lectione
2558 2979 2817 3063 Feriae,
2877 2980 2979 3045 vel
3046 2978 3318 3045 dicenda
3378 2976 3463 3041 sit

1864 3066 1943 3131 tx
1995 3064 2185 3128 lectio
2233 3063 2479 3149 Fet-iae,
2530 3085 2656 3132 non
2707 3066 2995 3133 obstante
3050 3068 3223 3152 quod
3288 3066 3461 3131 idem

1861 3153 1943 3217 sit
1993 3152 2415 3238 Evangelium
2458 3158 2570 3220 sed
2620 3154 2891 3220 Homilia
2948 3155 3295 3231 distincta;
3356 3151 3461 3217 vel

1865 3251 1993 3304 tres
2053 3242 2387 3306 Lectiones
2446 3243 2763 3308 dicendae
2822 3244 2947 3308 sint
2995 3244 3077 3310 de
3138 3240 3344 3323 Feria,
3393 3251 3464 3305 ut

1833 3326 2095 3401 ‚accidit
2129 3328 2195 3393 in
2228 3331 2411 3392 Festo
2447 3330 2923 3417 Expectationis
2955 3335 3172 3396 Partus
3196 3332 3361 3399 B-M.
3383 3329 3458 3392 V.

1864 3415 1971 3481 die
2027 3418 2106 3481 18
2152 3416 2549 3499 Decembris,
2598 3419 2854 3504 quando
2911 3419 3190 3484 occurrit
3240 3416 3301 3482 in
3332 3421 3460 3493 ,Fe-

1872 3505 1957 3569 ria
2003 3505 2082 3568 tv
2130 3512 2406 3587 quatuor
2451 3510 2884 3593 Temporum3
2936 3507 3041 3573 vel
3090 3506 3355 3572 demum
3387 3502 3466 3568 sit

1864 3591 2254 3656 sumendum
2298 3611 2412 3678 pro
2447 3597 2510 3659 S.
2550 3595 2687 3660 Elia
2718 3595 2892 3660 aliud
2926 3592 3349 3680 Evangelium
3383 3592 3464 3657 de

1864 3680 2079 3765 aliquo
2125 3682 2494 3764 Communi,
2549 3694 2614 3747 et
2664 3693 2812 3749 tunc
2868 3684 3059 3770 quale
3104 3686 3465 3749 Commune

1871 3768 1960 3833 illi
2011 3766 2456 3853 respondeat?

1996 3859 2077 3920 Et
2125 3859 2195 3923 S.
2228 3860 2305 3922 R.
2343 3861 2445 3941 G„
2482 3861 2698 3926 audito
2754 3859 2927 3946 prius
2973 3868 3122 3923 voto
3171 3859 3361 3925 unius
3385 3876 3464 3921 ex

1867 3944 2374 4031 Apostolicarum
2414 3950 2972 4015 caeremoniarum
3008 3947 3345 4033 Magistris,
3390 3946 3467 4011 ad

1866 4033 2245 4098 relationem
2296 4034 2576 4100 infrascri
2635 4034 2676 4100 ti
2727 4034 3095 4118 Secretarii,
3150 4037 3286 4101 loco
3332 4032 3467 4099 Emi

1869 4135 1934 4186 et
1968 4121 2104 4185 Rmi
2155 4126 2227 4186 D.
2268 4125 2458 4188 Card.
2493 4126 2567 4189 Al
2619 4124 2717 4187 ani
2768 4121 3067 4210 Episcopi
3100 4122 3467 4187 Portuensis

1867 4208 2190 4291 Poneutis,
2243 4211 2728 4279 rescribendum
2781 4211 3076 4278 censuit:
3133 4231 3172 4272 αι
3205 4210 3467 4287 Quando

1867 4308 2044 4361 sexta
2106 4297 2245 4362 dies
2304 4299 2502 4364 Martii
2560 4300 2741 4365 cadat
2806 4301 2867 4366 in
2914 4297 3255 4365 Sabbatum
3316 4316 3468 4382 qua-

1873 4398 2018 4451 tuor
2073 4387 2463 4471 'remporum
2526 4388 2884 4454 vernalium
2950 4406 3070 4452 una
3131 4404 3278 4452 cum
3323 4383 3465 4451 offi-

1871 4474 1967 4540 cio
2017 4476 2081 4540 S.
2120 4474 2321 4556 Eliae,
2373 4495 2498 4541 non
2549 4488 2647 4541 est
2695 4477 2754 4542 in
2804 4476 2933 4542 fine
2982 4474 3197 4539 Missae
3247 4475 3467 4560 legen-

1873 4562 2030 4627 dum
2100 4563 2517 4649 Evangelium
2579 4565 2835 4646 Feriae,
2900 4562 3073 4650 quod
3140 4562 3313 4627 idem
3375 4575 3469 4627 est

1869 4671 1939 4715 ac
1974 4651 2399 4737 Evangelium
2448 4654 2663 4726 Fe'sti;
2714 4653 2824 4717 sed
2877 4652 2939 4716 in
2986 4650 3306 4717 Laudibus
3350 4650 3471 4714 sic-

1875 4738 1965 4803 uti
2015 4749 2080 4803 et
2126 4738 2190 4804 in
2239 4737 2417 4805 Missa
2466 4739 2803 4804 habebitur
2840 4738 2975 4807 eius
3007 4755 3469 4805 commemora-

1879 4824 1964 4891 tio
2029 4845 2175 4891 cum
2233 4845 2343 4891 sua
2402 4828 2778 4912 antiphona,
2842 4825 3162 4891 versiculo
3215 4837 3279 4893 et
3325 4830 3471 4893 Ora-

1879 4912 2075 4994 tione,
2141 4915 2364 4980 omissa
2411 4914 2673 5002 quidem
2722 4916 2862 4979 eius
2909 4912 3176 4980 Homilia
3224 4934 3342 5000 pro
3392 4915 3470 4980 tx

1878 4999 2180 5067 Lectione
2215 5024 2282 5068 ».

2011 5092 2083 5152 Et
2116 5088 2197 5154 ita
2230 5091 2579 5156 declaravit
2612 5114 2680 5155 ac
2715 5092 2951 5158 servari
2988 5092 3337 5158 mandavit.
3366 5088 3473 5156 Die

1884 5183 1923 5245 4
1954 5178 2351 5267 Septembris
2390 5182 2584 5246 1773.
