4042 5950
1979 293 2454 373 „480-

577 452 768 519 sacris
802 453 1086 521 vestibus
1118 453 1373 521 indutos
1404 472 1523 521 nec
1555 473 1589 519 a
1617 452 1815 520 Laicis
1843 461 2165 541 separatos

579 539 914 627 incedere,
962 541 1118 627 quin
1184 541 1489 610 Sacerdos
1535 540 1758 628 aliquis
1803 540 2082 627 praesit;
2130 560 2163 606 a

576 630 763 695 Sacra
806 628 1063 698 Rituum
1118 629 1629 718 Congregatione
1676 628 2008 696 humiliter
2053 647 2164 695 ex-

623 715 886 783 uisivit:

577 735 621 903 q·
707 808 754 870 Ι.
805 810 901 873 An
953 806 1108 872 tales
1154 808 1484 874 Sacrarum
1521 805 1871 894 Imaginum
1904 804 2164 872 transla-

577 900 782 958 tiones
827 893 922 959 uti
967 912 1157 960 verae
1209 894 1644 962 Processiones
1691 893 2165 961 Ecclesiasticae

575 978 906 1049 habendae
952 980 1134 1048 sint?

706 1071 780 1134 11.
831 1072 1059 1135 Utrum
1119 1070 1375 1154 Clerici,
1423 1070 1489 1137 in
1536 1070 1762 1137 iisdem
1813 1069 2168 1137 translatio-

576 1154 763 1222 nibus
808 1157 1235 1245 procedentes
1278 1158 1415 1225 sine
1461 1157 1652 1225 sacris
1682 1158 1992 1245 vestibus,
2023 1178 2164 1225 coo·

577 1254 764 1328 perto
810 1244 1021 1332 capite
1066 1246 1161 1312 ire
1207 1244 1502 1332 possint?

708 1334 891 1399 Sacra
939 1333 1164 1400 eadem
1195 1333 1613 1423 congregatio
1660 1335 1738 1402 ad
1786 1335 2165 1402 relationem

576 1418 954 1510 infrascripti
988 1422 1320 1489 secretarii
1353 1420 1840 1492 rescribendum
1874 1426 2161 1492 censuit:

710 1508 802 1575 Ad
855 1513 905 1577 1.
952 1530 991 1573 ι
1024 1509 1379 1599 Negative3
1439 1522 1504 1579 et
1562 1511 1917 1598 Episcopus
1980 1524 2166 1580 curet

574 1604 649 1660 ut
701 1597 931 1664 Clerici
978 1607 1044 1663 et
1099 1597 1519 1666 Ecclesiastici
1582 1598 1757 1666 hisce
1811 1598 2168 1667 translatio-

577 1683 762 1751 nibus
809 1704 1206 1772 nequaquam
1253 1686 1546 1755 intersint
1582 1709 1647 1753 a».

707 1773 804 1840 Ad
851 1777 924 1841 11.
974 1795 1015 1840 c
1053 1775 1375 1842 Provisum
1424 1777 1486 1842 in
1532 1776 1744 1863 primo
1777 1798 1841 1841 ιν.

707 1864 921 1948 Atque
970 1866 1052 1928 ita
1097 1864 1446 1950 rescripsit.

708 1948 823 2018 Die
871 1952 955 2017 20
1001 1953 1274 2037 Augusti
1328 1955 1517 2020 1870.

577 2127 828 2197 3218.
1051 2132 1155 2196 DE
1200 2131 1675 2197 NICARAGUA.
1835 2216 1846 2227 ο
1934 2129 2162 2217 (8452)

708 2305 916 2381 Quum
975 2306 1171 2371 Rmus
1225 2309 1303 2374 1).
1338 2304 1714 2372 Emmanuel
1781 2305 1957 2373 Alloa
2018 2305 2169 2394 Epi-

579 2411 811 2480 scopus
857 2392 940 2460 de
987 2393 1331 2494 Nicaragua
1377 2413 1411 2459 a
1458 2395 1642 2460 Sacra
1688 2394 1949 2461 Rituum
2009 2397 2170 2463 Con-

578 2479 953 2569 gregatione
1002 2479 1335 2548 humiliter
1395 2479 1814 2566 exquisierit:
1865 2485 1962 2550 An
2006 2482 2169 2549 tole-

576 2570 770 2634 randa
830 2566 912 2634 sit
969 2569 1074 2635 vel
1124 2569 1336 2655 potius
1382 2567 1692 2636 abolenda
1740 2570 2166 2658 consuetudo,

576 2674 706 2721 non
752 2656 971 2723 multis
1015 2655 1240 2724 abhinc
1272 2658 1450 2725 annis
1500 2655 1787 2741 inducta,
1837 2657 2170 2744 quod-Ca·

576 2742 788 2810 nonici
848 2742 1241 2812 cathedralis
1300 2743 1623 2812 Ecclesiae
1680 2744 1767 2812 de
1823 2747 2169 2833 Nicaragua

576 2832 814 2917 absque
881 2830 1141 2921 speciali
1211 2833 1396 2902 Sedis
1452 2833 1854 2920 Apostolicae
1913 2834 2167 2903 indulto

576 2928 836 2987 utantur
870 2921 1167 2989 rochetto
1196 2920 1261 2989 in
1291 2924 1480 2990 sacris
1526 2920 1954 2992 functionibus
1986 2921 2166 3013 pera·

576 3008 804 3095 gendis
849 3019 915 3075 et
958 3011 1262 3077 annulum
1317 3030 1577 3099 semper
1622 3011 1916 3079 deferant
1975 3013 2166 3080 etiam

578 3100 642 3164 in
688 3098 1119 3167 celebratione
1164 3099 1539 3167 sacrosancti
1573 3100 1790 3166 Missae
1823 3099 2172 3168 sacrificii?

709 3188 893 3253 Sacra
926 3186 1150 3253 eadem
1190 3187 1640 3275 congregatio,
1677 3189 1754 3255 ad
1786 3189 2167 3257 relationem

580 3274 917 3342 secretarii
964 3285 1028 3341 et
1072 3274 1282 3342 audita
1328 3276 1518 3343 etiam
1564 3276 1883 3343 sententia
1919 3276 1986 3343 in
2014 3278 2169 3344 scri·

576 3361 704 3451 ptis
748 3362 1011 3431 alterius
1057 3380 1134 3428 ex
1181 3364 1691 3453 Apostolicarum
1730 3366 2167 3432 caeremonia-

577 3468 722 3517 rum
767 3451 1100 3539 magistris,
1142 3453 1629 3520 rescribendum
1663 3452 1946 3519 censuit:
1979 3474 2018 3517 ι
2045 3455 2167 3520 Ne-

578 3539 790 3626 gative
822 3539 889 3604 in
918 3539 1240 3622 omnibus,
1273 3538 1394 3607 nisi
1430 3538 1736 3607 habeatur
1761 3540 2043 3629 speciale
2078 3542 2173 3609 in·

578 3627 833 3694 dultum
882 3646 916 3691 a
961 3629 1182 3693 Sancta
1229 3629 1438 3707 Sede3
1488 3639 1553 3695 et
1601 3628 1953 3718 Episcopus
1984 3639 2168 3699 curet

579 3724 651 3780 ut
697 3715 1168 3802 quamprimum
1216 3714 1281 3782 hi
1328 3717 1557 3784 abusus
1604 3717 1912 3785 tollantur
1941 3740 2008 3784 ν.

707 3801 825 3869 Die
868 3804 954 3869 20
1001 3803 1273 3891 Augusti
1325 3807 1517 3872 1870.

581 3943 829 4027 3219.
1229 3947 1506 4014 nosen,
1937 3945 2164 4035 (stas)

710 4071 906 4136 limus
952 4073 1025 4135 D.
1065 4073 1345 4138 Renatus
1390 4070 1575 4137 Maria
1620 4071 1883 4138 Carolus
1925 4070 2172 4137 Poirier

578 4154 931 4246 Episcopus
975 4158 1292 4242 Rosensis,
1341 4177 1537 4246 quum
1588 4159 1651 4225 in
1705 4159 1925 4226 multis
1987 4158 2166 4243 locis,

578 4246 957 4332 praesertim
1002 4246 1404 4330 missionum,
1453 4266 1617 4323 unus
1674 4246 1883 4313 solum
1937 4247 2169 4315 existat

581 4333 889 4400 Sacerdos
947 4333 1056 4421 qui
1117 4333 1360 4401 ibidem
1421 4333 1680 4401 Parocbi
1740 4335 2168 4403 ministerium

580 4422 748 4511 agit3
781 4442 813 4487 a
859 4425 1041 4490 Sacra
1085 4422 1348 4491 Rituum
1392 4426 1646 4509 congre
1691 4423 1901 4491 atione
1948 4422 2170 4511 exqui-

580 4510 774 4577 sivit:
835 4513 1004 4578 Num
1058 4510 1423 4580 huiusmodi
1471 4514 1661 4578 Paroc
1713 4531 1785 4577 us
1831 4521 2169 4598 aegrotans

583 4598 647 4667 in
694 4598 801 4667 die
845 4601 1095 4667 Coenae
1141 4600 1416 4684 Domini,
1453 4598 1562 4685 qui
1594 4598 1743 4667 ideo
1789 4617 1914 4667 non
1961 4599 2173 4689 potuit

581 4686 909 4755 celebrare
944 4687 1189 4755 Missam
1222 4697 1288 4755 et
1322 4706 1696 4755 consecrare
1742 4688 2018 4754 Hostiam
2053 4706 2169 4775 pro

580 4776 759 4842 Missa
804 4774 973 4844 dicta
1016 4775 1705 4844 Praesanctiflcatorum
1728 4825 1746 4861 ,
1794 4775 1992 4864 possit
2051 4794 2172 4864 pro

581 4863 697 4930 hac
743 4864 1073 4933 functione
1133 4863 1228 4932 uti
1288 4864 1499 4932 Hostia
1545 4862 1667 4931 alio
1714 4864 1820 4931 die
1865 4882 2172 4953 praecon-

580 4961 848 5037 secrata‚
887 4952 939 5019 si
984 4952 1214 5020 melius
1259 4971 1329 5022 se
1376 4953 1615 5021 habens
1662 4952 2060 5021 functionem
2109 4952 2173 5021 in

582 5041 918 5195 Pan-aspa?
964 5042 1174 5110 facere
1220 5042 1445 5128 possit,
1479 5050 1748 5130 propter
1795 5060 2173 5109 concursum

582 5144 810 5214 P⁰P¹¹¹

716 5219 796 5283 Et
841 5220 1023 5285 Sacra
1069 5218 1330 5287 Rituum
1357 5217 1810 5306 congregatio,
1847 5217 2173 5285 referente

587 5303 947 5392 subscripto
994 5307 1348 5375 secretario
1397 5320 1462 5375 et
1507 5308 1724 5375 audito
1787 5307 1978 5374 etiam
2022 5316 2175 5372 voto

592 5391 660 5463 in
705 5392 955 5483 scriptis
1008 5394 1271 5459 alterius
1328 5414 1411 5460 ex
1463 5395 1974 5485 Apostolicarum
2019 5396 2171 5458 Cae·

2268 453 2700 519 remoniarum
2744 451 3078 540 Hagistris‚
3127 455 3486 522 rescribere
3534 467 3664 522 rata
3709 466 3846 522 est:

2271 563 2309 603 α
2343 541 2648 627 Negative
2684 563 2748 608 v.

2404 630 2517 696 Die
2563 632 2647 696 20
2695 630 2963 718 Augusti
3016 633 3208 698 1870.

2268 803 2529 872 3220.
2580 807 3047 873 vtcAfflAwS
3099 809 3541 877 APOSTOLIGI
3625 811 3848 896 (5484)

2474 910 2861 976 TONKINI
2923 912 3644 981 MEMDIONALIS.

2401 1070 2594 1133 amus
2638 1071 2713 1136 D.
2750 1072 2857 1134 lvo
2902 1068 3084 1134 Maria
3129 1072 3290 1136 Croc
3343 1070 3703 1159 Episcopus
3748 1076 3853 1139 La-

2268 1154 2499 1221 randae
2572 1166 2636 1221 et
2702 1155 3046 1222 coadiutor
3099 1156 3447 1225 vicariatus
3507 1161 3854 1246 Apostolici

2269 1242 2539 1310 Tonkini
2602 1242 3029 1310 Meridionalis
3083 1263 3414 1332 exponens
3472 1249 3699 1315 Sacrae
3755 1247 3855 1315 Ri-

2269 1341 2448 1397 tuum
2498 1332 2984 1419 congregationi
3038 1331 3496 1401 defunctorum
3545 1336 3855 1421 Exequias

2267 1418 2331 1485 in
2378 1418 2693 1487 Vicariatu
2726 1419 3057 1508 praedicto
3102 1439 3222 1487 nec
3266 1420 3336 1488 in
3382 1423 3684 1490 Ecclesiis
3714 1443 3855 1511 per·

2266 1506 2365 1594 agi
2424 1525 2633 1595 posse,
2697 1526 2898 1608 quum
2957 1527 3152 1595 parvo
3204 1509 3335 1576 sint
3393 1529 3692 1594 numero,
3737 1531 3857 1578 nec

2268 1595 2333 1660 in
2383 1595 2803 1662 coemeteriis
2869 1614 3032 1680 quae
3100 1595 3345 1664 ibidem
3409 1598 3478 1665 in
3544 1619 3669 1666 usu
3726 1618 3857 1666 non

2268 1693 2463 1761 sunt;
2510 1683 2591 1750 ab
2636 1684 2863 1750 eadem
2907 1686 3091 1753 Sacra
3122 1686 3631 1776 Congregatione
3669 1688 3857 1753 enixe

2268 1771 2610 1858 postulavit
2654 1782 2727 1838 ut
2774 1772 3134 1860 praedictae
3195 1775 3517 1861 Exequiae
3566 1774 3711 1842 fieri
3755 1795 3861 1842 va·

2273 1860 2442 1925 leant
2487 1868 2825 1946 antequam
2857 1859 3312 1930 defunctorum
3343 1864 3651 1930 cadavera
3685 1882 3722 1930 e
3750 1864 3861 1930 do-

2272 1945 2479 2013 mibus
2526 1947 2896 2015 efferantur.

2400 2037 2582 2102 Sacra
2629 2054 2785 2101 vero
2840 2038 3064 2105 eadem
3123 2038 3583 2126 congregatio,
3646 2040 3859 2109 audita

2272 2121 2583 2189 relatione
2630 2123 2744 2191 bac
2790 2124 2877 2191 de
2921 2144 2992 2192 re
3038 2146 3072 2190 a
3119 2127 3473 2193 secretario
3518 2126 3709 2211 facta,
3760 2146 3862 2193 re-

2270 2209 2556 2278 scribere
2601 2220 2733 2278 rata
2792 2224 2939 2278 est:
2987 2235 3026 2278 ι
3059 2216 3178 2279 Pro
3221 2214 3467 2301 gratia3
3528 2215 3709 2282 iuxta
3748 2235 3859 2282 ex-

2273 2299 2507 2385 positas
2553 2317 2780 2387 preces
2813 2323 2877 2365 ».
2927 2304 3135 2387 Atque
3184 2300 3267 2367 ita
3310 2302 3666 2390 rescripsit.

2402 2387 2513 2454 Die
2560 2389 2644 2454 20
2691 2390 2962 2475 Augusti
3014 2392 3209 2458 1870.

2272 2564 2519 2636 3221..
2710 2568 2821 2634 SS.
2871 2568 3424 2636 CONCEPTIONIS

2885 2676 2986 2740 DE
3032 2675 3234 2741 ctLE.

2399 2835 2605 2911 Quum
2665 2837 2731 2898 in
2791 2844 2918 2899 tota
2987 2831 3273 2900 Dioecesi
3331 2834 3558 2900 SSmae
3617 2834 3860 2900 Conce-

2270 2921 2507 3009 ptionis
2552 2921 2636 2989 de
2683 2920 2844 3005 Cile,
2878 2919 3075 2988 immo
3110 2933 3175 2989 et
3204 2919 3269 2989 in
3298 2930 3432 2987 tota
3475 2920 3858 3010 Republica,

2271 3021 2487 3078 contra
2547 3009 2927 3097 dispositum
2990 3020 3055 3075 et
3114 3010 3475 3078 ordinatum
3533 3029 3567 3075 a
3627 3014 3861 3077 Sancto

2268 3098 2374 3165 Pio
2417 3101 2579 3184 Papa
2624 3101 2678 3165 V
2725 3098 2790 3164 in
2835 3097 3012 3164 Bulla
3052 3116 3173 3164 seu
3221 3097 3690 3166 Constitutione
3736 3099 3862 3164 Sat-

2262 3189 2453 3273 perm'
2498 3186 2967 3272 omiipotentis
3000 3185 3108 3253 die
3146 3189 3220 3252 11
3255 3184 3454 3252 Martii
3491 3189 3654 3253 1571
3690 3186 3855 3268 data,

2271 3294 2419 3341 usus
2467 3276 2674 3341 multo
2736 3274 2962 3342 abhinc
3019 3284 3314 3362 tempore
3374 3272 3717 3341 invaluerit
3764 3274 3858 3340 in·

2272 3374 2372 3428 ter
2416 3363 2549 3450 pias
2594 3381 2924 3450 personas,
2957 3360 3337 3449 praesertim
3369 3360 3707 3429 Tertiarios
3736 3365 3859 3428 Re·

2271 3449 2589 3538 gularium
2634 3451 2971 3534 ordinum,
3023 3448 3332 3517 recitandi
3376 3448 3669 3516 Officium
3715 3468 3858 3535 par·

2270 3558 2421 3605 vum
2466 3542 2694 3606 Beatae
2757 3538 2981 3606 uariae
3030 3536 3309 3625 Virginis
3370 3538 3585 3627 lingua
3630 3556 3860 3605 verna-

2272 3628 2414 3694 cula
2470 3626 2787 3716 hispanica
2849 3626 3248 3710 translatum,
3316 3626 3648 3712 multaque
3706 3623 3859 3695 dicti

2268 3715 2470 3783 Officii
2518 3715 2902 3802 exemplaria
2949 3734 3068 3816 per
3112 3715 3335 3782 domos
3388 3713 3681 3780 fidelium
3732 3712 3859 3780 sint

2272 3803 2498 3870 diffusa
2544 3814 2635 3873 et„
2656 3804 2917 3893 publice
2963 3822 3029 3869 in
3075 3801 3339 3870 officinis
3382 3800 3655 3869 librariis
3707 3820 3857 3869 ven·

2270 3893 2528 3976 dantur,
2577 3889 3121 3958 dissimulantibus
3179 3908 3382 3977 usque
3440 3890 3649 3957 adhuc
3707 3891 3859 3979 Epi-

2269 4000 2375 4048 sco
2425 3980 2511 4064 is,
2574 3980 2771 4046 immo
2841 3991 2905 4046 et
2968 3999 3002 4044 a
3048 3978 3510 4065 probantibus;
3576 3997 3859 4065 cumque

2274 4079 2365 4135 tra
2417 4067 2705 4135 ustiones
2751 4066 2902 4135 dicti
2948 4071 2997 4135 Ο
3065 4064 3171 4149 cii,
3207 4076 3345 4133 tum
3391 4086 3556 4154 quae
3585 4065 3855 4148 Parisiis,

2269 4167 2409 4223 tum
2457 4175 2620 4242 quae
2668 4157 2731 4223 S.
2775 4154 2976 4223 Iacobi
3034 4165 3183 4221 sunt
3229 4154 3598 4242 impressae,
3650 4155 3859 4220 textui

2273 4245 2464 4311 latino
2525 4245 2870 4332 approbato
2938 4242 3164 4310 fideles
3220 4243 3602 4321 videantur;
3664 4244 3861 4309 Rmus

2272 4336 2346 4399 D.
2380 4331 2611 4420 Ioseph
2657 4331 3038 4432 Hippolytus
3082 4330 3259 4397 Solos
3305 4329 3624 4431 praelatae
3673 4330 3861 4397 Dioe·

2271 4439 2491 4487 ceseos
2538 4418 2981 4488 Sanctissimae
3018 4417 3464 4507 conceptionis
3506 4417 3862 4507 Episcopus

2275 4507 2421 4575 huic
2455 4507 2813 4576 difficultati
2858 4505 3203 4595 providere
3240 4508 3533 4606 cupiens,
3579 4524 3668 4572 ne
3706 4525 3862 4573 oves

2272 4594 2505 4663 Christi
2552 4606 2735 4684 pastu
2796 4597 3042 4662 alantur
3088 4594 3449 4682 prohibito,
3508 4594 3860 4662 animarum

2270 4702 2530 4751 suarum
2573 4684 3005 4763 detriment03
3055 4703 3086 4747 a
3134 4685 3320 4751 Sacra
3383 4683 3645 4749 Rituum
3697 4687 3860 4750 Gon-

2272 4772 2650 4861 gregatione
2697 4771 3029 4841 humiliter
3076 4770 3457 4857 exquisivit:

2405 4866 2457 4930 1.
2503 4864 2600 4929 An
2646 4870 2919 4951 peccent
2960 4858 3187 4926 fideles
3226 4860 3628 4945 praedictum
3674 4878 3862 4927 usum

2274 4960 2643 5037 sequentes,
2677 4949 3052 5035 dictumque
3081 4946 3371 5016 Officium
3404 4948 3621 5036 lingua
3652 4946 3860 5035 hispa-

2274 5039 2416 5106 nica
2458 5034 2848 5106 recitantes?

2404 5133 2485 5195 11.
2541 5128 2638 5194 An
2693 5125 3012 5216 praefatus
3070 5142 3224 5190 usus
3291 5124 3489 5213 possit
3550 5120 3860 5193 tolerari?

2275 5221 2369 5284 An
2427 5214 2642 5305 potius
2702 5231 3006 5303 expresse
3066 5210 3301 5280 debeat
3360 5211 3740 5299 prohiberi?
3779 5216 3858 5279 Et

2275 5313 2590 5405 quatenus
2621 5302 3023 5384 affirmative,
3047 5301 3209 5387 petit
3239 5321 3358 5390 pro
3382 5302 3583 5388 gratia
3602 5301 3858 5390 dispen-

2276 5404 2611 5458 sationem.

3628 2569 3859 2657 (545⁶)
