4042 5950
1557 254 2032 347 ..321-

170 424 388 481 sectata
435 413 666 500 fuisse,
714 414 1026 502 Reliquiis
1080 412 1345 480 minime
1404 413 1733 505 appositis.

169 503 342 580 Queis
383 501 800 572 incommodis
831 523 953 589 qua
992 512 1267 587 praestat
1312 502 1635 589 vigilantia
1667 524 1738 569 ac

172 590 467 678 religione
486 611 826 661 occurrere
852 601 1184 676 exoptans,
1208 592 1457 658 Sacram
1476 594 1737 662 Rituum

170 680 733 765 congregationem
765 677 1138 747 humillimis
1162 680 1460 764 precibus
1489 681 1737 763 adiens,

171 767 343 833 enixe
389 769 660 855 rogavit,
695 780 765 836 ut
810 765 1141 853 sequentia
1173 766 1366 833 dubia
1410 767 1738 837 declarate

172 854 573 940 dignaretut3
624 857 977 924 nimirum:

293 946 351 1008 1.
401 945 500 1009 An
542 954 886 1012 memorata
936 941 1167 1010 Altaria
1199 962 1477 1028 quorum
1509 945 1739 1035 Sepul-

170 1049 262 1096 cra
326 1033 643 1100 confracta
708 1043 857 1099 sunt
916 1030 1194 1098 debeant
1259 1033 1475 1100 denuo
1522 1053 1740 1100 conse-

173 1118 352 1197 crari;
401 1123 505 1186 vel
552 1122 820 1190 sufficiat
851 1118 917 1187 in
957 1119 1080 1186 illis
1129 1138 1319 1186 novas
1366 1124 1739 1190 Sanctorum

170 1206 474 1293 Reliquias
518 1209 829 1276 inducere
872 1206 1213 1294 sigilloque
1260 1207 1556 1277 muniri?

292 1298 353 1360 2.
406 1298 504 1363 An
547 1300 1024 1365 sacrosanctum
1080 1296 1299 1363 Missae
1355 1298 1743 1366 Sacrificium

172 1382 472 1451 celebrari
517 1396 710 1471 queat
754 1403 952 1472 super
981 1383 1298 1450 Altaribus
1342 1386 1610 1454 secundi
1641 1406 1746 1475 ge-

174 1470 330 1537 neris
381 1493 413 1537 a
466 1472 865 1561 simplicibus
910 1473 1357 1540 Sacerdotibus
1416 1494 1744 1543 consecra·

171 1558 243 1624 tis
284 1561 390 1627 abs
487 1582 523 1629 e
569 1561 966 1648 appositione
1016 1561 1485 1646 Reliquiatum;
1534 1564 1642 1631 vel
1680 1574 1747 1630 et

174 1646 281 1712 ista
336 1649 418 1716 de
470 1660 614 1716 eant
655 1651 896 1716 iterum
942 1650 1322 1735 consecrati,
1371 1653 1746 1719 Sanctorum

172 1734 471 1823 Reliquiis
517 1735 863 1826 appositis?

295 1828 374 1891 Et
417 1829 602 1894 Sacra
647 1826 909 1893 Rituum
956 1826 1405 1913 Congregatio,
1454 1827 1520 1894 in
1569 1828 1753 1896 Ordis

172 1914 337 1980 nario
380 1918 586 1981 Coetu
631 1913 709 1981 ad
759 1913 1126 1981 Vaticanum
1160 1913 1466 1981 hodierna
1504 1916 1613 1984 die
1643 1917 1748 1984 ha-

174 2000 321 2084 bito,
370 2021 575 2090 quum
622 2023 657 2068 a
699 2000 1058 2088 subscripto
1106 2003 1458 2069 Secretario
1492 2023 1751 2090 compe-

177 2087 323 2156 rerit
380 2108 588 2178 usque
645 2089 723 2157 ah
776 2108 939 2157 anno
1005 2092 1170 2157 1837
1231 2109 1400 2157 nono
1445 2093 1752 2160 calendas

173 2178 449 2246 Octobris
492 2198 612 2266 pto
659 2179 947 2245 Dioecesi
994 2178 1398 2245 Rhedonensi
1440 2182 1751 2248 sancitum

174 2265 355 2333 tuisse
401 2277 478 2334 ut
509 2266 734 2333 similia
765 2266 999 2333 Altaria
1030 2267 1267 2333 iterum
1308 2286 1753 2336 consecraren-

176 2364 297 2438 tur,
343 2356 830 2444 appositamque
876 2353 1363 2421 instructionem
1405 2361 1563 2425 Rmo
1594 2357 1756 2424 Rhe-

173 2443 433 2510 donensi
481 2443 801 2531 Episcopo
850 2443 1270 2510 transmissam
1324 2444 1514 2512 fuisse
1542 2493 1560 2529 ,
1608 2465 1755 2533 pto·

177 2530 385 2617 positis
430 2531 646 2598 dubiis
690 2551 723 2596 a
752 2535 911 2599 Rmo
944 2531 1265 2598 Vivarien.
1296 2533 1615 2620 Episcopo
1657 2552 1757 2599 re·

175 2618 583 2689 scribendum
629 2619 915 2687 censuit:
964 2641 1003 2686 ‹
1036 2624 1104 2687 ln
1151 2630 1429 2705 utroque
1476 2641 1622 2688 casu
1652 2621 1757 2689 Al-

181 2706 325 2775 taria
344 2727 488 2775 esse
503 2709 719 2776 denuo
743 2707 1194 2791 consecranda,
1213 2719 1284 2776 ut
1302 2708 1365 2775 in
1375 2708 1756 2778 Rhedonen.

179 2795 278 2862 die
323 2800 406 2864 23
455 2795 856 2885 Septembris
910 2800 1073 2865 1837
1120 2818 1186 2863 ».

300 2885 413 2952 Die
465 2889 503 2952 7
553 2883 917 2953 Decembris
967 2889 1161 2953 1844.

183 3027 415 3097 2877.
754 3029 1177 3096 venusam.
1532 3025 1759 3119 (4991)

300 3152 512 3229 Quum
556 3150 926 3238 Capitulum
971 3151 1364 3218 cathedralis
1405 3153 1761 3219 Venusinae

184 3239 497 3306 Ecclesiae
542 3242 765 3306 Sacrae
813 3238 1072 3305 Rituum
1122 3240 1611 3327 congregationi
1664 3259 1765 3307 se-

183 3327 434 3411 quentia
483 3327 614 3395 duo
658 3325 850 3394 dubia
897 3345 1015 3413 pro
1055 3339 1414 3416 opportuna
1446 3329 1763 3395 solutione

183 3415 625 3502 proposuerit;
672 3415 1029 3483 nimitum:

310 3508 370 3570 1.
423 3505 527 3571 An
570 3503 637 3570 in
681 3503 891 3572 Choro
937 3516 1006 3571 et
1047 3505 1558 3573 Processionibus
1604 3526 1768 3594 quae

186 3590 615 3679 capitulariter
658 3603 962 3678 aguntur,
993 3593 1369 3678 canonicus,
1404 3595 1511 3661 cui
1541 3595 1622 3661 ob
1652 3599 1770 3662 Ma-

186 3680 514 3768 gistetium
561 3689 626 3746 et
668 3685 979 3747 Lauteam
1023 3694 1131 3750 aut
1176 3683 1525 3749 Licentiam
1573 3685 1637 3750 in
1668 3683 1768 3750 Di-

184 3769 465 3858 sciplinis
522 3767 922 3856 'theologicis
982 3771 1086 3837 vel
1146 3770 1351 3838 Sacris
1413 3771 1770 3839 Canonibus

187 3856 444 3926 facultas
488 3856 865 3924 conceditur
907 3859 1247 3927 deferendi
1293 3858 1574 3926 biretum
1621 3877 1769 3926 cum

187 3956 459 4031 quatuor
503 3944 811 4035 apicibus,
861 3946 1059 4036 possit
1106 3947 1339 4015 eodem
1388 3947 1590 4014 bireto
1638 3945 1774 4014 uti'?

315 4039 384 4102 2.
432 4037 533 4101 An
584 4034 729 4118 iste,
794 4033 1270 4102 contradicente
1329 4047 1596 4124 propter
1649 4036 1770 4103 hoc

189 4124 504 4212 Capitulo,
565 4123 957 4211 punctationi
1011 4122 1529 4192 distributionum
1577 4125 1771 4191 obno—

192 4212 328 4279 xius
374 4212 649 4289 evadat;
698 4229 888 4296 quam
932 4211 1093 4278 alius
1139 4212 1476 4295 Sacerdos,
1510 4213 1772 4300 quadra-

192 4300 359 4387 ginta
390 4299 470 4366 ab
496 4299 645 4366 hinc
677 4299 852 4365 annis
884 4300 1007 4366 iam
1051 4299 1415 4385 defunctus,
1451 4301 1516 4368 in
1545 4299 1772 4367 eadem

195 4389 473 4456 Ecclesia
516 4406 668 4455 usus
713 4386 910 4455 fuerit
962 4388 1072 4455 tali
1126 4388 1425 4456 facultate
1474 4400 1540 4455 et
1583 4406 1773 4455 nemo

195 4475 652 4543 contradixerit
673 4471 706 4541 ’ἓ

320 4567 508 4631 Sacra
554 4562 782 4631 eadem
812 4565 1262 4653 congregatio,
1295 4566 1374 4633 ad
1407 4565 1776 4634 Vaticanum

194 4652 551 4740 subsignata
582 4651 691 4718 die
724 4655 1072 4721 coadunata
1102 4655 1167 4721 in
1197 4654 1525 4722 Ordinatio
1549 4656 1777 4737 Coetu,

198 4740 521 4808 referente
579 4738 935 4829 subscripto
998 4742 1390 4827 secretario,
1438 4739 1782 4842 propositis

196 4827 405 4897 dubiis
453 4848 797 4897 occurrens
842 4831 1329 4900 rescribendum
1375 4840 1662 4897 censuit:

322 4941 362 4983 ι
396 4916 704 5006 Negative
750 4917 827 4984 ad
876 4929 1265 5007 utrumque;
1312 4918 1616 4985 nimirum
1663 4935 1783 4985 nec

196 5005 288 5072 uti
339 5023 530 5095 posse
579 5007 642 5073 in
704 5006 1147 5075 ecclesiasticis
1200 5006 1631 5076 functionibus
1674 5004 1784 5071 tali

199 5093 441 5176 bireto;
488 5115 609 5162 nec
653 5094 704 5160 si
755 5104 989 5181 utatur,
1051 5096 1351 5163 amittere
1395 5094 1786 5164 distributio·

199 5199 351 5270 nes;
401 5182 720 5271 siquidem
768 5182 1050 5250 biretum
1088 5197 1217 5251 non
1265 5195 1361 5252 est
1406 5183 1661 5251 chorale
1696 5182 1788 5249 in·

202 5270 587 5340 dumentum
620 5293 683 5338 ».

331 5361 446 5427 Die
493 5365 529 5428 7
579 5361 949 5429 Decembris
1001 5365 1195 5430 1844.

416 5502 630 5551 nemos·
655 5501 970 5550 Anthentioe
995 5506 1046 5548 8.
1074 5504 1133 5549 R.
1164 5504 1216 5548 c,
1245 5525 1295 5535 -—-
1324 5500 1432 5547 vol.
1458 5502 1522 5546 11.

1843 416 2010 485 287
2015 418 2097 485 8.
2372 421 2929 487 URBEVETANA.

3200 420 3427 509 (4993)

1972 592 2408 659 Urbevetanae
2433 594 2757 661 Ecclesiae
2781 606 2854 661 ut
2876 597 3158 681 primum
3194 616 3431 664 renun-

1843 680 2043 747 ciatus
2089 680 2206 746 suit
2255 680 2605 770 Episcopus
2652 689 2730 751 R.
2757 687 2827 749 P.
2861 688 2934 750 D.
2985 685 3214 774 loseph
3246 686 3431 753 Maria

1843 768 2382 856 Archiepiscopus
2448 770 2877 869 Vespignani,
2936 774 3267 860 pastoralis
3334 773 3433 841 sni

1843 856 2131 955 muneris
2160 866 2368 942 partes
2398 859 2753 943 suscipiens
2783 859 2943 926 illud
2977 860 3432 928 animadvertit

1844 962 2234 1010 conveniens
2295 944 2543 1026 minus,
2592 946 2788 1013 immo
2847 949 3189 1016 universali
3253 948 3433 1037 praxi

1848 1041 1915 1098 et
1957 1031 2377 1099 Rubricatum
2421 1034 2731 1102 sanctioni
2778 1036 3206 1122 contrarium,
3256 1036 3431 1122 quod

1844 1118 1912 1187 in
1957 1120 2260 1187 Ecclesiis
2307 1122 2416 1189 ubi
2447 1126 2608 1189 Fons
2638 1124 3033 1212 Baptismalis
3078 1129 3431 1213 reperitur,

1845 1206 2044 1296 ipsius
2091 1208 2303 1275 Fontis
2349 1210 2715 1279 benedictio
2758 1213 2962 1279 semel
3012 1223 3259 1280 tantum
3316 1231 3434 1301 per

1844 1315 2108 1379 annum,
2160 1294 2425 1375 Sabbato
2472 1299 2777 1367 nimirum
2824 1310 2968 1369 ante
2999 1301 3434 1369 Resurrectio-

1847 1404 1999 1451 nem
2029 1385 2277 1452 Domini
2310 1387 2759 1474 peragebatur,
2794 1389 2949 1475 quin
2982 1390 3207 1456 eadem
3240 1389 3435 1456 bene-

1847 1473 2044 1540 dictio
2086 1475 2432 1541 iteraretur
2478 1476 2745 1543 Sabhato
2794 1478 2980 1543 etiam
3026 1487 3175 1543 ante
3211 1482 3435 1544 Pente-

1850 1570 2095 1628 costen.
2144 1562 2640 1630 immemorabili
2690 1564 2839 1632 huic
2885 1564 2949 1631 in
2994 1585 3106 1632 sua
3148 1564 3436 1633 Dioecesi

1849 1648 2294 1716 consuetudini
2363 1669 2560 1737 quum
2637 1652 2978 1740 suffragare
3046 1651 3438 1740 compererit

1851 1738 2201 1827 Synodales
2236 1738 2442 1825 leges,
2477 1740 2632 1827 quin
2665 1760 2782 1829 pro
2813 1760 2929 1808 suo
2959 1740 3221 1808 arbitrio
3253 1739 3436 1827 quid-

1851 1846 2041 1914 quam
2075 1824 2140 1891 in
2173 1845 2244 1893 re
2287 1828 2702 1911 decerneret,
2751 1840 3138 1896 memoratus
3183 1829 3437 1895 Ptaesul

1852 1920 2106 1984 Sacram
2149 1914 2411 1983 Rituum
2456 1917 3030 2003 Congregationem
3063 1916 3440 1984 humillimis

1852 2003 2012 2072 datis
2058 2001 2355 2089 precibus
2401 2004 2623 2088 adivit,
2674 2005 2864 2091 eique
2911 2024 3048 2072 tem
3093 2005 3295 2094 ipsam
3329 2023 3441 2070 ex·

1856 2110 2104 2180 ponens
2149 2092 2338 2159 enixe
2385 2093 2630 2180 rogavit
2662 2104 2733 2159 ut
2771 2092 3098 2161 declarare
3143 2092 3439 2180 dignare-

1857 2194 2000 2248 tur:
2051 2181 2215 2246 Num
2263 2177 2751 2247 immemorabili
2797 2180 2946 2248 huic
2992 2180 3440 2248 consuetudini

1854 2268 2153 2336 standum
2198 2268 2280 2334 sit
2301 2266 2335 2335 ⁸?

1992 2356 2495 2424 Eminentissimi
2555 2375 2710 2424 vero
2771 2379 2842 2425 ac
2898 2356 3441 2427 Reverendissimi

1859 2450 2074 2513 Patres
2120 2446 2324 2513 Sacris
2371 2445 2628 2513 tuendis
2672 2446 2918 2514 Ritibns
2964 2445 3334 2546 praepositi,
3374 2445 3441 2510 in

1858 2534 2190 2602 Ordinatio
2237 2536 2441 2602 Coetu
2470 2534 2546 2601 ad
2582 2534 2950 2602 Vaticanum
2996 2533 3302 2602 hodierna
3334 2532 3440 2600 die

1861 2622 2221 2705 coadunati,
2269 2622 2481 2690 audita
2528 2621 2842 2690 relatione
2887 2643 2921 2688 a
2949 2621 3307 2710 subscripto
3338 2623 3447 2689 Se-

1860 2710 2134 2778 cretario
2179 2711 2366 2793 iacta,
2413 2712 2668 2779 attentis
2719 2710 3134 2778 Rubricatum
3178 2709 3445 2777 sanctio-

1861 2799 2050 2866 nibus
2095 2818 2165 2865 ac
2210 2797 2345 2865 aliis
2390 2799 2717 2882 Decretis,
2770 2799 3145 2886 praesertim
3205 2798 3271 2864 in
3324 2801 3446 2863 Lu·

1864 2907 2014 2953 cana
2062 2887 2198 2954 die«
2220 2891 2298 2954 12
2331 2886 2563 2975 Aprilis
2601 2890 2767 2955 171515
2811 2886 2877 2954 in
2925 2887 3335 2976 responsione
3367 2883 3446 2951 ad

1862 2978 2174 3063 primum,
2209 2975 2274 3042 in
2321 2994 2447 3061 quo
2494 2975 2778 3043 dilucide
2825 2975 3101 3042 edicitur
3144 2973 3444 3055 Parocho,

1861 3068 2132 3133 Fontem
2200 3064 2644 3152 Baptismalem
2712 3061 2991 3130 Sahhatis
3057 3060 3282 3130 diebus
3342 3064 3447 3127 Pa-

1862 3152 2091 3219 schatis
2141 3163 2206 3218 et
2260 3155 2665 3218 Pentecostes
2718 3149 3105 3218 benedicete
3163 3148 3445 3226 dehere;

1863 3240 2392 3327 respondendum
2454 3249 2885 3307 censuerunt:
2951 3257 2989 3302 α
3029 3235 3448 3317 Consuetudi-

1867 3347 2045 3412 nem,
2081 3329 2261 3395 velut
2290 3329 2558 3396 abusum
2605 3340 2668 3395 et
2712 3325 3002 3395 Rubricis
3048 3323 3446 3405 contrariam,

1873 3435 2011 3484 esse
2062 3416 2511 3485 eliminandam
2544 3437 2610 3483 ».

1999 3511 2210 3592 Atque
2257 3506 2342 3572 ita
2392 3505 2850 3593 exequendum
2895 3504 3299 3571 mandarunt.

2004 3593 2118 3660 Die
2165 3596 2201 3659 7
2250 3594 2614 3662 Decembris
2666 3596 2856 3661 1844.

1879 3756 2131 3824 2879.
2498 3754 2815 3822 BRIXIEN
2826 3800 2843 3818 .

2203 3901 2361 3964 Rme
2405 3894 2696 3979 Domine,
2745 3892 2838 3961 uti
2884 3897 3125 3961 Frater.

2006 4036 2387 4125 Expositum
2433 4035 2555 4102 fuit
2601 4037 2824 4102 Sacrae
2869 4033 3130 4101 Rituum
3176 4033 3458 4116 Congre-

1877 4127 2114 4216 gationi
2164 4145 2239 4191 ex
2288 4134 2469 4213 parte
2514 4127 2593 4190 R.
2639 4125 2718 4189 D.
2765 4119 3121 4190 Sacerdotis
3165 4118 3460 4185 Andreae

1876 4214 2129 4284 Bonetti
2173 4211 2432 4279 Patochi
2476 4210 2707 4299 Oppidi
2754 4207 3072 4275 Pratisvici
3102 4206 3282 4273 istius
3311 4207 3459 4273 Am-

1877 4301 2214 4393 plitudinis
2257 4304 2426 4367 Tuae
2471 4298 2815 4380 Dioecesis,
2859 4295 3201 4383 quamdam
3246 4292 3463 4383 paucis

1879 4391 1957 4458 ab
2004 4390 2149 4456 hinc
2197 4386 2376 4455 annis
2422 4387 2848 4454 introductam
2892 4384 3088 4451 fuisse
3120 4392 3462 4450 consuetu·

1878 4479 2103 4547 dinem
2151 4477 2377 4544 eadem
2423 4476 2487 4542 in
2532 4474 2818 4562 Regione
2861 4470 3136 4561 publicis
3182 4470 3250 4537 in
3314 4489 3464 4556 sup·

1880 4565 2325 4654 plicationibus
2348 4611 2365 4646 ,
2413 4582 2577 4651 quae
2641 4563 2969 4630 ducuntur
3032 4560 3096 4626 in
3157 4562 3343 4624 Festo
3400 4566 3467 4622 et

1883 4674 2003 4743 per
2071 4663 2356 4720 octavam
2417 4648 2800 4720 Sanctissimi
2860 4646 3160 4736 Corporis
3202 4643 3465 4728 Christi,

1883 4741 2228 4811 deferendi
2270 4740 2509 4807 veteris
2553 4738 2937 4806 Testamenti
2985 4738 3247 4818 Arcam,
3295 4735 3467 4800 Men·

1883 4849 2014 4897 sam
2038 4847 2184 4896 cum
2210 4826 2657 4914 Propositionis
2732 4825 2980 4910 anibus,
3006 4823 3470 4893 Candelabrum

1888 4937 2036 4986 eum
2081 4927 2337 5004 septem
2383 4914 2680 4984 luminari
2726 4934 2801 4981 us
2848 4923 2914 4980 et
2960 4911 3077 4979 alia
3124 4912 3189 4979 id
3237 4928 3468 4999 genus,

1889 5023 2051 5093 quae
2098 5004 2361 5071 fuerunt
2390 5022 2510 5091 pet
2542 5006 2820 5103 Moysem
2857 5001 2964 5067 illa
2998 5002 3062 5067 in
3094 5004 3268 5087 Lege
3301 4997 3474 5097 insti-

1890 5103 2050 5177 tuta,
2087 5102 2152 5160 et
2180 5111 2352 5159 nunc
2383 5110 2415 5156 a
2450 5092 2811 5174 iuvenibus,
2846 5090 3040 5157 instar
3070 5088 3259 5156 huius
3289 5093 3476 5175 Legis

1890 5182 2158 5266 indutis,
2187 5180 2600 5248 deferuntur.
2632 5182 2838 5258 Quum
2863 5189 3081 5246 autem
3111 5175 3478 5248 huiusmodi

1890 5269 2205 5338 novitates
2234 5287 2384 5337 cum
2427 5267 3036 5336 murmurationibus
3079 5286 3151 5332 ac
3196 5265 3479 5353 disputa·

1897 5358 2171 5426 tionibus
2219 5357 2615 5425 occasionem
2660 5355 2936 5424 scandali
2974 5355 3364 5443 praebeant;
3395 5352 3477 5418 ad

3108 5492 3162 5542 2}

3227 3750 3454 3838 (4994)
