4042 5950
2043 173 2460 251 -24—

622 320 878 391 2233.
1245 325 1581 390 ΒΑΒΝΕΝ.
1967 326 2192 412 (3882)

751 499 960 584 Super
1004 497 1146 564 iure
1194 501 1621 585 praecedendi
1668 500 1733 566 in
1777 500 2195 568 Processioni-

622 581 739 649 bus
782 583 1136 669 ceterisque
1170 585 1600 654 fitncfionibus
1634 588 2071 654 ecclemasticis
2101 589 2196 655 in·

625 681 720 734 ter
752 672 1168 738 Seminarium
1202 666 1484 741 Civitatis
1510 675 1687 742 Sarni
1718 686 1786 740 et
1825 675 2192 760 Capitulum

623 759 939 824 Ecclesiae
997 761 1413 845 cathedralis,
1463 772 1653 847 atque
1695 763 2058 848 Capitulum
2131 773 2195 828 et

619 847 964 915 Canonices
1008 848 1330 915 Ecclesiae
1373 850 1755 937 collegiatae
1792 853 1862 915 S.
1900 849 2195 916 Matthaei

621 931 909 1000 eiusdem
950 935 1261 1019 Civitatis,
1320 937 1476 1002 ortis
1540 937 1986 1003 controversiis
2044 936 2197 1003 illis·

619 1038 745 1103 que
791 1021 867 1088 ad
914 1026 979 1089 S.
1016 1028 1091 1091 R.
1127 1026 1202 1090 G.
1238 1024 1489 1106 delatis,
1541 1028 1733 1089 Emus
1778 1035 1846 1088 et
1888 1028 2086 1091 &flius
2117 1027 2190 1088 D.

617 1108 802 1174 Card.
836 1109 1108 1176 Albanus
1139 1110 1533 1199 infrascripta
1564 1110 1755 1176 dubia
1784 1108 1954 1176 inter
1983 1123 2197 1197 partes

618 1197 995 1262 concordata
1036 1198 1419 1264 declaranda
1467 1199 1840 1284 proposuitz

753 1288 814 1349 1.
862 1285 956 1350 An
1000 1285 1067 1351 in
1114 1284 1619 1353 processionibus
1664 1287 2028 1372 ceterisque
2061 1286 2198 1352 l'an·

618 1369 930 1438 ctionibus
974 1371 1421 1439 ecclesiasticis
1468 1372 1919 1461 praecedentia
1963 1373 2224 1441 (lobea-²

620 1468 724 1523 tur
768 1460 1061 1545 Capitulo
1107 1471 1173 1523 et
1219 1458 1551 1526 Canonicis
1603 1459 1926 1526 Ecclesiae
1984 1461 2200 1527 Colle·

617 1544 821 1630 giatae
862 1549 931 1611 8.
981 1546 1275 1612 Matthaei
1325 1548 1544 1630 Sarui3
1597 1550 1696 1614 vel
1748 1548 1958 1635 potius
1988 1547 2195 1615 Semi·

598 1632 792 1696 ‚nario
839 1632 1129 1699 eiusdem
1178 1632 1510 1701 Civitatis?
1552 1645 1619 1700 et
1663 1645 2198 1722 quatenusnega-

618 1718 747 1783 tive
788 1720 1003 1804 quoad
1050 1722 1347 1808 primam,
1394 1721 1765 1788 affirmative
1820 1724 2038 1807 quoad
2097 1742 2199 1788 se-

616 1807 889 1872 cundam
934 1818 1211 1893 partem,

745 1898 809 1958 2.
837 1897 933 1960 An
958 1896 1184 1960 eadem
1208 1896 1657 1980 praecedentia
1683 1896 1997 1963 debeatur
2020 1898 2193 1964 dicto

613 1980 904 2066 capitulo
949 1993 1016 2047 et
1059 1982 1409 2066 canonicis,
1445 1985 1975 2070 quotiescumque
2009 2004 2193 2072 prae·

615 2067 812 2139 fatum
857 2069 1220 2156 Capitulum
1268 2082 1335 2135 et
1378 2071 1674 2139 canonici
1722 2071 2017 2141 incedant
2072 2072 2191 2141 sub

612 2156 816 2220 Cruce
861 2156 1310 2224 cathedralis?

744 2246 821 2306 Et
866 2245 930 2310 S.
986 2249 1059 2312 R.
1123 2247 1226 2327 C.,
1296 2259 1565 2331 utraque
1628 2248 1805 2331 parte
1854 2258 1978 2312 tam
2025 2246 2192 2331 scri-

612 2329 737 2413 ptis
765 2348 955 2415 quam
1000 2350 1157 2398 voce
1208 2333 1599 2399 informante
1641 2331 1878 2416 audita,
1929 2353 2190 2420 respon·

611 2416 897 2483 dendum
942 2417 1234 2486 censuit:

740 2505 833 2569 Ad
889 2509 949 2570 1.
996 2526 1038 2569 ⁴
1070 2506 1405 2593 Negative,
1454 2509 1662 2593 quoad
1720 2507 1988 2592 primam
2048 2529 2190 2594 par·

614 2603 778 2674 tem3
825 2593 1241 2677 Affirmative,
1275 2595 1482 2679 quoad
1527 2597 1897 2678 secundam,
1929 2597 2188 2680 quando

610 2676 903 2745 eam-ici
956 2680 1344 2766 collegiatae
1395 2681 1700 2748 incedunt
1754 2683 1874 2749 sub
1926 2684 2188 2748 'diversa

612 2768 818 2831 cruce
851 2788 917 2833 a.

741 2854 839 2920 Ad
885 2859 951 2921 2.
999 2875 1039 2918 a
1072 2853 1461 2921 Affirmative
1494 2877 1557 2922 a.

740 2944 820 3007 Et
852 2941 935 3008 ita
968 2942 1263 3009 decrevit
1291 2962 1364 3009 ac
1394 2943 1633 3014 servari
1680 2944 2022 3013 mandavit.
2077 2946 2192 3013 Die

616 3034 697 3096 15
742 3029 1066 3098 Februarii
1116 3034 1311 3098 1716.

614 3208 871 3277 2234.
1224 3213 1587 3282 CAIAGEN.
1966 3212 2190 3300 (3883)

738 3388 958 3454 Habito
1006 3409 1123 3475 per
1166 3394 1233 3455 Ρ.
1286 3395 1764 3457 Procuratorem
1810 3392 2190 3457 Gener-alem

610 3473 832 3540 Montis
865 3476 1142 3563 Virginis
1171 3478 1249 3544 ad
1282 3481 1450 3546 S.-u.
1480 3481 1554 3545 G.
1590 3496 1854 3543 recursu
1884 3479 2192 3544 adversus

608 3561 955 3627 Parecbum
1002 3567 1232 3630 Terrae
1281 3566 1677 3634 Fo‘rmiculae
1724 3565 2040 3631 Dioecesis
2078 3570 2188 3631 Ga-

610 3649 841 3731 iacen„
874 3668 1069 3737 super
1110 3663 1522 3717 controversa
1571 3651 2013 3718 iurisdictione
2047 3653 2192 3738 pul-

606 3734 880 3804 sandi'in
920 3739 1134 3805 triduo
1180 3739 1482 3805 Passionis
1528 3757 1646 3826 per
1694 3750 1889 3803 totam
1938 3737 2188 3826 praedi-

608 3834 771 3889 ctam
816 3826 1075 3893 Terram
1130 3827 1433 3910 tabulam,
1481 3827 1680 3913 vulgo
1740 3828 2054 3904 trecenta,
2107 3825 2184 3890 ad

610 3908 909 3978 effectum
955 3915 1346 3980 convocandi
1390 3915 1705 4002 populum
1739 3912 1817 3979 ad
1848 3912 2063 3980 divina
2095 3913 2192 3980 of·

609 3997 745 4063 ficia
769 4045 788 4076 ,
842 4000 955 4087 ipsi
1016 4011 1260 4067 tantum
1328 4014 1700 4087 competere
1764 4001 2188 4088 praetenden-

609 4095 779 4164 tem;
824 4097 887 4153 et
932 4088 1291 4155 huiusmodi
1325 4086 1754 4176 controversia
1786 4089 1864 4155 ad
1895 4092 1965 4156 S.
1998 4090 2075 4154 R.
2109 4090 2186 4154 G.

607 4191 687 4238 ex
732 4186 913 4260 parte
944 4178 1199 4242 Patrum
1233 4171 1759 4264 congregationis
1789 4178 2015 4243 Montis
2049 4175 2188 4243 Vir·

607 4260 771 4346 ginis
831 4263 1149 4351 proposita
1211 4283 1327 4352 pro
1382 4264 1854 4330 declaratione:
1917 4266 2015 4329 An
2083 4266 2187 4328 Pa·

609 4349 807 4416 tribus
853 4350 1208 4417 nonasterii
1254 4353 1321 4418 S.
1356 4350 1629 4438 Spiritus
1661 4351 1866 4418 dictae
1904 4355 2187 4438 Congre-

607 4435 871 4522 gationis
916 4438 1452 4506 commorantibus
1501 4441 1563 4505 in
1609 4442 1800 4506 Terra
1864 4443 2189 4508 Formion-

2302 327 2536 395 mative
2569 350 2633 392 ».
2685 332 2762 394 Et
2807 328 2892 394 ita
2935 327 3226 395 decrevit
3253 346 3323 392 ac
3349 326 3584 393 servari
3615 310 3834 397 mndi-

2300 414 2416 481 vit.
2466 411 2577 480 Die
2624 419 2703 481 21
2753 416 2949 481 Martii
3003 417 3192 481 1716.

2303 590 2558 658 2235.
2807 586 2812 593 ’
2915 591 3270 657 TROPlEN.

3642 593 3840 676 (388⁴)

2436 768 2604 829 inter
2664 762 3047 863 Episcopum
3094 761 3425 849 Tropien.,
3475 754 3844 829 Arcbidiaco·

2298 869 2452 919 num
2499 855 2845 916 Antonium
2877 849 3194 931 Pelliccia,
3228 848 3542 934 ignatium
3572 850 3657 916 de
3685 853 3846 915 Tran-

2299 940 2391 1006 eia
2459 940 2780 1003 Deoanum
2847 948 2915 1003 et
2979 936 3136 1003 alios
3206 936 3528 1003 Ecclesiae
3595 936 3848 1003 Civitatis

2299 1023 2628 1122 Tropien.,
2678 1044 2874 1111 super
2920 1023 3244 1090 nonnullis
3291 1023 3717 1090 functionibus
3764 1045 3850 1090 ec-

2301 1110 2660 1180 clesiasticts
2709 1112 3087 1199 peragendis
3115 1110 3386 1195 aliisque
3414 1112 3656 1179 iuribus
3695 1130 3853 1210 prac-

2302 1197 2834 1282 eminentialibus,
2881 1197 3329 1264 controversiis
3376 1199 3613 1265 exortis
3655 1218 3854 1284 eisque

2298 1290 2375 1355 ad
2423 1290 2492 1355 S.
2538 1290 2614 1352 R.
2653 1291 2730 1354 C.
2780 1286 3047 1363 delatis3
3098 1289 3291 1351 Eunus
3339 1296 3405 1350 et
3447 1290 3645 1353 Rmus
3688 1290 3854 1352 nom.

2297 1373 2642 1444 cardinalis
2699 1378 2770 1441 S.
2816 1372 3168 1440 Clementis
3228 1372 3622 1460 infrascripta
3691 1373 3858 1440 dubia

2296 1462 2675 1531 declaranda
2723 1458 3100 1547 proposuit:

2435 1553 2495 1615 1.
2544 1551 2642 1615 An
2687 1547 3032 1614 celebratio
3076 1547 3293 1612 Missae
3339 1547 3645 1615 solemnis
3687 1561 3754 1613 et
3784 1549 3862 1614 in·

2301 1637 2537 1703 tonatio
2601 1635 2818 1724 hymni
2889 1637 2965 1700 Ta
3011 1637 3212 1701 Deu-
3273 1633 3656 1716 laudamus,
3705 1656 3864 1701 occa·

2297 1726 2478 1793 sione
2523 1725 2746 1790 natalis
2790 1722 3005 1808 Regis,
3055 1720 3497 1808 publicationis
3543 1723 3739 1809 pacis,
3785 1743 3867 1788 re-

2300 1822 2586 1900 portatae
2618 1811 2923 1877 victoriae
2957 1820 3022 1875 et
3053 1807 3381 1889 similium,
3410 1810 3726 1897 Episcopo
3753 1830 3870 1877 non

2299 1900 2708 1981 celebrante,
2757 1905 3051 1983 spectent
3096 1897 3174 1962 ad
3231 1899 3548 1963 Decanum
3611 1898 3865 1984 primam

2299 1986 2724 2072 Dignitatem3
2775 1985 2879 2050 vel
2914 1984 3191 2051 liberum
3221 1984 3651 2072 sitEpiscepo
3697 1984 3865 2051 alteri

2300 2093 2378 2139 ex
2438 2071 2857 2158 Dignitatibus
2918 2071 3022 2137 vel
3083 2069 3412 2137 canonicis
3472 2073 3674 2139 dictas
3741 2072 3869 2139 lun-

2299 2157 3467 2313 etioiziesAsupp‘liendawmamgagpg
3521 2246 3722 2313 funos

2473 2295 2492 2312 .
2599 2266 2642 2313 n
2687 2266 2748 2313 ei
2800 2266 2906 2314 em
3096 2264 3214 2311 ano
3319 2265 3336 2310 ι
3711 2264 3872 2312 iones

2294 2336 2617 2401 solemnes
2684 2333 2936 2401 facienti
3001 2335 3106 2399 vel
3164 2330 3313 2399 alias
3377 2335 3755 2401 solemniter
3816 2334 3871 2399 in

2294 2422 2525 2489 diebus
2572 2421 3050 2506 pontificalibus
3085 2418 3477 2505 celebranti,
3526 2421 3876 2488 debeantur
3999 2422 4000 2461 ¹

2295 2510 2610 2596 privative
2671 2510 2880 2594 quoad
2941 2507 3095 2573 alios
3153 2506 3499 2573 canonicos
3558 2521 3628 2575 et
3693 2508 3872 2575 etiam

2295 2598 2669 2682 Dignitates,
2702 2597 2963 2678 Casula,
3012 2593 3130 2659 alia
3159 2614 3330 2659 sacra
3376 2593 3757 2665 indumenta
3815 2605 3875 2660 et

2296 2694 2508 2749 cetera
2554 2683 2904 2751 necessaria
2936 2683 3013 2748 ad
3048 2681 3265 2747 Missae
3299 2682 3694 2750 Sacrificium
3739 2702 3876 2750 cum

2295 2771 2541 2855 magnis
2589 2770 3055 2858 pulvinaribus,
3103 2778 3346 2853 tapete,
3395 2772 3600 2837 cereis
3661 2771 3876 2838 distin·

2294 2859 2438 2941 ctis,
2473 2868 2602 2925 tam
2645 2857 2711 2925 in
2757 2856 2955 2925 Altari
2987 2874 3178 2942 quam
3221 2855 3286 2921 in
3331 2858 3727 2925 candelabris
3769 2858 3876 2924 de-

2296 2944 2580 3013 ferendis
2625 2964 2659 3012 a
2706 2944 3145 3027 ceroferariis,
3194 2944 3453 3013 abacum
3506 2946 3569 3013 in
3615 2949 3877 3032 Presby-

2299 3034 2459 3100 terio
2521 3053 2667 3102 cum
2727 3034 3074 3101 assistentia
3135 3033 3668 3122 Presbyterorum
3726 3035 3877 3101 anti·

2295 3125 2597 3210 quiorum
2644 3124 2708 3190 in
2756 3141 3028 3190 munere
3077 3119 3328 3188 Diaconi
3363 3135 3430 3187 et
3470 3122 3878 3205 subdiaconi,

2294 3212 2504 3279 omnia
2537 3211 2911 3299 pretiosiora
2939 3220 3006 3276 et
3037 3208 3332 3275 distincta
3363 3209 3441 3274 ab
3473 3209 3614 3277 aliis
3651 3211 3882 3293 quibus

2207 3365 2213 3370 .
2294 3308 2565 3366 utuntur
2595 3299 2752 3366 dicti
2774 3295 3076 3366 canonici
3108 3307 3176 3361 et
3207 3297 3560 3383 Dignitates
3582 3296 3883 3364 solemni·

2298 3398 2396 3454 ter
2444 3383 2897 3453 celebrantes?

2423 3479 2491 3541 3.
2541 3476 2637 3540 An
2682 3475 2899 3541 eidem
2947 3477 3196 3539 Decano
3254 3472 3527 3539 cantanti
3575 3476 3884 3559 Vesperas

2293 3563 2615 3628 solemnes
2674 3562 2989 3628 debeatur
3035 3558 3383 3625 assistentia
3444 3579 3557 3626 sex
3617 3560 3883 3648 Presby-

2296 3660 2583 3716 terorum
2628 3648 3060 3735 antiquiorum
3094 3656 3160 3711 et
3187 3647 3476 3733 pluviale
3508 3649 3882 3716 distinctum

2294 3747 2360 3802 et
2424 3736 2765 3837 pretiosius
2818 3756 2895 3801 eo
2926 3756 3054 3822 quo
3104 3745 3373 3800 utuntur
3419 3736 3726 3821 praedicti
3777 3739 3884 3802 Ca-

2293 3826 2502 3894 nomci
2551 3837 2616 3888 et
2663 3827 3042 3909 DignitateS,
3081 3820 3393 3910 privative
3439 3825 3645 3908 quoad
3680 3821 3886 3890 dictos

2291 3912 2640 3979 Canonicos
2688 3924 2752 3978 et
2798 3913 3151 3999 Dignitates
3198 3910 3579 3977 solemniter
3639 3912 3885 3998 pariter

2290 4000 2490 4066 dictas
2537 4001 2849 4086 vesperas
2897 3994 3266 4065 cantantes?
3308 4010 3377 4063 et
3422 4008 3733 4083 quatenus
3797 3999 3885 4066 al-

2290 4086 2608 4153 firmative
2655 4089 2864 4171 quoad
2914 4084 3153 4170 omnia,

2425 4176 2491 4239 t.
2539 4177 2635 4241 An
2695 4176 2850 4241 baec
2912 4173 3124 4241 omnia
3183 4173 3544 4240 debeantur
3597 4178 3884 4258 Decano,

2289 4272 2630 4349 praesente
2641 4275 2727 4414 ‘oet
2751 4263 3084 4328 assistente
3116 4280 3244 4326 non
3281 4273 3491 4327 tamen
3515 4262 3888 4328 celebrante

2294 4350 2609 4437 Episcopo

2423 4439 2501 4501 Et
2563 4439 2627 4501 S.
2679 4440 2756 4503 R.
2809 4439 2911 4518 C.,
2975 4435 3259 4522 partibus
3312 4447 3437 4502 tam
3489 4454 3643 4506 voce
3690 4454 3884 4520 quam

607 4529 707 4593 lae
756 4525 1000 4593 licitum
1031 4526 1112 4593 sit
1145 4527 1208 4593 in
1240 4527 1454 4592 triduo
1498 4524 1801 4593 Passionis
1831 4544 1948 4611 per
1983 4539 2184 4594 totum
2285 4523 2534 4608 scriptis
2580 4523 3068 4589 informantibus
3099 4523 3356 4606 auditis,
3395 4522 3881 4612 rescribendum

607 4615 941 4681 circuitum
989 4614 1196 4682 dictae
1241 4617 1474 4680 Terrae
1520 4631 1668 4679 cum
1717 4613 1951 4697 tabula,
1987 4614 2184 4699 vulgo

605 4703 671 4768 la
721 4703 997 4800 troccola
1023 4750 1042 4783 ‚
1095 4721 1442 4772 convocare
1490 4700 1802 4790 populum
1848 4702 1925 4768 ad
1973 4700 2187 4769 divina

607 4789 815 4944 Offiosl?
837 4786 929 4944 ²11.
966 4857 1077 4962 6.,
1143 4879 1418 4945 Parocbo
1484 4877 1885 4968 supradictae
1956 4881 2185 4942 Terrae

610 4963 852 5051 pluries
894 4966 1179 5031 intimato
1210 4977 1277 5033 et
1308 4983 1705 5052 nequaquam
1740 4975 2181 5051 comparente,
2239 4995 2244 5000 ·

608 5051 883 5137 visisque
927 5064 1137 5119 tanen
1185 5052 1430 5120 iuribus
1464 5054 1607 5120 binc
1640 5052 1790 5119 inde
1825 5069 2034 5119 coram
2072 5053 2182 5117 Or-

610 5139 853 5208 dinario
909 5140 1197 5206 Caiacen.
1246 5141 1540 5206 deductis
1598 5151 1664 5205 et
1719 5141 1799 5206 ad
1864 5143 1932 5206 S.
1981 5143 2058 5205 R.
2107 5142 2178 5205 C.

611 5229 1006 5315 transmissis,
1054 5225 1534 5293 rescribendum
1583 5225 1866 5293 censuit:
1917 5247 1954 5290 ‹
2002 5224 2184 5292 Affir-

2290 4612 2584 4680 censuit:

2421 4701 2517 4766 Ad
2555 4703 2616 4765 1.
2653 4721 2690 4764 ‹
2718 4699 3138 4781 Affirmative,
3176 4698 3251 4763 ad
3285 4698 3557 4784 primam
3592 4709 3882 4785 partem;

2289 4787 2624 4874 Negative,
2673 4789 2752 4855 ad
2797 4788 3147 4855 secundam
3182 4806 3249 4850 a.

2423 4877 2516 4942 sd
2567 4880 2631 4940 2.
2685 4896 2722 4939 α
2756 4875 3070 4962 Negative
3102 4897 3167 4941 a.

2425 4963 2519 5029 Ad
2569 4967 2634 5028 3.
2685 4983 2722 5026 ‹
2756 4964 3066 5047 Negative
3102 4986 3164 5028 ι».

2422 5049 2518 5116 Ad
2567 5052 2630 5115 4.
2683 5070 2720 5113 α
2759 5052 2921 5116 Satis
2968 5051 3337 5139 provisum;
3391 5059 3455 5114 et
3502 5049 3778 5135 amplius
3816 5072 3881 5114 a.

2419 5140 2499 5206 Et
2545 5138 2627 5203 ita
2661 5138 2954 5204 decrevit
2989 5149 3053 5204 et
3083 5138 3322 5206 servari
3372 5137 3715 5204 mandavit.
3770 5138 3884 5204 Die

2301 5232 2379 5293 21
2435 5227 2634 5291 Martii
2688 5228 2881 5292 1716.
