4042 5950
1558 303 1977 384 ..67-

133 460 272 529 lieri
301 462 508 529 solitis
549 461 616 530 in
659 462 789 529 illis
837 462 1107 547 diebus,
1156 461 1456 547 Religiosi
1517 462 1715 550 parati

131 550 406 636 debeant
459 550 766 618 incedere
809 550 1038 618 unitim
1085 568 1233 616 cum
1286 548 1714 628 Celebraute;

131 656 239 703 seu
287 638 502 725 potius
535 639 831 707 canonici
865 638 1256 727 praecedere
1298 639 1575 705 debeant
1606 638 1696 703 eis

133 724 280 790 dem
330 724 671 814 Religiosis
718 723 1003 815 paratis?

259 816 327 879 6.
379 821 475 880 An
523 814 751 882 iisdem
807 814 1134 882 canonicis
1190 813 1382 880 liceat
1435 814 1499 880 in
1544 813 1716 901 priu-

131 899 290 987 cipio
361 901 791 970 Processionis
851 903 1143 970 intonare
1209 906 1526 990 Hymnum
1598 905 1717 968 Iste

133 989 463 1162 Βωςωοζ
483 1013 514 1069 ,·
557 1009 676 1056 seu
724 989 936 1078 potius
981 998 1231 1077 spectet
1262 990 1339 1056 ad
1377 988 1715 1056 Celebran-

130 1087 254 1142 tem
349 1077 414 1163 (1

251 1167 334 1229 Ει
365 1169 434 1232 S.
469 1168 548 1232 R.
583 1168 686 1248 (1.,
735 1165 884 1232 visis
931 1164 1175 1232 iuribus
1222 1165 1369 1232 hinc
1417 1166 1566 1232 inde
1598 1167 1712 1231 de-

131 1251 331 1317 ductis
381 1264 448 1319 et
496 1263 767 1340 utraque
813 1264 998 1342 parte
1040 1252 1290 1341 scriptis
1336 1264 1399 1320 et
1428 1271 1588 1319 voce
1621 1253 1713 1318 in-

134 1338 439 1406 formante
488 1341 727 1425 audita,
775 1340 1262 1408 rescribendum
1310 1341 1587 1408 censuit:

253 1428 350 1494 Ad
409 1432 466 1493 1.
519 1431 901 1514 «Servetur
945 1428 1206 1496 solitum
1241 1452 1306 1494 ν.

251 1515 346 1580 Ad
402 1519 466 1581 2.
521 1536 559 1579 α
593 1519 901 1585 Servetur
947 1517 1423 1585 Caeremoniale
1456 1537 1519 1582 t.

256 1602 354 1669 Ad
406 1607 472 1670 3.
525 1625 563 1668 α
598 1604 907 1692 Negative
939 1627 1002 1672 ι.

252 1690 352 1758 Ad
406 1695 474 1758 4.
525 1714 563 1756 «
598 1693 906 1780 Negative
941 1714 1004 1759 ».

255 1779 344 1845 Ad
402 1783 468 1845 5.
523 1802 561 1844 c
595 1779 1014 1864 Affirmative,
1041 1782 1118 1848 ad
1142 1781 1410 1869 primam
1440 1796 1712 1870 partem;

133 1867 456 1953 Negative,
507 1869 586 1935 ad
634 1869 978 1937 secundam
1015 1892 1078 1935 ».

252 1955 350 2021 Ad
399 1959 469 2021 6.
522 1978 561 2019 αι
595 1957 930 2042 Negative,
979 1958 1056 2024 ad
1106 1957 1372 2046 primam
1423 1969 1711 2045 partem;

135 2042 547 2127 affirmative,
609 2046 687 2112 ad
748 2045 1138 2124 secundam;
1203 2057 1268 2111 et
1325 2047 1598 2133 amplius
1652 2048 1715 2115 in

135 2130 420 2198 omnibus
453 2154 520 2196 ».

253 2222 336 2284 Et
381 2219 467 2286 ita
498 2219 796 2288 decrevit
827 2241 898 2286 ac
932 2223 1169 2288 servari
1209 2221 1552 2289 mandavit.
1604 2224 1716 2291 Die

137 2310 170 2371 3
210 2307 482 2395 Augusti
538 2310 728 2375 1737.

140 2481 374 2553 2331.
620 2485 1230 2551 URBEVENTANA.
1489 2486 1716 2573 (coes)

251 2649 581 2751 Proposita
609 2680 731 2749 per
761 2665 973 2731 Emin.
1012 2674 1078 2730 et
1108 2668 1269 2731 Rev.
1303 2670 1484 2732 Dom.
1520 2666 1709 2732 Card.

139 2749 590 2817 Zondadarium
653 2753 1004 2819 Ponentem
1054 2751 1120 2820 in
1175 2756 1242 2818 S.
1286 2758 1361 2821 R.
1409 2756 1482 2821 C.
1535 2772 1716 2819 causa

135 2847 417 2905 vertente
453 2838 626 2905 inter
655 2839 1046 2941 Episcopum
1083 2842 1600 2908 Urbeventanum
1634 2860 1716 2907 ex

134 2945 269 3012 uua,
316 2935 514 3013 atque
583 2927 977 3014 Capitulum,
1025 2927 1399 3014 Dignitates,
1450 2928 1713 2997 Canoni-

136 3032 253 3097 cos,
279 3013 709 3081 Beneficiatos
743 3025 806 3082 et
829 3016 1246 3104 Cappellanos
1280 3018 1569 3084 eiusdem
1602 3021 1720 3084 Ec·

135 3103 351 3169 etesiae
400 3101 797 3170 cathedralis
841 3105 1126 3205 partibus
1173 3124 1251 3172 ex
1298 3105 1532 3185 altera;
1583 3106 1717 3173 illa-

135 3208 246 3274 que
290 3190 374 3258 ad
424 3189 676 3257 dictum
721 3195 938 3259 Emm.
1007 3195 1359 3261 Ponentem
1406 3212 1523 3279 pro
1555 3215 1716 3261 con-

135 3277 336 3344 cordia
373 3296 524 3344 cum
553 3278 960 3346 facultatibus
991 3279 1186 3365 ipsius
1218 3283 1283 3348 S.
1319 3284 1390 3348 G.
1425 3282 1714 3363 remissa;

137 3364 264 3449 quia
309 3377 531 3432 tamen
577 3368 903 3454 praedicta
953 3368 1286 3436 concordia
1326 3368 1590 3436 minime
1620 3390 1719 3436 se-

138 3463 320 3537 quuta
383 3454 624 3537 fuerit,
689 3473 870 3521 causa
931 3454 1165 3522 iterum
1237 3475 1352 3543 per
1412 3457 1715 3525 eumdem

139 3541 331 3607 Emin.
372 3544 729 3609 Ponentem
763 3542 826 3609 in
865 3545 931 3608 8.
959 3546 1033 3610 R.
1065 3546 1135 3609 C.
1171 3543 1565 3632 reproposita
1599 3546 1718 3612 luit

32 3649 33 3652 ¹
137 3647 315 3714 super
388 3629 821 3697 declaratione
883 3629 1432 3718 infrascriptomm
1494 3632 1718 3699 dubio-

137 3733 300 3800 rum,
356 3735 631 3806 nempe:

261 3808 322 3871 1.
380 3808 503 3890 An,
552 3824 684 3890 quo
730 3804 951 3874 habitu
1000 3818 1066 3874 et
1109 3827 1237 3893 quo
1269 3809 1334 3877 in
1382 3810 1521 3876 loco
1566 3811 1716 3897 Epi-

141 3909 362 3978 scopus
409 3902 705 3959 teneatur
775 3897 1068 3962 assistere
1116 3897 1532 3964 celebrationi
1578 3899 1716 3963 Mis-

144 3996 233 4044 sae
280 3991 571 4047 cantatae
620 3990 683 4048 et
731 3982 1084 4050 recitationi
1133 3983 1328 4051 divini
1374 3984 1615 4053 Officii?

261 4072 329 4136 2.
362 4073 459 4135 An
492 4069 703 4136 eidem
731 4070 1072 4161 Episcopo,
1094 4071 1406 4139 assistenti
1438 4073 1501 4138 in
1525 4074 1722 4139 Thro-

141 4173 212 4219 uo
256 4176 409 4223 cum
457 4175 655 4244 cappa
703 4157 1054 4225 recitationi
1101 4162 1409 4226 Horarum
1456 4161 1719 4228 Canoni-

141 4262 348 4339 parum
376 4296 393 4330 ,
444 4244 633 4313 liceat
681 4244 918 4313 habere
965 4248 1373 4333 Presbyteros
1431 4250 1718 4316 chorales

140 4330 223 4397 illi
268 4333 663 4417 assistentes,
712 4335 1190 4423 superpelliceo
1239 4334 1521 4420 indutos,
1571 4336 1721 4403 hinc

142 4418 282 4488 iude
330 4419 695 4490 adstantes?
735 4472 746 4487 .

266 4512 330 4577 3.
379 4513 480 4576 An
526 4509 878 4599 Episcopus
923 4530 1047 4599 per
1089 4530 1158 4577 se
1192 4512 1386 4600 possit
1415 4512 1722 4599 praescri-

145 4591 290 4662 bere
359 4599 586 4681 horas,
659 4598 723 4665 in
784 4598 1015 4683 quibus
1074 4599 1384 4666 celebrari
1448 4601 1725 4667 debeant

145 4682 351 4750 Missae
381 4684 589 4750 lectae
625 4685 688 4750 in
720 4686 1002 4753 Ecclesia
1033 4686 1433 4769 cathedram
1471 4707 1585 4755 seu
1617 4708 1724 4775 po-

32 4805 33 4816 1
145 4770 258 4837 tius
305 4790 452 4839 cum
500 4790 819 4840 consensu
863 4772 1182 4862 Capituli?

32 4935 33 4944 ἵ
269 4863 331 4926 4.
383 4862 482 4928 An
516 4871 581 4927 et
612 4882 644 4926 a
670 4861 900 4947 quibus
948 4863 1256 4929 celebrari
1283 4864 1558 4931 debeant
1582 4883 1724 4932 eae-

146 4945 284 5012 dem
329 4948 576 5032 Hissae,
627 4949 802 5016 iuxta
851 4950 1033 5016 boras
1076 4951 1639 5038 praescribendae?

269 5039 335 5103 ὅ.
385 5039 486 5103 An
536 5037 722 5104 liceat
768 5037 1014 5105 vicario
1060 5038 1356 5106 Generali
1412 5040 1728 5108 assistenti

148 5120 203 5188 iu
246 5123 483 5210 Choro,
519 5135 648 5191 tam
695 5136 1036 5212 praesente
1076 5127 1396 5214 Episcopo
1427 5146 1619 5212 quam
1651 5148 1728 5196 eo

156 5210 434 5296 absente,
483 5212 724 5279 habere
750 5222 1009 5301 praeter
1033 5214 1328 5300 pulvinar
1361 5214 1550 5282 etiam
1575 5226 1732 5282 stra·

281 5388 360 5462 (¹)
392 5392 455 5448 Β.
490 5392 638 5451 nuh.
677 5391 729 5449 7.

1818 473 1988 550 tum3
2043 473 2108 529 et
2156 485 2233 531 an
2327 464 2576 533 ulvinar
2639 466 2873 534 debeat
2934 485 3074 532 esse
3121 466 3400 533 sericum

1815 550 1949 616 sive
1996 485 2324 619 laneum?

1946 641 2013 703 6.
2063 640 2160 706 An
2208 641 2591 708 thurificatio
2638 654 2784 728 post
2832 641 3251 727 Evangelium
3296 644 3404 710 de-

1817 725 2043 793 beatur
2089 729 2477 814 Celebranti,
2511 747 2626 796 seu
2659 729 2873 817 potius
2903 732 3220 818 Episcopo
3253 749 3401 797 cum

1819 833 2013 901 cappa
2058 814 2419 883 assistenti?

1949 906 2010 968 7.
2063 904 2159 969 An
2219 904 2410 970 liceat
2456 905 2770 992 Episcopo
2803 905 3041 971 habere
3072 906 3399 974 Thi-onum

1816 1009 1964 1058 cum
2009 991 2293 1078 quinque
2338 990 2681 1078 gradibus?

1942 1083 2013 1145 8.
2038 1080 2134 1145 An
2165 1080 2230 1146 in
2260 1079 2667 1147 associatione
2692 1081 2991 1169 Episcopi
3016 1083 3399 1150 pontificalia

1814 1166 2228 1252 celebraturi,
2280 1178 2404 1235 tam
2453 1168 2515 1233 in
2560 1189 2815 1235 accessu
2841 1189 3031 1255 quam
3057 1172 3120 1237 in
3144 1189 3400 1236 recessu

1813 1255 1889 1320 ab
1934 1255 2246 1339 Ecclesia,
2283 1256 2535 1344 praeire
2581 1257 2856 1324 debeant
2887 1257 3227 1325 familiares
3249 1259 3399 1348 Epi-

1812 1343 2014 1429 scopi,
2051 1342 2288 1410 deinde
2336 1345 2473 1431 ipse
2507 1345 2887 1432 Episcopus,
2913 1357 2978 1412 et
3009 1356 3227 1434 postea
3250 1364 3401 1431 pro·

1816 1431 2249 1508 cessionaliter
2308 1432 2642 1519 Canonici3
2706 1432 2809 1499 vel
2881 1433 3091 1520 potius
3148 1434 3400 1520 praeire

1814 1516 2092 1585 debeant
2139 1517 2694 1607 processionaliter
2714 1521 2936 1588 Clerus
2968 1532 3033 1588 et
3065 1521 3397 1606 Canonici,

1813 1616 2033 1695 postea
2064 1606 2419 1673 -lamiliares
2463 1608 2787 1695 Episcopi,
2838 1610 3217 1676 et·demum
3265 1609 3400 1695 ipse

1819 1692 2227 1781 Episcopus?

1946 1787 2012 1850 9.
2064 1786 2162 1851 An
2185 1783 2536 1850 canonicus
2568 1784 2961 1851 cathedralis
2995 1786 3402 1853 concionator

1814 1881 2114 1939 teneatur
2146 1871 2476 1960 *Episcopo
2523 1871 2962 1957 genuflectere
3011 1874 3075 1941 in
3121 1884 3263 1940 actu
3301 1894 3443 1958 re·⁸

1814 1959 2151 2047 cipiendae
2198 1959 2701 2040 benedictionis;
2751 1978 2868 2028 seu
2898 1962 3116 2049 potius
3154 1973 3401 2030 tantum

1817 2059 2006 2134 caput
2052 2045 2411 2115 inclinare?

1953 2139 2057 2202 10.
2108 2137 2208 2202 An
2277 2144 2573 2223 tempore
2627 2137 3153 2224 quadragesimali
3217 2139 3401 2205 liceat

1816 2224 2113 2309 Capitulo
2144 2223 2537 2290 cathedralis
2573 2225 2840 2291 recitare
2872 2226 3248 2293 Matutinum
3280 2246 3400 2313 pro

1820 2312 1926 2380 die
1971 2309 2266 2400 sequenti
2316 2311 2400 2377 de
2447 2330 2618 2395 sero,
2646 2311 3011 2381 immediate
3049 2323 3193 2401 post
3221 2317 3400 2381 Com·
3491 2337 3495 2344 ·

1819 2401 2168 2490 pletorium
2199 2394 2233 2463 ⁴?

1959 2493 2061 2556 11.
2113 2490 2209 2556 An
2277 2488 2526 2575 quoties
2589 2508 2669 2554 ex
2728 2494 3121 2576 praescripto
3174 2491 3400 2558 Rubri-

1816 2595 2034 2645 carum
2082 2577 2500 2644 celebrandae
2534 2587 2600 2642 et
2632 2577 2975 2644 cantandae
3021 2579 3259 2645 suntin
3289 2585 3399 2645 Ec-

1821 2665 2010 2731 clesia
2058 2664 2419 2731 cathedrali
2469 2664 2692 2752 plures
2752 2665 3008 2750 Missae,
3060 2665 3250 2733 liceat
3293 2667 3402 2733 ali·

1815 2771 2006 2839 quam
2055 2771 2136 2817 ex
2184 2746 2308 2820 illis
2354 2753 2605 2838 planam
2652 2750 3028 2821 celebrare?

1885 2855 1900 2862 ‘
1958 2844 2060 2907 12.
2090 2846 2187 2905 An
2232 2839 2654 2926 Dignitatibus
2704 2850 2769 2905 et
2813 2842 3143 2909 canonicis
3174 2842 3401 2908 Cathe-

1818 2928 2012 2999 dralis
2062 2926 2249 2993 liceat
2294 2928 2583 2994 retinere
2629 2928 2693 2993 in
2740 2929 2971 2995 tabella
3018 2930 3282 2999 sacrarii
3324 2930 3400 2997 ad

1819 3017 2139 3108 publicam
2187 3015 2498 3082 lecturam
2535 3015 2793 3082 titulum
2825 3017 2988 3083 Illsni
3021 3029 3087 3085 et
3121 3016 3305 3085 ami?

1955 3110 2061 3173 13.
2111 3106 2206 3170 An
2255 3114 2549 3192 tempore
2607 3122 2736 3190 quo
2797 3103 3152 3193 Episcopus
3205 3125 3401 3195 cappa

1818 3195 2083 3263 indutus
2115 3193 2180 3260 in
2213 3192 2351 3258 eius
2380 3211 2636 3259 accessu
2667 3193 2743 3259 ad
2777 3193 3126 3260 Ecclesiam
3157 3197 3268 3263 88.
3303 3199 3403 3263 Sa-

1821 3291 2219 3349 cramentum
2279 3280 2344 3346 in
2402 3279 2845 3369 genuflexerio
2907 3281 3155 3368 adorat,
3215 3282 3401 3350 liceat

1819 3367 2147 3437 Canonicis
2215 3386 2490 3456 pergere
2557 3369 2634 3435 ad
2705 3367 2907 3435 Sedes
2949 3369 3235 3437 chorales
3294 3371 3400 3436 vel

1820 3458 1966 3524 alibi
2019 3456 2238 3541 ibique
2267 3456 2744 3541 genuflectere3
2780 3456 2884 3522 vel
2919 3467 3259 3525 teneantur
3284 3474 3403 3609 ξε·

1818 3544 2176 3614 nuflectere
2224 3546 2384 3611 circa
2419 3543 2937 3631 genuflexerium
2976 3545 3277 3631 Episcopi

1955 3636 2059 3699 14.
2111 3634 2207 3698 An
2256 3631 3003 3699 Archidiacono·Missam
3051 3632 3399 3701 celebranti

1818 3721 2065 3808 possint
2109 3740 2141 3785 a
2188 3719 2438 3787 Clerico
2484 3720 2629 3786 folia
2678 3720 2938 3787 Missalis
2966 3722 3132 3788 verti
3165 3731 3229 3787 et
3253 3723 3400 3788 Ora·

1816 3810 2026 3876 tiones
2072 3807 2357 3892 indicari,
2407 3827 2530 3875 nec
2575 3828 2704 3875 non
2751 3818 2877 3875 tam
2926 3808 3045 3895 ipsi
3076 3828 3265 3896 quam
3297 3829 3403 3876 ce·

1821 3897 1976 3964 teris
2022 3896 2442 3982 Dignitatibus
2490 3908 2554 3963 et
2600 3897 2931 3963 Canonicis
2978 3898 3178 3983 possit
3210 3897 3400 3977 etiam

1819 4005 1849 4049 a
1898 3983 2149 4052 Clerico
2197 3984 2371 4051 Calix
2419 3983 2669 4071 detegi,
2708 3994 2773 4050 et
2817 3989 3181 4071 respective
3232 3983 3406 4071 tegi?

1956 4077 2064 4138 15.
2099 4075 2197 4140 Au
2229 4072 2497 4139 eaedem
2531 4072 3006 4160 praerogativae
3038 4081 3406 4162 competant

1824 4161 2070 4230 Vicario
2116 4157 2467 4228 Generali'?

1954 4251 2019 4315 8.
2073 4248 2301 4315 eadem
2346 4252 2553 4331 R.c.,
2587 4250 2734 4316 visis
2783 4248 3027 4316 iuribus
3073 4250 3222 4317 hinc
3252 4249 3402 4317 inde

1824 4334 2123 4406 deductis
2169 4358 2238 4403 ac
2285 4346 2534 4403 mature
2596 4336 2958 4426 perpensis,
3009 4348 3076 4404 et
3202 4339 3403 4405 rtibus

1823 4437 1949 4492 tam
2008 4424 2261 4512 scriptis
2313 4443 2501 4511 quam
2558 4445 2716 4491 voce
2765 4424 3123 4493 informanti
3172 4446 3244 4491 us
3297 4445 3401 4491 au-

1821 4513 1996 4597 ditis,
2048 4512 2535 4579 rescribendum
2580 4514 2863 4580 censuit:
3354 4536 3360 4542 ·

1953 4600 2051 4667 Ad
2107 4605 2167 4666 1.
2193 4622 2231 4665 c
2266 4600 2700 4667 Assistentiam
2732 4600 3053 4668 choralem
3082 4611 3404 4688 praestan-

1827 4690 1973 4757 dam
2020 4707 2162 4755 esse
2206 4689 2282 4755 ab
2330 4687 2643 4774 Episcopo
2690 4707 2838 4755 cum
2886 4707 3079 4775 cappa
3113 4688 3178 4754 in
3211 4689 3407 4754 altera

1827 4798 1908 4844 ex
1953 4775 2198 4844 duabus
2252 4774 2524 4842 Sedibus
2584 4774 3000 4842 existentibus
3054 4775 3117 4842 in
3168 4777 3405 4861 Chore,

1826 4883 1988 4951 quae
2060 4881 2348 4951 congrue
2417 4873 2714 4950 aptetur,
2763 4882 2835 4928 ac
2878 4881 3085 4951 prope
3152 4863 3409 4953 Episco-

1826 4970 1982 5040 pum
2028 4951 2293 5018 sedeant
2337 4950 2687 5036 Dignitates
2735 4960 2799 5016 et
2847 4950 3175 5035 Canonici,
3237 4951 3407 5017 iuxta

1827 5040 2120 5107 ordinem
2151 5061 2212 5104 ».

1958 5129 2053 5195 Ad
2100 5131 2165 5193 2.
2217 5149 2255 5192 c
2291 5128 2605 5195 Servetur
2645 5129 3123 5197 caeremoniale
3187 5127 3304 5195 lib.
3340 5133 3407 5215 2,

1833 5233 1971 5302 cap.
2009 5220 2077 5300 ὅ,
2112 5221 2152 5295 5
2188 5219 2220 5281 1
2257 5235 2323 5279 »-
