4042 5950
2068 241 2485 325 ...og-..4

638 407 898 474 nonicos
943 407 1147 473 dictae
1215 405 1534 474 Ecclesiae
1587 405 1974 492 collegiatae
2026 416 2216 489 atque

638 495 979 580 losephum
1036 492 1315 560 Pandolfi
1370 497 1669 559 curatum
1734 491 2215 558 Mansionarium

637 582 929 648 eiusdem
977 581 1321 664 Ecclesiae,
1373 581 1526 648 ortis
1571 579 2015 647 controversiis
2067 580 2216 644 illis-

639 687 767 753 que
797 671 873 736 ad
909 672 975 736 S.
1003 673 1075 736 R.
1104 673 1176 736 C.
1214 668 1465 752 delatis,
1493 672 1687 734 Emus
1718 681 1783 734 et
1812 671 2007 733 Rffius
2032 672 2210 732 Dom.

531 829 542 833 ,
637 758 821 824 Gard.
874 756 1230 825 cavalchini
1277 762 1520 823 Ponens
1566 755 1957 841 infrascripta
2028 753 2217 824 dubia

636 844 1011 912 declaranda
1056 844 1413 929 proposuit,
1459 862 1744 930 nempe:
2160 876 2171 894 ·

773 937 831 998 1.
867 936 963 999 An
996 933 1062 999 in
1094 933 1498 999 associatione
1523 934 1930 1015 cadaverum,
1958 933 2219 998 absente

639 1019 1245 1107 Archipresbytero,
1313 1020 1547 1088 delatio
1617 1021 1831 1086 Stolae
1899 1030 2219 1104 competat

639 1108 1096 1174 Archidiacono
1143 1127 1254 1174 seu
1303 1108 1484 1173 alteri
1533 1107 1829 1194 Dignitati
1874 1117 1981 1172 aut
2022 1110 2218 1173 Cano·

635 1195 775 1260 nico
824 1196 1148 1261 Ecclesiae
1200 1195 1586 1280 collegiatae
1643 1198 1711 1261 S.
1762 1194 1928 1262 Petri
1990 1199 2221 1261 Terrae

637 1281 998 1435 (ἶοι-ἰηειίξίς
1053 1284 1155 1348 vel
1205 1283 1412 1371 potins
1473 1284 1746 1350 Parocho
1808 1283 2216 1349 Mansionario

635 1389 866 1437 seniori
973 1373 987 1390 “

767 1464 831 1525 2.
898 1461 991 1525 An
1054 1459 1232 1524 Missa
1292 1467 1570 1542 cantata,
1642 1471 1982 1546 praesente
2041 1460 2219 1526 cada·

636 1566 815 1631 vere,
864 1546 1180 1611 celebrari
1225 1545 1456 1612 debeat
1500 1567 1533 1610 a
1579 1546 1824 1613 curatis
1883 1548 2219 1613 Mansiona-

633 1634 781 1711 riis;
835 1635 934 1699 vel
982 1634 1193 1718 potius
1225 1655 1256 1698 a
1289 1634 1615 1701 canonicis
1647 1635 1856 1701 dictae
1897 1634 2220 1701 Ecclesiae

634 1722 1020 1807 collegiatae
1043 1719 1075 1787 Ῥ

767 1815 834 1877 3.
882 1814 979 1874 An
1012 1809 1074 1874 in
1154 1809 1378 1876 ublicis
1410 1810 1939 1893 processionibus,
1976 1809 2039 1874 in
2082 1811 2219 1897 qui-

637 1897 752 1962 bus
811 1917 941 1963 non
1001 1829 1296 1963 defgrtur
1343 1895 1647 1983 pluviale,
1696 1900 1807 1965 sed
1856 1897 2221 1965 functiones

633 1986 1055 2052 absolvuntur
1098 2005 1243 2053 cum
1292 1985 1432 2068 illo,
1466 1987 1727 2053 absente
1758 1985 2220 2075 Archipresby-

637 2088 802 2160 ter0,
852 2075 1020 2140 Stola
1067 2074 1306 2141 deferri
1355 2074 1587 2140 debeat
1632 2096 1661 2138 a
1697 2073 2068 2162 Canonicis;
2111 2077 2214 2142 vel

635 2162 846 2249 potius
892 2184 922 2227 a
969 2165 1199 2229 curato
1249 2163 1653 2229 Mansionario
1700 2159 2004 2229 seniore?

767 2255 833 2317 4.
881 2256 1015 2336 An,
1065 2252 1328 2318 absente
1385 2251 1996 2338 Archipresbytero,
2049 2252 2219 2318 cele-

517 2347 524 2358 “
635 2340 834 2405 bratio
881 2341 1098 2407 Missae
1143 2340 1319 2404 Feria
1367 2342 1417 2405 V
1464 2337 1529 2405 in
1574 2342 1783 2406 Coena
1843 2340 2092 2406 Domini
2156 2352 2219 2406 et

633 2426 1011 2494 ministratio
1058 2429 1288 2493 ssmae
1335 2427 1790 2510 Eucharistiae,
1825 2426 2108 2494 facienda
2158 2430 2221 2494 in

634 2515 859 2581 eadem
924 2516 1030 2581 die
1087 2512 1522 2612 parochianis,
1587 2526 1836 2601 spectet
1894 2515 1972 2581 ad
2030 2519 2221 2582 Cura·
2292 2527 2296 2532 ’

634 2612 767 2667 tum
817 2603 1296 2668 Mansionarmm
1345 2600 1707 2679 seniorem;
1758 2603 1862 2667 vel
1895 2601 2109 2688 potius
2139 2604 2215 2669 ad

631 2688 979 2774 Dignitates
1027 2699 1092 2753 et
1138 2688 1486 2755 canonicos
1549 2688 1836 2756 eiusdem
1896 2689 2218 2757 Ecclesiae

633 2775 1026 2862 Collegiatae
1045 2772 1079 2840 ⁴?

763 2869 831 2930 5.
880 2866 977 2929 An
1022 2875 1087 2928 et
1135 2864 1263 2945 cui,
1312 2865 1570 2930 absente
1619 2866 2216 2953 Archipresbytero,

634 2960 953 3039 competat
983 2949 1345 3019 benedictio
1369 2952 1580 3017 Fontis
1605 2953 1996 3038 Baptismalis
2021 2965 2086 3019 et
2106 2954 2219 3021 ad-

631 3039 1007 3106 ministratio
1031 3037 1425 3127 Baptismatis
1459 3039 1520 3103 in
1553 3041 1658 3106 die
1693 3041 1942 3108 Sabbati
1968 3040 2224 3109 Sancti?

763 3132 841 3193 Et
903 3131 968 3195 S.
1019 3130 1094 3194 R.
1145 3131 1248 3210 C.,
1313 3137 1579 3211 utraque
1628 3138 1810 3214 parte
1868 3128 2105 3216 scripto
2153 3143 2218 3196 et

630 3235 791 3282 voce
826 3215 1205 3282 informante
1234 3215 1446 3282 audita
1478 3214 1756 3301 visisque
1788 3216 2033 3282 iuribus
2076 3218 2218 3284 hinc

629 3302 778 3369 inde
826 3302 1151 3386 deductis,
1199 3304 1275 3369 ad
1323 3302 1696 3369 relationem
1744 3302 2034 3370 eiusdem
2077 3304 2217 3371 Emi

631 3390 953 3475 Ponentis,
1005 3389 1492 3476 rescribendum
1542 3391 1831 3457 censuit:
2066 3460 2079 3476 ,

759 3478 855 3544 Ad
908 3480 966 3543 1.
1019 3500 1056 3541 ‹
1090 3479 1422 3562 Negative,
1472 3477 1546 3543 ad
1595 3478 1866 3563 primam
1917 3490 2213 3567 partem3

630 3562 1043 3649 Affirmative,
1091 3565 1168 3631 ad
1214 3565 1558 3630 secundam
1594 3586 1660 3629 ι.

761 3652 856 3718 Ad
905 3655 972 3717 2.
1022 3674 1059 3715 ι
1094 3655 1429 3740 Negative,
1480 3654 1554 3718 ad
1606 3653 1874 3740 primam
1921 3669 2211 3742 partem·;

628 3737 1043 3825 Affirmative,
1092 3740 1169 3806 ad
1216 3739 1565 3806 secundam
1598 3761 1663 3805 ι.

759 3826 856 3893 Ad
892 3831 955 3893 3.
991 3848 1031 3892 ‹
1056 3826 1477 3908 Affirmative,
1514 3826 1589 3891 ad
1624 3827 1890 3912 primam
1925 3843 2211 3917 partem;

553 3944 564 3961 2
627 3915 960 4000 Negative,
1011 3916 1088 3981 ad
1131 3915 1478 3982 secundam
1511 3937 1577 3980 ι.

760 4001 856 4070 Ad
907 4004 968 4067 4.
1021 4023 1060 4065 ‹
1093 4003 1428 4088 Negative,
1476 4003 1552 4068 ad
1602 4001 1870 4089 primam
1919 4020 2208 4095 partem;

629 4089 1017 4156 Affirmative
1077 4090 1153 4155 ad
1221 4090 1607 4172 secundam,
1656 4110 1803 4157 cum
1863 4095 2213 4161 assistentia

627 4177 1018 4244 mansionarii
1066 4197 1183 4264 pro
1231 4177 1687 4245 distribuendis
1733 4180 2156 4253 schedulis».

758 4266 855 4332 Ad
904 4270 971 4331 5.
1020 4287 1062 4330 c.
1091 4265 1477 4352 co‘mpetere
1524 4266 1820 4354 Dignitati
1867 4288 1985 4335 sen
2017 4272 2216 4337 Cano·

626 4355 771 4422 nico
817 4353 1163 4421 celebranti
1197 4374 1261 4419 ».

754 4445 835 4510 Et
881 4441 962 4507 ita
1009 4441 1298 4509 decrevit
1328 4461 1399 4507 ac
1437 4443 1672 4507 servari
1704 4444 2046 4512 mandavit.
2101 4447 2212 4513 Die

625 4535 711 4600 29
757 4529 1131 4596 Novembris
1185 4533 1375 4599 1749.

629 4707 881 4777 2407.
1217 4710 1624 4775 PISAUREN.

1977 4712 2204 4798 (4208)

754 4881 897 4945 Orta
946 4880 1550 4969 interEpiscopum
1597 4884 1915 4951 Pisauren.
1968 4896 2035 4950 et
2096 4890 2208 4953 ca-

625 4966 902 5053 pitulum
951 4969 1266 5036 Ecclesiae
1313 4970 1707 5038 Gathedralis
1754 4972 2046 5039 eiusdem
2109 4976 2207 5041 Ci-

625 5052 834 5118 vitatis
876 5058 1328 5139 controversia,
1377 5059 1461 5123 de
1508 5057 1889 5144 obligatione
1945 5063 2208 5128 Canoni-

624 5157 846 5206 corum
895 5143 1280 5209 inserviendi
1329 5146 1543 5210 eidem
1576 5147 1892 5233 Episcopo
1927 5146 1990 5211 in
2032 5149 2209 5215 Missa

623 5225 888 5315 privata,
939 5229 1266 5294 occasione
1315 5232 1733 5314 quarumdam
1781 5233 2207 5318 functionum,

625 5334 823 5403 eaque
870 5316 946 5382 ad
995 5317 1059 5382 S.
1098 5319 1174 5381 R.
1206 5318 1281 5382 C.
1315 5318 1548 5401 delata,
1586 5317 1978 5403 infrascripta
2010 5321 2206 5386 dubia

2326 404 2493 470 inter
2540 414 2751 489 partes
2795 403 3170 472 concordata
3220 403 3479 470 luerunt
3527 414 3594 470 et
3639 422 3750 487 pro
3784 403 3872 470 de·

2325 490 2561 556 cisione
2612 490 2972 578 proposita:

2463 583 2522 644 1.
2550 581 2673 659 An,
2701 577 2766 643 in
2799 579 3229 645 functionibus
3262 578 3729 666 pontificalibus
3759 599 3879 665 per·

2324 666 2585 752 agendis
2631 668 2707 732 ab
2745 666 3055 754 Episcopo
3089 677 3265 731 extra
3298 667 3648 732 Ecclesiam
3685 667 3879 732 Cathe-

2323 754 2599 836 draiem,
2638 764 2976 837 teneantur
3006 753 3301 821 canonici
3352 756 3647 821 eiusdem
3698 755 3878 819 Eccle-

2323 842 2451 907 siae
2498 842 2806 908 inservire
2853 861 2998 907 cum
3047 842 3264 908 babitu
3311 842 3552 908 chorali
3601 841 3879 929 Episcopo

2325 928 2387 995 in
2437 929 2681 1016 privato
2743 930 2956 994 Missae
3005 929 3361 1012 SacrificiO,
3411 931 3584 1015 quod
3658 949 3879 1016 praece-

2324 1017 2481 1082 dere
2516 1018 2617 1083 vel
2649 1017 2948 1103 subsequi
2982 1018 3179 1084 debet
3213 1018 3467 1084 easdem
3515 1015 3884 1084 functiones?

2454 1109 2519 1172 2.
2559 1107 2651 1171 An
2688 1115 2977 1193 tempore
3012 1106 3378 1171 visitationis
3411 1124 3527 1189 per
3558 1105 3881 1172 Dioecesim

2324 1203 2662 1258 teneantur
2706 1193 2999 1260 canonici
3063 1193 3541 1258 convisitatores
3601 1195 3883 1258 inservire

2326 1298 2472 1346 cum
2524 1280 2752 1346 eodem
2802 1280 3016 1347 habitu
3051 1282 3261 1350 eidem
3307 1281 3627 1368 Episcopo
3676 1281 3736 1345 in
3779 1282 3885 1365 pri·

2324 1381 2466 1433 vato
2513 1367 2730 1434 Missae
2780 1367 3151 1436 Sacrificio?

2457 1461 2520 1522 3.
2572 1458 2667 1521 An
2713 1456 3062 1545 Episcopus
3110 1458 3185 1524 ad
3236 1457 3541 1522 eumdem
3611 1455 3883 1521 effectum

2326 1561 2559 1630 cogere
2607 1541 2804 1629 possit
2850 1546 3111 1610 eosdem
3159 1545 3504 1612 canonicos
3548 1545 3626 1608 ad
3670 1543 3781 1608 sibi
3813 1547 3883 1607 in-

2324 1631 2734 1698 serviendum
2773 1630 2837 1696 in
2869 1631 3034 1698 dicta
3066 1633 3493 1699 celebratione
3543 1629 3887 1698 Missarum‘?

2328 1730 2392 1785 et
2437 1730 2749 1806 quatenus
2796 1721 3116 1806 negative,

2456 1813 2523 1875 4.
2571 1809 2662 1872 An
2714 1807 3004 1873 volentes
3034 1808 3331 1878 canonici
3380 1808 3550 1875 ultro
3603 1808 3887 1874 inservire
3970 1815 3971 1820 ’

2324 1897 2651 1984 praedicto
2698 1897 2889 1961 modo
2940 1896 3149 1962 eidem
3210 1896 3526 1983 Episcopo
3587 1896 3885 1985 prohiberi

2326 1984 2564 2072 possint
2609 1984 2685 2047 ab
2730 1984 2864 2049 aliis
2909 1984 3236 2051 canonicis
3270 1985 3330 2050 id
3367 1983 3889 2051 detrectantibus?

2458 2079 2534 2139 Et
2582 2075 2650 2139 S.
2698 2077 2770 2139 R.
2821 2075 2923 2153 C.,
2975 2084 3242 2157 utraque
3306 2085 3484 2159 parte
3546 2073 3783 2160 scripto
3837 2086 3888 2138 et

2325 2181 2484 2227 voce
2531 2160 2906 2226 informante
2939 2161 3173 2243 audita,
3207 2181 3275 2226 ac
3308 2161 3455 2226 visis
3486 2158 3732 2227 iuribus
3764 2160 3885 2226 binc

2326 2249 2475 2315 inde
2522 2248 2855 2326 deductis;
2905 2250 2983 2314 ad
3032 2249 3405 2315 relationem
3458 2248 3599 2314 Emi
3650 2261 3713 2313 et
3770 2249 3884 2314 Rsni
3970 2273 3971 2324 1

2327 2341 2400 2402 D.
2449 2336 2796 2404 cardinalis
2841 2336 3127 2422 Prosperi
3176 2338 3479 2403 Columna
3531 2337 3615 2402 de
3674 2338 3884 2403 Sciat-m

2325 2425 2646 2506 Ponentis,
2699 2423 3179 2489 rescribendum
3228 2424 3523 2494 censuitz

2456 2512 2549 2578 Ad
2608 2517 2664 2578 1.
2717 2515 2779 2577 2.
2833 2522 2899 2576 et
2948 2516 3012 2578 3.
3063 2534 3100 2575 ι
3134 2513 3440 2598 Negative
3477 2533 3538 2578 ».

2455 2599 2552 2666 Ad
2603 2603 2665 2665 4.
2717 2621 2752 2662 ‹
2787 2597 3216 2684 Affirmative3
3270 2611 3336 2665 et
3381 2602 3658 2687 amplius
3694 2625 3755 2666 ».

2455 2692 2534 2754 Et
2580 2687 2661 2751 ita
2708 2685 2999 2753 decrevit
3028 2709 3095 2750 ac
3131 2688 3364 2754 servari
3400 2688 3749 2755 mandavit.
3798 2687 3889 2752 Die

2334 2779 2412 2842 18
2457 2774 2595 2841 Iulii
2651 2778 2845 2841 1750.

2331 2951 2596 3021 2408.
2776 2899 3079 3020 oanmis
3125 2955 3474 3022 minoium

2836 3060 2906 3125 S.
2955 3054 3378 3126 FRANGISCl.

3687 2957 3886 3041 (4209)

2412 3215 2736 3303 Proposito
2784 3217 2848 3281 in
2895 3218 2962 3282 S.
2990 3219 3065 3282 R.
3097 3220 3167 3282 c.
3205 3215 3463 3282 nomine
3508 3215 3893 3283 instructoris

2322 3303 2679 3371 calendarii
2724 3301 2971 3370 Ordinis
3017 3305 3326 3370 Minoi-um
3363 3308 3428 3371 S.
3467 3303 3779 3371 Francisci
3811 3306 3890 3368 in·

2322 3391 2651 3479 trascripto
2699 3389 2920 3474 dubio,
2956 3390 3290 3458 videlicet:
3343 3396 3436 3459 An
3470 3397 3731 3459 Festum
3760 3391 3890 3457 sim-

2321 3479 2471 3564 plex
2538 3489 2852 3566 perpetuo
2915 3479 3295 3565 impeditum
3358 3476 3433 3546 ad
3482 3479 3670 3547 aliam
3734 3480 3887 3545 diem

2323 3565 2832 3633 transferendum
2877 3564 3009 3631 sit?

2454 3656 2522 3722 S.
2558 3656 2781 3720 eadem
2812 3658 2883 3720 R.
2922 3657 3026 3736 C.,
3077 3674 3147 3721 re
3194 3666 3440 3722 mature
3488 3657 3791 3740 discussa,
3824 3654 3885 3719 ad

2320 3743 2698 3807 relationem
2723 3741 2858 3807 Emi
2887 3752 2951 3808 et
2977 3743 3114 3809 Rmi
3140 3747 3320 3809 Dom.
3350 3743 3701 3811 cardinalis
3730 3748 3892 3810 Tam-

2319 3828 2528 3894 burini
2563 3831 2631 3895 S.
2659 3833 2731 3895 R.
2762 3833 2832 3897 c.
2871 3832 3200 3914 Praefecti,
3221 3828 3726 3898 ‘rescribendum
3758 3850 3887 3897 cen-

2318 3918 2480 3982 suit:
2531 3939 2566 3980 ‹
2605 3919 2665 3984 Si
2715 3921 2971 3983 Festum
3022 3919 3292 4005 simplex
3344 3931 3667 4007 perpetuo
3710 3920 3887 4005 impe-

2319 4004 2529 4070 diatur
2560 4004 2644 4071 ob
2675 4007 3141 4075 occurrentiam
3173 4008 3446 4094 duplicis
3481 4008 3724 4095 primae
3754 4008 3889 4072 clas·

2315 4092 2422 4176 sis,
2471 4112 2600 4159 non
2646 4112 2782 4158 esse
2831 4095 2907 4160 ad
2941 4094 3125 4159 aliam
3169 4096 3344 4161 diem
3394 4095 3885 4161 transferendum

2318 4177 2490 4245 iuxta
2538 4183 2840 4249 Rubi-icas
2869 4204 2929 4246 ».
2982 4181 3095 4248 Die
3149 4187 3226 4249 18
3275 4184 3413 4277 lulii
3467 4186 3660 4252 1750.
3970 4190 3971 4201 ¹

2320 4320 2586 4390 2409.
3674 4289 3884 4410 (ωειλ)
3970 4344 3971 4385 ;

2445 4447 2605 4511 Cum
2671 4449 2873 4517 limus<
2914 4455 2977 4509 et
3035 4449 3230 4511 Rffius
3277 4449 3351 4511 1).
3401 4447 3591 4513 card.
3643 4453 3889 4514 loannes

2311 4533 2581 4619 Baptista
2616 4532 2904 4619 Spinula,
2933 4532 3136 4598 Abbas
3165 4535 3758 4601 commendatarius
3787 4538 3887 4599 Ec·
3970 4584 3971 4587 η

2313 4620 2541 4686 clesiae
2589 4620 2958 4704 Sublacen.,
2992 4642 3021 4684 a
3056 4625 3119 4689 S.
3143 4626 3218 4688 R.
3248 4625 3320 4689 C.
3359 4621 3882 4711 expostulaverit:

2702 4322 3033 4389 NULLlUS
3080 4325 3508 4390 SUBLACEN.

2314 4710 2404 4774 An
2449 4711 2676 4776 Glerus
2724 4710 3058 4775 universus
3105 4710 3316 4776 dictae
3361 4730 3509 4776 suae
3580 4709 3883 4777 Ecclesiae
3970 4768 3971 4779 ,

2311 4806 2604 4864 teneatur
2662 4796 2998 4882 quotannis
3054 4797 3166 4863 ‘die
3225 4800 3264 4863 4
3308 4798 3677 4864 Decembris
3738 4799 3887 4865 cele-

2311 4884 2489 4950 brare
2540 4887 2713 4953 diem
2774 4889 3030 4951 Festum
3091 4885 3516 4952 Dedicationis
3578 4886 3881 4953 Ecclesiae

2307 4972 2646 5040 Abbatialis
2695 4978 2760 5042 S.
2811 4974 3233 5041 Scholasticae
3280 4972 3400 5038 sub
3461 4974 3587 5040 ritu
3655 4969 3883 5062 duplici

2310 5060 2552 5145 primae
2600 5062 2810 5129 classis
2857 5081 3001 5127 cum
3053 5061 3323 5130 octava?

2440 5152 2505 5215 S.
2557 5151 2782 5217 eadem
2832 5154 2905 5215 R.
2943 5153 3044 5229 C.,
3099 5152 3419 5218 referente
3455 5156 3612 5216 Effio
3645 5162 3709 5216 et
3737 5153 3878 5217 Riiio

2309 5237 2381 5299 D.
2431 5236 2746 5302 cardinali
2817 5238 3057 5304 Millino
3128 5245 3451 5323 Ponente,
3518 5236 3877 5327 respondit:

2308 5345 2345 5386 ‹
2380 5323 2615 5407 'reneri'
2640 5324 3011 5390 universum
3045 5327 3303 5394 clerum
3337 5328 3414 5394 ad
3447 5347 3730 5395 normam
3769 5330 3877 5392 Ru-
