4042 5950
1993 270 2466 346 -136-

584 428 834 497 2497.
1159 425 1594 491 FESULANA.
1942 421 2171 508 (4369)

711 605 873 667 cum
921 599 1229 665 Directori
1278 598 1634 664 calendarii
1684 596 1821 663 Ruit
1870 597 2167 684 Episcopi

579 688 868 754 Fesulani
917 686 1273 751 occurrerit
1303 684 1572 752 dubium
1621 684 1686 751 in
1733 686 2025 751 eiusdem
2059 688 2170 751 ca-

582 776 851 842 lendarii
902 773 1410 856 constructione,
1462 775 1629 859 apud
1695 776 1763 840 S.
1810 777 1883 839 R.
1929 777 1998 839 c.
2054 772 2170 837 hu-

583 864 852 928 millime
898 862 1309 948 supplicavit,
1355 873 1669 945 quatenus
1716 862 2043 927 declarare
2075 860 2172 926 di-

578 963 919 1038 gnaretur:
980 950 1247 1027 Quinam
1295 952 1472 1015 color
1529 949 1610 1014 sit
1655 948 2058 1015 adhibendus
2108 949 2168 1012 in

575 1039 792 1106 Officio
841 1052 905 1103 et
951 1037 1129 1105 Missa
1177 1043 1239 1104 S.
1281 1038 1456 1103 Eliae
1504 1035 1910 1123 Prophetae?

712 1132 787 1192 Et
836 1133 898 1192 S.
937 1130 1011 1191 R.
1050 1128 1152 1208 C.,
1189 1126 1405 1191 audito
1453 1131 1630 1210 prius
1681 1136 1827 1190 voto
1870 1123 2056 1210 unius
2087 1144 2166 1188 ex

581 1214 1086 1300 Apostolicarum
1135 1214 1691 1280 caeremoniarum
1727 1211 2060 1298 magistris,
2094 1213 2168 1276 ad

579 1303 954 1369 relationem
1023 1303 1158 1366 Emi
1212 1309 1277 1366 et
1322 1301 1460 1366 Rmi
1516 1300 1765 1365 Domini
1827 1299 2172 1366 cardinalis

578 1389 798 1456 Boschi
876 1391 1211 1472 Ponentis,
1291 1388 1782 1453 rescribendum
1860 1387 2107 1452 censuit
2152 1409 2167 1451 t

580 1501 614 1540 «
651 1476 1102 1544 Adhibeudum
1171 1496 1311 1541 esse
1368 1477 1654 1540 colorem
1715 1475 1931 1540 album
1966 1496 2028 1539 ».
2090 1478 2169 1539 Et

578 1568 656 1631 ita
704 1565 1080 1632 declaravit.
1129 1565 1241 1629 Die
1292 1568 1367 1629 11
1414 1562 1780 1650 Decembris
1833 1566 2026 1629 1773.

580 1708 837 1776 2:498.
1166 1707 1589 1771 ΜΑΖΑωΕΝ.
1938 1705 2168 1788 (4370)

708 1833 800 1893 Ex
863 1839 1043 1913 parte
1105 1826 1377 1914 Magistri
1443 1827 2004 1893 caeremoniarum
2055 1830 2172 1890 Ec-

576 1917 805 1982 clesiae
863 1916 1251 2000 collegiatae
1293 1920 1373 2002 S.
1422 1915 1590 1979 Petri
1654 1916 1921 2001 Drepani
1986 1914 2169 1979 Dioe-

575 2003 736 2069 cesis
785 2004 1117 2070 mazarien.
1170 2003 1338 2086 apud
1388 2005 1452 2068 S.
1489 2006 1564 2068 R.
1614 2006 1688 2069 c.
1735 2022 1858 2089 sup
1910 2002 2168 2068 licatum

575 2092 694 2157 fuit
725 2112 839 2177 pro
874 2091 1303 2156 declaratione
1336 2089 1745 2175 sequentium
1779 2090 1867 2156 du
1917 2090 2123 2154 iorum
2151 2111 2167 2153 ε

714 2186 770 2247 1.
809 2187 901 2246 An
949 2179 1229 2266 simplex
1260 2178 1575 2260 Clericus,
1610 2178 1718 2263 qui
1754 2177 2030 2243 obtinuit
2056 2181 2167 2243 ca-

575 2268 937 2334 nonicatum
985 2266 1048 2333 in
1096 2267 1319 2331 eadem
1361 2266 1641 2331 Ecclesia
1678 2265 2026 2350 collegiata
2065 2264 2167 2329 cui

571 2357 860 2422 adnexus
909 2365 1006 2419 est
1055 2353 1280 2419 titulus
1327 2354 1750 2436 Thesaurarii,
1787 2364 1853 2418 et
1896 2352 2165 2439 proinde

575 2463 690 2527 pro
753 2445 940 2509 tertia
1000 2441 1312 2528 dignitate
1379 2443 1441 2505 in
1500 2440 1821 2527 praedicta
1883 2440 2170 2505 Ecclesia

574 2530 883 2614 habetur,
941 2529 1334 2614 praecedere
1382 2530 1617 2595 debeat
1673 2540 1804 2594 tam
1850 2527 1911 2594 in
1959 2528 2166 2595 choro

572 2637 758 2702 quam
812 2619 872 2684 in
922 2615 1436 2682 Processionibus
1484 2616 1622 2681 aliis
1654 2615 1985 2683 canonicis
2018 2620 2166 2680 Pre-

570 2709 931 2790 sbyteratus
975 2704 1212 2770 Ordine
1261 2703 1604 2789 insignitis,
1655 2716 1720 2770 et
1770 2704 1979 2769 locum
2014 2724 2166 2768 suae

576 2793 871 2875 Dignitati
924 2793 1261 2878 proprium
1311 2791 1603 2856 obtinere
1652 2813 1722 2857 ac
1767 2789 2080 2856 servare?

705 2884 767 2943 2.
821 2883 915 2946 An
962 2878 1219 2961 diebus,
1253 2878 1487 2964 quibus
1519 2881 1721 2965 prima
1757 2879 2037 2965 Dignitas
2068 2900 2166 2944 so·

573 2968 879 3035 lemuiter
924 2967 1215 3035 Officium
1264 2968 1536 3056 peragit,
1569 2969 1833 3034 absente
1880 2993 1909 3033 a
1957 2967 2166 3034 Choro

569 3058 848 3124 secunda
899 3057 1252 3145 Dignitate,
1307 3059 1500 3141 possit
1550 3058 1915 3143 praedictus
1970 3061 2166 3123 cano-

571 3146 752 3212 nicus
815 3148 1259 3213 tantummodo
1323 3147 1637 3227 ClericuS,
1691 3145 1782 3211 uti
1835 3145 2016 3210 tertia
2066 3145 2163 3208 Di·

569 3236 801 3322 gnitas,
856 3234 1374 3302 benedictionem
1420 3236 1494 3301 ad
1535 3236 1614 3302 tx
1646 3235 2012 3299 Lectiouem
2052 3231 2165 3298 im-

620 3322 856 3389 eniri?

577 3345 615 3409 p
705 3417 783 3476 Et
831 3417 899 3478 S.
934 3416 1007 3478 R.
1047 3415 1149 3494 C.,
1189 3411 1405 3478 audito
1455 3412 1631 3498 prius
1680 3419 1828 3474 voto
1866 3411 2051 3475 unius
2085 3428 2166 3474 ex

573 3500 1078 3586 Apostolicarum
1114 3501 1678 3565 Caeremoniarum
1716 3497 2049 3584 Magistri&
2091 3498 2168 3563 ad

572 3587 949 3652 relationem
1015 3587 1149 3651 Emi
1198 3599 1262 3652 et
1310 3586 1448 3652 ani
1512 3586 1754 3651 Domini
1817 3586 2167 3651 cardinalis

573 3674 793 3740 Roscbi
843 3675 1165 3757 Poneutis,
1220 3675 1701 3741 rescribendum
1752 3674 2045 3740 censuit:

702 3763 796 3828 Ad
849 3766 909 3826 1.
961 3785 998 3826 ‹
1036 3763 1430 3828 Affirmative
1467 3786 1529 3825 ».

703 3851 796 3916 Ad
844 3856 907 3915 2.
963 3874 1000 3915 ς
1033 3849 1360 3916 Abstineat
1387 3874 1447 3915 ι.
1486 3854 1565 3915 Et
1599 3852 1680 3914 ita
1713 3850 2062 3915 declaravit
2094 3872 2161 3914 ac

569 3939 809 4004 servari
860 3940 1207 4004 mandavit.
1261 3939 1371 4003 Die
1427 3942 1497 4004 11
1551 3936 1920 4004 Decembris
1966 3940 2159 4003 1773.

573 4080 831 4148 2499.
1030 4081 1255 4145 URBIS
1302 4083 1402 4145 ET
1447 4082 1689 4146 ORBIS.
1928 4078 2160 4165 (4372)

704 4203 792 4268 Ad
845 4220 1027 4268 aures
1074 4205 1297 4269 Sacrae
1345 4200 1606 4269 Rituum
1640 4203 2167 4288 Congregationis

572 4294 859 4358 delatum
921 4303 1054 4372 est,
1121 4291 1184 4355 in
1245 4291 1573 4356 nonnullis
1633 4292 1994 4356 Monialium
2054 4309 2167 4375 pu·

573 4380 751 4447 blicis
801 4378 1126 4461 Ecclesiis,
1164 4393 1299 4445 tum
1335 4391 1549 4461 extra,
1601 4389 1737 4443 tum
1770 4378 2161 4463 quandoque

571 4471 732 4533 intra
779 4468 1006 4533 almam
1060 4468 1217 4534 banc
1254 4467 1488 4532 Urbem
1526 4466 1971 4547 existentibuS,
2019 4486 2157 4530 sen-

568 4557 688 4621 sim
724 4555 1054 4641 irrepsisse
1088 4558 1378 4636 abusum,
1409 4566 1477 4618 ut
1503 4556 1697 4620 SSIito
1731 4554 2163 4620 Eucharistiae

569 4648 975 4709 Sasu-amento
1011 4645 1069 4710 in
1103 4644 1479 4709 earumdem
1529 4640 1893 4708 Monialium
1943 4644 2163 4707 Eccle-

567 4731 672 4794 siis
709 4732 998 4798 fidelium
1037 4731 1424 4798 venerationi
1471 4729 1785 4818 exposito,
1819 4742 2160 4813 antequam

569 4818 739 4883 illius
773 4821 878 4884 liat
910 4820 1225 4905 depositio
1260 4832 1324 4884 et
1357 4818 1703 4887 confluenti
1738 4821 1978 4905 populo
2014 4838 2161 4885 cum

569 4905 681 4971 illo
733 4906 1248 4975 benedictionem
1312 4911 1619 4976 Sacerdos
1666 4908 1746 4974 de
1794 4926 1972 4974 more
2020 4927 2163 4973 con·

569 4992 782 5074 cedat,
834 4992 1004 5058 idem
1055 4997 1362 5062 Sacerdos
1411 4997 1688 5081 primum
1722 5018 1788 5062 ac
1822 4995 2159 5082 separatim

571 5081 909 5146 benedicat
954 5084 1324 5148 fluuialibus
1359 5085 1420 5149 in
1453 5084 1741 5148 interiori
1782 5085 2157 5149 earumdem

569 5168 777 5235 choro
841 5169 978 5232 sive
1035 5172 1321 5236 Oratorio
1377 5182 1519 5258 post
1576 5171 1794 5236 Altare
1848 5170 1949 5235 vel
2012 5169 2160 5236 alibi

569 5254 975 5343 genuflexis3
1046 5271 1108 5322 et
1168 5258 1409 5325 deinde
1469 5259 1710 5346 populo
1773 5259 1834 5324 in
1909 5257 2158 5342 publica

571 5343 851 5411 Ecclesia
899 5344 1195 5411 adstanti.

2405 426 2472 490 S.
2498 423 2724 490 eadem
2750 426 2825 489 R.
2844 426 2948 506 C.,
2971 424 3293 489 referente
3325 441 3429 489 me
3465 423 3858 512 infrascripto

2275 512 2631 576 Secretario
2686 511 2827 578 loco
2875 511 3289 577 Celsitudiuis
3332 512 3567 598 Regiae
3616 517 3752 578 Emi
3802 525 3862 577 et

2276 597 2410 663 Rmi
2448 603 2625 663 Dom.
2655 600 2846 666 card.
2873 600 3059 665 Ducis
3087 601 3499 666 Eboracensis
3534 602 3857 666 Pouentis:

2275 687 2434 751 «Ad
2472 688 2627 752 banc
2680 687 3261 773 reprehensibilem
3311 701 3377 753 et
3422 710 3451 751 a
3500 688 3694 752 sacris
3735 687 3859 752 riti·

2276 773 2393 838 bus
2436 787 2628 858 atque
2682 773 3005 840 Ecclesiae
3056 775 3233 859 praxi
3299 777 3551 842 deviam
3600 795 3861 840 consue·

2277 862 2566 927 tudinem
2617 862 2915 928 radicitus
2963 864 3494 945 convellendam,
3548 864 3858 948 praesenti

2274 949 2569 1014 Generali
2634 953 2904 1015 Decreto
2963 950 3251 1016 districte
3325 952 3622 1037 probibet
3695 950 3859 1015 illam

2276 1036 2339 1102 in
2390 1048 2718 1123 posterum
2766 1038 3114 1119 observari,
3163 1039 3407 1104 etiamsi
3456 1038 3757 1104 diuturno
3802 1051 3863 1103 et

2276 1124 2764 1190 immemorabili
2818 1139 3110 1212 tempore
3142 1138 3335 1211 atque
3370 1147 3485 1192 usu
3526 1129 3861 1191 convalue-

2277 1215 2404 1288 rit;
2455 1234 2521 1276 ac
2572 1214 2909 1298 praecipit,
2961 1226 3030 1278 ut
3080 1215 3387 1279 Sacerdos
3419 1231 3657 1279 sacram
3698 1213 3861 1278 illam

2276 1318 2586 1365 exercens
2635 1301 3033 1366 functionem
3081 1300 3142 1365 in
3189 1301 3520 1384 quibusvis
3568 1299 3866 1366 Ecclesiis

2278 1387 2636 1453 monialium
2690 1387 2929 1474 ubique
2980 1389 3265 1454 locorum
3299 1391 3555 1472 erectis,
3589 1389 3864 1454 cuiusvis

2273 1476 2400 1540 sint
2444 1475 2695 1541 Ordinis
2743 1487 2805 1542 et
2855 1476 3127 1542 lustituti
3194 1477 3445 1561 (omissa
3491 1476 3753 1563 speciali
3799 1497 3863 1541 ac

2273 1576 2554 1649 separata
2627 1564 2989 1630 monialium
3060 1564 3538 1649 benedictione)
3618 1567 3863 1629 unicam

2277 1661 2521 1715 tantum
2568 1670 2713 1716 cum
2766 1652 2997 1717 eodem
3046 1653 3241 1718 SSmo
3302 1656 3713 1719 Sacramento
3764 1656 3861 1717 be-

2273 1738 2711 1805 nedictionem
2768 1740 3172 1805 intel-essenti
3240 1740 3480 1827 populo
3542 1739 3866 1824 impertia-

2278 1836 2382 1890 tur
2416 1848 2481 1891 ι.
2531 1831 2609 1892 Et
2661 1828 2743 1892 ita
2789 1826 3083 1893 decrevit
3120 1849 3188 1891 ac
3235 1827 3471 1893 servari
3518 1829 3863 1894 mandavit.

2281 1914 2388 1977 Die
2440 1918 2513 1978 11
2565 1915 2942 1980 Decembris
2996 1918 3191 1981 1773.

2407 2005 2717 2087 Factaque
2758 2003 2993 2067 deinde
3036 2020 3147 2089 per
3183 2022 3283 2068 me
3318 2003 3754 2070 Secretarium
3786 2005 3863 2068 de

2277 2089 2623 2174 praedictis
2665 2092 2858 2157 Ssfim
2908 2091 3175 2156 Domino
3236 2095 3465 2157 Nostro
3531 2091 3863 2173 relatione,

2275 2176 2577 2243 Sanctitas
2636 2182 2757 2245 Sua
2823 2178 3176 2263 praefatum
3236 2183 3457 2244 Sacrae
3505 2183 3867 2263 congrega-

2275 2264 2463 2329 tionis
2523 2266 2835 2331 Generale
2905 2270 3247 2331 Decretum
3311 2267 3750 2348 confirmavit,
3804 2281 3863 2331 et

2277 2353 2512 2437 ubique
2575 2354 2988 2438 exequutioni
3060 2354 3341 2421 dandum
3405 2376 3541 2419 esse
3610 2374 3864 2439 praece-

2277 2438 2393 2526 pit.
2456 2441 2566 2505 Die
2620 2444 2700 2505 18
2747 2440 3035 2507 eiusdem
3098 2444 3325 2507 Mensis
3386 2443 3758 2507 Decembris
3806 2454 3865 2506 et

2273 2529 2435 2593 Auni
2492 2532 2681 2594 1773.

2276 2668 2542 2737 2500.
2857 2653 3299 2736 oEnToNEN.

2729 2760 2976 2823 PRAEC
2988 2760 3405 2824 EDENTIAE.

2399 2881 2489 2945 Ad
2547 2879 2946 2947 definiendas
3002 2883 3342 2947 nonnullas
3402 2886 3865 2949 controversias

2272 2979 2521 3032 exortas
2572 2968 2737 3034 inter
2782 2971 3360 3057 congregationem
3409 2991 3524 3036 seu
3559 2971 3863 3040 unionem

2270 3055 2799 3142 presbyterorum
2860 3060 3254 3124 secularium
3302 3062 3420 3126 sub
3469 3059 3869 3128 invocatione

2271 3145 2649 3210 Sanctorum
2686 3149 2929 3212 loannis
2966 3157 3027 3210 et
3059 3149 3229 3212 Pauli
3263 3149 3492 3233 Oppidi
3542 3151 3862 3216 Novarum

2271 3232 2590 3296 Dioecesis
2628 3235 3040 3333 Dprtonensis
3074 3256 3153 3299 ex
3187 3255 3334 3318 una,
3369 3249 3558 3321 atque
3592 3239 3866 3325 Regula-

2268 3338 2370 3383 res
2417 3321 2679 3405 praefati
2708 3322 2939 3408 Oppidi
2975 3341 3052 3386 ex
3099 3324 3290 3388 altera
3328 3324 3636 3410 partibus,
3674 3347 3867 3414 super

2271 3406 2407 3472 iure
2439 3409 2873 3493 praecedendi
2914 3411 2975 3474 in
3008 3398 3418 3477 associatione
3451 3414 3863 3499 cadaverum,

2271 3495 2393 3561 illis
2424 3514 2591 3560 nunc
2625 3497 2701 3562 ad
2744 3501 2806 3563 S.
2838 3503 2912 3564 R.
2945 3502 3014 3563 c.
3056 3498 3309 3582 delatis,
3348 3504 3540 3564 Er‘iius
3576 3514 3638 3567 et
3676 3506 3867 3569 Rmus

2270 3588 2452 3649 Dom.
2489 3585 2678 3651 card.
2708 3585 2932 3651 Boscbi
2967 3588 3213 3652 l'onens
3248 3588 3723 3673 infrascriptum
3753 3593 3864 3657 du·

2273 3673 2443 3738 bium
2503 3673 2943 3739 decidendum
3006 3674 3368 3761 proposuit,
3419 3694 3706 3762 nempe:
3775 3682 3863 3743 An

2266 3760 2758 3846 Congregationi
2793 3781 2907 3826 seu
2941 3763 3156 3827 unioni
3194 3766 3724 3849 Presbyterorum
3759 3770 3863 3833 Se-

2267 3847 2581 3912 cularium
2613 3868 2730 3913 suo
2764 3850 3167 3916 invocatione
3198 3856 3582 3918 Sanctorum
3616 3855 3863 3921 loannis

2268 3947 2333 4000 et
2365 3937 2534 4000 Pauli
2567 3938 2795 4022 Oppidi
2834 3940 3154 4004 Novarum
3203 3939 3263 4004 in
3311 3938 3727 4007 associatione
3772 3963 3863 4006 ca·

2269 4025 2579 4090 daverum
2626 4025 2892 4108 aliisque
2945 4026 3375 4093 functionibus
3418 4028 3863 4096 ecclesiasticis

2268 4123 2590 4195 competat
2641 4115 3086 4199 praecedentia
3133 4135 3324 4201 supra
3371 4117 3785 4200 Regulares?

2400 4203 2477 4264 Et
2525 4204 2592 4266 S.
2628 4206 2704 4266 R.
2739 4205 2840 4284 C.,
2890 4202 3101 4268 habita
3147 4203 3325 4287 prius
3371 4208 3511 4269 Ruit
3564 4206 3860 4291 Episcopi

2272 4288 2740 4372 informatione,
2777 4310 2846 4352 ac
2882 4289 3028 4354 visis
3059 4290 3303 4355 iuribus
3335 4294 3863 4378 congregationis

2267 4395 2377 4440 seu
2431 4377 2681 4442 unionis
2725 4378 3250 4463 Presbyterorum
3293 4381 3720 4462 Secularium,
3764 4403 3863 4447 au-

2268 4464 2534 4548 ditoque
2595 4465 2736 4529 eius
2796 4469 3211 4532 Procuratore
3273 4487 3429 4531 voce
3493 4479 3558 4532 et
3620 4471 3861 4557 scripto

2269 4552 2678 4632 informante,
2729 4554 2803 4618 ad
2856 4553 3231 4619 relationem
3283 4557 3541 4640 praefati
3580 4556 3718 4620 Esni
3752 4562 3860 4623 Po·

2268 4639 2514 4721 nentiS,
2583 4642 3065 4707 rescribendum
3134 4639 3429 4707 censuit:
3492 4668 3529 4709 ς
3576 4643 3860 4710 Affirma-

2270 4728 2422 4809 tive,
2477 4729 2647 4792 iuxta
2695 4732 3037 4794 Decretum
3090 4730 3151 4795 in
3200 4731 3468 4796 [molen.
3530 4737 3603 4797 13
3642 4736 3859 4818 Augu·

2265 4815 2344 4879 sti
2401 4819 2567 4884 1719
2603 4838 2662 4880 ι.

2398 4906 2477 4967 Ει
2525 4906 2603 4969 ita
2652 4905 2945 4969 decrevit
2977 4926 3048 4968 ac
3086 4905 3324 4970 servari
3365 4908 3709 4973 mandavit.
3748 4910 3859 4973 Die

2272 4996 2351 5056 15
2386 4992 2584 5056 Martii
2628 4996 2815 5057 1774.

2267 5135 2524 5203 2501.

3637 2676 3861 2756 (4373)

2861 5139 3248 5203 coNcuEN.
3627 5142 3852 5225 (4374)

2395 5264 2554 5326 Cum
2609 5260 2671 5324 in
2726 5251 3099 5326 calendario
3157 5262 3476 5328 Dioecesis
3526 5263 3851 5329 conchen·

2263 5347 2347 5411 sis
2398 5366 2511 5433 pro
2557 5365 2717 5412 anno
2772 5350 2937 5415 1773
2987 5348 3158 5415 edito
3214 5352 3584 5417 adnotatum
3636 5351 3849 5417 fuisset
