4042 5950
468 3185 480 3194 '
517 3226 524 3231 -
600 3187 771 3243 ostea
817 3195 890 3242 re

1887 256 2391 381 ·-co-'-

553 460 1012 545 Dedicationis;
1079 460 1230 526 licet
1274 459 1415 527 dies
1467 470 1685 526 octava
1731 469 2017 526 occurrat
2062 461 2127 526 in

555 547 873 616 Dominica
918 548 1192 616 habente
1239 547 1496 614 Initium
1543 545 1959 634 Scripturae‘?

685 639 773 721 R).
821 655 858 700 ‹
889 640 957 702 ln
1002 635 1109 702 die
1153 648 1372 701 octava
1418 635 1841 703 Dedicationis
1873 649 2133 722 semper

554 734 702 789 sunt
726 723 1116 808 repetendae
1136 722 1474 789 Lectiones
1498 723 1562 789 in
1584 723 1791 810 primo
1807 725 2132 789 Nocturno

555 828 715 894 quae
743 810 883 876 iam
927 811 1132 877 lectae
1178 810 1441 877 fuerunt
1477 812 1539 877 in
1568 812 1775 897 primo
1805 812 2132 876 Nocturno

553 895 750 963 Officii
794 898 876 965 de
924 898 1062 985 ipso
1107 902 1295 965 Festo
1342 898 1767 965 Dedicationis
1802 921 1863 964 ι.

687 987 750 1051 6.
802 987 866 1052 Si
913 991 1172 1053 Festum
1219 987 1327 1054 SS.
1364 986 1640 1073 Philippi
1687 998 1751 1054 et
1786 985 1992 1054 lacobi
2022 1004 2133 1051 ve-

555 1071 685 1137 niat
738 1073 897 1139 infra
955 1073 1432 1141 Hebdomadam
1494 1083 1781 1159 quartam
1841 1082 1985 1162 post
2029 1076 2137 1138 Pa-

552 1159 724 1242 scha,
776 1171 841 1226 et
884 1160 950 1230 in
994 1162 1315 1228 Dominica
1363 1171 1583 1247 quarta
1630 1162 1840 1228 veniat
1870 1165 2130 1227 Festum

553 1246 797 1334 duplex
842 1267 967 1315 non
1014 1249 1252 1316 habens
1298 1249 1632 1316 Lectiones
1678 1249 2017 1335 assignatas
2049 1248 2133 1315 de

553 1338 882 1403 Communi
929 1355 1048 1403 nec
1093 1337 1408 1423 proprias,
1458 1337 1786 1424 Scriptura
1826 1336 1968 1402 talis
2013 1340 2133 1402 Do-

555 1421 824 1490 minicae
868 1426 949 1490 sit
995 1424 1060 1491 in
1103 1424 1216 1489 tali
1262 1428 1448 1490 Festo
1494 1425 1815 1511 ponenda,
1844 1443 1972 1491 non
2021 1424 2135 1490 ob·

551 1521 755 1578 stante
800 1513 974 1597 quod
1023 1505 1288 1578 eaedem
1333 1513 1668 1579 Lectiones
1715 1531 1932 1580 rursus
1973 1511 2137 1578 infra

553 1596 726 1664 illam
772 1598 1243 1666 Hebdomadam
1289 1610 1622 1666 occurrant
1667 1600 1732 1669 in
1764 1605 1948 1666 Festo
1982 1602 2134 1666 San-

554 1696 803 1752 ctorum
878 1685 1154 1774 Philippi
1222 1697 1287 1753 et
1358 1685 1622 1755 lacobi‘?
1694 1689 1799 1754 vel
1867 1687 2137 1753 sufficiat

555 1774 726 1858 quod
782 1773 921 1839 tali's
975 1775 1297 1859 Scriptura
1349 1785 1623 1862 ponatur
1670 1775 1736 1840 in
1788 1779 1975 1840 Festo
2021 1773 2136 1839 ho-

556 1879 700 1927 rum
741 1862 1234 1964 Apostolorum,
1293 1873 1357 1928 et
1402 1863 1466 1929 in
1513 1867 1698 1928 Festo
1754 1871 2137 1928 occurrente

555 1949 618 2014 in
650 1948 969 2102 Dominica
1012 1950 1255 2036 possint
1287 1951 1434 2039 poni
1472 1949 1807 2018 Lectiones
1839 1951 1920 2017 de
1952 1953 2137 2016 Com·

556 2054 733 2103 mum

684 2127 770 2210 R).
823 2144 860 2189 ‹
892 2128 961 2191 ln
1005 2124 1326 2192 Dominica
1387 2136 1607 2211 quarta
1674 2125 1976 2211 legantur
2017 2129 2134 2190 Le·

555 2210 842 2278 ctiones:
895 2215 1135 2297 Incipit
1180 2215 1475 2298 Epistola
1527 2213 1861 2280 catholica
1914 2215 1984 2278 B.
2034 2214 2136 2278 Ια-

554 2300 688 2366 coba·
733 2302 1042 2384 Apostoli.
1091 2304 1162 2367 ln
1208 2303 1395 2368 Fe'sto
1441 2311 1658 2367 autem
1702 2303 1816 2367 SS.
1856 2299 2133 2386 Philippi

554 2397 618 2453 et
676 2388 877 2455 lacobi
942 2388 1258 2473 legendae
1325 2397 1514 2455 erunt
1572 2387 1907 2454 Lectiones
1967 2388 2131 2454 eius·

552 2474 704 2627 duem
751 2475 1100 2563 Epistulae,
1136 2495 1297 2561 quae
1343 2486 1692 2542 occurrunt
1721 2474 2037 2542 dicendae
2071 2474 2134 2540 in

552 2563 572 2628 i
629 2583 662 2628 a
703 2563 881 2628 Feria
910 2582 973 2628 ».

684 2654 748 2715 7.
801 2655 960 2717 Cum
1006 2651 1070 2717 in
1108 2648 1396 2717 Rubricis
1427 2669 1546 2738 pro
1577 2649 1799 2738 primis
1830 2647 2135 2749 vesperis

554 2736 729 2803 SSmi
774 2737 1073 2824 Corporis
1104 2737 1336 2805 Christi
1367 2737 1641 2822 dicatur,
1669 2738 1843 2823 quod
1877 2737 1970 2803 illi
2002 2736 2134 2803 duo

551 2824 775 2891 Psalmi
823 2827 1010 2891 Beati
1053 2843 1259 2892 omnes
1294 2834 1358 2890 et
1391 2826 1618 2892 Lauda
1649 2827 1994 2893 Ierusalem
2025 2824 2137 2891 de-

553 2910 743 2979 beant
774 2912 1096 3000 alternari,
1131 2913 1305 2999 quod
1338 2913 1525 2980 etiam
1558 2913 2013 3003 praescribitur
2052 2912 2137 2979 de

555 3000 979 3087 Antiphonis3
1028 3001 1393 3089 quaeritur:
1442 3005 1537 3068 An
1584 3002 1795 3068 omissi
1850 3021 1974 3067 una
2029 2999 2135 3068 die

554 3100 823 3177 propter
867 3093 1126 3157 Festum
1172 3091 1418 3176 duplex
1451 3106 1821 3173 occurrens,
1857 3087 2137 3157 debeant

980 3177 1046 3244 ni
1093 3186 1159 3244 et
1203 3178 1328 3245 dici
1389 3178 1505 3243 alia
1567 3177 1676 3243 die
1731 3176 1798 3243 in
1845 3196 1969 3262 qua
2028 3174 2138 3241 fiat

602 3283 638 3329 e
684 3273 900 3330 octava
988 3282 1063 3330 an
1121 3284 1277 3332 vero
1342 3264 1753 3352 computandi
1813 3265 1939 3330 sint
1996 3262 2138 3330 dies

554 3350 673 3433 illi,
723 3371 791 3417 ac
840 3353 891 3417 si
940 3352 1004 3418 in
1050 3352 1140 3418 eis
1200 3373 1329 3419 non
1405 3353 1669 3419 fuissent
1737 3352 1930 3438 positi
1978 3353 2136 3418 tales

555 3439 780 3504 Psalmi
830 3450 894 3505 et
941 3439 1340 3524 Antiphonae
1394 3458 1541 3507 cum
1585 3438 2052 3506 alternatione?

684 3529 771 3611 Β).
825 3547 863 3590 ‹
895 3529 1228 3612 Negative,
1279 3529 1354 3595 ad
1402 3527 1669 3615 primam
1703 3537 1985 3615 partem;
2035 3525 2136 3593 Af-

555 3612 894 3693 firmative,
944 3615 1021 3681 ad
1069 3612 1411 3682 secundam
1444 3632 1509 3680 9.

684 3704 750 3767 8.
799 3702 895 3766 An
938 3700 1120 3768 Festa
1165 3701 1341 3768 affixa
1388 3700 1731 3767 Dominicis
1778 3700 2030 3787 diebus,
2067 3721 2128 3766 v.

557 3804 661 3874 gr.
710 3789 1072 3872 Patrocinii,
1122 3792 1188 3857 S.
1237 3788 1572 3877 Raphaelis
1598 3798 1726 3854 etc.
1755 3788 1998 3875 possint
2038 3808 2138 3856 ce-

488 3919 498 3929 ·
557 3876 786 3943 lebrari
838 3875 901 3940 in
949 3876 1174 3943 diebus
1218 3873 1500 3943 octavis?

687 3968 771 4050 m.
825 3983 862 4028 ‹
895 3966 1031 4030 Non
1073 3973 1342 4063 possunt
1389 3962 1714 4030 transferri
1766 3962 1982 4030 Officia
2028 3962 2135 4029 illa

558 4050 741 4118 affixa
788 4050 979 4117 certis
1023 4050 1276 4133 diebus,
1324 4070 1487 4151 quae
1515 4063 1662 4116 sunt
1695 4070 1986 4119 concessa
2016 4070 2137 4138 pro

559 4139 714 4206 locis
761 4148 827 4204 et
873 4138 1172 4205 Ecclesiis
1215 4137 1697 4225 particularibus
1761 4137 1838 4203 ad
1909 4156 2135 4205 eorum

558 4226 938 4294 instantiam.
989 4229 1070 4292 At
1114 4225 1365 4311 quando
1390 4225 1603 4293 Officia
1634 4225 1955 4312 praedicta
1988 4235 2138 4292 sunt

558 4316 645 4382 de
688 4322 1034 4402 praecepto
1080 4332 1197 4400 pro
1245 4313 1456 4399 aliquo
1504 4316 1707 4397 Statu,
1756 4314 1941 4379 sicuti
1989 4322 2138 4379 sunt

557 4400 768 4470 Officia
814 4402 995 4490 plura
1043 4405 1114 4468 B.
1150 4404 1231 4468 Μ.
1265 4405 1342 4468 V.
1395 4419 1689 4467 concessa
1735 4421 1767 4466 a
1811 4418 1863 4464 s.
1897 4416 1984 4465 m.
2020 4403 2138 4465 Be·

559 4489 817 4559 nedicto
862 4493 996 4557 Xlll
1055 4507 1174 4577 pro
1228 4492 1406 4557 Statu
1451 4487 1895 4554 Ecclesiastico
1957 4486 2137 4552 affixa

561 4578 751 4645 certis
798 4577 1051 4664 diebus,
1100 4576 1573 4644 transferuntur
1603 4597 1669 4639 ν.
1999 4624 2010 4635 .

692 4669 757 4732 9.
811 4666 904 4731 An
951 4666 1108 4733 infra
1151 4667 1447 4732 Octavam
1493 4662 1929 4729 immaculatae
1975 4665 2138 4729 Con-

562 4752 872 4838 ceptionis
902 4756 969 4818 B.
1009 4756 1087 4819 M.
1130 4755 1208 4819 V.
1259 4754 1322 4819 in
1368 4750 1684 4817 Dominica
1722 4750 1999 4817 secunda
2033 4750 2137 4816 vel

562 4838 744 4905 tertia
775 4839 1100 4906 Adventus
1148 4839 1336 4906 etiam
1369 4839 1432 4906 in
1468 4838 1724 4925 Hymnis
1771 4837 2136 4905 Dominicae

566 4924 870 4991 Conditor
927 4926 1089 4992 alme
1143 4929 1428 4993 siderum
1488 4940 1553 4993 et
1601 4924 1860 5012 reliquis
1903 4926 1983 4991 sit
2039 4926 2136 4993 di·

564 5011 763 5081 cenda
824 5011 1135 5077 clausulat
1201 5015 1422 5081 Gloria
1483 5014 1600 5082 tibi
1659 5016 1959 5093 Domine,
2015 5015 2136 5098 qui

564 5108 763 5168 natus
807 5109 956 5180 etc„
1006 5100 1111 5165 vel
1159 5100 1223 5167 in
1266 5102 1526 5186 Hymnis
1576 5102 1936 5168 Dominicae
1991 5120 2137 5189 pro-

564 5190 718 5277 priis
769 5186 1099 5254 retinenda
1159 5186 1236 5252 sit
1286 5189 1598 5254 clausula:
1663 5192 1860 5270 Laus,
1907 5188 2133 5268 bonor,

566 5282 799 5358 virtus,
849 5275 1084 5361 gloria,
1126 5284 1251 5341 etc.
1299 5284 1616 5362 tamquam
1663 5271 1963 5361 propria?

693 5368 779 5452 R).
829 5386 867 5429 «ι
898 5367 1127 5432 Omnes
1172 5361 1401 5449 Hymni
1433 5364 1499 5427 in
1531 5380 1675 5428 casu
1708 5361 2133 5429 terminentur

2231 479 2377 527 cum
2426 461 2744 528 versibus:
2799 463 3023 528 Gloria
3072 463 3193 528 tibi
3224 465 3509 544 Domine,
3547 469 3667 549 qui
3699 485 3826 531 na-

2237 557 2340 614 tus
2386 568 2446 613 es
2490 550 2563 614 de
2615 552 2872 634 Vir-qino
2914 561 3033 616 etc.
3072 569 3135 613 ».

2371 640 2471 703 10.
2522 639 2616 702 An
2661 637 2771 704 ubi
2816 640 3072 705 Festum
3105 639 3332 705 SSmae
3363 637 3682 706 Trinitatis
3725 649 3829 706 est

2230 723 2476 790 Titulus
2506 723 2828 790 Ecclesiae
2861 726 2963 790 vel
3010 728 3315 791 Patronus
3346 724 3425 790 sit
3455 724 3827 793 dicendum

2234 811 2608 897 Symbolum
2640 813 2706 878 S.
2741 812 3053 879 Athanasii
3101 831 3221 899 per
3264 821 3458 878 totam
3500 822 3824 896 octavam,

2233 898 2366 964 sive
2394 895 2681 966 Officium
2706 898 2813 965 fiat
2845 900 2927 966 de
2959 910 3176 966 octava
3198 899 3333 966 sive
3358 900 3440 967 de
3472 901 3595 966 alio
3626 904 3828 967 Festo

2237 982 2657 1052 occurrente?

2366 1077 2450 1158 R).
2504 1094 2541 1136 ‹
2575 1074 2912 1161 Negative3
2978 1085 3043 1141 et
3089 1073 3464 1162 Symbolum
3498 1077 3578 1146 S.
3626 1074 3833 1142 Atha-

2234 1159 2388 1226 nasii
2412 1161 2720 1226 recitetur
2742 1163 2949 1228 solum
2982 1161 3045 1228 in
3074 1162 3342 1229 solemni
3370 1167 3552 1229 Festo
3586 1166 3831 1231 SSmae

2234 1247 2577 1331 Trinitatis,
2626 1260 2692 1315 et
2739 1248 2802 1316 in
2849 1248 2953 1316 die
3000 1259 3215 1316 octava
3262 1249 3551 1317 eiusdem
3586 1271 3648 1316 ».

2298 1343 2307 1356 .
2372 1339 2473 1401 11.
2526 1338 2684 1403 Cum
2718 1338 2906 1404 modo
2943 1338 3130 1424 plura
3173 1341 3353 1403 Festa
3386 1358 3418 1403 a
3448 1338 3558 1405 die
3606 1338 3829 1404 obitus

2237 1422 2527 1489 translata
2573 1423 2789 1489 sortita
2819 1422 2943 1490 sint
2989 1424 3173 1491 aliam
3204 1424 3381 1491 diem
3420 1425 3610 1492 fixam
3644 1446 3714 1491 v.
3756 1443 3829 1511 g.

2236 1514 2298 1578 S.
2335 1509 2502 1577 Petri
2546 1510 2818 1595 Urseoli,
2869 1514 2930 1578 S.
2969 1513 3218 1593 Canuti,
3268 1514 3334 1578 S.
3370 1512 3664 1579 Bonifacii
3712 1514 3855 1611 tv,

2236 1600 2299 1666 S.
2337 1597 2425 1663 Pii
2456 1599 2534 1679 V,
2574 1601 2638 1664 S.
2673 1600 3074 1680 columbani,
3123 1602 3188 1667 S.
3225 1599 3509 1683 Eusebii,
3545 1604 3610 1667 S.
3646 1605 3831 1666 Petri

2236 1684 2608 1772 Chrysologi
2653 1696 2823 1766 etc.;
2872 1685 3240 1772 quaeritur:
3288 1690 3384 1753 An
3428 1688 3581 1754 haec
3636 1691 3833 1754 Festa

2235 1774 2359 1839 sint
2403 1773 2826 1842 annuntianda
2875 1775 2938 1843 in
2977 1775 3419 1859 martyrologio
3452 1775 3678 1842 diebus
3714 1795 3830 1841 eo·

2236 1878 2379 1926 rum
2419 1859 2653 1945 obitus,
2688 1862 2793 1927 vel
2826 1861 3034 1951 pridie
3067 1862 3237 1929 illius
3269 1862 3398 1929 diei
3429 1881 3556 1947 quo
3589 1881 3837 1929 eorum·

2236 1947 2596 2014 faciendum
2654 1959 2750 2015 est
2803 1955 3060 2017 Festum
3106 1961 3171 2016 et
3212 1949 3535 2033 Officium,
3586 1962 3652 2016 et
3701 1950 3833 2016 sub

2235 2035 2463 2122 quibus
2510 2035 2854 2103 formulis?

2363 2127 2449 2210 m.
2522 2144 2560 2187 <
2599 2125 3050 2192 Annuncianda
3116 2136 3264 2192 sunt
3333 2129 3512 2193 Festa
3583 2123 3827 2193 iisdem

2234 2209 2458 2277 diebus
2507 2221 2570 2277 et
2617 2211 2827 2278 verbis
2897 2214 2961 2278 in
3023 2212 3469 2300 martyrologio
3536 2217 3831 2280 Romano

2233 2298 2598 2385 descriptis.
2647 2300 2826 2378 Quod
2871 2301 2922 2365 si
2955 2318 3179 2366 eorum
3212 2300 3669 2368 transferantur
3716 2297 3828 2368 of-

2237 2385 2399 2471 ficia,
2450 2385 2659 2473 pridie
2705 2405 2894 2471 quam
2942 2387 3378 2471 celebrentur,
3412 2387 3611 2455 debet
3655 2406 3826 2455 nnn·

2237 2473 2385 2540 ciari
2430 2475 2687 2540 Festum
2735 2474 2903 2542 illius
2949 2475 3184 2559 Sancti,
3228 2476 3308 2544 de
3340 2479 3468 2562 quo
3515 2475 3823 2562 sequenti

2235 2560 2339 2628 die
2385 2570 2610 2648 agetur
2653 2563 2958 2628 solemnis
3004 2562 3312 2630 memoria
3350 2585 3413 2628 ».

2707 2702 3042 2777 asmona
3091 2675 3343 2769 numa.

2368 2824 2630 2910 Reliqua
2685 2821 2877 2891 dubia
2924 2823 3241 2912 preposita
3284 2822 3360 2889 ab
3405 2824 3645 2892 Abbate
3693 2827 3830 2891 Mo-

2235 2911 2490 2979 nasterii
2520 2911 2917 2979 Einsiedeln.
2945 2910 3465 2998 congregationis
3495 2911 3827 2980 Elveticae

2235 2999 2479 3066 Ordinis
2509 3004 2573 3068 S.
2603 2999 2930 3067 Benedicti
2965 3018 3162 3086 super
3191 3019 3350 3066 nova
3373 2999 3672 3065 Breviarii
3711 3000 3829 3066 im-

2237 3087 2590 3173 pressione,
2626 3106 2743 3173 pro
2776 3104 3050 3171 quorum
3080 3087 3512 3155 declaratione
3545 3092 3607 3155 S.
3639 3091 3715 3154 R.
3747 3092 3823 3155 C.

2234 3183 2536 3243 exoratur
2583 3174 2987 3242 humillime:

2373 3266 2429 3327 ί.
2481 3266 2576 3329 An
2610 3263 2672 3328 in
2704 3261 3100 3330 occurrentia
3145 3266 3475 3329 Festorum
3525 3263 3825 3330 eiusdem

2236 3348 2393 3416 ritus
2438 3361 2504 3416 et
2549 3350 2612 3416 in
2645 3349 2875 3417 ceteris
2905 3350 3506 3436 quomodocumque
3542 3350 3826 3438 parium,

2236 3438 2315 3503 sit
2361 3455 2586 3504 eorum
2632 3436 3033 3525 praelationis
3080 3456 3262 3503 causa
3291 3438 3543 3525 Religio
3566 3449 3671 3504 aut
3704 3441 3831 3504 Na-

2243 3526 2364 3609 tio,
2413 3545 2476 3591 ν.
2528 3543 2638 3613 ga
2687 3526 2744 3592 si
2789 3524 2985 3591 fuerit
3045 3524 3295 3593 Ordinis
3354 3524 3556 3592 nostri
3616 3534 3725 3591 aut
3773 3527 3829 3591 si

2240 3610 2433 3679 luerit
2479 3609 2874 3680 Germanus?

2366 3703 2454 3785 m.
2511 3721 2550 3765 ι
2582 3701 2864 3767 Primum
2924 3701 3138 3769 locum
3206 3699 3462 3783 habebit
3528 3699 3825 3768 Officium

2240 3787 2556 3855 Ecclesiae
2601 3788 3032 3875 particularis,
3081 3793 3145 3854 2.
3194 3787 3442 3855 Ordinis
3487 3807 3604 3854 seu
3650 3789 3845 3854 Reti-2

2238 3875 2466 3961 gionis,
2517 3879 2574 3942 3.
2628 3876 2966 3960 Dioecesis,
3015 3880 3078 3942 4.
3131 3875 3431 3960 Nationis,
3482 3880 3546 3942 5.
3596 3876 3828 3943 Eccle-

2240 3963 2367 4029 siae
2416 3962 2789 4030 universalis
2822 3985 2885 4028 ».
3434 4000 3449 4008 -

2368 4055 2433 4116 2.
2484 4053 2606 4134 An,
2655 4060 2876 4118 contra
2905 4055 3247 4118 Decretum
3294 4048 3414 4117 sub
3457 4051 3567 4118 die
3602 4054 3827 4119 {41³0-

2239 4138 2472 4206 bruarii
2524 4141 2715 4222 1632,
2768 4136 2831 4202 in
2874 4138 3169 4206 Oratione
3216 4139 3300 4204 de
3352 4140 3414 4204 S.
3467 4140 3656 4205 Petro
3698 4142 3829 4205 No-

2236 4227 2400 4291 lasco
2446 4226 2651 4293 adhuc
2697 4225 2778 4291 sit
2826 4224 3256 4293 ‘retinendum
3300 4226 3572 4292 verbum
3627 4227 3830 4294 Nola·

2235 4332 2493 4466 scum,?
2517 4313 2688 4400 quod
2737 4314 3045 4379 nonnulla
3101 4312 3417 4380 Breviaria
3462 4314 3673 4381 adhuc
3717 4332 3823 4380 re-

2235 4401 2439 4466 tinent
3866 4416 3870 4425 ·

2369 4491 2456 4573 Β).
2508 4510 2546 4553 ‹
2580 4492 3043 4574 Expungantur
3109 4487 3408 4572 omnine,
3466 4488 3531 4555 in
3583 4488 3827 4555 Oratio-

2236 4574 2427 4641 nibus
2485 4584 2767 4658 tantum,
2818 4574 3208 4663 Cognomina
3269 4586 3334 4641 et
3391 4577 3634 4643 Patriae
3681 4578 3830 4643 San-

2241 4673 2494 4730 ctorum
2532 4685 2592 4728 ν.

2371 4755 2433 4818 3.
2484 4753 2651 4829 Quae
2713 4750 3127 4839 Responsoria
3197 4750 3322 4818 sint
3385 4751 3653 4819 dicenda
3710 4770 3828 4840 pro

2236 4841 2343 4906 xn
2376 4839 2678 4907 Lectione
2709 4839 2794 4907 de
2832 4843 3056 4907 Sancto
3082 4837 3403 4925 Simeone,
3432 4839 3539 4908 ubi
3582 4842 3646 4906 S.
3676 4840 3827 4906 Hel-

2240 4926 2379 4993 ladii
2442 4932 2737 5011 Festum,
2788 4925 2960 5014 quod
3021 4938 3115 4993 est
3162 4928 3246 4993 de
3305 4927 3598 5010 indulto,
3647 4927 3824 4994 cele·

2238 5013 2456 5080 bratur
2515 5015 2745 5082 eodem
2800 5016 2909 5083 die
2976 5018 3056 5081 18
3114 5014 3479 5081 Februarii:
3546 5017 3644 5081 An
3704 5018 3825 5081 sci-

2239 5101 2387 5167 licet
2434 5105 2521 5187 R).
2558 5103 2835 5188 primum
2868 5102 3050 5192 primi
3082 5100 3415 5185 Nocturni,
3439 5102 3553 5168 ⁴vel
3590 5122 3672 5168 ex
3704 5103 3827 5168 No·

2237 5198 2462 5254 cturno
2507 5189 2725 5255 Feriae
2772 5187 3377 5277 correspondente?

2367 5279 2451 5359 R).
2502 5295 2541 5339 ι
2566 5276 2820 5344 Dicatur
2849 5279 3345 5364 Responsorium
3385 5275 3669 5362 primum
3697 5276 3824 5376 pri·

2235 5362 2337 5429 mi>
2367 5362 2668 5428 Nocturni
2713 5364 3124 5450 desumptum
3168 5384 3203 5430 a
3247 5363 3582 5433 Communi
3617 5382 3805 5432 umus
