4042 5950
1698 261 2114 337 -25-

264 419 530 489 2236.
835 420 1306 487 mRARlEN.

354 590 822 677 ·Dignitatibus
870 604 934 657 et
977 585 1305 657 canonicis
1359 590 1679 657 Ecclesiae
1739 593 1850 657 Ca·

262 679 578 747 thedralis
622 678 979 745 Ferrarien.
1026 676 1465 750 recusantibus
1504 678 1568 744 in
1596 682 1851 744 Proces-

258 769 448 833 sione
472 767 647 836 88ῶί
671 767 969 853 Corporis
990 764 1219 832 Christi
1253 765 1441 831 sacris
1467 764 1851 852 paramentis

256 854 427 954 albis
458 857 630 921 iuxta
654 854 919 965 proprii¹
935 853 1183 921 Ordinis
1209 853 1484 951 gradum
1516 853 1846 951 incedere,

256 961 465 1096 332⁰
503 944 1089 1097 ffiffffsfflt
1107 944 1583 1097 Εέὲῗὲξΐηίἓ
1635 957 1849 1125 ὲξὶἳὲἶ

258 1128 559 1183 mentum
587 1164 605 1198 ,
663 1116 949 1202 ortisque
1006 1134 1202 1202 super
1254 1114 1613 1202 praemissis
1681 1125 1846 1179 mter

254 1208 705 1269 promotorem
751 1203 1060 1269 Fiscalem
1084 1203 1312 1270 Curiae
1358 1200 1735 1287 episcopalis
1769 1221 1848 1266 ex

1624 416 1850 504 (3888)

256 1310 415 1374 una,
454 1304 520 1356 et
566 1290 929 1378 Capitulum
967 1289 1335 1377 praedictae
1384 1289 1705 1356 Ecclesiae
1736 1290 1856 1354 Ga·-

257 1378 576 1444 thedralis
620 1377 905 1465 partibus
948 1394 1030 1443 ex
1072 1379 1318 1460 altera,
1364 1375 1843 1459 controversiiS,

252 1465 475 1549 iisque
520 1467 599 1533 ad
645 1467 713 1531 S.
746 1467 822 1531 lt.
858 1467 931 1529 C.
966 1463 1236 1549 delatis;
1284 1467 1479 1529 Emus
1528 1475 1593 1529 et
1650 1467 1843 1529 anus

250 1556 446 1618 Dom.
496 1554 684 1620 Card.
732 1553 1004 1637 Nuptius
1048 1549 1524 1637 infrascriptum
1578 1550 1845 1619 dubium

248 1639 695 1707 decidendum
742 1639 1123 1739 proposuit:

390 1728 493 1793 An
536 1725 829 1794 Canonici
878 1738 944 1792 et
988 1726 1335 1813 nignitates
1380 1726 1701 1793 Ecclesiae
1733 1728 1843 1790 Ca-

250 1813 573 1880 tbedralis
621 1814 940 1880 Ferrariae
992 1822 1332 1881 teneantur
1379 1813 1680 1880 incedere
1748 1812 1843 1878 in-

246 1899 398 1967 duti
452 1902 645 1968 sacris
706 1901 1091 1988 paramentis
1154 1898 1310 1966 albis
1370 1903 1541 1966 iuxta
1600 1899 1844 1987 proprii

244 1988 510 2055 Ordinis
556 1990 826 2076 gradum
874 1989 937 2054 in
995 1986 1406 2055 Processione
1469 1989 1644 2061 SSmi
1691 1992 1842 2056 Cor-

252 2074 433 2161 poris
478 2074 747 2158 Christi,
798 2074 1043 2141 etiamsi
1098 2079 1294 2145 Effius
1348 2073 1703 2163 Episcopus
1760 2073 1843 2139 sit
1960 2131 1969 2138 .

250 2163 616 2248 impeditus
644 2163 906 2233 deterre
938 2165 1202 2230 SSmum
1234 2160 1758 2233 Sacramentum?

390 2253 471 2315 Et
528 2252 600 2315 S.
651 2253 727 2317 lt.
784 2254 904 2332 C.,
964 2261 1234 2335 utraque
1278 2266 1457 2336 parte
1508 2261 1633 2315 tam
1692 2247 1843 2315 scri-

249 2337 383 2424 ptis
430 2356 619 2422 quam
666 2357 824 2403 voce
875 2337 1114 2420 audita,
1162 2337 1645 2409 rescribendum
1693 2354 1840 2402 cen-

244 2424 419 2490 suit:
468 2446 511 2487 ι
538 2424 765 2491 Teucri
829 2425 905 2492 ad
974 2424 1489 2491 interessendum
1549 2443 1697 2491 cum
1753 2423 1845 2488 in·

244 2512 583 2577 dumentis
611 2510 801 2577 sacris
841 2534 908 2576 ».
955 2515 1037 2577 Et
1068 2514 1150 2577 ita
1184 2511 1471 2578 decrevit
1500 2531 1571 2578 ac
1603 2509 1837 2578 sewari

246 2599 604 2666 mandavit.
655 2599 767 2666 Die
821 2603 899 2666 12
944 2598 1343 2687 Septembris
1396 2602 1587 2666 1716.

246 2777 506 2845 2237.
863 2778 1250 2848 nomm-A.
1336 2844 1347 2851 ,
1609 2776 1835 2863 (3889)

386 2952 722 3019 Existente
743 2951 809 3019 in
831 2955 1021 3018 Terra
1044 2951 1293 3020 Suriani
1314 2956 1625 3019 Homnae
1655 2952 1838 3019 Diee-

248 3041 415 3110 cesis
464 3040 742 3107 Ecclesia
791 3040 1130 3128 parochiali
1175 3040 1297 3107 sub
1342 3040 1527 3108 titulo
1560 3042 1630 3107 8.
1654 3039 1834 3106 Nico·

246 3131 360 3215 lai,
393 3127 579 3194 cuius
620 3128 915 3214 regimen
962 3139 1028 3194 et
1070 3129 1426 3196 animarum
1454 3148 1608 3195 cura
1637 3126 1835 3195 admi-

248 3216 560 3284 nistratur
603 3237 637 3280 a
682 3228 954 3302 quatuor
999 3216 1472 3299 Sacerdotibus,
1519 3234 1757 3302 nempe
1800 3235 1833 3279 a

244 3309 488 3371 Curato
536 3309 785 3370 Decano
830 3304 1095 3390 aliisque
1144 3304 1349 3372 tribus
1390 3303 1676 3386 Curatis,
1720 3303 1834 3389 qui

247 3411 479 3459 omnes
522 3391 749 3458 diebus
790 3390 1042 3460 Sabbati
1089 3405 1155 3458 et
1198 3392 1557 3460 Dominicae
1592 3392 1654 3458 in
1685 3409 1834 3478 pro·

246 3479 409 3567 priis
454 3478 694 3562 stallis,
743 3480 916 3546 iuxta
962 3499 1187 3547 eorum
1246 3478 1679 3547 antianitatem
1730 3497 1832 3544 se·

244 3569 524 3650 dentes,
572 3567 782 3634 Chore
827 3568 1184 3634 inserviunt
1238 3578 1305 3633 et
1365 3567 1430 3634 in
1488 3566 1829 3633 solennio-

242 3652 425 3721 ribus
486 3656 689 3721 Festis
749 3656 993 3722 Missam
1048 3656 1403 3722 solemnem
1464 3655 1827 3738 celebrant3

238 3755 437 3827 atque
468 3740 641 3808 inter
668 3754 796 3809 tres
819 3749 1083 3812 curatos
1109 3743 1430 3810 Ecclesiae
1456 3741 1832 3830 parochialis

239 3833 310 3919 S.
344 3828 584 3897 Nicolai
618 3831 1014 3916 supradictae
1047 3836 1280 3899 'l'errae
1313 3850 1396 3896 ex
1432 3851 1579 3914 una,
1614 3841 1679 3895 et
1709 3832 1830 3896 Gu-

238 3928 454 3984 ratum
500 3922 823 3984 Decanum
867 3918 1269 4009 supradictae
1317 3919 1641 3985 Ecclesiae
1686 3937 1829 4003 par·

241 4004 419 4071 tibus
447 4024 532 4070 ex
562 4005 789 4089 altera,
810 4025 1010 4094 super
1041 4006 1180 4072 iure
1210 4005 1555 4073 deferendi
1591 4006 1827 4071 Stolam

238 4107 307 4158 et
340 4093 627 4178 pluviale
658 4113 729 4159 ac
762 4091 1036 4161 sedendi
1071 4085 1134 4160 in
1162 4096 1372 4182 primo
1396 4095 1581 4160 stallo
1608 4094 1826 4171 Obori,

240 4180 575 4246 occasione
608 4200 730 4267 qua
761 4182 1099 4248 memorati
1145 4191 1272 4247 tres
1303 4182 1516 4249 Gurati
1548 4179 1827 4249 officium

240 4267 734 4334 Hebdomadarii
782 4263 1090 4356 gradatim
1124 4275 1465 4371 peragunt,
1500 4268 1650 4335 ortis
1678 4288 1828 4336 con-

243 4356 617 4440 troversiis,
678 4355 934 4442 illisque
1002 4359 1081 4423 ab
1144 4359 1451 4424 Auditore
1510 4358 1685 4424 88ῶί
1748 4357 1823 4423 ad

241 4447 312 4510 S.
346 4442 611 4530 Rituum
657 4445 1240 4532 congregationem
1271 4464 1388 4532 pro
1421 4454 1574 4511 voto
1606 4447 1828 4511 remis-

242 4529 368 4684 islilsfl
405 4534 606 4683 Eurus
647 4535 964 4686 etdflkmus·
996 4536 1181 4687 lgm.
1231 4532 1414 4686 Gatrd.
1465 4532 1828 4687 (ῗιιιειΙιιεῗίιίήιῗὲ»,ὶ

369 4637 527 4685 ascri
608 4640 641 4684 a
748 4640 791 4686 u
836 4641 888 4687 ia
947 4639 1012 4687 m
1086 4640 1120 4687 r
1223 4641 1295 4686 ar
1322 4640 1389 4685 es
1451 4640 1647 4688 conco
1724 4641 1765 4685 a

239 4639 627 4795 proposuiq:
1178 4641 1221 4708 p

1961 418 2102 483 loco
2148 416 2254 482 vel
2297 415 2483 481 stallo
2522 414 2696 498 quod
2740 423 3006 500 occupat
3051 412 3242 480 etiam
3271 414 3529 499 quando

1955 523 2087 571 non
2131 503 2422 589 iungitur
2465 502 2676 569 officio
2723 498 3257 567 Hebdomadarii‘?

2091 594 2172 656 Et
2233 592 2299 657 S.
2358 593 2434 655 R.
2490 593 2594 672 C.,
2659 587 2805 655 visis
2862 586 3106 655 iuribus
3169 588 3316 655 hinc
3382 589 3529 655 inde

1955 676 2249 745 deductis
2305 696 2379 742 ac
2432 674 2866 761 tam’scriptis
2925 693 3114 759 quam
3177 695 3332 742 voce
3386 695 3528 762 par·

1955 765 2120 833 tibus
2187 763 2668 833 informantibus
2726 763 2995 845 auditis,
3043 762 3528 830 rescribendum

1956 852 2204 919 censuit
2233 874 2256 915 τ
2298 873 2336 913 ι
2369 854 2569 918 Detur
2613 855 2953 917 Decretum
3013 849 3080 915 in
3135 870 3315 917 causa
3373 852 3526 915 Are-

1954 942 2084 1007 tina
2127 940 2246 1005 sub
2289 938 2394 1005 die
2442 941 2528 1005 24
2567 937 2829 1004 ianuarii
2866 938 3034 1005 1688
3064 960 3101 1001 ι»
3149 938 3387 1003 tenoris
3431 957 3526 1003 se-

1953 1025 2238 1112 quentis,
2285 1026 2633 1093 videlicet:

2085 1116 2382 1180 Aretina.
2434 1113 2547 1180 Die
2592 1116 2676 1180 24
2723 1110 2985 1177 ianuarii
3037 1114 3243 1179 ¹688:
3292 1114 3529 1196 Repro-

1952 1201 2152 1288 posita
2195 1203 2388 1267 Causa
2432 1200 2689 1267 Aretina
2735 1198 3220 1283 praecedentiae
3259 1199 3338 1266 ab
3367 1203 3526 1265 Eme

1953 1301 2019 1354 et
2064 1292 2222 1356 Rmo
2269 1292 2451 1355 Dom.
2489 1286 2676 1355 Card.
2729 1290 2812 1355 de
2856 1289 3127 1372 Lauraea
3169 1288 3248 1353 ad
3295 1285 3528 1352 instan-

1953 1375 2104 1442 tiam
2133 1374 2477 1461 Praepositi
2508 1394 2654 1441 cum
2681 1373 2999 1459 aliquibus
3026 1371 3352 1439 canonicis
3380 1375 3528 1440 Col-

1952 1462 2220 1549 legiatae
2266 1463 2587 1529 Ecclesiae
2619 1460 2995 1527 Parochiatts
3028 1463 3094 1527 S.
3129 1460 3409 1545 Agatbao
3441 1464 3525 1529 de

1950 1549 2250 1627 Ascian03
2299 1554 2365 1617 S.
2416 1554 2491 1616 R.
2539 1552 2643 1632 G.,
2692 1548 2919 1615 auditis
2986 1544 3228 1614 iuribus
3287 1568 3368 1613 ex
3413 1568 3526 1614 no·

1949 1636 2120 1702 viter
2163 1634 2483 1721 deductis,
2532 1637 2710 1707 stetit
2755 1635 2819 1701 in
2866 1633 3098 1702 decisis
3137 1634 3259 1703 sub
3304 1634 3409 1701 die
3447 1639 3524 1702 13

1953 1724 2110 1790 lunii
2173 1735 2237 1790 et
2292 1729 2379 1791 28
2436 1723 2812 1791 Novembris
2866 1726 3031 1790 1682
3058 1771 3076 1806 ,
3128 1731 3190 1788 et
3250 1726 3289 1787 2
3343 1725 3524 1790 Octo·

1950 1812 2076 1878 bris
2115 1816 2308 1881 1683.
2355 1815 2444 1878 Ac
2480 1813 2740 1897 insuper
2770 1810 3151 1878 declaravit:
3201 1808 3528 1879 ‹flebun-

1948 1897 2227 1965 madario
2253 1899 2481 1966 deberi
2528 1899 3042 1985 praecedentiam
3071 1899 3207 1963 sive
3239 1916 3384 1965 cum
3421 1918 3525 1985 pa-

1947 1987 2249 2053 ramentis
2292 1986 2374 2051 sit
2413 1986 2553 2053 sive
2600 1985 2837 2072 absque
2893 1987 2985 2051 eis
3018 2007 3079 2049 ».

2079 2080 2157 2140 Et
2203 2073 2287 2139 ita
2333 2073 2397 2139 in
2444 2093 2626 2139 causa
2672 2076 2937 2139 Hortana
2983 2074 3220 2139 servari
3269 2074 3523 2140 manda-

1946 2162 2063 2228 vit.
2112 2159 2224 2227 Die
2276 2164 2355 2229 12
2400 2161 2798 2247 Septembris
2849 2164 3037 2227 1716.

1947 2319 2200 2387 2238.
2584 2282 2888 2407 camnis

2233 2425 2586 2492 umouuu
2631 2427 3231 2494 osssavan‘rms

2261 2565 2266 2571 -
2411 2533 2478 2598 s.
2527 2533 2810 2601 nosris
2851 2536 3047 2600 sios.

2076 2689 2453 2755 Humillimis
2479 2689 2775 2777 precibus
2797 2694 2862 2757 P.
2882 2689 3202 2756 Laurentii
3224 2712 3257 2755 a
3281 2694 3350 2757 S.
3369 2695 3519 2756 Lau·

1938 2778 2147 2844 rentio
2196 2777 2348 2842 olim
2380 2780 2445 2844 S.
2484 2777 2707 2844 Montis
2735 2778 2887 2845 Sion
2918 2777 3254 2845 Guardiani
3301 2777 3522 2845 totius·

1938 2884 2065 2952 que
2110 2868 2342 2931 Terrae
2387 2867 2653 2933 Sanctae
2697 2863 2990 2932 custodis
3035 2868 3103 2932 S.
3137 2868 3214 2931 R.
3248 2870 3330 2932 C..-
3370 2883 3517 2950 por-

1940 2950 2157 3034 rectis,
2205 2964 2272 3019 et
2317 2952 2393 3018 ab
2438 2957 2595 3020 Eme
2645 2965 2707 3019 et
2752 2956 2910 3019 Rmo
2963 2956 3144 3020 Dom.
3195 2953 3383 3020 Card.
3435 2954 3518 3020 de

1943 3041 2165 3108 Abdua
2200 3041 2466 3124 'relatis3

2075 3131 2144 3196 S.
2195 3128 2420 3195 eadem
2466 3132 2543 3194 R.
2592 3133 2720 3195 Ca*
2768 3149 2808 3192 ε
2857 3134 2950 3195 Ex
2995 3130 3192 3216 gratia
3252 3128 3514 3215 speciali

1941 3217 2217 3305 benigne
2267 3216 2529 3282 indulsit
2575 3228 2763 3302 atque
2810 3219 3142 3302 concessit,
3177 3229 3247 3283 ut
3296 3218 3359 3284 in
3403 3236 3516 3282 no·

1939 3303 2364 3371 vemdialibus
2393 3323 2556 3388 quae
2587 3324 2669 3370 ex
2719 3304 3203 3371 immemorabili
3250 3323 3517 3371 cousue-

1942 3392 2162 3460 tudine
2223 3411 2255 3454 a
2311 3395 2422 3457 PP.
2480 3392 2730 3459 Ordinis
2797 3392 3108 3459 minorum
3175 3391 3517 3460 observan-

1942 3483 2103 3546 tium
2162 3477 2444 3545 Civitatis
2496 3480 2828 3547 Bethleem
2891 3481 2969 3546 ad
3027 3484 3251 3547 Praese
3393 3483 3513 3546 Do-

1934 3568 2090 3634 mini
2135 3578 2281 3632 ante
2331 3572 2587 3633 Festum
2617 3567 2967 3636 Nativitatis
2999 3571 3074 3634 D.
3109 3571 3188 3634 N.
3252 3617 3268 3634 .
3307 3572 3380 3634 C.
3413 3589 3516 3635 ce·

1937 3655 2267 3723 lebrantur
2288 3673 2434 3720 cum
2466 3655 2863 3742 expositione
2891 3656 3068 3724 ssmi
3100 3657 3511 3740 Sacramenti,

1932 3743 2354 3831 imposterum
2398 3743 2575 3808 Missa
2620 3744 2921 3811 solemnis
2966 3744 3175 3810 votiva
3220 3748 3291 3811 Β.
3322 3748 3405 3811 Μ.
3434 3749 3510 3812 V.

1933 3849 2080 3897 cum
2132 3831 2353 3896 Gloria
2402 3842 2466 3896 et
2515 3833 2731 3912 Credo,
2784 3853 2855 3906 ac
2898 3830 3292 3899 Orationibus
3338 3833 3512 3900 SSmi

3286 2319 3513 2408 (3890)

1931 3917 2343 3997 Sacramenti,
2394 3938 2511 4005 pro
2557 3923 2742 4006 Papa,
2793 3925 3182 4008 Imperatore
3226 3939 3296 3985 ac
3341 3921 3516 3987 Prin-
3628 3965 3634 3970 -

1933 4005 2177 4094 cipibus
2241 4006 2645 4089 Christianis,
2717 4028 2751 4073 a
2815 4006 3160 4095 praedictis
3231 4009 3515 4075 Patribus

1937 4095 2224 4161 eiusdem
2271 4093 2576 4178 Civitatis,
2620 4094 2807 4161 etiam
2852 4096 2917 4161 in
2963 4095 3192 4162 diebus
3237 4097 3512 4164 Domini-

1931 4198 2148 4247 carum
2181 4181 2509 4247 Adventus
2556 4195 2620 4248 et
2664 4185 2729 4249 S.
2757 4184 3060 4267 Tbomae,
3095 4184 3170 4250 ad
3203 4189 3512 4273 Praesepe

1931 4269 2179 4336 Domini
2225 4269 2433 4335 Nostri
2489 4269 2796 4337 celebrari
2843 4272 3037 4358 possit
3098 4282 3162 4338 et
3208 4274 3506 4341 valeat».

1936 4356 2046 4423 Die
2099 4361 2176 4425 12
2224 4358 2621 4444 Septembris
2673 4362 2870 4427 1716.

1931 4532 2190 4600 2239.
2457 4533 3001 4601 POLlCASTREN.
3279 4536 3508 4621 (3892)

2058 4709 2361 4793 Exposito
2407 4727 2609 4796 penes
2657 4711 2719 4774 S.
2759 4712 2931 4775 luc,
2984 4728 3066 4776 ex
3111 4721 3293 4795 parto
3339 4710 3507 4778 Cleri

380 4797 441 4859 1.
492 4797 589 4859 An
621 4807 840 4861 curato
869 4795 1372 4863 Hebdomadario
1410 4799 1574 4863 Ven.
1610 4796 1824 4862 Eccle-
1926 4796 2249 4861 Ecclesiae
2297 4794 2573 4862 matricis
2619 4788 2870 4862 Terrae
2895 4799 2959 4863 S.
3012 4793 3258 4864 loannis
3286 4797 3364 4865 ad
3395 4802 3512 4886 Py·

235 4882 367 4947 siae
403 4880 777 4967 parochialis
802 4886 1032 4949 Terrae
1061 4883 1307 4949 Suriani
1344 4882 1529 4948 liceat
1560 4882 1625 4949 in
1656 4884 1823 4951 dicta

236 4968 527 5038 Ecclesia
575 4969 639 5036 in
684 4970 861 5036 Missa
921 4983 990 5036 et
1047 4970 1225 5036 Horis
1268 4971 1597 5037 Canonicis
1650 4972 1824 5038 ince-

233 5057 627 5211 ὀῗέεἷεῗίῑῖω
676 5071 740 5123 et
785 5058 1040 5142 sedere,
1077 5057 1300 5124 induto
1347 5075 1495 5125 cum
1542 5059 1712 5125 Stola
1761 5067 1835 5134 et„

235 5164 281 5230 Ρ

1929 4901 2073 4949 rum
2121 4883 2436 4950 Dioecesis
2479 4886 2887 4951 Policastren.
2924 4883 3098 4970 quod
3148 4885 3511 4953 Franciscus

1927 4971 2308 5036 provenzale
2359 4981 2423 5035 et
2471 4972 2682 5058 Scipio
2729 4973 2959 5060 Ursaya
3007 4974 3294 5044 eiusdem
3356 4978 3508 5041 Ter-

1927 5078 2058 5141 rae,
2095 5058 2200 5142 qui
2234 5069 2414 5123 antea
2462 5071 2643 5126 erant
2686 5057 2776 5123 de
2821 5079 3094 5130 numero
3141 5061 3362 5148 partici
3445 5083 3513 5129 n-

1929 5144 2088 5211 tium
2130 5144 2527 5233 supradictae
2576 5146 2935 5234 Ecclesiae,
2988 5163 3051 5216 et
3099 5160 3305 5238 postm
3397 5169 3508 5216 um
3571 5189 3578 5196 -

369 5237 435 5299 Ξ.
488 5234 586 5298 An
630 5233 845 5300 eidem
890 5232 1392 5300 Hebdomadario
1437 5231 1526 5299 sic
1595 5234 1820 5300 induto
1924 5232 2002 5299 ad
2063 5233 2510 5299 Canonicatum
2557 5236 2876 5303 Ecclesiae
2919 5236 3310 5305 cathedralis
3356 5256 3505 5323 pro-

237 5320 431 5387 liceat
477 5321 805 5403 incedere,
838 5332 1006 5385 stare
1052 5330 1120 5385 et
1163 5322 1395 5388 sedere
1442 5319 1508 5387 in
1541 5320 1817 5407 digniori

1927 5323 2121 5405 moti,
2171 5322 2324 5388 dum
2388 5321 2451 5388 in
2507 5322 2670 5389 dicta
2732 5325 2919 5391 Terra
2977 5326 3064 5391 ob
3115 5327 3504 5414 suppositam
