4042 5950
1544 274 2014 352 ...223-

120 433 441 516 discussa,
494 430 965 521 perpensisque
1010 429 1331 497 rationum
1376 430 1720 498 momentis

1823 449 1942 519 per
1973 429 2441 518 infrascriptum
2475 431 2898 499 secretarium
2933 430 3266 516 relatione,
3295 433 3400 500 die

156 522 224 587 ab
268 531 534 605 utraque
582 528 763 607 parte
793 518 1025 603 allatis,
1059 519 1136 586 ad
1168 518 1545 586 relationem
1581 518 1722 585 Emi
1829 522 1911 586 26
1958 519 2351 608 Septembris
2411 523 2603 602 1827,
2652 520 2954 587 Sanctitas
3007 521 3128 586 Sua
3184 522 3405 588 Sacrae

157 621 213 675 et
256 607 392 675 Rmi
439 608 687 675 Domini
737 606 1085 675 cardinalis
1129 607 1361 673 Placidi
1397 606 1721 674 Zurla·Po-

155 697 369 798 nentis,
396 695 929 785 respondendum
960 695 1238 763 censuit:
1268 699 1446 762 luxta
1469 706 1718 779 votum,

156 803 480 852 nimirum:

271 895 308 936 ‹
355 877 616 940 Attente
677 872 938 960 vigente
999 872 1152 939 olim
1228 872 1719 957 consuetudine,

158 962 345 1027 teneri
404 961 755 1028 canonicos
811 960 1021 1028 Officia
1072 969 1137 1026 et
1182 961 1489 1045 Psalmos,
1542 970 1610 1028 ut
1658 959 1721 1026 in

156 1049 358 1133 dubio,
404 1048 725 1135 recitare;
777 1069 847 1116 ac
883 1049 1191 1115 servanda
1226 1067 1364 1115 esse
1398 1049 1586 1117 huius
1618 1052 1723 1116 Sa-

156 1156 282 1202 crae
326 1136 855 1224 congregationis
901 1140 1170 1204 Decreta
1203 1159 1266 1203 ιν.

269 1229 343 1292 Et
390 1227 470 1292 ita
520 1226 814 1294 decrevit
847 1237 912 1292 et
942 1225 1178 1292 servari
1213 1226 1564 1294 mandavit.
1610 1225 1723 1293 Die

156 1317 230 1382 22
272 1315 669 1403 Septembris
709 1317 900 1382 1827.

160 1457 401 1527 2658.
694 1409 1176 1524 caueamur.
1491 1433 1719 1544 (aasz)

271 1583 435 1646 Pene
483 1580 563 1645 ab
607 1578 1101 1646 immemorabili
1140 1590 1434 1665 tempore
1480 1583 1545 1647 S.
1573 1584 1725 1648 Pau-

163 1670 249 1734 lus
269 1669 608 1754 Apostolus
641 1668 834 1735 totius
854 1667 1206 1735 Comitatus
1236 1669 1513 1735 Plastrae
1545 1668 1725 1736 Dioe-

162 1756 302 1822 cesis
359 1756 762 1823 camerinen.
830 1774 950 1821 ceu
996 1756 1377 1844 Praecipuus
1422 1762 1723 1824 Patronus

161 1862 397 1932 semper
420 1854 518 1910 est
545 1843 835 1912 habitus:
871 1842 1191 1930 siquidem
1216 1845 1303 1911 de
1326 1863 1489 1911 anno
1529 1848 1721 1929 1436,

164 1945 432 2020 tempore
480 1954 538 1999 s.
588 1951 681 1999 m.
734 1932 1003 2018 Eugenii
1067 1937 1271 2021 Papae
1316 1936 1421 2017 IV,
1471 1934 1725 2020 quando

165 2021 504 2087 efformatae
553 2031 704 2087 sunt
751 2022 929 2107 leges
975 2030 1167 2107 atque
1201 2021 1262 2088 in
1296 2031 1601 2089 statutum
1636 2022 1728 2087 di-

164 2120 379 2196 gestae,
428 2109 569 2176 eius
617 2108 715 2174 rei
762 2109 1069 2175 memoria
1117 2120 1314 2176 extat.
1390 2110 1567 2177 Licet
1613 2109 1726 2177 ita-

164 2216 274 2351 3ue
315 2196 481 2264 nulli
524 2215 831 2282 umquam
879 2195 943 2262 in
987 2196 1418 2286 suspicionem
1473 2197 1727 2265 venerit

206 2285 475 2352 lastrensi
525 2285 591 2353 in
652 2283 968 2354 comitatu
1024 2286 1144 2352 boc
1202 2287 1298 2353 ius
1357 2286 1726 2353 seculorum

165 2392 331 2441 cursu
376 2374 741 2460 quaesitum
790 2374 1042 2440 Doctori
1076 2375 1373 2441 Gentium
1398 2393 1526 2441 non
1559 2393 1728 2440 com·

166 2473 406 2549 petere;
453 2462 749 2530 nonnulli
808 2471 1022 2528 tamen
1066 2462 1439 2549 nuperrime
1493 2481 1571 2528 ex
1619 2465 1726 2529 Pa-

171 2551 349 2618 roecia
396 2553 463 2618 S.
512 2549 840 2619 Laurentii
901 2550 1063 2616 illud
1129 2549 1388 2617 inficiari
1441 2562 1727 2619 autuma-

169 2650 319 2705 runt.
365 2638 814 2707 Controversia
859 2637 936 2704 ad
1000 2637 1161 2705 hanc
1230 2641 1561 2706 Sacrorum
1623 2638 1724 2705 Ri-

170 2738 329 2793 tuum
371 2728 950 2816 congregationem
1000 2726 1236 2808 delata,
1273 2725 1627 2794 informatio
1662 2737 1727 2793 et

169 2825 363 2882 votum
409 2817 547 2884 Rmi
581 2811 1066 2903 Archiepiscopi
1101 2814 1183 2882 de
1215 2833 1393 2881 more
1427 2814 1724 2902 requisita

169 2913 316 2970 sunt.
380 2906 871 2993 oppugnatores
929 2902 1184 2985 interim
1244 2921 1469 2969 manus
1534 2903 1729 2970 victas

171 2990 387 3060 dedere
434 3004 628 3080 atque
676 2991 741 3058 in
787 3000 1003 3079 partes
1047 3010 1118 3058 se
1167 3010 1315 3059 rece
1366 3002 1582 3059 erunt.
1632 2994 1724 3060 Ne

171 3090 360 3147 autem
431 3082 497 3148 in
558 3088 892 3168 posterum
957 3079 1112 3165 quid
1174 3078 1317 3147 simi
1346 3101 1381 3147 e
1435 3079 1724 3164 eveniat,

169 3170 518 3254 praesertim
568 3187 653 3235 ex
699 3186 779 3233 eo
825 3168 995 3253 quod
1044 3167 1514 3236 calendaristae
1547 3168 1727 3235 Dioe·

172 3254 310 3322 cesis
350 3255 690 3345 aliquando
739 3254 860 3322 hoc
917 3256 1222 3323 adnotare
1280 3257 1725 3344 praetermise-

173 3354 334 3430 rant,
381 3345 455 3413 ad
504 3362 769 3412 omnem
827 3344 1312 3433 ambiguitatem
1367 3345 1449 3411 de
1512 3345 1726 3412 medio

175 3432 519 3518 tollendam,
557 3432 775 3500 eidem
820 3434 1046 3500 Sacrae
1090 3432 1582 3521 congregationi
1624 3435 1727 3499 Sa-

173 3521 375 3588 cerdos
412 3521 688 3589 Aloisius
719 3520 944 3590 Cicotti
978 3525 1210 3589 Rector
1240 3520 1580 3589 Abbatialis
1611 3523 1728 3588 Ec-

175 3606 378 3676 clesiae
421 3612 489 3679 S.
520 3609 696 3676 Pauli
746 3608 1046 3676 recensiti
1095 3610 1294 3681 castri
1340 3629 1408 3675 ac
1443 3612 1567 3675 DD.
1601 3612 1727 3675 Eu-

173 3696 360 3763 sebius
425 3710 491 3764 et
535 3696 811 3764 Aloisius
854 3697 1036 3764 conti
1084 3697 1377 3783 Deputati
1438 3696 1728 3763 eiusdem

174 3784 519 3852 Parecbialis
564 3785 813 3873 populi-
838 3785 1201 3852 humillime
1263 3784 1724 3884 supplicarunt,

175 3871 541 3954 postulantes
588 3884 661 3939 ut
705 3893 779 3940 su
826 3891 1009 3939 remo
1053 3891 1167 3939 suo
1220 3873 1455 3939 iudicio
1501 3873 1724 3939 decer-

176 3970 340 4026 neret
381 3964 445 4028 S.
472 3962 668 4029 Paulu
836 3961 1161 4048 postolum
1207 3959 1571 4045 habendum
1596 3968 1724 4047 'pro

178 4046 342 4113 unico
387 4050 687 4138 praecipu
775 4052 1042 4116 Patrono
1083 4048 1148 4115 in
1178 4048 1476 4116 universo
1520 4049 1725 4116 Comi-

180 4140 291 4199 tatu
332 4139 630 4205 Flastrae.

292 4226 362 4289 Et
405 4229 588 4296 Sacra
634 4226 894 4293 Rituum
942 4227 1368 4313 congregatio
1433 4225 1495 4293 i'n
1565 4224 1731 4292 ordi·

180 4310 327 4375 nario
367 4316 566 4382 coetu
614 4314 692 4382 ad
740 4313 1109 4380 Vaticanum
1153 4312 1272 4380 sub
1331 4313 1723 4413 infrascripta

181 4396 271 4464 die
310 4412 544 4487 coacto,
594 4402 744 4469 visis
790 4402 1259 4490 perpensisque
1303 4401 1508 4469 allatis
1540 4411 1725 4467 ratio-

183 4503 311 4552 num
341 4493 700 4573 momentis„
733 4509 983 4558 necnon
1008 4488 1452 4556 informatione
1479 4499 1544 4556 et
1575 4500 1722 4556 voto

183 4573 299 4638 Rmi
344 4579 843 4666 Archiepiscopi,
895 4577 971 4645 ad
1018 4576 1399 4645 relationem
1457 4579 1597 4644 Emi
1659 4587 1725 4643 et

184 4661 302 4727 nihi
342 4668 413 4731 D.
461 4669 648 4734 Gard.
702 4665 1037 4754 Augustini
1096 4664 1409 4750 Rivarola,
1457 4665 1598 4733 vice
1661 4675 1726 4732 et

187 4746 305 4814 loco
349 4754 483 4820 Emi
532 4765 597 4822 et
641 4754 778 4822 Rmi
825 4759 901 4821 D.
950 4753 1137 4821 Card.
1190 4753 1434 4821 loannis
1489 4754 1728 4820 Caecia-

186 4835 339 4936 piatti
381 4843 671 4910 Ponentis
714 4841 1014 4928 absentis,
1063 4840 1547 4909 rescribendum
1580 4860 1727 4908 cen-

186 4935 323 5024 suit:
368 4949 404 4993 α
426 4933 541 4998 Pro
572 4931 989 5017 informante3
1024 4930 1268 4996 scilicet
1301 4949 1415 5018 pro
1447 4932 1514 4998 S.
1537 4931 1725 4996 Paulo

188 5027 348 5080 unico
389 5020 727 5108 praecipuo
774 5023 1037 5085 Patrono
1068 5040 1133 5085 ι».

294 5105 368 5169 Et
412 5106 491 5170 ita
534 5107 822 5175 decrevit
854 5116 923 5173 et
957 5107 1193 5172 servari
1220 5105 1563 5173 mandavit.
1613 5105 1725 5172 Die

189 5186 257 5251 22
298 5193 677 5278 Septembris
725 5198 919 5263 1827.

300 5281 591 5368 Factaque
637 5283 721 5351 de
770 5281 1131 5372 praemissis
1193 5283 1485 5350 omnibus
1532 5285 1726 5350 SSmo

193 5361 421 5434 Domino
463 5372 685 5439 Nostro
729 5370 925 5440 Leoni
973 5372 1081 5438 111
1125 5371 1406 5438 Pontifici
1454 5371 1721 5437 Maximo

1824 610 1955 675 con
2003 608 2344 708 rogationis
2417 607 2824 694 Rescriptum
2899 607 3268 697 approbavit
3344 619 3407 674 et

1826 713 1947 762 con
1998 706 2250 761 rmavit.

1830 837 2091 907 2659.
2403 839 2836 904 euenum.
3177 838 3403 927 (4633)

1958 965 2009 1030 A
2058 962 2262 1051 prima
2315 961 2712 1029 Cathedralis
2758 962 3099 1046 Bugellen.
3135 963 3409 1030 erectio·

1822 1071 1906 1119 ne
1953 1062 2318 1118 constanter
2364 1050 2771 1117 observatum
2831 1049 2952 1116 fuit
3011 1050 3168 1117 illud
3232 1054 3406 1137 quod

1821 1140 2224 1207 exactissime
2271 1136 2566 1224 congruit
2611 1137 3103 1206 Caeremonialis
3150 1142 3407 1226 Epist-‚o-

1824 1247 2055 1316 porum
2101 1226 2621 1314 dispositionibus
2669 1237 2731 1294 et
2778 1229 3113 1294 Sacrorum
3147 1228 3404 1295 Ritunm

1827 1315 2352 1405 congregationis
2396 1314 2709 1398 Decretis,
2757 1315 3134 1401 praesertim
3183 1314 3248 1382 in
3281 1319 3407 1381 Mo-

1827 1404 2192 1494 nopolitana
2246 1402 2371 1472 diei
2411 1407 2491 1470 15
2536 1403 2905 1471 Decembris
2960 1406 3152 1490 1632,
3200 1415 3272 1472 ut
3317 1404 3410 1471 ni·

1827 1495 2064 1561 mirum
2111 1491 2314 1581 prima
2362 1491 2640 1580 Dignitas
2686 1491 2883 1559 fuerit
2927 1491 3267 1581 Presbyter
3299 1495 3409 1558 As-

1826 1582 2056 1649 sistens
2125 1580 2440 1667 Episcopo
2509 1580 2885 1647 solemniter
2944 1579 3293 1649 celebranti
3348 1581 3410 1647 in

1828 1668 2027 1737 Festis
2085 1667 2330 1756 primae
2377 1667 2481 1734 vel
2529 1669 2850 1736 secundae
2912 1668 3118 1735 classis
3163 1681 3228 1736 et
3274 1667 3408 1736 die-

1830 1761 1945 1826 bus
1990 1756 2366 1840 Ferialibus,
2401 1768 2505 1822 aut
2557 1754 3070 1824 benedictionem
3120 1758 3408 1826 candela-

1827 1866 1997 1928 rum,
2042 1846 2334 1912 cinerum
2382 1853 2447 1909 et
2494 1844 2843 1931 palmarum
2891 1847 3250 1932 peragenti.
3300 1849 3407 1913 Ast

1827 1944 2043 2002 contra
2070 1932 2381 2000 eiusmodi
2412 1943 2852 2019 pervetustam
2873 1934 3405 2001 consuetudinem

1828 2022 2087 2113 dignior
2139 2041 2220 2087 ex
2278 2019 2611 2087 canonicis
2657 2021 2729 2087 ad
2782 2039 3082 2109 praesens
3140 2021 3410 2108 insurgit

1826 2109 1903 2177 ab
1948 2109 2155 2177 officio
2200 2108 2560 2196 Presbyteri
2607 2109 2954 2175 assistentis
3008 2110 3278 2196 primam
3328 2131 3409 2178 ex

1827 2198 2250 2286 Dignitatibus
2281 2197 2633 2263 excludere
2668 2207 2941 2280 tentans,
2976 2200 3228 2283 quando
3262 2199 3408 2287 Epi·

1829 2307 2028 2376 copus
2071 2289 2385 2372 vesperas
2429 2284 2805 2372 Missamque
2852 2286 3137 2352 celebrat
3185 2288 3247 2352 in
3294 2291 3408 2354 Fe-

1828 2376 1940 2442 stis
1996 2376 2317 2442 secundae
2373 2373 2584 2439 classis
2638 2385 2702 2439 et
2755 2373 2983 2441 diebus
3035 2374 3404 2461 Ferialibus,

1828 2481 2078 2530 necnon
2121 2462 2376 2548 quando
2425 2461 2740 2547 candelas,
2777 2462 3025 2529 cineres
3071 2473 3136 2529 et
3171 2463 3409 2550 palmas

1833 2550 2174 2619 benedicit.
2212 2550 2306 2618 Ad
2340 2548 2593 2615 dissidia
2627 2550 2836 2638 itaque
2866 2551 2971 2616 vel
3002 2553 3286 2617 scandala
3319 2553 3406 2618 vi·

1833 2640 2042 2723 tanda,
2091 2642 2314 2706 Sacrae
2360 2640 2617 2708 Rituum
2651 2637 3136 2726 congregationi
3171 2640 3246 2706 ad
3295 2644 3408 2707 Va·

1826 2729 2107 2795 ticanum
2155 2726 2218 2792 in
2262 2726 2590 2793 ordinario
2637 2730 2839 2794 coetu
2886 2738 3101 2794 coacto
3147 2728 3265 2794 sub
3317 2728 3409 2795 in-

1826 2816 2158 2916 frascripta
2185 2814 2291 2881 die
2317 2814 2444 2881 duo
2470 2836 2501 2879 a
2526 2813 2947 2899 Dignitatibus
2980 2825 3044 2882 et
3082 2817 3409 2883 Canonicis

1830 2912 2182 2971 recensitae
2228 2902 2621 2970 Cathedralis
2656 2903 2972 2993 proposita
3004 2904 3186 2971 fuere
3219 2905 3409 2974 dubia

1833 2992 2204 3077 enodanda3
2257 2990 2600 3058 nimirum:

1969 3084 2030 3146 1.
2074 3101 2111 3145 ι
2157 3082 2324 3149 Num
2388 3080 2449 3145 in
2511 3079 3017 3165 cathedralibus,
3069 3081 3133 3147 in
3179 3082 3411 3168 quibus

1830 3168 2179 3258 Dignitates
2230 3179 2294 3234 et
2341 3167 2638 3235 canonici
2699 3169 3003 3253 existunt,
3054 3169 3255 3257 prima
3318 3170 3412 3237 Di·

1830 3260 2035 3345 gnitas
2078 3276 2339 3345 semper
2382 3254 2612 3322 debeat
2669 3275 2805 3322 esse
2863 3254 3204 3344 Presbyter
3259 3259 3405 3324 assi·

1826 3357 2028 3429 stenS,
2080 3346 2334 3433 quando
2382 3344 2731 3431 Episcopus
2775 3345 3018 3412 Missam
3067 3356 3132 3410 et
3163 3348 3402 3432 Vespe-

1828 3455 1925 3501 ras
1970 3433 2347 3501 solemniter
2392 3434 2701 3517 celebrat,
2764 3434 2898 3499 sive
2960 3433 3078 3500 hoc
3145 3445 3403 3523 peragat

1827 3521 2056 3591 diebus
2151 3522 2345 3588 rimae
2393 3522 2606 3589 classis
2648 3522 2753 3588 vel
2799 3521 3119 3589 secundae
3149 3523 3256 3589 vel
3288 3526 3402 3589 Fe·

1830 3543 2208 3677 rialibusg»

1959 3702 2025 3765 2.
2079 3702 2244 3765 (An
2292 3699 2562 3786 ipsamet
2615 3698 2818 3786 prima
2867 3697 3144 3786 Dignitas
3175 3699 3403 3767 debeat

1828 3805 2088 3874 quoque
2113 3805 2253 3853 esse
2278 3787 2618 3874 Presbyter
2641 3787 2952 3875 assistens,
2980 3787 3232 3873 quando
3255 3788 3401 3874 Epi·

1823 3893 2058 3962 scopus
2091 3873 2413 3942 benedicit
2436 3875 2749 3958 candelas,
2778 3876 3026 3942 cineres
3051 3887 3117 3941 et
3139 3876 3398 3963 palmas;

1829 3964 1910 4029 ita
1958 3973 2030 4030 ut
2077 3962 2333 4049 dignior
2363 3962 2712 4030 Canonicus
2741 3977 2884 4051 post
2917 3963 3261 4049 Dignitates
3293 3965 3403 4030 de-

1825 4051 1974 4118 beat
2021 4060 2263 4117 tantum
2314 4069 2451 4118 esse
2497 4049 2837 4139 Presbyter
2882 4051 3220 4135 Assistens,
3256 4051 3405 4150 Epi·

1824 4157 2018 4226 scopo
2065 4157 2196 4205 non
2227 4139 2617 4223 celebrante,
2652 4140 2767 4207 sed
2799 4140 3095 4227 Vesperis
3126 4150 3233 4205 aut
3263 4142 3404 4205 Mis-

1823 4248 1928 4295 sae
1958 4227 2231 4294 solemni
2262 4247 2382 4315 per
2411 4226 2682 4293 alterum
2718 4237 2998 4295 cantatae
3029 4223 3407 4315 praesente?

1961 4321 2038 4382 Et
2084 4318 2151 4383 S.
2201 4320 2276 4383 R.
2311 4319 2414 4399 C.,
2464 4314 2780 4400 exquisito
2826 4315 3002 4402 prius
3048 4326 3198 4380 voto
3244 4315 3404 4381 alte·

1827 4403 1957 4471 rius
2005 4423 2086 4471 ex
2131 4404 2632 4490 Apostolicarum
2678 4404 3230 4470 caeremoniarum
3279 4408 3401 4470 Ma-

1826 4491 2035 4578 gistris
2081 4494 2317 4580 scripto
2365 4502 2618 4559 exarato
2663 4491 3009 4577 praeloque
3044 4509 3221 4576 cuso,
3256 4511 3403 4559 nec-

1826 4598 1953 4645 non
1988 4578 2285 4665 inspectis
2318 4582 2452 4649 Rmi
2487 4580 2820 4667 Bugellen.
2875 4578 3168 4735 Episcopi
3211 4580 3402 4646 inl'or-

1824 4665 2099 4733 matione
2131 4678 2197 4733 et
2225 4680 2400 4753 voto,
2433 4689 2502 4734 ac
2535 4687 2605 4735 re
2639 4678 2883 4735 mature
2974 4667 3402 4755 iligenterque

1826 4755 2131 4839 discussa,
2170 4756 2248 4823 ad
2295 4757 2674 4823 relationem
2705 4755 2844 4822 Emi
2879 4766 2942 4823 et
2974 4754 3111 4822 Rmi
3143 4760 3215 4821 D.
3253 4760 3401 4825 car-

1827 4842 2053 4942 dinalis
2083 4842 2246 4909 Petri
2274 4844 2501 4912 Vidoni
2532 4845 2854 4931 Ponentis,
2883 4843 3403 4930 respondendum

1831 4942 2076 4997 censuit
2099 4954 2117 4997 t

1958 5017 2053 5086 Ad
2093 5023 2150 5084 1.
2189 5038 2226 5082 ι
2261 5017 2649 5086 Affirmative
2686 5044 2747 5087 ν.

1954 5107 2051 5173 Ad
2086 5109 2149 5172 2.
2189 5129 2226 5170 ‹
2258 5106 2643 5175 Affirmative
2675 5109 2938 5196 pariter,
2976 5110 3148 5177 iuxta
3181 5119 3402 5177 votum

1826 5193 2383 5261 Caeremoniarum
2431 5194 2703 5283 Magistri
2737 5219 2800 5263 ι.
3429 5224 3438 5231 ·

1957 5287 2040 5349 Et
2084 5283 2166 5349 ita
2198 5282 2488 5350 decrevit
2519 5294 2582 5350 et
2611 5286 2848 5351 servari
2898 5286 3240 5355 mandavit.
3290 5286 3402 5352 Die

1829 5376 1912 5439 22
1944 5371 2339 5460 Septembris
2389 5375 2580 5439 1827.
