4042 5950
2053 294 2526 371 —146—

778 460 847 521 6.
899 458 993 521 An
1044 455 1420 522 exercitium
1469 456 1670 522 bonae
1711 454 1933 521 mortis
1968 454 2108 520 fieri
2142 474 2240 521 so-

652 543 838 609 litum
886 542 1222 610 Dominicis
1267 543 1497 610 diebus
1530 561 1609 609 ex
1645 542 1935 610 instituto
1979 544 2238 610 Confra-

649 631 960 698 ternitatis
993 632 1480 719 Agonizantium
1530 643 1741 699 erecta
1790 631 1851 697 in
1900 631 2064 698 dicta
2097 633 2239 697 Col-

647 719 875 804 legiata
923 721 1202 787 Ecclesia
1251 722 1316 786 S.
1353 721 1684 803 Andreae,
1735 720 1970 787 ibidem
2031 719 2236 805 priva·

649 808 776 876 tive
826 809 1045 896 peragi
1095 806 1381 875 debeat?

780 901 844 963 7.
892 903 989 963 An
1035 901 1303 963 curatus
1352 909 1417 963 et
1466 897 1814 965 Coadiutor
1861 901 1926 962 S.
1966 895 2240 964 Victoris

518 1071 523 1075 ὁ
638 983 922 1058 ‚debeant
970 985 1289 1051 abstinere
1336 1007 1369 1051 a
1416 984 1846 1052 celebratione
1894 1004 2009 1052 seu
2051 994 2240 1050 cantu

647 1072 1003 1139 choralium
1026 1073 1389 1141 officiorum
1420 1084 1485 1138 et
1509 1075 1727 1140 Missae
1753 1069 2245 1140 conventualis?

647 1172 711 1227 et
743 1171 1062 1246 quatenus
1090 1162 1417 1249 negative,

634 1309 639 1314 .
779 1253 843 1317 8.
894 1252 992 1316 An
1055 1251 1225 1317 dicto
1279 1253 1510 1316 Curato
1571 1259 1636 1314 et
1689 1249 2055 1317 coadiutori
2115 1249 2240 1315 sint

646 1336 1062 1424 assignandae
1108 1339 1303 1405 horae
1350 1337 1687 1404 distinctae
1735 1337 1811 1403 ab
1859 1337 2112 1404 horario
2144 1338 2240 1404 di-

648 1435 786 1491 ctae
836 1426 1157 1493 Ecclesiae
1204 1424 1645 1511 collegiatae?

777 1519 846 1581 9.
895 1519 990 1580 An
1039 1525 1212 1579 totus
1257 1514 1484 1580 Clerus
1516 1520 1748 1581 Terrae
1778 1514 2125 1598 Vallerani‚
2177 1525 2243 1580 et

644 1600 973 1686 signanter
1027 1602 1429 1691 supradictus
1473 1607 1742 1670 curatus
1788 1617 1849 1668 et
1896 1602 2241 1669 coadiutor

648 1693 715 1754 S.
733 1690 1030 1773 VictoriS,
1048 1702 1240 1775 atque
1262 1691 1633 1779 cappellani
1650 1693 1973 1759 Ecclesiae
1990 1694 2236 1757 B.M.V.

647 1778 731 1843 de
780 1778 1095 1858 Ruscello,
1135 1780 1409 1866 cogendi
1446 1780 1571 1847 sint
1603 1780 1679 1846 ad
1722 1780 2240 1847 interessendum

647 1867 945 1931 omnibus
989 1867 1502 1933 Processionibus
1547 1870 1851 1955 publicis,
1901 1887 2065 1954 quae
2112 1867 2241 1955 pri-

645 1954 856 2019 vative
907 1953 1067 2021 fiunt
1112 1954 1188 2020 ab
1232 1956 1810 2044 Arcbipresbytero
1844 1969 1910 2023 et
1948 1956 2240 2044 capitulo

648 2043 970 2110 Ecclesiae
1018 2043 1462 2131 collegiatae?

781 2133 883 2197 10.
928 2135 1022 2198 An
1057 2142 1199 2220 post
1245 2133 1895 2222 Archipresbyterum
1941 2144 2240 2221 spectent

644 2219 959 2304 privative
1005 2223 1082 2287 ad
1129 2221 1591 2309 Praepositum,
1630 2222 1833 2307 iisque.
1872 2223 2239 2288 absentibus

646 2309 750 2373 vel
812 2307 1171 2396 impeditiS,
1222 2311 1297 2375 ad
1355 2312 1701 2376 canonicos
1762 2309 1971 2376 dictae
2028 2311 2238 2378 colle-

646 2395 876 2481 giatae‚
912 2396 1117 2463 omnia
1166 2397 1299 2463 iura
1349 2398 1961 2484 praeeminentialia,
1999 2411 2135 2467 tum
2176 2400 2239 2464 in

644 2484 1160 2551 Processionibus
1190 2495 1329 2551 tum
1362 2488 1424 2551 in
1457 2486 1597 2552 aliis
1644 2486 1919 2572 publicis
1968 2486 2239 2553 functio-

645 2571 856 2655 nibus,
908 2591 1069 2660 quae
1133 2573 1443 2660 privative
1504 2574 1667 2641 fiunt
1714 2596 1747 2639 a
1794 2574 1966 2641 dicto
2015 2573 2238 2643 Archi·

647 2659 1028 2746 presbytero
1077 2674 1141 2725 et
1190 2661 1537 2748 capitulo?

786 2752 889 2815 11.
940 2751 1038 2815 An
1086 2749 1149 2815 in
1196 2750 1737 2836 processionibus,
1786 2752 2018 2838 quibus
2052 2753 2242 2818 inter-

646 2836 917 2902 veniunt
966 2838 1328 2924 capitulum
1393 2840 1809 2928 collegiatae,
1860 2844 2131 2908 curatus
2179 2851 2246 2906 et

644 2922 992 2992 coadiutor
1038 2929 1102 2994 S.
1142 2927 1440 3013 VictoriS,
1491 2949 1613 2997 nec
1672 2949 1799 2995 non
1861 2929 2127 2997 Sacrista
2176 2939 2239 2995 et

644 3013 1017 3102 Cappellani
1078 3021 1148 3082 B.
1200 3021 1280 3083 Μ.
1329 3021 1407 3083 V.
1453 3020 1537 3085 de
1593 3019 1907 3099 Rusonem,
1958 3019 2238 3085 debeant

645 3121 866 3168 omnes
916 3105 1247 3188 incedere,
1298 3117 1363 3172 et
1413 3108 1474 3174 in
1521 3127 1650 3193 quo
1699 3108 1861 3191 loco,
1900 3118 1965 3172 et
2011 3127 2090 3174 an
2120 3106 2239 3172 sub

642 3195 847 3258 cruce
897 3192 1226 3281 Capituli?

784 3285 887 3347 12.
940 3285 1057 3366 An,
1111 3294 1173 3348 et
1219 3285 1326 3369 qui
1379 3286 1554 3352 locus
1599 3284 1680 3352 sit
1725 3284 2138 3371 assignandus
2172 3283 2234 3348 in

642 3370 781 3435 aliis
839 3370 1272 3437 functionibus
1332 3373 1662 3461 praedicto
1721 3377 1980 3455 Curato,
2039 3372 2237 3439 Sacri-

642 3469 778 3523 stae
827 3468 891 3522 et
939 3460 1395 3546 cappellanis?

790 3549 894 3611 13.
960 3552 1055 3612 An
1120 3548 1491 3616 immediate
1566 3564 1705 3639 post
1772 3551 2236 3630 Processiones,

642 3652 807 3719 quae
876 3634 1204 3701 ducuntur
1266 3638 1343 3705 ad
1404 3639 1755 3706 Ecclesiam
1816 3644 1882 3706 S.
1936 3639 2233 3723 VictoriS,

644 3733 769 3787 tam
802 3720 910 3786 die
945 3722 1103 3787 festo
1152 3728 1216 3789 S.
1256 3727 1507 3792 Antonii
1556 3729 1855 3811 Patavini,
1905 3747 2095 3812 quam
2128 3729 2235 3794 die

644 3815 684 3876 ὅ
711 3810 1135 3895 Septembris,
1165 3813 1545 3881 celebranda
1577 3816 1681 3900 sit,
1711 3831 1774 3883 et
1806 3838 1837 3881 a
1871 3836 2025 3901 quo,
2063 3817 2235 3882 Missa

642 3897 1006 3965 solemnis?

782 3991 885 4053 14.
935 3993 1033 4054 An
1079 3988 1308 4055 diebus
1358 3991 1532 4058 festis
1587 3995 1959 4059 Sanctorum
2011 4004 2079 4059 et
2125 4012 2234 4057 vo-

645 4076 786 4141 tivis
820 4077 1127 4143 celebrari
1176 4079 1380 4146 solitis
1412 4080 1473 4147 in
1506 4082 1788 4148 Ecclesia
1831 4085 1895 4149 S.
1940 4083 2230 4165 Victoris,

643 4165 875 4249 quibus
936 4165 1281 4233 intervenit
1341 4169 1877 4257 Archipresbyter
1935 4182 1999 4235 et
2055 4171 2235 4256 capi-

644 4254 851 4319 tulum
900 4257 965 4319 S.
1003 4254 1299 4323 Andreae
1357 4258 1435 4324 ad
1494 4260 1958 4325 celebrandum
2023 4259 2234 4324 diviua

639 4341 850 4407 Officia
883 4343 1159 4409 choralia
1208 4357 1272 4411 et
1320 4347 1562 4412 Missam
1609 4349 1994 4431 solemnem,
2047 4347 2233 4411 liceat

640 4432 872 4495 curato
933 4432 1142 4497 dictae
1205 4436 1531 4500 Ecclesiae
1590 4438 1655 4503 S.
1716 4436 1985 4503 Victoris
2048 4436 2230 4502 aliam

642 4519 885 4587 Missam
947 4522 1305 4589 solemnem
1370 4535 1434 4589 et
1495 4524 1612 4589 alia
1672 4524 1879 4590 Officia
1930 4527 2230 4610 choralia,

640 4618 785 4673 ante
819 4610 919 4675 vel
954 4619 1096 4696 post
1132 4613 1568 4679 interventum
1595 4613 1901 4700 praedicti
1930 4616 2233 4702 Capituli,

641 4696 1030 4765 celebrare?
1062 4699 1153 4784 (1)

777 4790 878 4853 15.
924 4790 1045 4870 An,
1082 4789 1286 4856 electa
1319 4811 1350 4855 a
1385 4789 1557 4859 fideli
1594 4792 1870 4877 quodam
1903 4793 2231 4859 Paroeciae

642 4875 710 4939 S.
745 4875 1015 4940 Victoris
1060 4880 1391 4961 sepultura
1443 4879 1504 4945 in
1544 4880 1825 4947 Ecclesia
1860 4882 2232 4966 collegiata,

642 4970 709 5026 et
756 4974 1089 5028 recusante
1133 4966 1304 5032 illius
1333 4972 1565 5034 Curato
1600 4971 1812 5035 levare
1844 4980 2036 5054 atque
2069 4991 2234 5033 asso·

638 5049 804 5115 ciare
852 5050 1146 5136 cadaver,
1201 5055 1384 5121 liceat
1431 5058 1726 5143 capitulo
1778 5058 1990 5122 levare
2028 5068 2092 5123 et
2123 5061 2233 5124 de-

637 5138 809 5204 ferre
862 5136 1019 5203 illud
1069 5145 1143 5207 ad
1199 5145 1517 5229 propriam
1570 5144 1974 5211 Ecclesiam?

776 5231 879 5293 16.
932 5228 1026 5292 An
1088 5230 1512 5317 Dignitatibus
1573 5235 1701 5313 vel,
1756 5234 1827 5297 iis
1877 5234 2228 5320 impeditis,

777 5421 856 5495 (ι)
895 5422 956 5477 E.
1000 5423 1139 5481 nub.
1181 5423 1261 5486 15,
1306 5424 1386 5487 17,
1427 5426 1494 5480 18
1528 5433 1583 5480 et
1620 5426 1704 5480 25.

2335 452 2703 536 Canonicis,
2772 453 2979 518 Missas
3051 463 3116 518 et
3181 457 3487 541 vesperas
3553 451 3873 518 solemniter

2337 545 2727 628 ubicumque
2792 552 2970 607 extra
3033 542 3356 628 propriam
3419 541 3747 608 Ecclesiam
3796 561 3874 605 ce·

2339 632 2755 714 lebrantibus,
2808 640 3133 716 competat
3182 632 3277 699 ius
3325 629 3595 696 habendi
3634 630 3875 695 assisten-

2341 731 2436 785 tes
2484 720 2546 785 in
2595 719 2801 785 officio
2851 719 3103 784 Diaconi
3151 731 3218 784 et
3264 717 3637 785 Subdiacoui
3667 717 3744 782 de
3770 736 3878 803 gre-

2341 808 2470 873 mio
2518 806 2847 895 Capituli?

2478 900 2581 962 17.
2631 900 2727 961 An
2776 902 3008 964 Curato
3056 899 3119 962 S.
3161 894 3429 962 Victoris
3456 899 3680 960 Terrae
3709 893 3879 959 Valle·

2335 983 2469 1051 rani
2520 984 2707 1050 liceat
2755 985 2997 1052 ducere
3028 983 3472 1050 processiones
3518 982 3882 1069 particulares

2341 1072 2533 1139 etiam
2583 1084 2762 1138 extra
2811 1083 3062 1159 portam
3111 1068 3490 1138 Ecclesiae?

2479 1164 2582 1226 18.
2619 1165 2713 1226 An
2747 1160 3322 1247 Archipresbytero
3357 1163 3426 1226 S.
3459 1158 3737 1225 Andreae
3763 1160 3882 1222 Ter·

2342 1268 2447 1314 rae
2480 1248 2800 1316 Vallerani
2834 1249 3020 1320 liceat
3054 1250 3297 1316 ducere
3327 1247 3753 1313 Processiones
3780 1266 3886 1332 par-

2339 1336 2641 1404 ticulares
2688 1338 2981 1406 eiusdem
3029 1336 3378 1420 Ecclesiae,
3414 1347 3593 1401 extra
3623 1335 3883 1399 ambitum

2340 1446 2489 1492 suae
2540 1423 2927 1492 parochiae?

2479 1519 2578 1582 19.
2619 1517 2714 1581 An
2746 1515 2994 1597 concio,
3032 1512 3596 1600 quadragesimalis
3627 1510 3722 1574 vel
3759 1521 3886 1575 tem·

2340 1622 2502 1687 pore
2548 1604 2912 1686 Adventus,
2969 1614 3094 1668 tam
3153 1602 3381 1668 diebus
3445 1600 3681 1666 feriatis
3733 1616 3886 1684 quam

2343 1691 2612 1774 festivis,
2665 1691 2979 1779 privative
3025 1690 3164 1758 fieri
3212 1691 3450 1756 debeat
3499 1689 3563 1754 in
3609 1688 3759 1753 dicta
3801 1690 3888 1751 Ec-

2341 1779 2530 1844 clesia
2579 1777 2982 1867 collegiata?

2476 1870 2523 1932 A
2575 1870 2761 1934 Sacra
2807 1869 3067 1934 Rituum
3106 1864 3621 1951 congregatione
3668 1881 3890 1948 respon·

2343 1974 2485 2021 sum
2535 1955 2680 2038 l'uit,
2732 1968 2802 2022 ut
2847 1956 3183 2041 sequitur:

2476 2045 2572 2111 Ad
2626 2049 2683 2111 1.
2737 2067 2775 2109 ⁴
2808 2044 3144 2130 Negative,
3195 2043 3269 2109 ad
3320 2042 3593 2130 primam
3647 2050 3892 2127 partem3

2341 2132 2755 2216 Affirmative,
2790 2133 2866 2199 ad
2916 2134 3306 2219 secundam‚;
3356 2132 3568 2217 quoad
3617 2132 3773 2198 diem
3802 2131 3893 2192 Fe-

2337 2231 2510 2287 stum
2561 2233 2805 2288 tantum
2838 2244 2902 2287 ›.

2471 2311 2567 2377 Ad
2602 2314 2665 2376 2.
2704 2333 2741 2374 ⁴
2769 2309 3186 2394 Affirmative,
3222 2309 3430 2395 quoad
3470 2305 3893 2396 expositionem

2340 2399 2512 2465 SSJni
2563 2400 2978 2484 Sacramenti,
3029 2417 3157 2464 non
3205 2410 3417 2464 tamen
3471 2397 3805 2485 privative;
3846 2403 3894 2454 et

2338 2488 2546 2571 quoad
2596 2488 3224 2571 confraternitatem,
3261 2495 3479 2551 utatur
3512 2486 3652 2552 iure
3683 2501 3787 2547 suo
3814 2499 3896 2543 co-

2339 2594 2471 2641 ram
2521 2576 2732 2643 iudice
2780 2576 3278 2665 competenti».
3429 2619 3440 2630 -
3655 2587 3661 2598 ·
3864 2656 3872 2666 ⁶

2471 2665 2567 2731 Ad
2617 2669 2680 2731 3.
2735 2687 2772 2728 ⁴
2807 2665 3164 2752 Negative3
3215 2675 3283 2730 et
3329 2663 3682 2730 Ecclesiam
3727 2662 3786 2726 S.
3817 2659 3899 2722 Vi·

2339 2752 2532 2818 ctoris
2556 2753 3077 2840 reintegrandam
3111 2771 3250 2818 esse
3276 2751 3339 2818 in
3365 2752 3689 2840 primaeva
3715 2748 3830 2813 iura
3849 2768 3899 2808 ι.

2472 2841 2568 2908 Ad
2620 2846 2683 2908 4.
2735 2864 2773 2906 ⁴
2809 2842 3162 2928 Negative,
3215 2852 3279 2906 et
3329 2843 3406 2906 ad
3461 2850 3811 2907 mentem»
3849 2844 3900 2896 et

2338 2949 2522 2997 meus
2555 2939 2687 2998 este
2738 2953 2776 2996 ⁴
2802 2929 3279 2999 Processionem
3321 2928 3690 2996 Dominicae
3719 2925 3788 2993 ΙΙΙ
3816 2942 3900 2989 cu·

2340 3022 2565 3105 iusque
2615 3021 2848 3087 mensis
2877 3040 3007 3087 non
3037 3030 3329 3106 spectare
3359 3018 3681 3105 privative
3711 3015 3780 3080 ad
3811 3017 3900 3077 Ec·

2339 3108 2598 3175 clesiam
2631 3112 2698 3176 S.
2726 3110 3046 3191 Andreae,
3073 3108 3186 3173 sed
3213 3106 3620 3175 ordinarium
3653 3118 3900 3175 normam

2337 3207 2644 3280 statuere,
2682 3198 2852 3263 iuxta
2898 3216 3089 3284 quam
3137 3196 3213 3261 ab
3259 3216 3382 3263 una
3411 3196 3514 3261 vel
3563 3194 3640 3259 ab
3671 3192 3780 3256 alia
3809 3194 3899 3255 Ec-

2341 3285 2530 3351 clesia
2576 3287 2896 3352 Processio
2946 3296 3287 3374 peragatur
3319 3308 3384 3351 ».
3828 3367 3837 3377 ,

2471 3374 2565 3439 Ad
2617 3379 2681 3440 ὃ.
2736 3397 2774 3439 ⁴
2807 3377 3079 3441 Utantur
3127 3374 3266 3439 iure
3314 3394 3437 3447 suu
3473 3392 3688 3439 coram
3723 3369 3902 3434 iudice

2341 3463 2736 3550 competenti
2774 3485 2837 3529 ι».

2473 3551 2568 3616 Ad
2603 3556 2669 3618 6.
2723 3556 2758 3618 7
2807 3564 2873 3618 et
2921 3556 2984 3618 8.
3037 3573 3076 3615 ⁴
3110 3551 3417 3639 Negative
3452 3573 3514 3616 ›.

2470 3639 2562 3705 Ad
2599 3644 2664 3706 9.
2715 3662 2753 3704 ⁴
2781 3640 3215 3717 Affirmative3
3250 3641 3460 3724 quoad
3493 3638 3904 3705 processiones

2338 3729 2626 3814 publicas
2674 3739 2738 3793 et
2784 3730 3125 3815 generales
3173 3739 3420 3793 tantum
3454 3752 3519 3793 ιν.

2470 3819 2564 3883 Ad
2611 3822 2717 3883 10.
2760 3840 2797 3881 ⁴
2825 3817 3265 3900 Affirmative;
3317 3819 3526 3900 quoad
3579 3815 3904 3883 functiones

2336 3916 2700 3992 spectantes
2745 3906 2824 3972 ad
2875 3906 3553 3993 Archipresbyterum,
3617 3916 3904 3988 tamquam

2337 3994 2607 4080 primam
2659 3994 3040 4080 Dignitatem
3078 4018 3141 4060 ».

2469 4085 2562 4148 Ad
2627 4087 2734 4149 11.
2782 4106 2820 4145 «
2854 4081 3244 4151 Affirmative
3287 4082 3348 4146 in
3400 4083 3736 4165 omnibus,
3784 4087 3905 4143 ante

2337 4172 2703 4257 Capitulum
2737 4183 2800 4237 et
2834 4174 3120 4255 Clerum,
3148 4191 3217 4235 ac
3247 4169 3368 4235 sub
3400 4172 3598 4259 ipsius
3632 4175 3828 4238 cruce
3852 4187 3904 4227 ν.

2463 4261 2558 4326 Ad
2613 4264 2718 4325 12.
2747 4282 2803 4343 ,α
2837 4263 3166 4326 Provisum
3220 4260 3283 4323 in
3329 4259 3830 4325 antecedenti».

2469 4349 2560 4414 Ad
2619 4354 2723 4415 13.
2774 4371 2811 4412 ⁴
2845 4349 3307 4415 Celebrandam
3349 4367 3490 4413 esse
3531 4366 3653 4434 per
3685 4343 3908 4432 dignio-

2337 4456 2478 4502 rem
2523 4439 2607 4503 de
2655 4439 2949 4525 Capitulo
2983 4463 3045 4503 ιν.

2472 4527 2564 4593 Ad
2619 4530 2721 4592 14.
2774 4548 2812 4590 ⁴
2847 4527 3152 4613 Negative
3189 4549 3252 4591 ›.

2471 4616 2563 4680 Ad
2621 4619 2721 4680 15.
2772 4636 2811 4678 ⁴
2847 4615 3229 4700 Perquisito,
3259 4624 3599 4702 expectato
3633 4630 3750 4699 per
3781 4626 3912 4674 con·

2334 4720 2569 4789 gruum
2621 4715 2877 4790 tempus
2937 4716 3002 4768 et
3072 4714 3384 4769 renuente
3437 4703 3761 4767 Parocbo:
3823 4693 3908 4759 Al-

2335 4792 2651 4860 flrmative
2686 4815 2747 4857 ›.

2466 4881 2562 4947 Ad
2604 4886 2703 4948 16.
2759 4902 2797 4944 ⁴
2833 4878 3252 4964 Affirmative,
3289 4878 3545 4965 quaudo
3580 4888 3779 4942 totum
3813 4875 3908 4938 Ca-

2336 4972 2612 5057 pitulum
2660 4970 3008 5037 convenire
3057 4969 3356 5034 debet».

2467 5060 2561 5125 Ad
2604 5064 2705 5126 17.
2743 5081 2781 5123 ⁴
2809 5058 3230 5140 Affirmative,
3266 5057 3621 5127 dummodo
3652 5054 3731 5118 sit
3767 5053 3906 5117 intra

2332 5147 2641 5213 ambitum
2668 5148 2994 5212 paroeciae
3031 5158 3096 5212 et
3120 5148 3203 5212 de
3239 5146 3494 5210 licentia
3521 5140 3824 5211 Ordinarii
3851 5160 3901 5199 ι.

2473 5237 2568 5302 Ad
2628 5240 2729 5300 18.
2780 5257 2818 5296 ⁴
2855 5238 3159 5320 Negative
3200 5258 3261 5299 ιν.
