<?xml version="1.0" encoding="UTF-8"?>
<!DOCTYPE html PUBLIC "-//W3C//DTD XHTML 1.0 Transitional//EN"
    "http://www.w3.org/TR/xhtml1/DTD/xhtml1-transitional.dtd">
<html xmlns="http://www.w3.org/1999/xhtml" xml:lang="en" lang="en">
 <head>
  <title>
</title>
<meta http-equiv="Content-Type" content="text/html;charset=utf-8" />
  <meta name='ocr-system' content='tesseract 3.04.00' />
  <meta name='ocr-capabilities' content='ocr_page ocr_carea ocr_par ocr_line ocrx_word'/>
</head>
<body>
  <div class='ocr_page' id='page_1' title='image "./decretaauthenti00ritugoog_0235.png"; bbox 0 0 4042 5950; ppageno 0'>
   <div class='ocr_carea' id='block_1_1' title="bbox 1440 300 1912 381">
    <p class='ocr_par' dir='ltr' id='par_1_1' title="bbox 1440 300 1912 381">
     <span class='ocr_line' id='line_1_1' title="bbox 1440 300 1912 381; baseline -0.002 0"><span class='ocrx_word' id='word_1_1' title='bbox 1440 300 1912 381; x_wconf 73' lang='lat'>-195—</span> 
     </span>
    </p>
   </div>
   <div class='ocr_carea' id='block_1_2' title="bbox 82 458 1624 5279">
    <p class='ocr_par' dir='ltr' id='par_1_2' title="bbox 83 458 1624 1138">
     <span class='ocr_line' id='line_1_2' title="bbox 83 458 1621 549; baseline 0.002 -27"><span class='ocrx_word' id='word_1_2' title='bbox 83 477 180 526; x_wconf 78' lang='lat' dir='ltr'>um</span> <span class='ocrx_word' id='word_1_3' title='bbox 200 468 411 525; x_wconf 88' lang='lat' dir='ltr'>contra</span> <span class='ocrx_word' id='word_1_4' title='bbox 438 470 683 526; x_wconf 88' lang='lat' dir='ltr'>rectam</span> <span class='ocrx_word' id='word_1_5' title='bbox 708 459 915 527; x_wconf 80' lang='lat' dir='ltr'>Divini</span> <span class='ocrx_word' id='word_1_6' title='bbox 939 461 1162 528; x_wconf 90' lang='lat' dir='ltr'>Cultus</span> <span class='ocrx_word' id='word_1_7' title='bbox 1193 458 1621 549; x_wconf 79' lang='lat' dir='ltr'>disciplinam,</span> 
     </span>
     <span class='ocr_line' id='line_1_3' title="bbox 84 546 1623 634; baseline 0 -22"><span class='ocrx_word' id='word_1_8' title='bbox 84 547 193 612; x_wconf 78' lang='lat' dir='ltr'>icet</span> <span class='ocrx_word' id='word_1_9' title='bbox 226 546 369 612; x_wconf 86' lang='lat' dir='ltr'>alias</span> <span class='ocrx_word' id='word_1_10' title='bbox 415 567 539 634; x_wconf 90' lang='lat' dir='ltr'>per</span> <span class='ocrx_word' id='word_1_11' title='bbox 585 553 649 616; x_wconf 88' lang='lat' dir='ltr'>S.</span> <span class='ocrx_word' id='word_1_12' title='bbox 687 551 760 614; x_wconf 83' lang='lat' dir='ltr'>R.</span> <span class='ocrx_word' id='word_1_13' title='bbox 800 552 870 616; x_wconf 85' lang='lat' dir='ltr'>G.</span> <span class='ocrx_word' id='word_1_14' title='bbox 909 549 990 615; x_wconf 90' lang='lat' dir='ltr'>de</span> <span class='ocrx_word' id='word_1_15' title='bbox 1025 549 1098 614; x_wconf 88' lang='lat' dir='ltr'>iis</span> <span class='ocrx_word' id='word_1_16' title='bbox 1145 548 1282 614; x_wconf 76' lang='lat' dir='ltr'>fere</span> <span class='ocrx_word' id='word_1_17' title='bbox 1330 547 1623 615; x_wconf 88' lang='lat' dir='ltr'>omnibus</span> 
     </span>
     <span class='ocr_line' id='line_1_4' title="bbox 83 632 1623 721; baseline -0.001 -20"><span class='ocrx_word' id='word_1_18' title='bbox 83 634 207 701; x_wconf 61' lang='lat' dir='ltr'>adita</span> <span class='ocrx_word' id='word_1_19' title='bbox 234 632 472 701; x_wconf 74' lang='lat' dir='ltr'>fuerint</span> <span class='ocrx_word' id='word_1_20' title='bbox 519 641 835 713; x_wconf 82' lang='lat' dir='ltr'>Decreta3</span> <span class='ocrx_word' id='word_1_21' title='bbox 884 655 966 704; x_wconf 90' lang='lat' dir='ltr'>ne</span> <span class='ocrx_word' id='word_1_22' title='bbox 1016 635 1080 702; x_wconf 89' lang='lat' dir='ltr'>in</span> <span class='ocrx_word' id='word_1_23' title='bbox 1126 635 1266 703; x_wconf 88' lang='lat' dir='ltr'>dies</span> <span class='ocrx_word' id='word_1_24' title='bbox 1296 636 1497 721; x_wconf 86' lang='lat' dir='ltr'>magis</span> <span class='ocrx_word' id='word_1_25' title='bbox 1529 636 1623 701; x_wconf 88' lang='lat' dir='ltr'>in-</span> 
     </span>
     <span class='ocr_line' id='line_1_5' title="bbox 83 723 1624 811; baseline 0.001 -24"><span class='ocrx_word' id='word_1_26' title='bbox 83 725 344 789; x_wconf 61' lang='lat' dir='ltr'>valescant</span> <span class='ocrx_word' id='word_1_27' title='bbox 366 772 385 806; x_wconf 89' lang='lat'>,</span> <span class='ocrx_word' id='word_1_28' title='bbox 457 723 753 791; x_wconf 89' lang='lat' dir='ltr'>eiusdem</span> <span class='ocrx_word' id='word_1_29' title='bbox 816 726 1039 790; x_wconf 77' lang='lat' dir='ltr'><strong>Sacrae</strong></span> <span class='ocrx_word' id='word_1_30' title='bbox 1102 723 1624 811; x_wconf 78' lang='lat' dir='ltr'>congregationis</span> 
     </span>
     <span class='ocr_line' id='line_1_6' title="bbox 83 809 1622 899; baseline -0.001 -23"><span class='ocrx_word' id='word_1_31' title='bbox 83 809 420 877; x_wconf 69' lang='lat' dir='ltr'>Secretarius</span> <span class='ocrx_word' id='word_1_32' title='bbox 489 831 608 899; x_wconf 90' lang='lat' dir='ltr'>pro</span> <span class='ocrx_word' id='word_1_33' title='bbox 666 812 762 878; x_wconf 89' lang='lat' dir='ltr'>sui</span> <span class='ocrx_word' id='word_1_34' title='bbox 820 813 1106 879; x_wconf 86' lang='lat' dir='ltr'>muneris</span> <span class='ocrx_word' id='word_1_35' title='bbox 1162 810 1368 878; x_wconf 86' lang='lat' dir='ltr'>officio</span> <span class='ocrx_word' id='word_1_36' title='bbox 1430 810 1622 878; x_wconf 87' lang='lat' dir='ltr'>dubia</span> 
     </span>
     <span class='ocr_line' id='line_1_7' title="bbox 83 898 1623 983; baseline 0.001 -21"><span class='ocrx_word' id='word_1_37' title='bbox 83 917 201 981; x_wconf 68' lang='lat' dir='ltr'>{uae</span> <span class='ocrx_word' id='word_1_38' title='bbox 241 911 607 983; x_wconf 84' lang='lat' dir='ltr'>sequuntur</span> <span class='ocrx_word' id='word_1_39' title='bbox 650 900 825 966; x_wconf 76' lang='lat' dir='ltr'>Emis</span> <span class='ocrx_word' id='word_1_40' title='bbox 871 910 936 967; x_wconf 92' lang='lat' dir='ltr'>et</span> <span class='ocrx_word' id='word_1_41' title='bbox 976 899 1149 966; x_wconf 77' lang='lat' dir='ltr'>Rmis</span> <span class='ocrx_word' id='word_1_42' title='bbox 1196 903 1306 965; x_wconf 85' lang='lat' dir='ltr'>PP.</span> <span class='ocrx_word' id='word_1_43' title='bbox 1342 898 1407 966; x_wconf 88' lang='lat' dir='ltr'>in</span> <span class='ocrx_word' id='word_1_44' title='bbox 1452 899 1623 964; x_wconf 88' lang='lat' dir='ltr'>ordi·</span> 
     </span>
     <span class='ocr_line' id='line_1_8' title="bbox 83 985 1620 1134; baseline 0.003 -84"><span class='ocrx_word' id='word_1_45' title='bbox 83 985 210 1134; x_wconf 63' lang='lat' dir='ltr'>¹[tario</span> <span class='ocrx_word' id='word_1_46' title='bbox 251 989 593 1054; x_wconf 76' lang='lat' dir='ltr'>conventu</span> <span class='ocrx_word' id='word_1_47' title='bbox 634 988 966 1055; x_wconf 86' lang='lat' dir='ltr'>enodanda</span> <span class='ocrx_word' id='word_1_48' title='bbox 993 986 1394 1084; x_wconf 25' lang='lat' dir='ltr'>,proposuit3</span> <span class='ocrx_word' id='word_1_49' title='bbox 1443 987 1620 1054; x_wconf 78' lang='lat' dir='ltr'>vide—</span> 
     </span>
     <span class='ocr_line' id='line_1_9' title="bbox 94 1085 233 1138; baseline 0.022 -3"><span class='ocrx_word' id='word_1_50' title='bbox 94 1085 233 1138; x_wconf 75' lang='lat' dir='ltr'>icet:</span> 
     </span>
    </p>

    <p class='ocr_par' dir='ltr' id='par_1_3' title="bbox 83 1162 1620 1428">
     <span class='ocr_line' id='line_1_10' title="bbox 178 1162 1620 1252; baseline 0.002 -27"><span class='ocrx_word' id='word_1_51' title='bbox 178 1166 229 1226; x_wconf 88' lang='lat' dir='ltr'>l.</span> <span class='ocrx_word' id='word_1_52' title='bbox 276 1165 367 1228; x_wconf 77' lang='lat' dir='ltr'>An</span> <span class='ocrx_word' id='word_1_53' title='bbox 417 1162 483 1229; x_wconf 91' lang='lat' dir='ltr'>in</span> <span class='ocrx_word' id='word_1_54' title='bbox 536 1165 839 1231; x_wconf 81' lang='lat' dir='ltr'>Ecclesiis</span> <span class='ocrx_word' id='word_1_55' title='bbox 890 1163 1303 1252; x_wconf 86' lang='lat' dir='ltr'>Regularium</span> <span class='ocrx_word' id='word_1_56' title='bbox 1353 1162 1620 1248; x_wconf 83' lang='lat' dir='ltr'>aliisque</span> 
     </span>
     <span class='ocr_line' id='line_1_11' title="bbox 83 1250 1620 1338; baseline 0.001 -25"><span class='ocrx_word' id='word_1_57' title='bbox 83 1250 327 1314; x_wconf 73' lang='lat' dir='ltr'>Ecclesiis</span> <span class='ocrx_word' id='word_1_58' title='bbox 372 1253 696 1338; x_wconf 85' lang='lat' dir='ltr'>exemptis</span> <span class='ocrx_word' id='word_1_59' title='bbox 746 1253 1107 1319; x_wconf 77' lang='lat' dir='ltr'>recitandae</span> <span class='ocrx_word' id='word_1_60' title='bbox 1139 1251 1268 1317; x_wconf 89' lang='lat' dir='ltr'>sint</span> <span class='ocrx_word' id='word_1_61' title='bbox 1299 1250 1620 1317; x_wconf 77' lang='lat' dir='ltr'>collectae</span> 
     </span>
     <span class='ocr_line' id='line_1_12' title="bbox 83 1336 1185 1428; baseline 0.003 -27"><span class='ocrx_word' id='word_1_62' title='bbox 83 1336 130 1400; x_wconf 74' lang='lat' dir='ltr'>ib</span> <span class='ocrx_word' id='word_1_63' title='bbox 164 1337 474 1404; x_wconf 74' lang='lat' dir='ltr'>Ordinatio</span> <span class='ocrx_word' id='word_1_64' title='bbox 522 1339 649 1405; x_wconf 89' lang='lat' dir='ltr'>loci</span> <span class='ocrx_word' id='word_1_65' title='bbox 700 1337 1185 1428; x_wconf 73' lang='lat' dir='ltr'>praescriptae?</span> 
     </span>
    </p>

    <p class='ocr_par' dir='ltr' id='par_1_4' title="bbox 82 1425 1619 1687">
     <span class='ocr_line' id='line_1_13' title="bbox 175 1425 1619 1495; baseline 0.001 -5"><span class='ocrx_word' id='word_1_66' title='bbox 175 1428 235 1492; x_wconf 92' lang='grc'>2.</span> <span class='ocrx_word' id='word_1_67' title='bbox 277 1429 369 1492; x_wconf 75' lang='lat' dir='ltr'>An</span> <span class='ocrx_word' id='word_1_68' title='bbox 414 1426 610 1494; x_wconf 87' lang='lat' dir='ltr'>liceat</span> <span class='ocrx_word' id='word_1_69' title='bbox 658 1431 848 1495; x_wconf 89' lang='lat' dir='ltr'>Clero</span> <span class='ocrx_word' id='word_1_70' title='bbox 887 1428 1260 1495; x_wconf 89' lang='lat' dir='ltr'>earumdem</span> <span class='ocrx_word' id='word_1_71' title='bbox 1308 1425 1619 1494; x_wconf 80' lang='lat' dir='ltr'>Ecclesia-</span> 
     </span>
     <span class='ocr_line' id='line_1_14' title="bbox 83 1513 1617 1601; baseline 0.002 -25"><span class='ocrx_word' id='word_1_72' title='bbox 83 1529 187 1577; x_wconf 78' lang='lat' dir='ltr'>rum</span> <span class='ocrx_word' id='word_1_73' title='bbox 235 1515 307 1579; x_wconf 88' lang='lat' dir='ltr'>ab</span> <span class='ocrx_word' id='word_1_74' title='bbox 366 1514 441 1580; x_wconf 90' lang='lat' dir='ltr'>iis</span> <span class='ocrx_word' id='word_1_75' title='bbox 506 1516 857 1584; x_wconf 76' lang='lat' dir='ltr'>recitandis</span> <span class='ocrx_word' id='word_1_76' title='bbox 917 1536 1167 1583; x_wconf 87' lang='lat' dir='ltr'>cessare</span> <span class='ocrx_word' id='word_1_77' title='bbox 1213 1534 1330 1601; x_wconf 95' lang='lat' dir='ltr'>pro</span> <span class='ocrx_word' id='word_1_78' title='bbox 1383 1513 1617 1598; x_wconf 88' lang='lat' dir='ltr'>lubitu,</span> 
     </span>
     <span class='ocr_line' id='line_1_15' title="bbox 82 1603 1216 1687; baseline 0.007 -25"><span class='ocrx_word' id='word_1_79' title='bbox 82 1610 360 1687; x_wconf 76' lang='lat' dir='ltr'>tutequam</span> <span class='ocrx_word' id='word_1_80' title='bbox 404 1603 781 1670; x_wconf 77' lang='lat' dir='ltr'>ordinarius</span> <span class='ocrx_word' id='word_1_81' title='bbox 829 1603 893 1671; x_wconf 91' lang='lat' dir='ltr'>id</span> <span class='ocrx_word' id='word_1_82' title='bbox 941 1605 1216 1670; x_wconf 87' lang='lat' dir='ltr'>iusserit.</span> 
     </span>
    </p>

    <p class='ocr_par' dir='ltr' id='par_1_5' title="bbox 83 1689 1619 2130">
     <span class='ocr_line' id='line_1_16' title="bbox 175 1689 1619 1777; baseline 0.001 -23"><span class='ocrx_word' id='word_1_83' title='bbox 175 1693 231 1755; x_wconf 80' lang='lat'>3.</span> <span class='ocrx_word' id='word_1_84' title='bbox 273 1695 391 1775; x_wconf 74' lang='lat' dir='ltr'>An,</span> <span class='ocrx_word' id='word_1_85' title='bbox 440 1689 709 1759; x_wconf 87' lang='lat' dir='ltr'>iubente</span> <span class='ocrx_word' id='word_1_86' title='bbox 747 1691 1100 1776; x_wconf 75' lang='lat' dir='ltr'>Ordinatio,</span> <span class='ocrx_word' id='word_1_87' title='bbox 1136 1702 1206 1758; x_wconf 92' lang='lat' dir='ltr'>ut</span> <span class='ocrx_word' id='word_1_88' title='bbox 1237 1691 1619 1777; x_wconf 86' lang='lat' dir='ltr'>quibusdam</span> 
     </span>
     <span class='ocr_line' id='line_1_17' title="bbox 83 1777 1616 1865; baseline 0.003 -25"><span class='ocrx_word' id='word_1_89' title='bbox 83 1777 549 1845; x_wconf 74' lang='lat' dir='ltr'>Solemnitatibus</span> <span class='ocrx_word' id='word_1_90' title='bbox 610 1780 716 1844; x_wconf 77' lang='lat' dir='ltr'>vel</span> <span class='ocrx_word' id='word_1_91' title='bbox 790 1780 854 1846; x_wconf 92' lang='lat' dir='ltr'>in</span> <span class='ocrx_word' id='word_1_92' title='bbox 912 1779 1034 1845; x_wconf 88' lang='lat' dir='ltr'>alio</span> <span class='ocrx_word' id='word_1_93' title='bbox 1097 1779 1409 1865; x_wconf 82' lang='lat' dir='ltr'>peculiari</span> <span class='ocrx_word' id='word_1_94' title='bbox 1472 1798 1616 1844; x_wconf 88' lang='lat' dir='ltr'>casu</span> 
     </span>
     <span class='ocr_line' id='line_1_18' title="bbox 83 1866 1617 1952; baseline 0.004 -25"><span class='ocrx_word' id='word_1_95' title='bbox 83 1881 227 1930; x_wconf 77' lang='lat' dir='ltr'>sonus</span> <span class='ocrx_word' id='word_1_96' title='bbox 265 1867 438 1932; x_wconf 79' lang='lat' dir='ltr'>Aeris</span> <span class='ocrx_word' id='word_1_97' title='bbox 486 1867 791 1952; x_wconf 81' lang='lat' dir='ltr'>Campani</span> <span class='ocrx_word' id='word_1_98' title='bbox 839 1867 1125 1933; x_wconf 90' lang='lat' dir='ltr'>omnium</span> <span class='ocrx_word' id='word_1_99' title='bbox 1187 1866 1617 1934; x_wconf 87' lang='lat' dir='ltr'>Ecclesiarum</span> 
     </span>
     <span class='ocr_line' id='line_1_19' title="bbox 83 1949 1615 2040; baseline 0.005 -29"><span class='ocrx_word' id='word_1_100' title='bbox 83 1949 282 2036; x_wconf 78' lang='lat' dir='ltr'>edatur,</span> <span class='ocrx_word' id='word_1_101' title='bbox 328 1954 652 2040; x_wconf 76' lang='lat' dir='ltr'>praefatae</span> <span class='ocrx_word' id='word_1_102' title='bbox 695 1954 1021 2021; x_wconf 83' lang='lat' dir='ltr'>Ecclesiae</span> <span class='ocrx_word' id='word_1_103' title='bbox 1068 1956 1474 2040; x_wconf 79' lang='lat' dir='ltr'>quantumvis</span> <span class='ocrx_word' id='word_1_104' title='bbox 1507 1972 1615 2019; x_wconf 81' lang='lat' dir='ltr'>ex·</span> 
     </span>
     <span class='ocr_line' id='line_1_20' title="bbox 84 2041 1520 2130; baseline 0.006 -29"><span class='ocrx_word' id='word_1_105' title='bbox 84 2050 284 2124; x_wconf 80' lang='lat' dir='ltr'>emptae</span> <span class='ocrx_word' id='word_1_106' title='bbox 328 2042 464 2108; x_wconf 87' lang='lat' dir='ltr'>eius</span> <span class='ocrx_word' id='word_1_107' title='bbox 513 2043 810 2110; x_wconf 91' lang='lat' dir='ltr'>mandato</span> <span class='ocrx_word' id='word_1_108' title='bbox 856 2062 1087 2130; x_wconf 88' lang='lat' dir='ltr'>parere</span> <span class='ocrx_word' id='word_1_109' title='bbox 1134 2041 1520 2110; x_wconf 74' lang='lat' dir='ltr'>teneantur?</span> 
     </span>
    </p>

    <p class='ocr_par' dir='ltr' id='par_1_6' title="bbox 84 2131 1621 2477">
     <span class='ocr_line' id='line_1_21' title="bbox 180 2131 1617 2217; baseline 0.003 -26"><span class='ocrx_word' id='word_1_110' title='bbox 180 2131 230 2191; x_wconf 75' lang='lat'>4.</span> <span class='ocrx_word' id='word_1_111' title='bbox 262 2132 352 2196; x_wconf 81' lang='lat' dir='ltr'>An</span> <span class='ocrx_word' id='word_1_112' title='bbox 382 2141 648 2216; x_wconf 83' lang='lat' dir='ltr'>praeter</span> <span class='ocrx_word' id='word_1_113' title='bbox 680 2139 1014 2197; x_wconf 87' lang='lat' dir='ltr'>consuetas</span> <span class='ocrx_word' id='word_1_114' title='bbox 1045 2149 1297 2217; x_wconf 87' lang='lat' dir='ltr'>usuque</span> <span class='ocrx_word' id='word_1_115' title='bbox 1328 2141 1617 2215; x_wconf 87' lang='lat' dir='ltr'>receptas</span> 
     </span>
     <span class='ocr_line' id='line_1_22' title="bbox 84 2214 1616 2319; baseline 0.001 -38"><span class='ocrx_word' id='word_1_116' title='bbox 84 2214 162 2281; x_wconf 84' lang='lat' dir='ltr'>SS.</span> <span class='ocrx_word' id='word_1_117' title='bbox 185 2219 557 2285; x_wconf 85' lang='lat' dir='ltr'>Sacramenti</span> <span class='ocrx_word' id='word_1_118' title='bbox 590 2219 1051 2319; x_wconf 85' lang='lat' dir='ltr'>expositiones,</span> <span class='ocrx_word' id='word_1_119' title='bbox 1079 2217 1616 2286; x_wconf 79' lang='lat' dir='ltr'>extraordinariae</span> 
     </span>
     <span class='ocr_line' id='line_1_23' title="bbox 86 2305 1621 2395; baseline 0.003 -28"><span class='ocrx_word' id='word_1_120' title='bbox 86 2319 290 2390; x_wconf 81' lang='lat' dir='ltr'>quoque</span> <span class='ocrx_word' id='word_1_121' title='bbox 338 2305 401 2372; x_wconf 92' lang='lat' dir='ltr'>in</span> <span class='ocrx_word' id='word_1_122' title='bbox 456 2306 764 2374; x_wconf 81' lang='lat' dir='ltr'>Ecclesiis</span> <span class='ocrx_word' id='word_1_123' title='bbox 820 2306 1136 2395; x_wconf 86' lang='lat' dir='ltr'>exemptis</span> <span class='ocrx_word' id='word_1_124' title='bbox 1188 2307 1331 2374; x_wconf 87' lang='lat' dir='ltr'>fieri</span> <span class='ocrx_word' id='word_1_125' title='bbox 1379 2306 1621 2394; x_wconf 84' lang='lat' dir='ltr'>possint</span> 
     </span>
     <span class='ocr_line' id='line_1_24' title="bbox 86 2389 950 2477; baseline 0.003 -18"><span class='ocrx_word' id='word_1_126' title='bbox 86 2389 271 2477; x_wconf 69' lang='lat' dir='ltr'>absque</span> <span class='ocrx_word' id='word_1_127' title='bbox 301 2394 553 2462; x_wconf 90' lang='lat' dir='ltr'>licentia</span> <span class='ocrx_word' id='word_1_128' title='bbox 584 2394 950 2463; x_wconf 75' lang='lat' dir='ltr'>ordinarii?</span> 
     </span>
    </p>

    <p class='ocr_par' dir='ltr' id='par_1_7' title="bbox 88 2483 1619 2922">
     <span class='ocr_line' id='line_1_25' title="bbox 183 2483 1615 2571; baseline -0.001 -23"><span class='ocrx_word' id='word_1_129' title='bbox 183 2485 234 2548; x_wconf 77' lang='lat'>5.</span> <span class='ocrx_word' id='word_1_130' title='bbox 278 2488 367 2549; x_wconf 77' lang='lat' dir='ltr'>An</span> <span class='ocrx_word' id='word_1_131' title='bbox 412 2483 610 2550; x_wconf 89' lang='lat' dir='ltr'>liceat</span> <span class='ocrx_word' id='word_1_132' title='bbox 661 2483 729 2550; x_wconf 89' lang='lat' dir='ltr'>in</span> <span class='ocrx_word' id='word_1_133' title='bbox 781 2483 1183 2571; x_wconf 76' lang='lat' dir='ltr'>expositione</span> <span class='ocrx_word' id='word_1_134' title='bbox 1243 2484 1354 2549; x_wconf 90' lang='lat' dir='ltr'>SS.</span> <span class='ocrx_word' id='word_1_135' title='bbox 1403 2486 1615 2550; x_wconf 88' lang='lat' dir='ltr'>Sacra-</span> 
     </span>
     <span class='ocr_line' id='line_1_26' title="bbox 88 2568 1616 2657; baseline 0.005 -28"><span class='ocrx_word' id='word_1_136' title='bbox 88 2568 241 2633; x_wconf 75' lang='lat' dir='ltr'>menti</span> <span class='ocrx_word' id='word_1_137' title='bbox 280 2571 494 2638; x_wconf 91' lang='lat' dir='ltr'>lumen</span> <span class='ocrx_word' id='word_1_138' title='bbox 542 2570 803 2657; x_wconf 87' lang='lat' dir='ltr'>aliquod</span> <span class='ocrx_word' id='word_1_139' title='bbox 853 2591 929 2638; x_wconf 88' lang='lat' dir='ltr'>eo</span> <span class='ocrx_word' id='word_1_140' title='bbox 975 2570 1242 2637; x_wconf 77' lang='lat' dir='ltr'>artificio</span> <span class='ocrx_word' id='word_1_141' title='bbox 1298 2570 1616 2636; x_wconf 87' lang='lat' dir='ltr'>collocare</span> 
     </span>
     <span class='ocr_line' id='line_1_27' title="bbox 90 2658 1611 2745; baseline 0.002 -25"><span class='ocrx_word' id='word_1_142' title='bbox 90 2666 279 2745; x_wconf 52' lang='lat' dir='ltr'>§parte</span> <span class='ocrx_word' id='word_1_143' title='bbox 302 2660 540 2744; x_wconf 87' lang='lat' dir='ltr'>postica</span> <span class='ocrx_word' id='word_1_144' title='bbox 591 2659 901 2744; x_wconf 75' lang='lat' dir='ltr'>spherae,</span> <span class='ocrx_word' id='word_1_145' title='bbox 935 2667 1007 2726; x_wconf 88' lang='lat' dir='ltr'>ut</span> <span class='ocrx_word' id='word_1_146' title='bbox 1038 2668 1210 2724; x_wconf 87' lang='lat' dir='ltr'>recta</span> <span class='ocrx_word' id='word_1_147' title='bbox 1258 2658 1516 2725; x_wconf 86' lang='lat' dir='ltr'>illuceat</span> <span class='ocrx_word' id='word_1_148' title='bbox 1552 2658 1611 2723; x_wconf 92' lang='lat' dir='ltr'>in</span> 
     </span>
     <span class='ocr_line' id='line_1_28' title="bbox 90 2745 1619 2833; baseline 0.001 -24"><span class='ocrx_word' id='word_1_149' title='bbox 90 2756 239 2824; x_wconf 67' lang='lat' dir='ltr'>msam</span> <span class='ocrx_word' id='word_1_150' title='bbox 280 2748 766 2814; x_wconf 76' lang='lat' dir='ltr'>sacratissimam</span> <span class='ocrx_word' id='word_1_151' title='bbox 812 2747 1125 2831; x_wconf 85' lang='lat' dir='ltr'>Hostiam,</span> <span class='ocrx_word' id='word_1_152' title='bbox 1171 2765 1333 2833; x_wconf 89' lang='lat' dir='ltr'>quae</span> <span class='ocrx_word' id='word_1_153' title='bbox 1381 2745 1619 2812; x_wconf 81' lang='lat' dir='ltr'>exinde</span> 
     </span>
     <span class='ocr_line' id='line_1_29' title="bbox 94 2826 924 2922; baseline 0.017 -33"><span class='ocrx_word' id='word_1_154' title='bbox 94 2826 252 2898; x_wconf 87' lang='lat' dir='ltr'>lucida</span> <span class='ocrx_word' id='word_1_155' title='bbox 290 2833 642 2922; x_wconf 73' lang='lat' dir='ltr'>appareat?</span> <span class='ocrx_word' id='word_1_156' title='bbox 914 2855 924 2864; x_wconf 68' lang='lat'><strong>⁴</strong></span> 
     </span>
    </p>

    <p class='ocr_par' dir='ltr' id='par_1_8' title="bbox 90 2922 1615 3450">
     <span class='ocr_line' id='line_1_30' title="bbox 186 2922 1615 2991; baseline 0.003 -7"><span class='ocrx_word' id='word_1_157' title='bbox 186 2923 239 2984; x_wconf 83' lang='grc'>6.</span> <span class='ocrx_word' id='word_1_158' title='bbox 281 2923 369 2989; x_wconf 82' lang='lat' dir='ltr'>An</span> <span class='ocrx_word' id='word_1_159' title='bbox 414 2924 750 2991; x_wconf 86' lang='lat' dir='ltr'>toleranda</span> <span class='ocrx_word' id='word_1_160' title='bbox 794 2923 899 2991; x_wconf 75' lang='lat' dir='ltr'>vel</span> <span class='ocrx_word' id='word_1_161' title='bbox 940 2922 1324 2991; x_wconf 85' lang='lat' dir='ltr'>eliminanda</span> <span class='ocrx_word' id='word_1_162' title='bbox 1353 2922 1436 2989; x_wconf 89' lang='lat' dir='ltr'>sit</span> <span class='ocrx_word' id='word_1_163' title='bbox 1466 2942 1615 2989; x_wconf 89' lang='lat' dir='ltr'>con·</span> 
     </span>
     <span class='ocr_line' id='line_1_31' title="bbox 92 3008 1612 3101; baseline 0.007 -33"><span class='ocrx_word' id='word_1_164' title='bbox 92 3008 329 3093; x_wconf 81' lang='lat' dir='ltr'>suetudo,</span> <span class='ocrx_word' id='word_1_165' title='bbox 374 3030 539 3099; x_wconf 89' lang='lat' dir='ltr'>quae</span> <span class='ocrx_word' id='word_1_166' title='bbox 585 3012 652 3079; x_wconf 93' lang='lat' dir='ltr'>in</span> <span class='ocrx_word' id='word_1_167' title='bbox 697 3012 838 3078; x_wconf 87' lang='lat' dir='ltr'>dies</span> <span class='ocrx_word' id='word_1_168' title='bbox 887 3012 1252 3096; x_wconf 81' lang='lat' dir='ltr'>invalescit,</span> <span class='ocrx_word' id='word_1_169' title='bbox 1299 3011 1612 3101; x_wconf 88' lang='lat' dir='ltr'>superim-</span> 
     </span>
     <span class='ocr_line' id='line_1_32' title="bbox 90 3097 1613 3189; baseline 0.003 -31"><span class='ocrx_word' id='word_1_170' title='bbox 90 3097 311 3189; x_wconf 77' lang='lat' dir='ltr'>pcneudi</span> <span class='ocrx_word' id='word_1_171' title='bbox 343 3101 720 3166; x_wconf 87' lang='lat' dir='ltr'>Sanctorum</span> <span class='ocrx_word' id='word_1_172' title='bbox 750 3100 1070 3187; x_wconf 84' lang='lat' dir='ltr'>Reliquias</span> <span class='ocrx_word' id='word_1_173' title='bbox 1099 3099 1427 3187; x_wconf 85' lang='lat' dir='ltr'>pictasque</span> <span class='ocrx_word' id='word_1_174' title='bbox 1458 3104 1613 3166; x_wconf 89' lang='lat' dir='ltr'>lma-</span> 
     </span>
     <span class='ocr_line' id='line_1_33' title="bbox 94 3187 1611 3273; baseline 0.005 -28"><span class='ocrx_word' id='word_1_175' title='bbox 94 3194 228 3261; x_wconf 72' lang='lat' dir='ltr'>gtnes</span> <span class='ocrx_word' id='word_1_176' title='bbox 269 3187 723 3272; x_wconf 83' lang='lat' dir='ltr'>Tabernaculo,</span> <span class='ocrx_word' id='word_1_177' title='bbox 772 3189 836 3254; x_wconf 90' lang='lat' dir='ltr'>in</span> <span class='ocrx_word' id='word_1_178' title='bbox 881 3207 1009 3273; x_wconf 90' lang='lat' dir='ltr'>quo</span> <span class='ocrx_word' id='word_1_179' title='bbox 1075 3188 1611 3271; x_wconf 82' lang='lat' dir='ltr'>Augustissimum</span> 
     </span>
     <span class='ocr_line' id='line_1_34' title="bbox 94 3266 1615 3359; baseline 0.005 -27"><span class='ocrx_word' id='word_1_180' title='bbox 94 3266 497 3341; x_wconf 75' lang='lat' dir='ltr'>Sacramentum</span> <span class='ocrx_word' id='word_1_181' title='bbox 543 3286 926 3359; x_wconf 84' lang='lat' dir='ltr'>asservatur,</span> <span class='ocrx_word' id='word_1_182' title='bbox 964 3276 1046 3340; x_wconf 89' lang='lat' dir='ltr'>ita</span> <span class='ocrx_word' id='word_1_183' title='bbox 1078 3286 1150 3342; x_wconf 92' lang='lat' dir='ltr'>ut</span> <span class='ocrx_word' id='word_1_184' title='bbox 1181 3275 1352 3341; x_wconf 89' lang='lat' dir='ltr'>idem</span> <span class='ocrx_word' id='word_1_185' title='bbox 1387 3274 1615 3341; x_wconf 83' lang='lat' dir='ltr'>Taber-</span> 
     </span>
     <span class='ocr_line' id='line_1_35' title="bbox 94 3359 1194 3450; baseline 0.006 -29"><span class='ocrx_word' id='word_1_186' title='bbox 94 3359 332 3426; x_wconf 78' lang='lat' dir='ltr'>naculum</span> <span class='ocrx_word' id='word_1_187' title='bbox 372 3382 487 3450; x_wconf 90' lang='lat' dir='ltr'>pro</span> <span class='ocrx_word' id='word_1_188' title='bbox 535 3363 670 3430; x_wconf 83' lang='lat' dir='ltr'>basi</span> <span class='ocrx_word' id='word_1_189' title='bbox 717 3361 1067 3430; x_wconf 72' lang='lat' dir='ltr'>inserviat?</span> <span class='ocrx_word' id='word_1_190' title='bbox 1098 3362 1194 3448; x_wconf 88' lang='grc'>(1)</span> 
     </span>
    </p>

    <p class='ocr_par' dir='ltr' id='par_1_9' title="bbox 84 3449 1614 4319">
     <span class='ocr_line' id='line_1_36' title="bbox 127 3449 1614 3538; baseline 0.003 -28"><span class='ocrx_word' id='word_1_191' title='bbox 127 3528 137 3538; x_wconf 24' lang='grc' dir='ltr'><strong><em>ι</em></strong></span> <span class='ocrx_word' id='word_1_192' title='bbox 190 3449 247 3511; x_wconf 84' lang='grc'>7.</span> <span class='ocrx_word' id='word_1_193' title='bbox 286 3451 374 3515; x_wconf 80' lang='lat' dir='ltr'>An</span> <span class='ocrx_word' id='word_1_194' title='bbox 418 3451 605 3518; x_wconf 87' lang='lat' dir='ltr'>liceat</span> <span class='ocrx_word' id='word_1_195' title='bbox 650 3452 839 3519; x_wconf 86' lang='lat' dir='ltr'>titulo</span> <span class='ocrx_word' id='word_1_196' title='bbox 899 3451 1195 3538; x_wconf 90' lang='lat' dir='ltr'>specialis</span> <span class='ocrx_word' id='word_1_197' title='bbox 1252 3451 1614 3518; x_wconf 82' lang='lat' dir='ltr'>devotionis</span> 
     </span>
     <span class='ocr_line' id='line_1_37' title="bbox 95 3528 1611 3625; baseline 0.005 -27"><span class='ocrx_word' id='word_1_198' title='bbox 95 3528 291 3600; x_wconf 74' lang='lat' dir='ltr'>Litaniis</span> <span class='ocrx_word' id='word_1_199' title='bbox 331 3540 702 3606; x_wconf 87' lang='lat' dir='ltr'>Sanctorum</span> <span class='ocrx_word' id='word_1_200' title='bbox 750 3541 855 3606; x_wconf 80' lang='lat' dir='ltr'>vel</span> <span class='ocrx_word' id='word_1_201' title='bbox 902 3538 1270 3607; x_wconf 88' lang='lat' dir='ltr'>Lauretanis</span> <span class='ocrx_word' id='word_1_202' title='bbox 1330 3540 1611 3625; x_wconf 85' lang='lat' dir='ltr'>aliquem</span> 
     </span>
     <span class='ocr_line' id='line_1_38' title="bbox 97 3620 1610 3711; baseline 0.008 -31"><span class='ocrx_word' id='word_1_203' title='bbox 97 3620 410 3691; x_wconf 83' lang='lat' dir='ltr'>versiculum</span> <span class='ocrx_word' id='word_1_204' title='bbox 453 3627 745 3706; x_wconf 80' lang='lat' dir='ltr'>addere3</span> <span class='ocrx_word' id='word_1_205' title='bbox 795 3628 897 3694; x_wconf 82' lang='lat' dir='ltr'>vel</span> <span class='ocrx_word' id='word_1_206' title='bbox 945 3636 1138 3695; x_wconf 78' lang='lat' dir='ltr'>novas</span> <span class='ocrx_word' id='word_1_207' title='bbox 1182 3626 1475 3711; x_wconf 89' lang='lat' dir='ltr'>Litanias,</span> <span class='ocrx_word' id='word_1_208' title='bbox 1524 3627 1610 3693; x_wconf 92' lang='lat' dir='ltr'>de</span> 
     </span>
     <span class='ocr_line' id='line_1_39' title="bbox 97 3710 1611 3802; baseline -0.003 -18"><span class='ocrx_word' id='word_1_209' title='bbox 97 3719 302 3799; x_wconf 73' lang='lat' dir='ltr'>‘illarum</span> <span class='ocrx_word' id='word_1_210' title='bbox 354 3714 805 3802; x_wconf 87' lang='lat' dir='ltr'>adprobatione</span> <span class='ocrx_word' id='word_1_211' title='bbox 858 3710 1189 3783; x_wconf 81' lang='lat' dir='ltr'>ordinario</span> <span class='ocrx_word' id='word_1_212' title='bbox 1243 3716 1611 3783; x_wconf 86' lang='lat' dir='ltr'>nullatenus</span> 
     </span>
     <span class='ocr_line' id='line_1_40' title="bbox 100 3800 1526 3883; baseline 0.008 -26"><span class='ocrx_word' id='word_1_213' title='bbox 100 3807 307 3883; x_wconf 78' lang='lat' dir='ltr'>constet,</span> <span class='ocrx_word' id='word_1_214' title='bbox 351 3801 411 3867; x_wconf 89' lang='lat' dir='ltr'>in</span> <span class='ocrx_word' id='word_1_215' title='bbox 452 3803 756 3869; x_wconf 86' lang='lat' dir='ltr'>Ecclesiis</span> <span class='ocrx_word' id='word_1_216' title='bbox 794 3822 1024 3871; x_wconf 91' lang='lat' dir='ltr'>canere</span> <span class='ocrx_word' id='word_1_217' title='bbox 1055 3803 1161 3869; x_wconf 83' lang='lat' dir='ltr'>vel</span> <span class='ocrx_word' id='word_1_218' title='bbox 1210 3800 1526 3869; x_wconf 73' lang='lat' dir='ltr'>recitare?</span> 
     </span>
     <span class='ocr_line' id='line_1_41' title="bbox 135 3884 1613 3977; baseline 0.001 -23"><span class='ocrx_word' id='word_1_219' title='bbox 135 3963 144 3975; x_wconf 92' lang='lat'><strong>.</strong></span> <span class='ocrx_word' id='word_1_220' title='bbox 192 3884 257 3948; x_wconf 81' lang='lat' dir='ltr'>Et</span> <span class='ocrx_word' id='word_1_221' title='bbox 308 3891 369 3955; x_wconf 87' lang='lat' dir='ltr'>S.</span> <span class='ocrx_word' id='word_1_222' title='bbox 416 3894 491 3958; x_wconf 81' lang='lat' dir='ltr'>R.</span> <span class='ocrx_word' id='word_1_223' title='bbox 543 3894 647 3974; x_wconf 67' lang='lat' dir='ltr'>C„</span> <span class='ocrx_word' id='word_1_224' title='bbox 699 3908 769 3957; x_wconf 90' lang='lat' dir='ltr'>re</span> <span class='ocrx_word' id='word_1_225' title='bbox 826 3901 1074 3957; x_wconf 88' lang='lat' dir='ltr'>mature</span> <span class='ocrx_word' id='word_1_226' title='bbox 1134 3890 1613 3977; x_wconf 71' lang='lat' dir='ltr'>diligenterque</span> 
     </span>
     <span class='ocr_line' id='line_1_42' title="bbox 104 3961 1611 4066; baseline 0.003 -27"><span class='ocrx_word' id='word_1_227' title='bbox 104 3961 338 4066; x_wconf 58' lang='lat' dir='ltr'>dlsfiussa,</span> <span class='ocrx_word' id='word_1_228' title='bbox 381 3979 454 4044; x_wconf 89' lang='lat' dir='ltr'>ad</span> <span class='ocrx_word' id='word_1_229' title='bbox 505 3978 888 4047; x_wconf 84' lang='lat' dir='ltr'>relationem</span> <span class='ocrx_word' id='word_1_230' title='bbox 947 3978 1328 4066; x_wconf 82' lang='lat' dir='ltr'>infrascripti</span> <span class='ocrx_word' id='word_1_231' title='bbox 1390 3981 1611 4046; x_wconf 88' lang='lat' dir='ltr'>Secre-</span> 
     </span>
     <span class='ocr_line' id='line_1_43' title="bbox 106 4060 1610 4209; baseline 0.003 -84"><span class='ocrx_word' id='word_1_232' title='bbox 106 4060 223 4209; x_wconf 55' lang='grc' dir='ltr'>ἱῇῐιιι,</span> <span class='ocrx_word' id='word_1_233' title='bbox 248 4066 755 4153; x_wconf 88' lang='lat' dir='ltr'>respondendum</span> <span class='ocrx_word' id='word_1_234' title='bbox 803 4067 1051 4133; x_wconf 88' lang='lat' dir='ltr'>censuit</span> <span class='ocrx_word' id='word_1_235' title='bbox 1097 4077 1168 4133; x_wconf 89' lang='lat' dir='ltr'>ut</span> <span class='ocrx_word' id='word_1_236' title='bbox 1200 4066 1398 4147; x_wconf 80' lang='lat' dir='ltr'>infra3</span> <span class='ocrx_word' id='word_1_237' title='bbox 1433 4066 1532 4130; x_wconf 78' lang='lat' dir='ltr'>vid</span> <span class='ocrx_word' id='word_1_238' title='bbox 1548 4085 1610 4131; x_wconf 91' lang='lat' dir='ltr'>e-</span> 
     </span>
     <span class='ocr_line' id='line_1_44' title="bbox 124 4158 253 4211; baseline 0.039 -11"><span class='ocrx_word' id='word_1_239' title='bbox 124 4158 193 4205; x_wconf 66' lang='lat' dir='ltr'>lce</span> <span class='ocrx_word' id='word_1_240' title='bbox 238 4171 253 4211; x_wconf 73' lang='lat' dir='ltr'>z</span> 
     </span>
     <span class='ocr_line' id='line_1_45' title="bbox 84 4236 980 4319; baseline 0.007 -17"><span class='ocrx_word' id='word_1_241' title='bbox 84 4310 89 4319; x_wconf 93' lang='lat'>.</span> <span class='ocrx_word' id='word_1_242' title='bbox 196 4236 270 4302; x_wconf 70' lang='lat' dir='ltr'>Ad</span> <span class='ocrx_word' id='word_1_243' title='bbox 318 4244 373 4306; x_wconf 82' lang='lat'>1.</span> <span class='ocrx_word' id='word_1_244' title='bbox 418 4266 456 4309; x_wconf 64' lang='grc' dir='ltr'>ι</span> <span class='ocrx_word' id='word_1_245' title='bbox 486 4241 884 4311; x_wconf 78' lang='lat' dir='ltr'>Affirmative</span> <span class='ocrx_word' id='word_1_246' title='bbox 918 4266 980 4309; x_wconf 55' lang='grc' dir='ltr'>ν.</span> 
     </span>
    </p>

    <p class='ocr_par' dir='ltr' id='par_1_10' title="bbox 202 4322 900 4416">
     <span class='ocr_line' id='line_1_46' title="bbox 202 4322 900 4416; baseline 0.01 -26"><span class='ocrx_word' id='word_1_247' title='bbox 202 4322 275 4390; x_wconf 71' lang='lat' dir='ltr'>Ad</span> <span class='ocrx_word' id='word_1_248' title='bbox 315 4332 375 4394; x_wconf 88' lang='grc'>2.</span> <span class='ocrx_word' id='word_1_249' title='bbox 421 4353 457 4396; x_wconf 79' lang='lat'>‹</span> <span class='ocrx_word' id='word_1_250' title='bbox 488 4332 801 4416; x_wconf 76' lang='lat' dir='ltr'>Negative</span> <span class='ocrx_word' id='word_1_251' title='bbox 837 4354 900 4399; x_wconf 59' lang='grc' dir='ltr'><strong>ν.</strong></span> 
     </span>
    </p>

    <p class='ocr_par' dir='ltr' id='par_1_11' title="bbox 203 4411 980 4487">
     <span class='ocr_line' id='line_1_47' title="bbox 203 4411 980 4487; baseline 0.01 -10"><span class='ocrx_word' id='word_1_252' title='bbox 203 4411 274 4477; x_wconf 72' lang='lat' dir='ltr'>Ad</span> <span class='ocrx_word' id='word_1_253' title='bbox 316 4420 373 4485; x_wconf 83' lang='lat'>3.</span> <span class='ocrx_word' id='word_1_254' title='bbox 418 4440 453 4484; x_wconf 84' lang='lat'><strong>‹</strong></span> <span class='ocrx_word' id='word_1_255' title='bbox 485 4417 884 4487; x_wconf 80' lang='lat' dir='ltr'>Affirmative</span> <span class='ocrx_word' id='word_1_256' title='bbox 915 4439 980 4485; x_wconf 69' lang='lat' dir='ltr'>a».</span> 
     </span>
    </p>

    <p class='ocr_par' dir='ltr' id='par_1_12' title="bbox 114 4497 1607 4681">
     <span class='ocr_line' id='line_1_48' title="bbox 203 4497 1607 4595; baseline 0.004 -31"><span class='ocrx_word' id='word_1_257' title='bbox 203 4497 277 4564; x_wconf 72' lang='lat' dir='ltr'>Ad</span> <span class='ocrx_word' id='word_1_258' title='bbox 317 4507 372 4571; x_wconf 75' lang='lat'>4.</span> <span class='ocrx_word' id='word_1_259' title='bbox 418 4527 454 4570; x_wconf 81' lang='lat'>‹</span> <span class='ocrx_word' id='word_1_260' title='bbox 485 4509 836 4595; x_wconf 79' lang='lat' dir='ltr'>Negative3</span> <span class='ocrx_word' id='word_1_261' title='bbox 874 4517 938 4572; x_wconf 89' lang='lat' dir='ltr'>et</span> <span class='ocrx_word' id='word_1_262' title='bbox 970 4519 1313 4574; x_wconf 76' lang='lat' dir='ltr'>serventur</span> <span class='ocrx_word' id='word_1_263' title='bbox 1345 4510 1607 4572; x_wconf 88' lang='lat' dir='ltr'>Decreta</span> 
     </span>
     <span class='ocr_line' id='line_1_49' title="bbox 114 4574 1539 4681; baseline 0.006 -29"><span class='ocrx_word' id='word_1_264' title='bbox 114 4574 190 4644; x_wconf 65' lang='lat' dir='ltr'>hac</span> <span class='ocrx_word' id='word_1_265' title='bbox 223 4604 382 4676; x_wconf 85' lang='lat' dir='ltr'>supra</span> <span class='ocrx_word' id='word_1_266' title='bbox 423 4614 491 4661; x_wconf 90' lang='lat' dir='ltr'>re</span> <span class='ocrx_word' id='word_1_267' title='bbox 538 4595 783 4681; x_wconf 91' lang='lat' dir='ltr'>pluries</span> <span class='ocrx_word' id='word_1_268' title='bbox 829 4594 999 4661; x_wconf 85' lang='lat' dir='ltr'>edita</span> <span class='ocrx_word' id='word_1_269' title='bbox 1033 4617 1100 4660; x_wconf 69' lang='grc' dir='ltr'><strong>ιν.</strong></span> <span class='ocrx_word' id='word_1_270' title='bbox 1532 4670 1539 4679; x_wconf 46' lang='grc'><em>,</em></span> 
     </span>
    </p>

    <p class='ocr_par' dir='ltr' id='par_1_13' title="bbox 117 4673 1611 5118">
     <span class='ocr_line' id='line_1_50' title="bbox 162 4673 1608 4772; baseline 0.003 -29"><span class='ocrx_word' id='word_1_271' title='bbox 162 4673 276 4772; x_wconf 68' lang='lat' dir='ltr'>Ad</span> <span class='ocrx_word' id='word_1_272' title='bbox 318 4682 373 4744; x_wconf 70' lang='lat'>5.</span> <span class='ocrx_word' id='word_1_273' title='bbox 421 4703 457 4746; x_wconf 60' lang='grc' dir='ltr'><strong><em>α</em></strong></span> <span class='ocrx_word' id='word_1_274' title='bbox 488 4683 843 4771; x_wconf 82' lang='lat' dir='ltr'>Negative3</span> <span class='ocrx_word' id='word_1_275' title='bbox 908 4694 974 4748; x_wconf 92' lang='lat' dir='ltr'>et</span> <span class='ocrx_word' id='word_1_276' title='bbox 1031 4692 1328 4749; x_wconf 80' lang='lat' dir='ltr'>servetur</span> <span class='ocrx_word' id='word_1_277' title='bbox 1373 4686 1608 4748; x_wconf 87' lang='lat' dir='ltr'>Instru-</span> 
     </span>
     <span class='ocr_line' id='line_1_51' title="bbox 117 4762 1611 4853; baseline 0.014 -40"><span class='ocrx_word' id='word_1_278' title='bbox 117 4762 203 4820; x_wconf 80' lang='lat' dir='ltr'>cuc</span> <span class='ocrx_word' id='word_1_279' title='bbox 252 4781 398 4833; x_wconf 77' lang='lat' dir='ltr'>iussu</span> <span class='ocrx_word' id='word_1_280' title='bbox 450 4791 499 4835; x_wconf 88' lang='lat' dir='ltr'>s.</span> <span class='ocrx_word' id='word_1_281' title='bbox 555 4791 645 4837; x_wconf 89' lang='lat' dir='ltr'>m.</span> <span class='ocrx_word' id='word_1_282' title='bbox 695 4771 1044 4837; x_wconf 89' lang='lat' dir='ltr'>Clementis</span> <span class='ocrx_word' id='word_1_283' title='bbox 1102 4775 1216 4838; x_wconf 86' lang='lat' dir='ltr'>PP.</span> <span class='ocrx_word' id='word_1_284' title='bbox 1264 4773 1373 4853; x_wconf 86' lang='lat' dir='ltr'>XI,</span> <span class='ocrx_word' id='word_1_285' title='bbox 1431 4770 1611 4835; x_wconf 79' lang='lat' dir='ltr'>evul-</span> 
     </span>
     <span class='ocr_line' id='line_1_52' title="bbox 117 4847 1611 4946; baseline 0.004 -29"><span class='ocrx_word' id='word_1_286' title='bbox 117 4851 212 4917; x_wconf 70' lang='lat'>8³12</span> <span class='ocrx_word' id='word_1_287' title='bbox 248 4847 338 4917; x_wconf 85' lang='lat' dir='ltr'>die</span> <span class='ocrx_word' id='word_1_288' title='bbox 380 4859 455 4923; x_wconf 91' lang='grc'>21</span> <span class='ocrx_word' id='word_1_289' title='bbox 500 4857 765 4926; x_wconf 90' lang='lat' dir='ltr'>Ianuarii</span> <span class='ocrx_word' id='word_1_290' title='bbox 818 4862 1012 4941; x_wconf 75' lang='lat'>1705,</span> <span class='ocrx_word' id='word_1_291' title='bbox 1048 4878 1166 4946; x_wconf 90' lang='lat' dir='ltr'>pro</span> <span class='ocrx_word' id='word_1_292' title='bbox 1195 4858 1611 4945; x_wconf 87' lang='lat' dir='ltr'>Expositione</span> 
     </span>
     <span class='ocr_line' id='line_1_53' title="bbox 119 4924 1611 5030; baseline 0.007 -31"><span class='ocrx_word' id='word_1_293' title='bbox 119 4924 194 5021; x_wconf 57' lang='lat' dir='ltr'>SS-</span> <span class='ocrx_word' id='word_1_294' title='bbox 220 4933 588 5030; x_wconf 86' lang='lat' dir='ltr'>Sacramenti,</span> <span class='ocrx_word' id='word_1_295' title='bbox 623 4947 952 5013; x_wconf 85' lang='lat' dir='ltr'>occasione</span> <span class='ocrx_word' id='word_1_296' title='bbox 996 4946 1303 5013; x_wconf 88' lang='lat' dir='ltr'>Orationis</span> <span class='ocrx_word' id='word_1_297' title='bbox 1340 4944 1611 5023; x_wconf 83' lang='lat' dir='ltr'>Quadra-</span> 
     </span>
     <span class='ocr_line' id='line_1_54' title="bbox 118 5024 825 5118; baseline 0.014 -28"><span class='ocrx_word' id='word_1_298' title='bbox 118 5024 234 5090; x_wconf 72' lang='lat' dir='ltr'>ginta</span> <span class='ocrx_word' id='word_1_299' title='bbox 270 5028 550 5100; x_wconf 79' lang='lat' dir='ltr'>Horarum</span> <span class='ocrx_word' id='word_1_300' title='bbox 580 5035 618 5118; x_wconf 60' lang='grc' dir='ltr'>ὅ</span> <span class='ocrx_word' id='word_1_301' title='bbox 652 5037 730 5100; x_wconf 85' lang='lat' dir='ltr'>Vl</span> <span class='ocrx_word' id='word_1_302' title='bbox 762 5055 825 5100; x_wconf 69' lang='grc' dir='ltr'><strong>ιν.</strong></span> 
     </span>
    </p>

    <p class='ocr_par' dir='ltr' id='par_1_14' title="bbox 212 5108 1608 5189">
     <span class='ocr_line' id='line_1_55' title="bbox 212 5108 1608 5189; baseline 0.006 -11"><span class='ocrx_word' id='word_1_303' title='bbox 212 5108 284 5177; x_wconf 70' lang='lat' dir='ltr'>Ad</span> <span class='ocrx_word' id='word_1_304' title='bbox 325 5117 380 5181; x_wconf 79' lang='grc'>6.</span> <span class='ocrx_word' id='word_1_305' title='bbox 425 5141 460 5185; x_wconf 83' lang='lat'><strong>‹</strong></span> <span class='ocrx_word' id='word_1_306' title='bbox 491 5124 805 5189; x_wconf 80' lang='lat' dir='ltr'>Assertam</span> <span class='ocrx_word' id='word_1_307' title='bbox 870 5122 1402 5189; x_wconf 87' lang='lat' dir='ltr'>consuetudinem</span> <span class='ocrx_word' id='word_1_308' title='bbox 1452 5132 1608 5187; x_wconf 87' lang='lat' dir='ltr'>tam-</span> 
     </span>
    </p>

    <p class='ocr_par' dir='ltr' id='par_1_15' title="bbox 124 5202 1606 5279">
     <span class='ocr_line' id='line_1_56' title="bbox 124 5202 1606 5279; baseline 0.001 -5"><span class='ocrx_word' id='word_1_309' title='bbox 124 5203 257 5268; x_wconf 62' lang='lat' dir='ltr'>‘lmm</span> <span class='ocrx_word' id='word_1_310' title='bbox 295 5202 533 5277; x_wconf 72' lang='lat' dir='ltr'>abusum</span> <span class='ocrx_word' id='word_1_311' title='bbox 579 5210 1041 5279; x_wconf 87' lang='lat' dir='ltr'>eliminandum</span> <span class='ocrx_word' id='word_1_312' title='bbox 1089 5210 1348 5279; x_wconf 90' lang='lat' dir='ltr'>omnino</span> <span class='ocrx_word' id='word_1_313' title='bbox 1381 5229 1606 5276; x_wconf 80' lang='lat' dir='ltr'>esse».</span> 
     </span>
    </p>
   </div>
   <div class='ocr_carea' id='block_1_3' title="bbox 219 5384 606 5461">
    <p class='ocr_par' dir='ltr' id='par_1_16' title="bbox 219 5384 606 5461">
     <span class='ocr_line' id='line_1_57' title="bbox 219 5384 606 5461; baseline 0.005 -4"><span class='ocrx_word' id='word_1_314' title='bbox 219 5384 281 5457; x_wconf 73' lang='grc' dir='ltr'>(ί)</span> <span class='ocrx_word' id='word_1_315' title='bbox 308 5395 359 5452; x_wconf 79' lang='lat' dir='ltr'>s.</span> <span class='ocrx_word' id='word_1_316' title='bbox 392 5401 520 5460; x_wconf 71' lang='lat' dir='ltr'>uun.</span> <span class='ocrx_word' id='word_1_317' title='bbox 556 5405 606 5461; x_wconf 82' lang='lat'>7.</span> 
     </span>
    </p>
   </div>
   <div class='ocr_carea' id='block_1_4' title="bbox 1724 455 3309 1073">
    <p class='ocr_par' dir='ltr' id='par_1_17' title="bbox 1724 455 3309 966">
     <span class='ocr_line' id='line_1_58' title="bbox 1853 455 3307 546; baseline -0.001 -20"><span class='ocrx_word' id='word_1_318' title='bbox 1853 459 1951 526; x_wconf 82' lang='lat' dir='ltr'>Ad</span> <span class='ocrx_word' id='word_1_319' title='bbox 2001 464 2065 526; x_wconf 86' lang='grc'>7.</span> <span class='ocrx_word' id='word_1_320' title='bbox 2120 482 2158 525; x_wconf 82' lang='lat'><strong>‹</strong></span> <span class='ocrx_word' id='word_1_321' title='bbox 2190 457 2532 546; x_wconf 78' lang='lat' dir='ltr'>Negative3</span> <span class='ocrx_word' id='word_1_322' title='bbox 2571 467 2637 523; x_wconf 87' lang='lat' dir='ltr'>et</span> <span class='ocrx_word' id='word_1_323' title='bbox 2665 467 3009 525; x_wconf 82' lang='lat' dir='ltr'>serventur</span> <span class='ocrx_word' id='word_1_324' title='bbox 3047 455 3307 527; x_wconf 88' lang='lat' dir='ltr'>omnino</span> 
     </span>
     <span class='ocr_line' id='line_1_59' title="bbox 1727 545 3309 632; baseline -0.001 -19"><span class='ocrx_word' id='word_1_325' title='bbox 1727 552 1991 614; x_wconf 88' lang='lat' dir='ltr'>Decreta</span> <span class='ocrx_word' id='word_1_326' title='bbox 2049 551 2275 614; x_wconf 86' lang='lat' dir='ltr'>Sacrae</span> <span class='ocrx_word' id='word_1_327' title='bbox 2319 545 2887 632; x_wconf 78' lang='lat' dir='ltr'>congregationis:</span> <span class='ocrx_word' id='word_1_328' title='bbox 2952 557 3309 632; x_wconf 85' lang='lat' dir='ltr'>curentque</span> 
     </span>
     <span class='ocr_line' id='line_1_60' title="bbox 1726 633 3307 722; baseline -0.001 -20"><span class='ocrx_word' id='word_1_329' title='bbox 1726 635 2036 702; x_wconf 89' lang='lat' dir='ltr'>Ordinarii</span> <span class='ocrx_word' id='word_1_330' title='bbox 2083 634 2393 722; x_wconf 78' lang='lat' dir='ltr'>colligere</span> <span class='ocrx_word' id='word_1_331' title='bbox 2425 645 2492 700; x_wconf 91' lang='lat' dir='ltr'>et</span> <span class='ocrx_word' id='word_1_332' title='bbox 2520 644 2739 700; x_wconf 78' lang='lat' dir='ltr'>vetare</span> <span class='ocrx_word' id='word_1_333' title='bbox 2776 633 3080 719; x_wconf 74' lang='lat' dir='ltr'>formulas</span> <span class='ocrx_word' id='word_1_334' title='bbox 3125 654 3307 720; x_wconf 91' lang='lat' dir='ltr'>quas-</span> 
     </span>
     <span class='ocr_line' id='line_1_61' title="bbox 1727 723 3305 810; baseline -0.001 -21"><span class='ocrx_word' id='word_1_335' title='bbox 1727 742 2034 808; x_wconf 90' lang='lat' dir='ltr'>cumque,</span> <span class='ocrx_word' id='word_1_336' title='bbox 2068 734 2193 789; x_wconf 90' lang='lat' dir='ltr'>tam</span> <span class='ocrx_word' id='word_1_337' title='bbox 2225 723 2568 810; x_wconf 89' lang='lat' dir='ltr'>impressas</span> <span class='ocrx_word' id='word_1_338' title='bbox 2598 740 2789 807; x_wconf 90' lang='lat' dir='ltr'>quam</span> <span class='ocrx_word' id='word_1_339' title='bbox 2817 724 3305 809; x_wconf 83' lang='lat' dir='ltr'>manuscriptas,</span> 
     </span>
     <span class='ocr_line' id='line_1_62' title="bbox 1724 807 3309 897; baseline -0.001 -20"><span class='ocrx_word' id='word_1_340' title='bbox 1724 810 2109 878; x_wconf 90' lang='lat' dir='ltr'>Litaniarum</span> <span class='ocrx_word' id='word_1_341' title='bbox 2176 811 2260 877; x_wconf 84' lang='lat' dir='ltr'>de</span> <span class='ocrx_word' id='word_1_342' title='bbox 2328 829 2599 896; x_wconf 90' lang='lat' dir='ltr'>quarum</span> <span class='ocrx_word' id='word_1_343' title='bbox 2662 807 3118 897; x_wconf 83' lang='lat' dir='ltr'>approbatione</span> <span class='ocrx_word' id='word_1_344' title='bbox 3180 828 3309 876; x_wconf 90' lang='lat' dir='ltr'>non</span> 
     </span>
     <span class='ocr_line' id='line_1_63' title="bbox 1728 908 2070 966; baseline 0.003 -2"><span class='ocrx_word' id='word_1_345' title='bbox 1728 908 1972 966; x_wconf 84' lang='lat' dir='ltr'>constat</span> <span class='ocrx_word' id='word_1_346' title='bbox 2007 922 2070 965; x_wconf 80' lang='lat'>».</span> 
     </span>
    </p>

    <p class='ocr_par' dir='ltr' id='par_1_18' title="bbox 1857 984 3306 1073">
     <span class='ocr_line' id='line_1_64' title="bbox 1857 984 3306 1073; baseline 0 -23"><span class='ocrx_word' id='word_1_347' title='bbox 1857 1007 1895 1050; x_wconf 63' lang='grc' dir='ltr'>ι</span> <span class='ocrx_word' id='word_1_348' title='bbox 1924 991 2000 1051; x_wconf 85' lang='lat' dir='ltr'>Et</span> <span class='ocrx_word' id='word_1_349' title='bbox 2029 987 2325 1073; x_wconf 87' lang='lat' dir='ltr'>quoniam</span> <span class='ocrx_word' id='word_1_350' title='bbox 2350 988 2435 1053; x_wconf 89' lang='lat' dir='ltr'>de</span> <span class='ocrx_word' id='word_1_351' title='bbox 2457 984 2714 1052; x_wconf 87' lang='lat' dir='ltr'>Litaniis</span> <span class='ocrx_word' id='word_1_352' title='bbox 2742 1003 2954 1052; x_wconf 88' lang='lat' dir='ltr'>sermo</span> <span class='ocrx_word' id='word_1_353' title='bbox 2981 996 3077 1052; x_wconf 90' lang='lat' dir='ltr'>est</span> <span class='ocrx_word' id='word_1_354' title='bbox 3106 1003 3306 1073; x_wconf 88' lang='lat' dir='ltr'>quum</span> 
     </span>
    </p>
   </div>
   <div class='ocr_carea' id='block_1_5' title="bbox 1683 1072 3304 1163">
    <p class='ocr_par' dir='ltr' id='par_1_19' title="bbox 1683 1072 3304 1163">
     <span class='ocr_line' id='line_1_65' title="bbox 1683 1072 3304 1163; baseline -0.001 -23"><span class='ocrx_word' id='word_1_355' title='bbox 1683 1129 1693 1140; x_wconf 93' lang='lat'><strong>.</strong></span> <span class='ocrx_word' id='word_1_356' title='bbox 1723 1076 1949 1140; x_wconf 88' lang='lat' dir='ltr'>Sacrae</span> <span class='ocrx_word' id='word_1_357' title='bbox 1987 1074 2480 1163; x_wconf 72' lang='lat' dir='ltr'>congregationi</span> <span class='ocrx_word' id='word_1_358' title='bbox 2511 1073 2862 1141; x_wconf 87' lang='lat' dir='ltr'>innotuerit</span> <span class='ocrx_word' id='word_1_359' title='bbox 2893 1074 3209 1160; x_wconf 85' lang='lat' dir='ltr'>aliquibus</span> <span class='ocrx_word' id='word_1_360' title='bbox 3241 1072 3304 1138; x_wconf 86' lang='lat' dir='ltr'>in</span> 
     </span>
    </p>
   </div>
   <div class='ocr_carea' id='block_1_6' title="bbox 1711 1161 3310 5119">
    <p class='ocr_par' dir='ltr' id='par_1_20' title="bbox 1720 1161 3310 2041">
     <span class='ocr_line' id='line_1_66' title="bbox 1722 1161 3310 1249; baseline -0.001 -21"><span class='ocrx_word' id='word_1_361' title='bbox 1722 1162 2052 1247; x_wconf 87' lang='lat' dir='ltr'>Ecclesiis‚</span> <span class='ocrx_word' id='word_1_362' title='bbox 2071 1164 2451 1249; x_wconf 87' lang='lat' dir='ltr'>praesertim</span> <span class='ocrx_word' id='word_1_363' title='bbox 2477 1161 2803 1229; x_wconf 87' lang='lat' dir='ltr'>occasione</span> <span class='ocrx_word' id='word_1_364' title='bbox 2827 1161 3134 1228; x_wconf 82' lang='lat' dir='ltr'>Orationis</span> <span class='ocrx_word' id='word_1_365' title='bbox 3155 1163 3310 1240; x_wconf 86' lang='lat' dir='ltr'>Qua·</span> 
     </span>
     <span class='ocr_line' id='line_1_67' title="bbox 1722 1248 3309 1337; baseline 0 -22"><span class='ocrx_word' id='word_1_366' title='bbox 1722 1251 2009 1337; x_wconf 87' lang='lat' dir='ltr'>draginta</span> <span class='ocrx_word' id='word_1_367' title='bbox 2057 1253 2390 1334; x_wconf 84' lang='lat' dir='ltr'>Horarum,</span> <span class='ocrx_word' id='word_1_368' title='bbox 2424 1249 2678 1316; x_wconf 86' lang='lat' dir='ltr'>libellos</span> <span class='ocrx_word' id='word_1_369' title='bbox 2707 1248 3024 1332; x_wconf 87' lang='lat' dir='ltr'>adbiberi,</span> <span class='ocrx_word' id='word_1_370' title='bbox 3060 1251 3124 1317; x_wconf 90' lang='lat' dir='ltr'>in</span> <span class='ocrx_word' id='word_1_371' title='bbox 3170 1249 3309 1335; x_wconf 89' lang='lat' dir='ltr'>qui-</span> 
     </span>
     <span class='ocr_line' id='line_1_68' title="bbox 1724 1337 3304 1424; baseline 0 -20"><span class='ocrx_word' id='word_1_372' title='bbox 1724 1339 1841 1404; x_wconf 85' lang='lat' dir='ltr'>bus</span> <span class='ocrx_word' id='word_1_373' title='bbox 1888 1339 1989 1404; x_wconf 82' lang='lat' dir='ltr'>vel</span> <span class='ocrx_word' id='word_1_374' title='bbox 2044 1338 2465 1424; x_wconf 89' lang='lat' dir='ltr'>peculiarium</span> <span class='ocrx_word' id='word_1_375' title='bbox 2503 1341 2881 1404; x_wconf 85' lang='lat' dir='ltr'>Sanctorum</span> <span class='ocrx_word' id='word_1_376' title='bbox 2912 1337 3166 1404; x_wconf 87' lang='lat' dir='ltr'>nomina</span> <span class='ocrx_word' id='word_1_377' title='bbox 3198 1338 3304 1404; x_wconf 91' lang='lat' dir='ltr'>ad—</span> 
     </span>
     <span class='ocr_line' id='line_1_69' title="bbox 1724 1426 3307 1515; baseline 0 -23"><span class='ocrx_word' id='word_1_378' title='bbox 1724 1426 1854 1492; x_wconf 86' lang='lat' dir='ltr'>dita</span> <span class='ocrx_word' id='word_1_379' title='bbox 1902 1427 2408 1515; x_wconf 87' lang='lat' dir='ltr'>conspiciuntur,</span> <span class='ocrx_word' id='word_1_380' title='bbox 2457 1427 2563 1492; x_wconf 82' lang='lat' dir='ltr'>vel</span> <span class='ocrx_word' id='word_1_381' title='bbox 2611 1445 2775 1492; x_wconf 88' lang='lat' dir='ltr'>uuus</span> <span class='ocrx_word' id='word_1_382' title='bbox 2818 1440 2926 1491; x_wconf 88' lang='lat' dir='ltr'>aut</span> <span class='ocrx_word' id='word_1_383' title='bbox 2969 1426 3131 1491; x_wconf 91' lang='lat' dir='ltr'>alter</span> <span class='ocrx_word' id='word_1_384' title='bbox 3163 1446 3307 1492; x_wconf 85' lang='lat' dir='ltr'>ver-</span> 
     </span>
     <span class='ocr_line' id='line_1_70' title="bbox 1720 1512 3304 1602; baseline 0 -22"><span class='ocrx_word' id='word_1_385' title='bbox 1720 1513 1957 1580; x_wconf 86' lang='lat' dir='ltr'>siculus</span> <span class='ocrx_word' id='word_1_386' title='bbox 1992 1515 2054 1580; x_wconf 91' lang='lat' dir='ltr'>in</span> <span class='ocrx_word' id='word_1_387' title='bbox 2088 1514 2387 1602; x_wconf 88' lang='lat' dir='ltr'>precibus</span> <span class='ocrx_word' id='word_1_388' title='bbox 2431 1513 2880 1592; x_wconf 86' lang='lat' dir='ltr'>desideratur;</span> <span class='ocrx_word' id='word_1_389' title='bbox 2931 1512 3167 1581; x_wconf 91' lang='lat' dir='ltr'>idcirco</span> <span class='ocrx_word' id='word_1_390' title='bbox 3199 1517 3304 1580; x_wconf 86' lang='lat' dir='ltr'>Sa·</span> 
     </span>
     <span class='ocr_line' id='line_1_71' title="bbox 1722 1601 3303 1690; baseline 0.001 -23"><span class='ocrx_word' id='word_1_391' title='bbox 1722 1622 1826 1667; x_wconf 88' lang='lat' dir='ltr'>cra</span> <span class='ocrx_word' id='word_1_392' title='bbox 1902 1603 2325 1690; x_wconf 79' lang='lat' dir='ltr'>congregatio</span> <span class='ocrx_word' id='word_1_393' title='bbox 2349 1650 2367 1684; x_wconf 90' lang='lat'>,</span> <span class='ocrx_word' id='word_1_394' title='bbox 2447 1601 2838 1669; x_wconf 88' lang='lat' dir='ltr'>inhaerendo</span> <span class='ocrx_word' id='word_1_395' title='bbox 2915 1613 3303 1669; x_wconf 85' lang='lat' dir='ltr'>memoratae</span> 
     </span>
     <span class='ocr_line' id='line_1_72' title="bbox 1722 1689 3302 1776; baseline 0 -20"><span class='ocrx_word' id='word_1_396' title='bbox 1722 1689 2127 1757; x_wconf 84' lang='lat' dir='ltr'>Instructioni</span> <span class='ocrx_word' id='word_1_397' title='bbox 2158 1691 2511 1758; x_wconf 85' lang='lat' dir='ltr'>Clementis</span> <span class='ocrx_word' id='word_1_398' title='bbox 2543 1693 2654 1756; x_wconf 84' lang='lat' dir='ltr'>PP.</span> <span class='ocrx_word' id='word_1_399' title='bbox 2682 1692 2765 1755; x_wconf 82' lang='lat' dir='ltr'>xl</span> <span class='ocrx_word' id='word_1_400' title='bbox 2794 1689 2834 1772; x_wconf 63' lang='lat' dir='ltr'>g</span> <span class='ocrx_word' id='word_1_401' title='bbox 2866 1692 3086 1771; x_wconf 82' lang='lat' dir='ltr'>XXIV,</span> <span class='ocrx_word' id='word_1_402' title='bbox 3123 1709 3302 1776; x_wconf 87' lang='lat' dir='ltr'>prae·</span> 
     </span>
     <span class='ocr_line' id='line_1_73' title="bbox 1725 1775 3306 1865; baseline -0.001 -22"><span class='ocrx_word' id='word_1_403' title='bbox 1725 1778 1878 1864; x_wconf 88' lang='lat' dir='ltr'>cipit</span> <span class='ocrx_word' id='word_1_404' title='bbox 1926 1798 2007 1844; x_wconf 93' lang='lat' dir='ltr'>ne</span> <span class='ocrx_word' id='word_1_405' title='bbox 2053 1778 2156 1843; x_wconf 91' lang='lat' dir='ltr'>alii</span> <span class='ocrx_word' id='word_1_406' title='bbox 2202 1778 2624 1844; x_wconf 88' lang='lat' dir='ltr'>adhibeantur</span> <span class='ocrx_word' id='word_1_407' title='bbox 2669 1777 2908 1863; x_wconf 85' lang='lat' dir='ltr'>libelli,</span> <span class='ocrx_word' id='word_1_408' title='bbox 2963 1778 3082 1842; x_wconf 88' lang='lat' dir='ltr'>nisi</span> <span class='ocrx_word' id='word_1_409' title='bbox 3138 1775 3306 1865; x_wconf 79' lang='lat' dir='ltr'>typis</span> 
     </span>
     <span class='ocr_line' id='line_1_74' title="bbox 1723 1864 3305 1953; baseline -0.002 -22"><span class='ocrx_word' id='word_1_410' title='bbox 1723 1865 2141 1932; x_wconf 79' lang='lat' dir='ltr'>Reverendae</span> <span class='ocrx_word' id='word_1_411' title='bbox 2198 1869 2503 1932; x_wconf 85' lang='lat' dir='ltr'>Gamerae</span> <span class='ocrx_word' id='word_1_412' title='bbox 2558 1866 2955 1953; x_wconf 78' lang='lat' dir='ltr'>Apostolicae</span> <span class='ocrx_word' id='word_1_413' title='bbox 3015 1864 3305 1952; x_wconf 87' lang='lat' dir='ltr'>impressi</span> 
     </span>
     <span class='ocr_line' id='line_1_75' title="bbox 1721 1953 2864 2041; baseline 0.002 -23"><span class='ocrx_word' id='word_1_414' title='bbox 1721 1954 1827 2019; x_wconf 82' lang='lat' dir='ltr'>vel</span> <span class='ocrx_word' id='word_1_415' title='bbox 1876 1953 2119 2020; x_wconf 86' lang='lat' dir='ltr'>eisdem</span> <span class='ocrx_word' id='word_1_416' title='bbox 2169 1955 2360 2041; x_wconf 89' lang='lat' dir='ltr'>plane</span> <span class='ocrx_word' id='word_1_417' title='bbox 2406 1955 2767 2021; x_wconf 73' lang='lat' dir='ltr'>conformes</span> <span class='ocrx_word' id='word_1_418' title='bbox 2801 1976 2864 2020; x_wconf 81' lang='lat'>».</span> 
     </span>
    </p>

    <p class='ocr_par' dir='ltr' id='par_1_21' title="bbox 1850 2039 3302 2130">
     <span class='ocr_line' id='line_1_76' title="bbox 1850 2039 3302 2130; baseline -0.002 -23"><span class='ocrx_word' id='word_1_419' title='bbox 1850 2044 2063 2127; x_wconf 80' lang='lat' dir='ltr'>Atque</span> <span class='ocrx_word' id='word_1_420' title='bbox 2094 2043 2177 2107; x_wconf 91' lang='lat' dir='ltr'>ita</span> <span class='ocrx_word' id='word_1_421' title='bbox 2223 2042 2577 2130; x_wconf 84' lang='lat' dir='ltr'>respondit.</span> <span class='ocrx_word' id='word_1_422' title='bbox 2614 2042 2728 2107; x_wconf 93' lang='lat' dir='ltr'>Die</span> <span class='ocrx_word' id='word_1_423' title='bbox 2759 2045 2833 2107; x_wconf 82' lang='grc'>31</span> <span class='ocrx_word' id='word_1_424' title='bbox 2873 2039 3071 2106; x_wconf 74' lang='lat' dir='ltr'>Martii</span> <span class='ocrx_word' id='word_1_425' title='bbox 3111 2043 3302 2108; x_wconf 88' lang='grc'><strong>1821.</strong></span> 
     </span>
    </p>

    <p class='ocr_par' dir='ltr' id='par_1_22' title="bbox 1719 2126 3307 2921">
     <span class='ocr_line' id='line_1_77' title="bbox 1856 2126 3304 2214; baseline -0.001 -19"><span class='ocrx_word' id='word_1_426' title='bbox 1856 2134 1932 2195; x_wconf 84' lang='lat' dir='ltr'>Et</span> <span class='ocrx_word' id='word_1_427' title='bbox 2002 2130 2160 2195; x_wconf 81' lang='lat' dir='ltr'>facta</span> <span class='ocrx_word' id='word_1_428' title='bbox 2229 2130 2311 2196; x_wconf 90' lang='lat' dir='ltr'>de</span> <span class='ocrx_word' id='word_1_429' title='bbox 2380 2128 2738 2214; x_wconf 83' lang='lat' dir='ltr'>praemissis</span> <span class='ocrx_word' id='word_1_430' title='bbox 2802 2126 3098 2194; x_wconf 82' lang='lat' dir='ltr'>omnib‘us</span> <span class='ocrx_word' id='word_1_431' title='bbox 3156 2130 3304 2195; x_wconf 89' lang='lat' dir='ltr'>San-</span> 
     </span>
     <span class='ocr_line' id='line_1_78' title="bbox 1722 2216 3299 2285; baseline -0.001 -3"><span class='ocrx_word' id='word_1_432' title='bbox 1722 2216 1998 2284; x_wconf 88' lang='lat' dir='ltr'>ctissimo</span> <span class='ocrx_word' id='word_1_433' title='bbox 2047 2218 2312 2284; x_wconf 90' lang='lat' dir='ltr'>Domino</span> <span class='ocrx_word' id='word_1_434' title='bbox 2359 2220 2587 2283; x_wconf 85' lang='lat' dir='ltr'>Nostro</span> <span class='ocrx_word' id='word_1_435' title='bbox 2633 2219 2754 2283; x_wconf 77' lang='lat'>1²10</span> <span class='ocrx_word' id='word_1_436' title='bbox 2783 2220 2890 2285; x_wconf 74' lang='lat' dir='ltr'>Vll</span> <span class='ocrx_word' id='word_1_437' title='bbox 2921 2220 3104 2282; x_wconf 85' lang='lat' dir='ltr'>Pont.</span> <span class='ocrx_word' id='word_1_438' title='bbox 3138 2219 3299 2281; x_wconf 78' lang='lat' dir='ltr'>Max.</span> 
     </span>
     <span class='ocr_line' id='line_1_79' title="bbox 1721 2305 3305 2390; baseline -0.001 -20"><span class='ocrx_word' id='word_1_439' title='bbox 1721 2306 2067 2388; x_wconf 87' lang='lat' dir='ltr'>relatione,</span> <span class='ocrx_word' id='word_1_440' title='bbox 2118 2305 2423 2373; x_wconf 86' lang='lat' dir='ltr'>Sanctitas</span> <span class='ocrx_word' id='word_1_441' title='bbox 2479 2308 2604 2374; x_wconf 88' lang='lat' dir='ltr'>Sua</span> <span class='ocrx_word' id='word_1_442' title='bbox 2663 2306 2885 2371; x_wconf 82' lang='lat' dir='ltr'>Sacrae</span> <span class='ocrx_word' id='word_1_443' title='bbox 2940 2308 3305 2390; x_wconf 75' lang='lat' dir='ltr'>congrega·</span> 
     </span>
     <span class='ocr_line' id='line_1_80' title="bbox 1724 2391 3301 2481; baseline -0.001 -23"><span class='ocrx_word' id='word_1_444' title='bbox 1724 2392 1909 2460; x_wconf 89' lang='lat' dir='ltr'>tionis</span> <span class='ocrx_word' id='word_1_445' title='bbox 1952 2396 2274 2479; x_wconf 85' lang='lat' dir='ltr'>Responsa</span> <span class='ocrx_word' id='word_1_446' title='bbox 2320 2392 2692 2481; x_wconf 79' lang='lat' dir='ltr'>approbavit</span> <span class='ocrx_word' id='word_1_447' title='bbox 2738 2391 3301 2478; x_wconf 76' lang='lat' dir='ltr'>confirmavitque3</span> 
     </span>
     <span class='ocr_line' id='line_1_81' title="bbox 1719 2482 3305 2568; baseline 0 -22"><span class='ocrx_word' id='word_1_448' title='bbox 1719 2494 1939 2567; x_wconf 90' lang='lat' dir='ltr'>atque,</span> <span class='ocrx_word' id='word_1_449' title='bbox 1988 2492 2059 2547; x_wconf 92' lang='lat' dir='ltr'>ut</span> <span class='ocrx_word' id='word_1_450' title='bbox 2106 2482 2352 2550; x_wconf 87' lang='lat' dir='ltr'>cunctis</span> <span class='ocrx_word' id='word_1_451' title='bbox 2397 2491 2674 2568; x_wconf 84' lang='lat' dir='ltr'>pateant,</span> <span class='ocrx_word' id='word_1_452' title='bbox 2712 2483 3056 2547; x_wconf 89' lang='lat' dir='ltr'>Decretum</span> <span class='ocrx_word' id='word_1_453' title='bbox 3101 2482 3305 2546; x_wconf 80' lang='lat' dir='ltr'>Gene-</span> 
     </span>
     <span class='ocr_line' id='line_1_82' title="bbox 1723 2565 3307 2657; baseline -0.001 -23"><span class='ocrx_word' id='word_1_454' title='bbox 1723 2571 1853 2635; x_wconf 91' lang='lat' dir='ltr'>rale</span> <span class='ocrx_word' id='word_1_455' title='bbox 1877 2569 2163 2657; x_wconf 85' lang='lat' dir='ltr'>desuper</span> <span class='ocrx_word' id='word_1_456' title='bbox 2188 2568 2480 2657; x_wconf 85' lang='lat' dir='ltr'>expediri</span> <span class='ocrx_word' id='word_1_457' title='bbox 2505 2569 2803 2655; x_wconf 81' lang='lat' dir='ltr'>typisque</span> <span class='ocrx_word' id='word_1_458' title='bbox 2829 2565 3116 2654; x_wconf 84' lang='lat' dir='ltr'>evulgari</span> <span class='ocrx_word' id='word_1_459' title='bbox 3139 2584 3307 2632; x_wconf 86' lang='lat' dir='ltr'>man-</span> 
     </span>
     <span class='ocr_line' id='line_1_83' title="bbox 1719 2657 2638 2743; baseline -0.002 -20"><span class='ocrx_word' id='word_1_460' title='bbox 1719 2657 1921 2723; x_wconf 85' lang='lat' dir='ltr'>davit.</span> <span class='ocrx_word' id='word_1_461' title='bbox 1954 2657 2070 2724; x_wconf 91' lang='lat' dir='ltr'>Die</span> <span class='ocrx_word' id='word_1_462' title='bbox 2102 2662 2140 2724; x_wconf 82' lang='lat'><strong>3</strong></span> <span class='ocrx_word' id='word_1_463' title='bbox 2174 2657 2409 2743; x_wconf 80' lang='lat' dir='ltr'>Aprilis</span> <span class='ocrx_word' id='word_1_464' title='bbox 2447 2661 2638 2723; x_wconf 81' lang='grc'><strong>1821.</strong></span> 
     </span>
     <span class='ocr_line' id='line_1_84' title="bbox 1722 2831 3304 2921; baseline -0.001 -21"><span class='ocrx_word' id='word_1_465' title='bbox 1722 2832 1973 2903; x_wconf 79' lang='grc'><strong>2614.</strong></span> <span class='ocrx_word' id='word_1_466' title='bbox 2307 2833 2731 2900; x_wconf 80' lang='lat' dir='ltr'>NOVARlEN.</span> <span class='ocrx_word' id='word_1_467' title='bbox 3076 2831 3304 2921; x_wconf 64' lang='lat'>(458⁰)</span> 
     </span>
    </p>

    <p class='ocr_par' dir='ltr' id='par_1_23' title="bbox 1711 3007 3306 4505">
     <span class='ocr_line' id='line_1_85' title="bbox 1849 3007 3306 3096; baseline -0.003 -20"><span class='ocrx_word' id='word_1_468' title='bbox 1849 3014 2185 3096; x_wconf 86' lang='lat' dir='ltr'>Postquam</span> <span class='ocrx_word' id='word_1_469' title='bbox 2246 3009 2594 3076; x_wconf 90' lang='lat' dir='ltr'>nonnullae</span> <span class='ocrx_word' id='word_1_470' title='bbox 2656 3007 2988 3077; x_wconf 84' lang='lat' dir='ltr'>Paroeciae</span> <span class='ocrx_word' id='word_1_471' title='bbox 3051 3026 3132 3073; x_wconf 82' lang='lat' dir='ltr'>ex</span> <span class='ocrx_word' id='word_1_472' title='bbox 3180 3011 3306 3073; x_wconf 77' lang='lat' dir='ltr'>Me-</span> 
     </span>
     <span class='ocr_line' id='line_1_86' title="bbox 1715 3096 3303 3166; baseline -0.004 0"><span class='ocrx_word' id='word_1_473' title='bbox 1715 3099 2070 3166; x_wconf 88' lang='lat' dir='ltr'>diolanensi</span> <span class='ocrx_word' id='word_1_474' title='bbox 2116 3099 2285 3165; x_wconf 87' lang='lat' dir='ltr'>Sede</span> <span class='ocrx_word' id='word_1_475' title='bbox 2348 3097 2602 3163; x_wconf 70' lang='lat' dir='ltr'>avulsae</span> <span class='ocrx_word' id='word_1_476' title='bbox 2660 3096 3032 3163; x_wconf 78' lang='lat' dir='ltr'>Novariensi</span> <span class='ocrx_word' id='word_1_477' title='bbox 3077 3096 3303 3161; x_wconf 79' lang='lat' dir='ltr'>Cathe—</span> 
     </span>
     <span class='ocr_line' id='line_1_87' title="bbox 1716 3181 3301 3271; baseline -0.005 -16"><span class='ocrx_word' id='word_1_478' title='bbox 1716 3190 1868 3255; x_wconf 89' lang='lat' dir='ltr'>drae</span> <span class='ocrx_word' id='word_1_479' title='bbox 1915 3195 2347 3269; x_wconf 86' lang='lat' dir='ltr'>accesserunt,</span> <span class='ocrx_word' id='word_1_480' title='bbox 2397 3202 2754 3271; x_wconf 89' lang='lat' dir='ltr'>congruum</span> <span class='ocrx_word' id='word_1_481' title='bbox 2802 3198 2868 3249; x_wconf 86' lang='lat' dir='ltr'>et</span> <span class='ocrx_word' id='word_1_482' title='bbox 2911 3183 3078 3250; x_wconf 82' lang='lat' dir='ltr'>l&#39;orte</span> <span class='ocrx_word' id='word_1_483' title='bbox 3111 3181 3301 3248; x_wconf 87' lang='lat' dir='ltr'>etiam</span> 
     </span>
     <span class='ocr_line' id='line_1_88' title="bbox 1714 3266 3301 3356; baseline -0.006 -14"><span class='ocrx_word' id='word_1_484' title='bbox 1714 3274 2145 3342; x_wconf 77' lang='lat' dir='ltr'>necessarium</span> <span class='ocrx_word' id='word_1_485' title='bbox 2192 3274 2379 3341; x_wconf 88' lang='lat' dir='ltr'>duxit</span> <span class='ocrx_word' id='word_1_486' title='bbox 2416 3276 2611 3338; x_wconf 83' lang='lat' dir='ltr'>Emus</span> <span class='ocrx_word' id='word_1_487' title='bbox 2648 3282 2712 3338; x_wconf 90' lang='lat' dir='ltr'>et</span> <span class='ocrx_word' id='word_1_488' title='bbox 2744 3276 2939 3338; x_wconf 75' lang='lat' dir='ltr'>umus</span> <span class='ocrx_word' id='word_1_489' title='bbox 2969 3266 3301 3356; x_wconf 78' lang='lat' dir='ltr'>Archiepi·</span> 
     </span>
     <span class='ocr_line' id='line_1_89' title="bbox 1713 3355 3302 3450; baseline -0.005 -21"><span class='ocrx_word' id='word_1_490' title='bbox 1713 3382 1945 3449; x_wconf 89' lang='lat' dir='ltr'>scopus</span> <span class='ocrx_word' id='word_1_491' title='bbox 2007 3362 2359 3450; x_wconf 85' lang='lat' dir='ltr'>Episcopus</span> <span class='ocrx_word' id='word_1_492' title='bbox 2413 3359 2838 3442; x_wconf 80' lang='lat' dir='ltr'>Novariensis,</span> <span class='ocrx_word' id='word_1_493' title='bbox 2888 3367 2986 3441; x_wconf 90' lang='lat' dir='ltr'>ut,</span> <span class='ocrx_word' id='word_1_494' title='bbox 3037 3355 3302 3422; x_wconf 80' lang='lat' dir='ltr'>Ambro-</span> 
     </span>
     <span class='ocr_line' id='line_1_90' title="bbox 1715 3445 3300 3550; baseline -0.006 -33"><span class='ocrx_word' id='word_1_495' title='bbox 1715 3453 1888 3518; x_wconf 88' lang='lat' dir='ltr'>siano</span> <span class='ocrx_word' id='word_1_496' title='bbox 1937 3450 2065 3516; x_wconf 88' lang='lat' dir='ltr'>ritu</span> <span class='ocrx_word' id='word_1_497' title='bbox 2131 3447 2520 3550; x_wconf 81' lang='lat' dir='ltr'>posthabito,</span> <span class='ocrx_word' id='word_1_498' title='bbox 2570 3447 2787 3514; x_wconf 86' lang='lat' dir='ltr'>Latino</span> <span class='ocrx_word' id='word_1_499' title='bbox 2833 3465 2902 3511; x_wconf 89' lang='lat' dir='ltr'>se</span> <span class='ocrx_word' id='word_1_500' title='bbox 2948 3445 3300 3512; x_wconf 76' lang='lat' dir='ltr'>conforma-</span> 
     </span>
     <span class='ocr_line' id='line_1_91' title="bbox 1716 3535 3302 3623; baseline -0.005 -17"><span class='ocrx_word' id='word_1_501' title='bbox 1716 3550 1886 3606; x_wconf 91' lang='lat' dir='ltr'>rent.</span> <span class='ocrx_word' id='word_1_502' title='bbox 1947 3536 2230 3604; x_wconf 78' lang='lat' dir='ltr'>Antistiti</span> <span class='ocrx_word' id='word_1_503' title='bbox 2299 3535 2875 3623; x_wconf 90' lang='lat' dir='ltr'>obtemperandum</span> <span class='ocrx_word' id='word_1_504' title='bbox 2948 3552 3086 3599; x_wconf 86' lang='lat' dir='ltr'>esse</span> <span class='ocrx_word' id='word_1_505' title='bbox 3154 3551 3302 3599; x_wconf 89' lang='lat' dir='ltr'>cen-</span> 
     </span>
     <span class='ocr_line' id='line_1_92' title="bbox 1713 3622 3300 3710; baseline -0.006 -17"><span class='ocrx_word' id='word_1_506' title='bbox 1713 3636 1983 3694; x_wconf 88' lang='lat' dir='ltr'>suerunt</span> <span class='ocrx_word' id='word_1_507' title='bbox 2028 3624 2267 3710; x_wconf 90' lang='lat' dir='ltr'>aliquot</span> <span class='ocrx_word' id='word_1_508' title='bbox 2311 3644 2396 3691; x_wconf 87' lang='lat' dir='ltr'>ex</span> <span class='ocrx_word' id='word_1_509' title='bbox 2444 3624 2717 3708; x_wconf 86' lang='lat' dir='ltr'>iisdem;</span> <span class='ocrx_word' id='word_1_510' title='bbox 2787 3622 3071 3706; x_wconf 88' lang='lat' dir='ltr'>reliquae</span> <span class='ocrx_word' id='word_1_511' title='bbox 3118 3638 3300 3704; x_wconf 77' lang='lat' dir='ltr'>vero,</span> 
     </span>
     <span class='ocr_line' id='line_1_93' title="bbox 1715 3708 3297 3800; baseline -0.006 -17"><span class='ocrx_word' id='word_1_512' title='bbox 1715 3712 2047 3800; x_wconf 83' lang='lat' dir='ltr'>exquisitis</span> <span class='ocrx_word' id='word_1_513' title='bbox 2095 3712 2396 3795; x_wconf 74' lang='lat' dir='ltr'>induciiS,</span> <span class='ocrx_word' id='word_1_514' title='bbox 2445 3710 2806 3798; x_wconf 87' lang='lat' dir='ltr'>supplicem</span> <span class='ocrx_word' id='word_1_515' title='bbox 2853 3713 3050 3778; x_wconf 80' lang='lat' dir='ltr'>SSmo</span> <span class='ocrx_word' id='word_1_516' title='bbox 3094 3713 3174 3777; x_wconf 81' lang='lat' dir='ltr'>D.</span> <span class='ocrx_word' id='word_1_517' title='bbox 3218 3708 3297 3775; x_wconf 87' lang='lat' dir='ltr'>N.</span> 
     </span>
     <span class='ocr_line' id='line_1_94' title="bbox 1714 3798 3302 3885; baseline -0.006 -16"><span class='ocrx_word' id='word_1_518' title='bbox 1714 3805 1835 3869; x_wconf 82' lang='lat' dir='ltr'>Pto</span> <span class='ocrx_word' id='word_1_519' title='bbox 1880 3804 1985 3869; x_wconf 82' lang='lat' dir='ltr'>Vll</span> <span class='ocrx_word' id='word_1_520' title='bbox 2031 3804 2212 3867; x_wconf 80' lang='lat' dir='ltr'>Pont.</span> <span class='ocrx_word' id='word_1_521' title='bbox 2264 3804 2426 3867; x_wconf 75' lang='lat' dir='ltr'>Max.</span> <span class='ocrx_word' id='word_1_522' title='bbox 2474 3798 2937 3885; x_wconf 86' lang='lat' dir='ltr'>porrigendum</span> <span class='ocrx_word' id='word_1_523' title='bbox 3001 3804 3302 3864; x_wconf 88' lang='lat' dir='ltr'>curarunt</span> 
     </span>
     <span class='ocr_line' id='line_1_95' title="bbox 1715 3883 3302 3981; baseline -0.006 -24"><span class='ocrx_word' id='word_1_524' title='bbox 1715 3890 2040 3971; x_wconf 89' lang='lat' dir='ltr'>libellum,</span> <span class='ocrx_word' id='word_1_525' title='bbox 2075 3899 2372 3972; x_wconf 82' lang='lat' dir='ltr'>rogantes</span> <span class='ocrx_word' id='word_1_526' title='bbox 2416 3899 2512 3972; x_wconf 90' lang='lat' dir='ltr'>ut,</span> <span class='ocrx_word' id='word_1_527' title='bbox 2549 3907 2631 3953; x_wconf 82' lang='lat' dir='ltr'>ex</span> <span class='ocrx_word' id='word_1_528' title='bbox 2668 3885 3074 3981; x_wconf 49' lang='lat' dir='ltr'>spostolicae</span> <span class='ocrx_word' id='word_1_529' title='bbox 3119 3883 3302 3950; x_wconf 87' lang='lat' dir='ltr'>Sedis</span> 
     </span>
     <span class='ocr_line' id='line_1_96' title="bbox 1712 3972 3302 4067; baseline -0.006 -22"><span class='ocrx_word' id='word_1_530' title='bbox 1712 3979 1935 4067; x_wconf 87' lang='lat' dir='ltr'>gratia,</span> <span class='ocrx_word' id='word_1_531' title='bbox 1984 3985 2396 4062; x_wconf 84' lang='lat' dir='ltr'>pervetustos</span> <span class='ocrx_word' id='word_1_532' title='bbox 2453 3992 2715 4041; x_wconf 88' lang='lat' dir='ltr'>suorum</span> <span class='ocrx_word' id='word_1_533' title='bbox 2779 3972 3092 4041; x_wconf 89' lang='lat' dir='ltr'>maiorum</span> <span class='ocrx_word' id='word_1_534' title='bbox 3141 3972 3302 4038; x_wconf 85' lang='lat' dir='ltr'>ritus</span> 
     </span>
     <span class='ocr_line' id='line_1_97' title="bbox 1713 4062 3300 4133; baseline -0.004 0"><span class='ocrx_word' id='word_1_535' title='bbox 1713 4068 1995 4133; x_wconf 90' lang='lat' dir='ltr'>retinere</span> <span class='ocrx_word' id='word_1_536' title='bbox 2059 4064 2310 4131; x_wconf 90' lang='lat' dir='ltr'>liceret.</span> <span class='ocrx_word' id='word_1_537' title='bbox 2375 4068 2604 4129; x_wconf 87' lang='lat' dir='ltr'>Preces</span> <span class='ocrx_word' id='word_1_538' title='bbox 2664 4072 2879 4128; x_wconf 85' lang='lat' dir='ltr'>autem</span> <span class='ocrx_word' id='word_1_539' title='bbox 2941 4077 3090 4127; x_wconf 90' lang='lat' dir='ltr'>cum</span> <span class='ocrx_word' id='word_1_540' title='bbox 3151 4062 3300 4126; x_wconf 89' lang='lat' dir='ltr'>San·</span> 
     </span>
     <span class='ocr_line' id='line_1_98' title="bbox 1713 4146 3299 4232; baseline -0.008 -10"><span class='ocrx_word' id='word_1_541' title='bbox 1713 4155 1898 4222; x_wconf 86' lang='lat' dir='ltr'>ctitas</span> <span class='ocrx_word' id='word_1_542' title='bbox 1941 4156 2062 4220; x_wconf 89' lang='lat' dir='ltr'>Sua</span> <span class='ocrx_word' id='word_1_543' title='bbox 2111 4153 2186 4218; x_wconf 89' lang='lat' dir='ltr'>ad</span> <span class='ocrx_word' id='word_1_544' title='bbox 2237 4154 2487 4218; x_wconf 89' lang='lat' dir='ltr'>Sacram</span> <span class='ocrx_word' id='word_1_545' title='bbox 2539 4150 2799 4216; x_wconf 81' lang='lat' dir='ltr'>Rituum</span> <span class='ocrx_word' id='word_1_546' title='bbox 2844 4146 3299 4232; x_wconf 81' lang='lat' dir='ltr'>congregatio·</span> 
     </span>
     <span class='ocr_line' id='line_1_99' title="bbox 1711 4234 3301 4326; baseline -0.008 -17"><span class='ocrx_word' id='word_1_547' title='bbox 1711 4261 1860 4309; x_wconf 91' lang='lat' dir='ltr'>nem</span> <span class='ocrx_word' id='word_1_548' title='bbox 1908 4240 2256 4322; x_wconf 82' lang='lat' dir='ltr'>remiserit,</span> <span class='ocrx_word' id='word_1_549' title='bbox 2304 4257 2421 4326; x_wconf 91' lang='lat' dir='ltr'>pro</span> <span class='ocrx_word' id='word_1_550' title='bbox 2466 4248 2649 4322; x_wconf 87' lang='lat' dir='ltr'>parte</span> <span class='ocrx_word' id='word_1_551' title='bbox 2697 4236 2988 4302; x_wconf 89' lang='lat' dir='ltr'>eiusdem</span> <span class='ocrx_word' id='word_1_552' title='bbox 3018 4234 3157 4301; x_wconf 68' lang='lat' dir='ltr'>Emi</span> <span class='ocrx_word' id='word_1_553' title='bbox 3191 4235 3301 4299; x_wconf 75' lang='lat' dir='ltr'>Ar·</span> 
     </span>
     <span class='ocr_line' id='line_1_100' title="bbox 1711 4323 3301 4416; baseline -0.007 -20"><span class='ocrx_word' id='word_1_554' title='bbox 1711 4328 2035 4416; x_wconf 81' lang='lat' dir='ltr'>cliiepisco</span> <span class='ocrx_word' id='word_1_555' title='bbox 2086 4326 2104 4391; x_wconf 92' lang='lat' dir='ltr'>i</span> <span class='ocrx_word' id='word_1_556' title='bbox 2135 4325 2437 4414; x_wconf 84' lang='lat' dir='ltr'>Episcopi</span> <span class='ocrx_word' id='word_1_557' title='bbox 2467 4324 2839 4406; x_wconf 79' lang='lat' dir='ltr'>Novarien.,</span> <span class='ocrx_word' id='word_1_558' title='bbox 2867 4323 3128 4389; x_wconf 78' lang='lat' dir='ltr'>luerunt</span> <span class='ocrx_word' id='word_1_559' title='bbox 3158 4339 3301 4409; x_wconf 92' lang='lat' dir='ltr'>pro-</span> 
     </span>
     <span class='ocr_line' id='line_1_101' title="bbox 1712 4409 3031 4505; baseline -0.005 -22"><span class='ocrx_word' id='word_1_560' title='bbox 1712 4419 1912 4505; x_wconf 90' lang='lat' dir='ltr'>posita</span> <span class='ocrx_word' id='word_1_561' title='bbox 1959 4416 2025 4484; x_wconf 89' lang='lat' dir='ltr'>in</span> <span class='ocrx_word' id='word_1_562' title='bbox 2056 4415 2356 4498; x_wconf 86' lang='lat' dir='ltr'>rascripta</span> <span class='ocrx_word' id='word_1_563' title='bbox 2402 4410 2636 4491; x_wconf 83' lang='lat' dir='ltr'>dubia3</span> <span class='ocrx_word' id='word_1_564' title='bbox 2684 4409 3031 4479; x_wconf 75' lang='lat' dir='ltr'>videlicetz</span> 
     </span>
    </p>

    <p class='ocr_par' dir='ltr' id='par_1_24' title="bbox 1712 4497 3299 5119">
     <span class='ocr_line' id='line_1_102' title="bbox 1853 4497 3297 4586; baseline -0.005 -16"><span class='ocrx_word' id='word_1_565' title='bbox 1853 4508 1914 4570; x_wconf 94' lang='grc'>1.</span> <span class='ocrx_word' id='word_1_566' title='bbox 1941 4509 2038 4570; x_wconf 77' lang='lat' dir='ltr'>An</span> <span class='ocrx_word' id='word_1_567' title='bbox 2069 4502 2134 4568; x_wconf 90' lang='lat' dir='ltr'>in</span> <span class='ocrx_word' id='word_1_568' title='bbox 2159 4499 2465 4568; x_wconf 84' lang='lat' dir='ltr'>Paroeciis</span> <span class='ocrx_word' id='word_1_569' title='bbox 2488 4500 2858 4586; x_wconf 88' lang='lat' dir='ltr'>nuperrime</span> <span class='ocrx_word' id='word_1_570' title='bbox 2890 4497 3084 4564; x_wconf 87' lang='lat' dir='ltr'>unitis</span> <span class='ocrx_word' id='word_1_571' title='bbox 3114 4497 3297 4564; x_wconf 89' lang='lat' dir='ltr'>Dioe-</span> 
     </span>
     <span class='ocr_line' id='line_1_103' title="bbox 1712 4585 3298 4674; baseline -0.006 -16"><span class='ocrx_word' id='word_1_572' title='bbox 1712 4592 1843 4659; x_wconf 89' lang='lat' dir='ltr'>cesi</span> <span class='ocrx_word' id='word_1_573' title='bbox 1893 4589 2302 4673; x_wconf 81' lang='lat' dir='ltr'>Novariensi,</span> <span class='ocrx_word' id='word_1_574' title='bbox 2351 4589 2649 4674; x_wconf 88' lang='lat' dir='ltr'>amplecti</span> <span class='ocrx_word' id='word_1_575' title='bbox 2710 4587 2910 4674; x_wconf 82' lang='lat' dir='ltr'>possit</span> <span class='ocrx_word' id='word_1_576' title='bbox 2956 4596 3022 4651; x_wconf 91' lang='lat' dir='ltr'>et</span> <span class='ocrx_word' id='word_1_577' title='bbox 3066 4585 3298 4661; x_wconf 88' lang='lat' dir='ltr'>debeat</span> 
     </span>
     <span class='ocr_line' id='line_1_104' title="bbox 1712 4670 3299 4763; baseline -0.008 -15"><span class='ocrx_word' id='word_1_578' title='bbox 1712 4682 1894 4748; x_wconf 85' lang='lat' dir='ltr'>Ritus</span> <span class='ocrx_word' id='word_1_579' title='bbox 1939 4682 2293 4755; x_wconf 83' lang='lat' dir='ltr'>Romanus3</span> <span class='ocrx_word' id='word_1_580' title='bbox 2341 4676 2445 4742; x_wconf 81' lang='lat' dir='ltr'>vel</span> <span class='ocrx_word' id='word_1_581' title='bbox 2486 4676 2702 4763; x_wconf 90' lang='lat' dir='ltr'>potius</span> <span class='ocrx_word' id='word_1_582' title='bbox 2736 4673 2995 4741; x_wconf 89' lang='lat' dir='ltr'>retineri</span> <span class='ocrx_word' id='word_1_583' title='bbox 3027 4670 3299 4739; x_wconf 76' lang='lat' dir='ltr'>Ambro-</span> 
     </span>
     <span class='ocr_line' id='line_1_105' title="bbox 1712 4761 3294 4855; baseline -0.006 -22"><span class='ocrx_word' id='word_1_584' title='bbox 1712 4765 1974 4836; x_wconf 72' lang='lat' dir='ltr'>sianus?</span> <span class='ocrx_word' id='word_1_585' title='bbox 2017 4778 2084 4832; x_wconf 88' lang='lat' dir='ltr'>et</span> <span class='ocrx_word' id='word_1_586' title='bbox 2129 4773 2441 4851; x_wconf 87' lang='lat' dir='ltr'>quatenus</span> <span class='ocrx_word' id='word_1_587' title='bbox 2486 4762 2858 4831; x_wconf 85' lang='lat' dir='ltr'>affirmative</span> <span class='ocrx_word' id='word_1_588' title='bbox 2903 4761 3294 4855; x_wconf 32' lang='lat' dir='ltr'>adopt-imam</span> 
     </span>
     <span class='ocr_line' id='line_1_106' title="bbox 1759 4867 1989 4938; baseline -0.004 -16"><span class='ocrx_word' id='word_1_589' title='bbox 1759 4867 1989 4938; x_wconf 86' lang='lat' dir='ltr'>artem,</span> 
     </span>
     <span class='ocr_line' id='line_1_107' title="bbox 1713 4876 3295 5030; baseline -0.007 -19"><span class='ocrx_word' id='word_1_590' title='bbox 1713 4876 1758 4944; x_wconf 70' lang='lat' dir='ltr'>P</span> <span class='ocrx_word' id='word_1_591' title='bbox 1844 4948 1907 5010; x_wconf 89' lang='grc'><strong>2.</strong></span> <span class='ocrx_word' id='word_1_592' title='bbox 1960 4944 2127 5009; x_wconf 89' lang='lat' dir='ltr'>Num</span> <span class='ocrx_word' id='word_1_593' title='bbox 2188 4940 2720 5030; x_wconf 89' lang='lat' dir='ltr'>praecipiendum</span> <span class='ocrx_word' id='word_1_594' title='bbox 2776 4938 2839 5007; x_wconf 90' lang='lat' dir='ltr'>id</span> <span class='ocrx_word' id='word_1_595' title='bbox 2895 4938 2977 5004; x_wconf 90' lang='lat' dir='ltr'>sit</span> <span class='ocrx_word' id='word_1_596' title='bbox 3036 4934 3295 5005; x_wconf 91' lang='lat' dir='ltr'>nomine</span> 
     </span>
     <span class='ocr_line' id='line_1_108' title="bbox 1714 5026 3296 5119; baseline -0.007 -19"><span class='ocrx_word' id='word_1_597' title='bbox 1714 5035 1782 5100; x_wconf 87' lang='lat' dir='ltr'>S.</span> <span class='ocrx_word' id='word_1_598' title='bbox 1816 5031 2371 5119; x_wconf 80' lang='lat' dir='ltr'>congregationis,</span> <span class='ocrx_word' id='word_1_599' title='bbox 2404 5030 2509 5094; x_wconf 83' lang='lat' dir='ltr'>vel</span> <span class='ocrx_word' id='word_1_600' title='bbox 2558 5029 2772 5117; x_wconf 87' lang='lat' dir='ltr'>potius</span> <span class='ocrx_word' id='word_1_601' title='bbox 2801 5026 3083 5094; x_wconf 73' lang='lat' dir='ltr'>facienda</span> <span class='ocrx_word' id='word_1_602' title='bbox 3116 5032 3296 5112; x_wconf 88' lang='lat' dir='ltr'>pote·</span> 
     </span>
    </p>
   </div>
   <div class='ocr_carea' id='block_1_7' title="bbox 1705 5110 3387 5206">
    <p class='ocr_par' dir='ltr' id='par_1_25' title="bbox 1705 5110 3387 5206">
     <span class='ocr_line' id='line_1_109' title="bbox 1705 5110 3387 5206; baseline -0.008 -19"><span class='ocrx_word' id='word_1_603' title='bbox 1705 5125 1836 5187; x_wconf 82' lang='lat' dir='ltr'>&#39;stas</span> <span class='ocrx_word' id='word_1_604' title='bbox 1883 5124 2042 5186; x_wconf 77' lang='lat' dir='ltr'>Emo</span> <span class='ocrx_word' id='word_1_605' title='bbox 2093 5118 2432 5206; x_wconf 80' lang='lat' dir='ltr'>Episcopo,</span> <span class='ocrx_word' id='word_1_606' title='bbox 2482 5118 2589 5203; x_wconf 91' lang='lat' dir='ltr'>qui</span> <span class='ocrx_word' id='word_1_607' title='bbox 2641 5136 2757 5205; x_wconf 91' lang='lat' dir='ltr'>pro</span> <span class='ocrx_word' id='word_1_608' title='bbox 2801 5134 2910 5181; x_wconf 90' lang='lat' dir='ltr'>sua</span> <span class='ocrx_word' id='word_1_609' title='bbox 2958 5110 3296 5204; x_wconf 82' lang='lat' dir='ltr'>prudentia</span> <span class='ocrx_word' id='word_1_610' title='bbox 3379 5178 3387 5197; x_wconf 41' lang='lat'><em>⁰</em></span> 
     </span>
    </p>
   </div>
   <div class='ocr_carea' id='block_1_8' title="bbox 1719 5201 3296 5293">
    <p class='ocr_par' dir='ltr' id='par_1_26' title="bbox 1719 5201 3296 5293">
     <span class='ocr_line' id='line_1_110' title="bbox 1719 5201 3296 5293; baseline -0.006 -18"><span class='ocrx_word' id='word_1_611' title='bbox 1719 5221 1784 5275; x_wconf 89' lang='lat' dir='ltr'>et</span> <span class='ocrx_word' id='word_1_612' title='bbox 1840 5206 2135 5293; x_wconf 85' lang='lat' dir='ltr'>arbitrio,</span> <span class='ocrx_word' id='word_1_613' title='bbox 2198 5206 2367 5273; x_wconf 87' lang='lat' dir='ltr'>iuxta</span> <span class='ocrx_word' id='word_1_614' title='bbox 2429 5205 2714 5272; x_wconf 83' lang='lat' dir='ltr'>diversas</span> <span class='ocrx_word' id='word_1_615' title='bbox 2770 5201 3296 5286; x_wconf 82' lang='lat' dir='ltr'>circumstantias,</span> 
     </span>
    </p>
   </div>
  </div>
 </body>
</html>
